  <div class='ocr_page' id='page_1' title='image "/cluster/home/n/w/nwhite01/storage/ocr_20150623/157/hvd.32044073502668/127.png"; bbox 0 0 3952 6222; ppageno 0'>
   <div class='ocr_carea' id='block_1_1' title="bbox 432 276 535 335">
    <p class='ocr_par' dir='ltr' id='par_1_1' title="bbox 432 276 535 335">
     <span class='ocr_line' id='line_1_1' title="bbox 432 276 535 335; baseline -0.029 -2"><span class='ocrx_word' id='word_1_1' title='bbox 432 276 491 335; x_wconf 66' lang='lat'><strong>9‘:</strong></span> <span class='ocrx_word' id='word_1_2' title='bbox 502 277 535 332; x_wconf 67' lang='lat'><strong>3</strong></span> 
     </span>
    </p>
   </div>
   <div class='ocr_carea' id='block_1_2' title="bbox 1527 274 2579 346">
    <p class='ocr_par' dir='ltr' id='par_1_2' title="bbox 1527 274 2579 346">
     <span class='ocr_line' id='line_1_2' title="bbox 1527 274 2579 346; baseline 0.009 -11"><span class='ocrx_word' id='word_1_3' title='bbox 1527 276 1604 336; x_wconf 83' lang='lat' dir='ltr'><strong>IN</strong></span> <span class='ocrx_word' id='word_1_4' title='bbox 1648 274 1941 336; x_wconf 75' lang='lat' dir='ltr'><strong>LIBRUM</strong></span> <span class='ocrx_word' id='word_1_5' title='bbox 1980 277 2077 337; x_wconf 61' lang='lat' dir='ltr'><strong>DE</strong></span> <span class='ocrx_word' id='word_1_6' title='bbox 2114 280 2435 342; x_wconf 70' lang='lat' dir='ltr'><strong>HFFlCIlS</strong></span> <span class='ocrx_word' id='word_1_7' title='bbox 2473 285 2579 346; x_wconf 69' lang='grc' dir='ltr'><strong>(ΣΡ.</strong></span> 
     </span>
    </p>
   </div>
   <div class='ocr_carea' id='block_1_3' title="bbox 3562 282 3659 347">
    <p class='ocr_par' dir='ltr' id='par_1_3' title="bbox 3562 282 3659 347">
     <span class='ocr_line' id='line_1_3' title="bbox 3562 282 3659 347; baseline 0.041 -5"><span class='ocrx_word' id='word_1_8' title='bbox 3562 282 3659 347; x_wconf 68' lang='lat' dir='ltr'><strong>2M</strong></span> 
     </span>
    </p>
   </div>
   <div class='ocr_carea' id='block_1_4' title="bbox 431 381 3657 463">
    <p class='ocr_par' dir='ltr' id='par_1_4' title="bbox 431 381 3657 463">
     <span class='ocr_line' id='line_1_4' title="bbox 431 381 3657 463; baseline 0.003 -27"><span class='ocrx_word' id='word_1_9' title='bbox 431 385 674 453; x_wconf 75' lang='lat' dir='ltr'><strong>patriciis</strong></span> <span class='ocrx_word' id='word_1_10' title='bbox 705 383 865 452; x_wconf 66' lang='lat' dir='ltr'><strong>pii-na</strong></span> <span class='ocrx_word' id='word_1_11' title='bbox 889 382 1019 438; x_wconf 88' lang='lat' dir='ltr'><strong>sint.</strong></span> <span class='ocrx_word' id='word_1_12' title='bbox 1058 391 1110 434; x_wconf 86' lang='lat' dir='ltr'><strong>et</strong></span> <span class='ocrx_word' id='word_1_13' title='bbox 1166 381 1525 451; x_wconf 65' lang='grc' dir='ltr'><strong>πατμκιότης</strong></span> <span class='ocrx_word' id='word_1_14' title='bbox 1554 398 1647 438; x_wconf 86' lang='lat' dir='ltr'><strong>seu</strong></span> <span class='ocrx_word' id='word_1_15' title='bbox 1696 387 2007 453; x_wconf 74' lang='lat' dir='ltr'><strong>patriciatus</strong></span> <span class='ocrx_word' id='word_1_16' title='bbox 2033 396 2080 451; x_wconf 75' lang='grc' dir='ltr'><strong>Α</strong></span> <span class='ocrx_word' id='word_1_17' title='bbox 2113 396 2169 441; x_wconf 85' lang='grc' dir='ltr'><strong>ιιι</strong></span> <span class='ocrx_word' id='word_1_18' title='bbox 2198 390 2267 441; x_wconf 89' lang='lat' dir='ltr'><strong>ita</strong></span> <span class='ocrx_word' id='word_1_19' title='bbox 2338 390 2551 461; x_wconf 88' lang='lat' dir='ltr'><strong>loquar,</strong></span> <span class='ocrx_word' id='word_1_20' title='bbox 2584 393 2922 463; x_wconf 64' lang='lat' dir='ltr'><strong>capitonem</strong></span> <span class='ocrx_word' id='word_1_21' title='bbox 3005 390 3219 447; x_wconf 74' lang='lat' dir='ltr'><strong>soeium</strong></span> <span class='ocrx_word' id='word_1_22' title='bbox 3281 392 3657 448; x_wconf 86' lang='lat' dir='ltr'><strong>attribuerunt.</strong></span> 
     </span>
    </p>
   </div>
   <div class='ocr_carea' id='block_1_5' title="bbox 432 471 1998 545">
    <p class='ocr_par' dir='ltr' id='par_1_5' title="bbox 432 471 1998 545">
     <span class='ocr_line' id='line_1_5' title="bbox 432 471 1998 545; baseline 0.003 -18"><span class='ocrx_word' id='word_1_23' title='bbox 432 475 572 545; x_wconf 85' lang='lat' dir='ltr'><strong>apu‘d</strong></span> <span class='ocrx_word' id='word_1_24' title='bbox 604 471 1198 529; x_wconf 63' lang='lat' dir='ltr'><strong>Justinianumﬂovcli.</strong></span> <span class='ocrx_word' id='word_1_25' title='bbox 1225 474 1319 537; x_wconf 72' lang='lat'><strong>58,</strong></span> <span class='ocrx_word' id='word_1_26' title='bbox 1338 476 1547 544; x_wconf 82' lang='lat' dir='ltr'><strong>ctapud</strong></span> <span class='ocrx_word' id='word_1_27' title='bbox 1579 476 1998 533; x_wconf 77' lang='lat' dir='ltr'><strong>Constaminum</strong></span> 
     </span>
    </p>
   </div>
   <div class='ocr_carea' id='block_1_6' title="bbox 434 563 1999 625">
    <p class='ocr_par' dir='ltr' id='par_1_6' title="bbox 434 563 1999 625">
     <span class='ocr_line' id='line_1_6' title="bbox 434 563 1999 625; baseline 0.004 -7"><span class='ocrx_word' id='word_1_28' title='bbox 434 565 734 621; x_wconf 81' lang='lat' dir='ltr'><strong>Manasscm</strong></span> <span class='ocrx_word' id='word_1_29' title='bbox 766 564 819 617; x_wconf 84' lang='lat' dir='ltr'><strong>in</strong></span> <span class='ocrx_word' id='word_1_30' title='bbox 851 563 1127 620; x_wconf 86' lang='lat' dir='ltr'><strong>Chronico</strong></span> <span class='ocrx_word' id='word_1_31' title='bbox 1156 581 1350 621; x_wconf 80' lang='lat' dir='ltr'><strong>nomen</strong></span> <span class='ocrx_word' id='word_1_32' title='bbox 1389 582 1493 622; x_wconf 90' lang='lat' dir='ltr'><strong>non</strong></span> <span class='ocrx_word' id='word_1_33' title='bbox 1544 576 1753 624; x_wconf 81' lang='lat' dir='ltr'><strong>tantum</strong></span> <span class='ocrx_word' id='word_1_34' title='bbox 1806 570 1999 625; x_wconf 87' lang='lat' dir='ltr'><strong>nobili-</strong></span> 
     </span>
    </p>
   </div>
   <div class='ocr_carea' id='block_1_7' title="bbox 435 652 2004 729">
    <p class='ocr_par' dir='ltr' id='par_1_7' title="bbox 435 652 2004 729">
     <span class='ocr_line' id='line_1_7' title="bbox 435 652 2004 729; baseline 0.006 -20"><span class='ocrx_word' id='word_1_35' title='bbox 435 658 584 722; x_wconf 81' lang='lat' dir='ltr'><strong>tatis,</strong></span> <span class='ocrx_word' id='word_1_36' title='bbox 616 667 675 710; x_wconf 90' lang='lat' dir='ltr'><strong>ut</strong></span> <span class='ocrx_word' id='word_1_37' title='bbox 704 652 845 729; x_wconf 78' lang='lat' dir='ltr'><strong>apud</strong></span> <span class='ocrx_word' id='word_1_38' title='bbox 882 666 1101 711; x_wconf 81' lang='lat' dir='ltr'><strong>veteres</strong></span> <span class='ocrx_word' id='word_1_39' title='bbox 1128 657 1403 715; x_wconf 72' lang='lat' dir='ltr'><strong>Romnos</strong></span> <span class='ocrx_word' id='word_1_40' title='bbox 1430 669 1487 714; x_wconf 83' lang='lat' dir='ltr'><strong>et</strong></span> <span class='ocrx_word' id='word_1_41' title='bbox 1510 659 1672 715; x_wconf 87' lang='lat' dir='ltr'><strong>hodie</strong></span> <span class='ocrx_word' id='word_1_42' title='bbox 1756 661 1810 716; x_wconf 90' lang='lat' dir='ltr'><strong>in</strong></span> <span class='ocrx_word' id='word_1_43' title='bbox 1866 678 2004 717; x_wconf 90' lang='lat' dir='ltr'><strong>non-</strong></span> 
     </span>
    </p>
   </div>
   <div class='ocr_carea' id='block_1_8' title="bbox 432 748 2005 821">
    <p class='ocr_par' dir='ltr' id='par_1_8' title="bbox 432 748 2005 821">
     <span class='ocr_line' id='line_1_8' title="bbox 432 748 2005 821; baseline 0.006 -20"><span class='ocrx_word' id='word_1_44' title='bbox 432 749 598 802; x_wconf 80' lang='lat' dir='ltr'><strong>nu‘lis</strong></span> <span class='ocrx_word' id='word_1_45' title='bbox 628 748 837 818; x_wconf 87' lang='lat' dir='ltr'><strong>imperii</strong></span> <span class='ocrx_word' id='word_1_46' title='bbox 873 748 1122 813; x_wconf 77' lang='lat' dir='ltr'><strong>urbibus,</strong></span> <span class='ocrx_word' id='word_1_47' title='bbox 1142 748 1339 818; x_wconf 85' lang='lat' dir='ltr'><strong>ubiqui</strong></span> <span class='ocrx_word' id='word_1_48' title='bbox 1365 766 1428 804; x_wconf 88' lang='lat' dir='ltr'><strong>ex</strong></span> <span class='ocrx_word' id='word_1_49' title='bbox 1456 752 1743 821; x_wconf 66' lang='lat' dir='ltr'><strong>praecipuis</strong></span> <span class='ocrx_word' id='word_1_50' title='bbox 1785 754 2005 811; x_wconf 80' lang='lat' dir='ltr'><strong>familiis</strong></span> 
     </span>
    </p>
   </div>
   <div class='ocr_carea' id='block_1_9' title="bbox 432 838 2002 909">
    <p class='ocr_par' dir='ltr' id='par_1_9' title="bbox 432 838 2002 909">
     <span class='ocr_line' id='line_1_9' title="bbox 432 838 2002 909; baseline 0.007 -20"><span class='ocrx_word' id='word_1_51' title='bbox 432 853 609 901; x_wconf 64' lang='lat' dir='ltr'><strong>genus</strong></span> <span class='ocrx_word' id='word_1_52' title='bbox 679 838 885 893; x_wconf 88' lang='lat' dir='ltr'><strong>ducunt</strong></span> <span class='ocrx_word' id='word_1_53' title='bbox 938 839 1100 907; x_wconf 77' lang='lat' dir='ltr'><strong>vulgo</strong></span> <span class='ocrx_word' id='word_1_54' title='bbox 1156 840 1375 909; x_wconf 75' lang='lat' dir='ltr'><strong>patricii</strong></span> <span class='ocrx_word' id='word_1_55' title='bbox 1428 841 1683 908; x_wconf 87' lang='lat' dir='ltr'><strong>audiunt,</strong></span> <span class='ocrx_word' id='word_1_56' title='bbox 1714 846 1811 900; x_wconf 77' lang='lat' dir='ltr'><strong>sed</strong></span> <span class='ocrx_word' id='word_1_57' title='bbox 1838 846 2002 900; x_wconf 83' lang='lat' dir='ltr'><strong>etiam</strong></span> 
     </span>
    </p>
   </div>
   <div class='ocr_carea' id='block_1_10' title="bbox 430 928 2004 998">
    <p class='ocr_par' dir='ltr' id='par_1_10' title="bbox 430 928 2004 998">
     <span class='ocr_line' id='line_1_10' title="bbox 430 928 2004 998; baseline 0.007 -19"><span class='ocrx_word' id='word_1_58' title='bbox 430 928 712 996; x_wconf 68' lang='lat' dir='ltr'><strong>dignitatis</strong></span> <span class='ocrx_word' id='word_1_59' title='bbox 755 929 921 983; x_wconf 78' lang='lat' dir='ltr'><strong>oll‘tcii</strong></span> <span class='ocrx_word' id='word_1_60' title='bbox 950 939 1004 983; x_wconf 89' lang='lat' dir='ltr'><strong>et</strong></span> <span class='ocrx_word' id='word_1_61' title='bbox 1055 932 1414 997; x_wconf 73' lang='lat' dir='ltr'><strong>prtelecturaa.</strong></span> <span class='ocrx_word' id='word_1_62' title='bbox 1468 932 1759 998; x_wconf 78' lang='lat' dir='ltr'><strong>Dignitatis</strong></span> <span class='ocrx_word' id='word_1_63' title='bbox 1815 952 2004 991; x_wconf 84' lang='lat' dir='ltr'><strong>exem-</strong></span> 
     </span>
    </p>
   </div>
   <div class='ocr_carea' id='block_1_11' title="bbox 435 1018 2005 1097">
    <p class='ocr_par' dir='ltr' id='par_1_11' title="bbox 435 1018 2005 1097">
     <span class='ocr_line' id='line_1_11' title="bbox 435 1018 2005 1097; baseline 0.008 -27"><span class='ocrx_word' id='word_1_64' title='bbox 435 1020 519 1087; x_wconf 81' lang='lat' dir='ltr'><strong>pla</strong></span> <span class='ocrx_word' id='word_1_65' title='bbox 552 1018 728 1073; x_wconf 67' lang='lat' dir='ltr'><strong>adfert</strong></span> <span class='ocrx_word' id='word_1_66' title='bbox 755 1019 1022 1075; x_wconf 74' lang='lat' dir='ltr'><strong>Meursius</strong></span> <span class='ocrx_word' id='word_1_67' title='bbox 1045 1022 1099 1076; x_wconf 87' lang='lat' dir='ltr'><strong>in</strong></span> <span class='ocrx_word' id='word_1_68' title='bbox 1121 1022 1403 1078; x_wconf 86' lang='lat' dir='ltr'><strong>Giossario</strong></span> <span class='ocrx_word' id='word_1_69' title='bbox 1424 1040 1488 1079; x_wconf 81' lang='lat' dir='ltr'><strong>ex</strong></span> <span class='ocrx_word' id='word_1_70' title='bbox 1515 1026 1706 1093; x_wconf 80' lang='lat' dir='ltr'><strong>Suida,</strong></span> <span class='ocrx_word' id='word_1_71' title='bbox 1740 1026 2005 1097; x_wconf 78' lang='lat' dir='ltr'><strong>Procopio</strong></span> 
     </span>
    </p>
   </div>
   <div class='ocr_carea' id='block_1_12' title="bbox 431 1110 2007 1186">
    <p class='ocr_par' dir='ltr' id='par_1_12' title="bbox 431 1110 2007 1186">
     <span class='ocr_line' id='line_1_12' title="bbox 431 1110 2007 1186; baseline 0.008 -25"><span class='ocrx_word' id='word_1_72' title='bbox 431 1120 485 1163; x_wconf 75' lang='lat' dir='ltr'><strong>rt</strong></span> <span class='ocrx_word' id='word_1_73' title='bbox 521 1110 729 1166; x_wconf 76' lang='lat' dir='ltr'><strong>Malcho</strong></span> <span class='ocrx_word' id='word_1_74' title='bbox 761 1113 813 1165; x_wconf 90' lang='lat' dir='ltr'><strong>itt</strong></span> <span class='ocrx_word' id='word_1_75' title='bbox 846 1112 1174 1183; x_wconf 79' lang='lat' dir='ltr'><strong>Byzanticis.</strong></span> <span class='ocrx_word' id='word_1_76' title='bbox 1204 1116 1320 1182; x_wconf 85' lang='lat' dir='ltr'><strong>Qua</strong></span> <span class='ocrx_word' id='word_1_77' title='bbox 1358 1118 1579 1173; x_wconf 78' lang='lat' dir='ltr'><strong>notione</strong></span> <span class='ocrx_word' id='word_1_78' title='bbox 1611 1120 1770 1174; x_wconf 84' lang='lat' dir='ltr'><strong>etiam</strong></span> <span class='ocrx_word' id='word_1_79' title='bbox 1795 1120 2007 1186; x_wconf 87' lang='lat' dir='ltr'><strong>patricii</strong></span> 
     </span>
    </p>
   </div>
   <div class='ocr_carea' id='block_1_13' title="bbox 435 1204 2005 1279">
    <p class='ocr_par' dir='ltr' id='par_1_13' title="bbox 435 1204 2005 1279">
     <span class='ocr_line' id='line_1_13' title="bbox 435 1204 2005 1279; baseline 0.01 -27"><span class='ocrx_word' id='word_1_80' title='bbox 435 1218 630 1256; x_wconf 76' lang='lat' dir='ltr'><strong>Numen</strong></span> <span class='ocrx_word' id='word_1_81' title='bbox 662 1204 914 1274; x_wconf 88' lang='lat' dir='ltr'><strong>accipies,</strong></span> <span class='ocrx_word' id='word_1_82' title='bbox 945 1207 1166 1274; x_wconf 77' lang='lat' dir='ltr'><strong>quando</strong></span> <span class='ocrx_word' id='word_1_83' title='bbox 1196 1210 1353 1263; x_wconf 77' lang='lat' dir='ltr'><strong>audis</strong></span> <span class='ocrx_word' id='word_1_84' title='bbox 1373 1209 1627 1279; x_wconf 78' lang='lat' dir='ltr'><strong>l’ipinum</strong></span> <span class='ocrx_word' id='word_1_85' title='bbox 1657 1222 1710 1266; x_wconf 89' lang='lat' dir='ltr'><strong>et</strong></span> <span class='ocrx_word' id='word_1_86' title='bbox 1750 1212 2005 1268; x_wconf 84' lang='lat' dir='ltr'><strong>Carolum</strong></span> 
     </span>
    </p>
   </div>
   <div class='ocr_carea' id='block_1_14' title="bbox 394 1293 2011 1367">
    <p class='ocr_par' dir='ltr' id='par_1_14' title="bbox 394 1293 2011 1367">
     <span class='ocr_line' id='line_1_14' title="bbox 394 1293 2011 1367; baseline 0.01 -23"><span class='ocrx_word' id='word_1_87' title='bbox 394 1293 688 1367; x_wconf 61' lang='lat' dir='ltr'><strong>itiagnum</strong></span> <span class='ocrx_word' id='word_1_88' title='bbox 751 1298 1197 1365; x_wconf 78' lang='lat' dir='ltr'><strong>luissepatri‘cios</strong></span> <span class='ocrx_word' id='word_1_89' title='bbox 1260 1302 1655 1357; x_wconf 74' lang='lat' dir='ltr'><strong>Romanorum.</strong></span> <span class='ocrx_word' id='word_1_90' title='bbox 1716 1303 1894 1359; x_wconf 75' lang='lat' dir='ltr'><strong>Onicii</strong></span> <span class='ocrx_word' id='word_1_91' title='bbox 1956 1315 2011 1360; x_wconf 90' lang='lat' dir='ltr'><strong>et</strong></span> 
     </span>
    </p>
   </div>
   <div class='ocr_carea' id='block_1_15' title="bbox 436 1386 2010 1467">
    <p class='ocr_par' dir='ltr' id='par_1_15' title="bbox 436 1386 2010 1467">
     <span class='ocr_line' id='line_1_15' title="bbox 436 1386 2010 1467; baseline 0.01 -34"><span class='ocrx_word' id='word_1_92' title='bbox 436 1386 773 1451; x_wconf 67' lang='lat' dir='ltr'><strong>praefectum.</strong></span> <span class='ocrx_word' id='word_1_93' title='bbox 854 1391 1166 1458; x_wconf 88' lang='lat' dir='ltr'><strong>exemplum</strong></span> <span class='ocrx_word' id='word_1_94' title='bbox 1210 1450 1211 1453; x_wconf 26' lang='grc' dir='ltr'><strong>η</strong></span> <span class='ocrx_word' id='word_1_95' title='bbox 1257 1400 1342 1446; x_wconf 78' lang='lat' dir='ltr'><strong>est</strong></span> <span class='ocrx_word' id='word_1_96' title='bbox 1414 1392 1671 1449; x_wconf 82' lang='lat' dir='ltr'><strong>Salomon</strong></span> <span class='ocrx_word' id='word_1_97' title='bbox 1760 1398 2010 1467; x_wconf 78' lang='lat' dir='ltr'><strong>magister</strong></span> 
     </span>
    </p>
   </div>
   <div class='ocr_carea' id='block_1_16' title="bbox 435 1476 2009 1553">
    <p class='ocr_par' dir='ltr' id='par_1_16' title="bbox 435 1476 2009 1553">
     <span class='ocr_line' id='line_1_16' title="bbox 435 1476 2009 1553; baseline 0.01 -27"><span class='ocrx_word' id='word_1_98' title='bbox 435 1476 640 1531; x_wconf 72' lang='lat' dir='ltr'><strong>militiw</strong></span> <span class='ocrx_word' id='word_1_99' title='bbox 673 1488 722 1530; x_wconf 83' lang='lat' dir='ltr'><strong>et</strong></span> <span class='ocrx_word' id='word_1_100' title='bbox 752 1481 1007 1544; x_wconf 82' lang='lat' dir='ltr'><strong>patricius</strong></span> <span class='ocrx_word' id='word_1_101' title='bbox 1048 1483 1244 1550; x_wconf 69' lang='lat' dir='ltr'><strong>Africa:</strong></span> <span class='ocrx_word' id='word_1_102' title='bbox 1276 1485 1419 1553; x_wconf 86' lang='lat' dir='ltr'><strong>apud</strong></span> <span class='ocrx_word' id='word_1_103' title='bbox 1477 1484 1750 1542; x_wconf 78' lang='lat' dir='ltr'><strong>Victorem</strong></span> <span class='ocrx_word' id='word_1_104' title='bbox 1785 1487 2009 1543; x_wconf 82' lang='lat' dir='ltr'><strong>Tunnu-</strong></span> 
     </span>
    </p>
   </div>
   <div class='ocr_carea' id='block_1_17' title="bbox 434 1572 2012 1650">
    <p class='ocr_par' dir='ltr' id='par_1_17' title="bbox 434 1572 2012 1650">
     <span class='ocr_line' id='line_1_17' title="bbox 434 1572 2012 1650; baseline 0.01 -29"><span class='ocrx_word' id='word_1_105' title='bbox 434 1584 654 1623; x_wconf 69' lang='lat' dir='ltr'><strong>uensem</strong></span> <span class='ocrx_word' id='word_1_106' title='bbox 695 1572 746 1624; x_wconf 87' lang='lat' dir='ltr'><strong>in</strong></span> <span class='ocrx_word' id='word_1_107' title='bbox 776 1573 1068 1637; x_wconf 81' lang='lat' dir='ltr'><strong>Chronico,</strong></span> <span class='ocrx_word' id='word_1_108' title='bbox 1090 1585 1145 1631; x_wconf 89' lang='lat' dir='ltr'><strong>et</strong></span> <span class='ocrx_word' id='word_1_109' title='bbox 1167 1576 1392 1633; x_wconf 83' lang='lat' dir='ltr'><strong>Atnalus</strong></span> <span class='ocrx_word' id='word_1_110' title='bbox 1423 1579 1683 1645; x_wconf 79' lang='lat' dir='ltr'><strong>patricius</strong></span> <span class='ocrx_word' id='word_1_111' title='bbox 1729 1582 2012 1650; x_wconf 70' lang='lat' dir='ltr'><strong>provinciae</strong></span> 
     </span>
    </p>
   </div>
   <div class='ocr_carea' id='block_1_18' title="bbox 435 1656 2047 1750">
    <p class='ocr_par' dir='ltr' id='par_1_18' title="bbox 435 1656 2047 1750">
     <span class='ocr_line' id='line_1_18' title="bbox 435 1656 2047 1750; baseline 0.013 -46"><span class='ocrx_word' id='word_1_112' title='bbox 435 1656 577 1750; x_wconf 70' lang='lat' dir='ltr'><strong>apud</strong></span> <span class='ocrx_word' id='word_1_113' title='bbox 612 1656 839 1750; x_wconf 85' lang='lat' dir='ltr'><strong>Paulum</strong></span> <span class='ocrx_word' id='word_1_114' title='bbox 863 1661 1157 1717; x_wconf 83' lang='lat' dir='ltr'><strong>Diaconum</strong></span> <span class='ocrx_word' id='word_1_115' title='bbox 1192 1665 1228 1719; x_wconf 89' lang='grc' dir='ltr'>ι.</span> <span class='ocrx_word' id='word_1_116' title='bbox 1256 1680 1347 1727; x_wconf 85' lang='lat' dir='ltr'><strong>m,</strong></span> <span class='ocrx_word' id='word_1_117' title='bbox 1375 1681 1424 1722; x_wconf 86' lang='lat' dir='ltr'><strong>c.</strong></span> <span class='ocrx_word' id='word_1_118' title='bbox 1446 1668 1483 1721; x_wconf 77' lang='lat'><strong>3</strong></span> <span class='ocrx_word' id='word_1_119' title='bbox 1509 1664 1579 1721; x_wconf 87' lang='lat' dir='ltr'><strong>De</strong></span> <span class='ocrx_word' id='word_1_120' title='bbox 1601 1671 1771 1738; x_wconf 79' lang='lat' dir='ltr'><strong>gestis</strong></span> <span class='ocrx_word' id='word_1_121' title='bbox 1800 1670 2013 1741; x_wconf 77' lang='lat' dir='ltr'><strong>Longo-</strong></span> <span class='ocrx_word' id='word_1_122' title='bbox 2040 1744 2047 1750; x_wconf 31' lang='grc' dir='ltr'><em>ι</em></span> 
     </span>
    </p>
   </div>
   <div class='ocr_carea' id='block_1_19' title="bbox 2105 480 3021 536">
    <p class='ocr_par' dir='ltr' id='par_1_19' title="bbox 2105 480 3021 536">
     <span class='ocr_line' id='line_1_19' title="bbox 2105 480 3021 536; baseline 0.007 -1"><span class='ocrx_word' id='word_1_123' title='bbox 2105 480 2304 536; x_wconf 78' lang='lat' dir='ltr'><strong>Gners.</strong></span> <span class='ocrx_word' id='word_1_124' title='bbox 2968 494 3021 509; x_wconf 54' lang='grc' dir='ltr'><strong>ν’*</strong></span> 
     </span>
    </p>
   </div>
   <div class='ocr_carea' id='block_1_20' title="bbox 2722 596 3067 655">
    <p class='ocr_par' dir='ltr' id='par_1_20' title="bbox 2722 596 3067 655">
     <span class='ocr_line' id='line_1_20' title="bbox 2722 596 3067 655; baseline 0.003 -2"><span class='ocrx_word' id='word_1_125' title='bbox 2722 596 2946 655; x_wconf 81' lang='lat' dir='ltr'><strong>CAPUT</strong></span> <span class='ocrx_word' id='word_1_126' title='bbox 2981 597 3067 654; x_wconf 71' lang='grc' dir='ltr'>ιν.</span> 
     </span>
    </p>
   </div>
   <div class='ocr_carea' id='block_1_21' title="bbox 2130 700 3631 789">
    <p class='ocr_par' dir='ltr' id='par_1_21' title="bbox 2130 700 3631 789">
     <span class='ocr_line' id='line_1_21' title="bbox 2130 700 3631 789; baseline -0.003 -17"><span class='ocrx_word' id='word_1_127' title='bbox 2130 719 2479 789; x_wconf 72' lang='lat' dir='ltr'><strong>Explicantur</strong></span> <span class='ocrx_word' id='word_1_128' title='bbox 2508 716 2726 772; x_wconf 86' lang='lat' dir='ltr'><strong>obscura</strong></span> <span class='ocrx_word' id='word_1_129' title='bbox 2756 700 2996 786; x_wconf 61' lang='lat' dir='ltr'><strong>quédam</strong></span> <span class='ocrx_word' id='word_1_130' title='bbox 3024 712 3274 767; x_wconf 81' lang='lat' dir='ltr'><strong>vocabula</strong></span> <span class='ocrx_word' id='word_1_131' title='bbox 3294 727 3358 767; x_wconf 76' lang='lat' dir='ltr'><strong>ex</strong></span> <span class='ocrx_word' id='word_1_132' title='bbox 3385 716 3554 782; x_wconf 83' lang='lat' dir='ltr'><strong>capite</strong></span> <span class='ocrx_word' id='word_1_133' title='bbox 3580 712 3631 768; x_wconf 76' lang='lat'><strong>3.</strong></span> 
     </span>
    </p>
   </div>
   <div class='ocr_carea' id='block_1_22' title="bbox 2178 824 3751 920">
    <p class='ocr_par' dir='ltr' id='par_1_22' title="bbox 2178 824 3751 920">
     <span class='ocr_line' id='line_1_22' title="bbox 2178 824 3751 920; baseline -0.006 -11"><span class='ocrx_word' id='word_1_134' title='bbox 2178 854 2240 909; x_wconf 84' lang='lat' dir='ltr'><strong>P.</strong></span> <span class='ocrx_word' id='word_1_135' title='bbox 2269 854 2353 908; x_wconf 67' lang='grc' dir='ltr'><strong>ιδ.</strong></span> <span class='ocrx_word' id='word_1_136' title='bbox 2393 852 2660 917; x_wconf 74' lang='grc' dir='ltr'>Σκιάδιον,</span> <span class='ocrx_word' id='word_1_137' title='bbox 2698 824 2844 920; x_wconf 65' lang='lat' dir='ltr'><strong>queis</strong></span> <span class='ocrx_word' id='word_1_138' title='bbox 2888 858 2944 907; x_wconf 85' lang='lat' dir='ltr'><strong>et</strong></span> <span class='ocrx_word' id='word_1_139' title='bbox 2982 848 3185 911; x_wconf 79' lang='grc' dir='ltr'>σκιάδι,</span> <span class='ocrx_word' id='word_1_140' title='bbox 3219 849 3287 905; x_wconf 68' lang='lat' dir='ltr'><strong>att</strong></span> <span class='ocrx_word' id='word_1_141' title='bbox 3322 849 3541 903; x_wconf 79' lang='lat' dir='ltr'><strong>verbum</strong></span> <span class='ocrx_word' id='word_1_142' title='bbox 3585 855 3666 902; x_wconf 83' lang='lat' dir='ltr'><strong>est</strong></span> <span class='ocrx_word' id='word_1_143' title='bbox 3744 848 3751 857; x_wconf 93' lang='grc'><strong>·</strong></span> 
     </span>
    </p>
   </div>
   <div class='ocr_carea' id='block_1_23' title="bbox 2110 939 3738 1009">
    <p class='ocr_par' dir='ltr' id='par_1_23' title="bbox 2110 939 3738 1009">
     <span class='ocr_line' id='line_1_23' title="bbox 2110 939 3738 1009; baseline -0.007 -8"><span class='ocrx_word' id='word_1_144' title='bbox 2110 946 2336 1001; x_wconf 82' lang='lat' dir='ltr'><strong>umbella</strong></span> <span class='ocrx_word' id='word_1_145' title='bbox 2369 960 2462 1001; x_wconf 88' lang='lat' dir='ltr'><strong>seu</strong></span> <span class='ocrx_word' id='word_1_146' title='bbox 2492 942 2882 1005; x_wconf 76' lang='lat' dir='ltr'><strong>umbmculum,</strong></span> <span class='ocrx_word' id='word_1_147' title='bbox 2911 949 3146 1009; x_wconf 72' lang='lat' dir='ltr'><strong>tegumen</strong></span> <span class='ocrx_word' id='word_1_148' title='bbox 3180 940 3394 1008; x_wconf 76' lang='lat' dir='ltr'><strong>capitis,</strong></span> <span class='ocrx_word' id='word_1_149' title='bbox 3429 939 3662 993; x_wconf 80' lang='lat' dir='ltr'><strong>breviter</strong></span> <span class='ocrx_word' id='word_1_150' title='bbox 3732 999 3738 1005; x_wconf 26' lang='lat' dir='ltr'><strong>l</strong></span> 
     </span>
    </p>
   </div>
   <div class='ocr_carea' id='block_1_24' title="bbox 2106 1030 3667 1109">
    <p class='ocr_par' dir='ltr' id='par_1_24' title="bbox 2106 1030 3667 1109">
     <span class='ocr_line' id='line_1_24' title="bbox 2106 1030 3667 1109; baseline -0.006 -18"><span class='ocrx_word' id='word_1_151' title='bbox 2106 1038 2297 1109; x_wconf 83' lang='lat' dir='ltr'><strong>pileus,</strong></span> <span class='ocrx_word' id='word_1_152' title='bbox 2323 1052 2433 1107; x_wconf 89' lang='lat' dir='ltr'><strong>quo</strong></span> <span class='ocrx_word' id='word_1_153' title='bbox 2462 1034 2685 1089; x_wconf 91' lang='lat' dir='ltr'><strong>nomine</strong></span> <span class='ocrx_word' id='word_1_154' title='bbox 2707 1033 2767 1088; x_wconf 80' lang='lat' dir='ltr'><strong>in</strong></span> <span class='ocrx_word' id='word_1_155' title='bbox 2784 1030 3035 1087; x_wconf 73' lang='lat' dir='ltr'><strong>versione</strong></span> <span class='ocrx_word' id='word_1_156' title='bbox 3066 1031 3336 1101; x_wconf 62' lang='lat' dir='ltr'><strong>pracipes</strong></span> <span class='ocrx_word' id='word_1_157' title='bbox 3368 1043 3500 1084; x_wconf 84' lang='lat' dir='ltr'><strong>usus</strong></span> <span class='ocrx_word' id='word_1_158' title='bbox 3524 1043 3667 1083; x_wconf 89' lang='lat' dir='ltr'><strong>sum.</strong></span> 
     </span>
    </p>
   </div>
   <div class='ocr_carea' id='block_1_25' title="bbox 2108 1130 2316 1185">
    <p class='ocr_par' dir='ltr' id='par_1_25' title="bbox 2108 1130 2316 1185">
     <span class='ocr_line' id='line_1_25' title="bbox 2108 1130 2316 1185; baseline -0.01 0"><span class='ocrx_word' id='word_1_159' title='bbox 2108 1130 2316 1185; x_wconf 75' lang='lat' dir='ltr'><strong>Gns&#39;rs.</strong></span> 
     </span>
    </p>
   </div>
   <div class='ocr_carea' id='block_1_26' title="bbox 2178 1214 3672 1292">
    <p class='ocr_par' dir='ltr' id='par_1_26' title="bbox 2178 1214 3672 1292">
     <span class='ocr_line' id='line_1_26' title="bbox 2178 1214 3672 1292; baseline -0.005 -17"><span class='ocrx_word' id='word_1_160' title='bbox 2178 1222 2320 1276; x_wconf 82' lang='lat' dir='ltr'><strong>Ibid.</strong></span> <span class='ocrx_word' id='word_1_161' title='bbox 2362 1218 2646 1292; x_wconf 82' lang='lat' dir='ltr'><strong>[Cranium</strong></span> <span class='ocrx_word' id='word_1_162' title='bbox 2678 1216 2857 1275; x_wconf 87' lang='lat' dir='ltr'><strong>solum</strong></span> <span class='ocrx_word' id='word_1_163' title='bbox 2882 1224 3111 1272; x_wconf 85' lang='lat' dir='ltr'><strong>coronat</strong></span> <span class='ocrx_word' id='word_1_164' title='bbox 3143 1225 3196 1273; x_wconf 89' lang='lat' dir='ltr'><strong>et</strong></span> <span class='ocrx_word' id='word_1_165' title='bbox 3219 1215 3412 1271; x_wconf 76' lang='lat' dir='ltr'><strong>leviter</strong></span> <span class='ocrx_word' id='word_1_166' title='bbox 3479 1214 3672 1269; x_wconf 85' lang='lat' dir='ltr'><strong>adum-</strong></span> 
     </span>
    </p>
   </div>
   <div class='ocr_carea' id='block_1_27' title="bbox 2110 1304 3672 1377">
    <p class='ocr_par' dir='ltr' id='par_1_27' title="bbox 2110 1304 3672 1377">
     <span class='ocr_line' id='line_1_27' title="bbox 2110 1304 3672 1377; baseline -0.004 -12"><span class='ocrx_word' id='word_1_167' title='bbox 2110 1312 2228 1365; x_wconf 87' lang='lat' dir='ltr'><strong>brat</strong></span> <span class='ocrx_word' id='word_1_168' title='bbox 2258 1310 2318 1361; x_wconf 83' lang='grc' dir='ltr'>τὸ</span> <span class='ocrx_word' id='word_1_169' title='bbox 2351 1308 2688 1377; x_wconf 76' lang='grc' dir='ltr'>καλούμενον</span> <span class='ocrx_word' id='word_1_170' title='bbox 2721 1306 2985 1369; x_wconf 79' lang='grc' dir='ltr'><strong>σκιάδιον,</strong></span> <span class='ocrx_word' id='word_1_171' title='bbox 3047 1320 3157 1373; x_wconf 83' lang='lat' dir='ltr'><strong>qua</strong></span> <span class='ocrx_word' id='word_1_172' title='bbox 3203 1304 3275 1359; x_wconf 89' lang='lat' dir='ltr'><strong>de</strong></span> <span class='ocrx_word' id='word_1_173' title='bbox 3331 1319 3500 1359; x_wconf 83' lang='lat' dir='ltr'><strong>causa</strong></span> <span class='ocrx_word' id='word_1_174' title='bbox 3567 1319 3672 1359; x_wconf 81' lang='lat' dir='ltr'><strong>non</strong></span> 
     </span>
    </p>
   </div>
   <div class='ocr_carea' id='block_1_28' title="bbox 2110 1394 3671 1467">
    <p class='ocr_par' dir='ltr' id='par_1_28' title="bbox 2110 1394 3671 1467">
     <span class='ocr_line' id='line_1_28' title="bbox 2110 1394 3671 1467; baseline -0.003 -12"><span class='ocrx_word' id='word_1_175' title='bbox 2110 1401 2416 1464; x_wconf 82' lang='lat' dir='ltr'><strong>umbellam,</strong></span> <span class='ocrx_word' id='word_1_176' title='bbox 2456 1415 2553 1454; x_wconf 76' lang='lat' dir='ltr'><strong>ceu</strong></span> <span class='ocrx_word' id='word_1_177' title='bbox 2582 1414 2773 1454; x_wconf 80' lang='lat' dir='ltr'><strong>carens</strong></span> <span class='ocrx_word' id='word_1_178' title='bbox 2799 1398 3074 1467; x_wconf 83' lang='lat' dir='ltr'><strong>pratensis</strong></span> <span class='ocrx_word' id='word_1_179' title='bbox 3136 1397 3196 1451; x_wconf 86' lang='lat' dir='ltr'><strong>in</strong></span> <span class='ocrx_word' id='word_1_180' title='bbox 3245 1394 3481 1451; x_wconf 70' lang='lat' dir='ltr'><strong>frontem</strong></span> <span class='ocrx_word' id='word_1_181' title='bbox 3537 1398 3671 1460; x_wconf 87' lang='lat' dir='ltr'><strong>oris,</strong></span> 
     </span>
    </p>
   </div>
   <div class='ocr_carea' id='block_1_29' title="bbox 2112 1490 3673 1561">
    <p class='ocr_par' dir='ltr' id='par_1_29' title="bbox 2112 1490 3673 1561">
     <span class='ocr_line' id='line_1_29' title="bbox 2112 1490 3673 1561; baseline -0.003 -15"><span class='ocrx_word' id='word_1_182' title='bbox 2112 1493 2205 1548; x_wconf 83' lang='lat' dir='ltr'><strong>sed</strong></span> <span class='ocrx_word' id='word_1_183' title='bbox 2228 1492 2477 1561; x_wconf 87' lang='lat' dir='ltr'><strong>pileolum</strong></span> <span class='ocrx_word' id='word_1_184' title='bbox 2512 1507 2576 1545; x_wconf 81' lang='lat' dir='ltr'><strong>ex</strong></span> <span class='ocrx_word' id='word_1_185' title='bbox 2610 1506 2771 1561; x_wconf 70' lang='lat' dir='ltr'><strong>inquo</strong></span> <span class='ocrx_word' id='word_1_186' title='bbox 2802 1491 2869 1560; x_wconf 83' lang='lat' dir='ltr'><strong>(si</strong></span> <span class='ocrx_word' id='word_1_187' title='bbox 2917 1490 3158 1545; x_wconf 75' lang='lat' dir='ltr'><strong>medium</strong></span> <span class='ocrx_word' id='word_1_188' title='bbox 3228 1499 3409 1547; x_wconf 81' lang='lat' dir='ltr'><strong>tamen</strong></span> <span class='ocrx_word' id='word_1_189' title='bbox 3452 1503 3673 1553; x_wconf 88' lang='lat' dir='ltr'><strong>conum,</strong></span> 
     </span>
    </p>
   </div>
   <div class='ocr_carea' id='block_1_30' title="bbox 2115 1579 3671 1652">
    <p class='ocr_par' dir='ltr' id='par_1_30' title="bbox 2115 1579 3671 1652">
     <span class='ocr_line' id='line_1_30' title="bbox 2115 1579 3671 1652; baseline -0.003 -16"><span class='ocrx_word' id='word_1_190' title='bbox 2115 1584 2241 1638; x_wconf 84' lang='lat' dir='ltr'><strong>licet</strong></span> <span class='ocrx_word' id='word_1_191' title='bbox 2302 1583 2602 1649; x_wconf 88' lang='lat' dir='ltr'><strong>modicum,</strong></span> <span class='ocrx_word' id='word_1_192' title='bbox 2660 1581 3005 1652; x_wconf 81' lang='lat' dir='ltr'><strong>appinxeris)</strong></span> <span class='ocrx_word' id='word_1_193' title='bbox 3099 1588 3266 1650; x_wconf 82' lang='lat' dir='ltr'><strong>caput</strong></span> <span class='ocrx_word' id='word_1_194' title='bbox 3319 1579 3671 1642; x_wconf 82' lang='lat' dir='ltr'><strong>ambientem,</strong></span> 
     </span>
    </p>
   </div>
   <div class='ocr_carea' id='block_1_31' title="bbox 2115 1672 3675 1745">
    <p class='ocr_par' dir='ltr' id='par_1_31' title="bbox 2115 1672 3675 1745">
     <span class='ocr_line' id='line_1_31' title="bbox 2115 1672 3675 1745; baseline -0.003 -15"><span class='ocrx_word' id='word_1_195' title='bbox 2115 1678 2247 1731; x_wconf 88' lang='lat' dir='ltr'><strong>ntihi</strong></span> <span class='ocrx_word' id='word_1_196' title='bbox 2281 1676 2475 1745; x_wconf 87' lang='lat' dir='ltr'><strong>potiori</strong></span> <span class='ocrx_word' id='word_1_197' title='bbox 2507 1676 2631 1744; x_wconf 80' lang='lat' dir='ltr'><strong>jure</strong></span> <span class='ocrx_word' id='word_1_198' title='bbox 2659 1686 2839 1738; x_wconf 78' lang='lat' dir='ltr'><strong>sonat;</strong></span> <span class='ocrx_word' id='word_1_199' title='bbox 2873 1688 3145 1744; x_wconf 76' lang='lat' dir='ltr'><strong>quemque</strong></span> <span class='ocrx_word' id='word_1_200' title='bbox 3170 1672 3558 1741; x_wconf 74' lang='grc' dir='ltr'>ὀλομὰργαρον</span> <span class='ocrx_word' id='word_1_201' title='bbox 3590 1672 3675 1726; x_wconf 85' lang='lat' dir='ltr'><strong>hic</strong></span> 
     </span>
    </p>
   </div>
   <div class='ocr_carea' id='block_1_32' title="bbox 440 1748 3678 1836">
    <p class='ocr_par' dir='ltr' id='par_1_32' title="bbox 440 1748 3678 1836">
     <span class='ocr_line' id='line_1_32' title="bbox 440 1748 3678 1836; baseline 0.004 -33"><span class='ocrx_word' id='word_1_202' title='bbox 440 1748 759 1803; x_wconf 73' lang='lat' dir='ltr'><strong>ltardorutn.</strong></span> <span class='ocrx_word' id='word_1_203' title='bbox 793 1749 943 1807; x_wconf 84' lang='lat' dir='ltr'><strong>Talis</strong></span> <span class='ocrx_word' id='word_1_204' title='bbox 971 1753 1155 1808; x_wconf 88' lang='lat' dir='ltr'><strong>itidem</strong></span> <span class='ocrx_word' id='word_1_205' title='bbox 1185 1756 1451 1821; x_wconf 83' lang='lat' dir='ltr'><strong>patricius</strong></span> <span class='ocrx_word' id='word_1_206' title='bbox 1478 1758 1561 1812; x_wconf 86' lang='lat' dir='ltr'><strong>vel</strong></span> <span class='ocrx_word' id='word_1_207' title='bbox 1589 1768 1711 1814; x_wconf 83' lang='lat' dir='ltr'><strong>erat</strong></span> <span class='ocrx_word' id='word_1_208' title='bbox 1744 1761 1831 1814; x_wconf 74' lang='lat' dir='ltr'><strong>vel</strong></span> <span class='ocrx_word' id='word_1_209' title='bbox 1886 1776 2007 1817; x_wconf 86' lang='lat' dir='ltr'><strong>esse</strong></span> <span class='ocrx_word' id='word_1_210' title='bbox 2040 1748 2079 1806; x_wconf 73' lang='grc' dir='ltr'><strong>Β</strong></span> <span class='ocrx_word' id='word_1_211' title='bbox 2109 1778 2303 1822; x_wconf 83' lang='lat' dir='ltr'><strong>auctor</strong></span> <span class='ocrx_word' id='word_1_212' title='bbox 2338 1778 2520 1831; x_wconf 87' lang='lat' dir='ltr'><strong>vocat,</strong></span> <span class='ocrx_word' id='word_1_213' title='bbox 2549 1766 2917 1836; x_wconf 73' lang='lat' dir='ltr'><strong>Theophanes</strong></span> <span class='ocrx_word' id='word_1_214' title='bbox 2974 1767 3132 1835; x_wconf 88' lang='lat' dir='ltr'><strong>prius</strong></span> <span class='ocrx_word' id='word_1_215' title='bbox 3161 1764 3540 1833; x_wconf 75' lang='grc' dir='ltr'>καμηλαύκιον</span> <span class='ocrx_word' id='word_1_216' title='bbox 3565 1763 3678 1816; x_wconf 76' lang='grc' dir='ltr'><strong>διάο</strong></span> 
     </span>
    </p>
   </div>
   <div class='ocr_carea' id='block_1_33' title="bbox 441 1837 2005 1917">
    <p class='ocr_par' dir='ltr' id='par_1_33' title="bbox 441 1837 2005 1917">
     <span class='ocr_line' id='line_1_33' title="bbox 441 1837 2005 1917; baseline 0.012 -32"><span class='ocrx_word' id='word_1_217' title='bbox 441 1837 652 1890; x_wconf 78' lang='lat' dir='ltr'><strong>volebat</strong></span> <span class='ocrx_word' id='word_1_218' title='bbox 684 1837 771 1892; x_wconf 86' lang='lat' dir='ltr'><strong>ille</strong></span> <span class='ocrx_word' id='word_1_219' title='bbox 800 1855 959 1909; x_wconf 84' lang='lat' dir='ltr'><strong>quem</strong></span> <span class='ocrx_word' id='word_1_220' title='bbox 1001 1842 1107 1897; x_wconf 83' lang='lat' dir='ltr'><strong>sibi</strong></span> <span class='ocrx_word' id='word_1_221' title='bbox 1141 1841 1371 1899; x_wconf 81' lang='lat' dir='ltr'><strong>Romani</strong></span> <span class='ocrx_word' id='word_1_222' title='bbox 1422 1846 1717 1914; x_wconf 68' lang='lat' dir='ltr'><strong>elegerant,</strong></span> <span class='ocrx_word' id='word_1_223' title='bbox 1780 1848 1847 1903; x_wconf 89' lang='lat' dir='ltr'><strong>de</strong></span> <span class='ocrx_word' id='word_1_224' title='bbox 1895 1863 2005 1917; x_wconf 91' lang='lat' dir='ltr'><strong>quo</strong></span> 
     </span>
    </p>
   </div>
   <div class='ocr_carea' id='block_1_34' title="bbox 439 1928 2003 2002">
    <p class='ocr_par' dir='ltr' id='par_1_34' title="bbox 439 1928 2003 2002">
     <span class='ocr_line' id='line_1_34' title="bbox 439 1928 2003 2002; baseline 0.009 -20"><span class='ocrx_word' id='word_1_225' title='bbox 439 1928 1032 2002; x_wconf 75' lang='lat' dir='ltr'><strong>Otho-Frisingensisl.</strong></span> <span class='ocrx_word' id='word_1_226' title='bbox 1067 1950 1138 1988; x_wconf 89' lang='lat' dir='ltr'><strong>vtt</strong></span> <span class='ocrx_word' id='word_1_227' title='bbox 1190 1935 1450 1991; x_wconf 87' lang='lat' dir='ltr'><strong>Chronici</strong></span> <span class='ocrx_word' id='word_1_228' title='bbox 1472 1939 1621 1994; x_wconf 78' lang='lat' dir='ltr'><strong>c.3l.</strong></span> <span class='ocrx_word' id='word_1_229' title='bbox 1649 1937 1920 1997; x_wconf 79' lang='lat' dir='ltr'><strong>Meursius</strong></span> <span class='ocrx_word' id='word_1_230' title='bbox 1949 1943 2003 1996; x_wconf 87' lang='lat' dir='ltr'><strong>in</strong></span> 
     </span>
    </p>
   </div>
   <div class='ocr_carea' id='block_1_35' title="bbox 443 2019 2005 2097">
    <p class='ocr_par' dir='ltr' id='par_1_35' title="bbox 443 2019 2005 2097">
     <span class='ocr_line' id='line_1_35' title="bbox 443 2019 2005 2097; baseline 0.012 -25"><span class='ocrx_word' id='word_1_231' title='bbox 443 2019 725 2075; x_wconf 87' lang='lat' dir='ltr'><strong>Glossario</strong></span> <span class='ocrx_word' id='word_1_232' title='bbox 741 2026 993 2089; x_wconf 85' lang='lat' dir='ltr'><strong>patricios</strong></span> <span class='ocrx_word' id='word_1_233' title='bbox 1019 2027 1178 2083; x_wconf 86' lang='lat' dir='ltr'><strong>nimis</strong></span> <span class='ocrx_word' id='word_1_234' title='bbox 1210 2030 1424 2084; x_wconf 76' lang='lat' dir='ltr'><strong>extollit</strong></span> <span class='ocrx_word' id='word_1_235' title='bbox 1447 2046 1463 2097; x_wconf 89' lang='lat'><strong>;</strong></span> <span class='ocrx_word' id='word_1_236' title='bbox 1488 2046 1615 2083; x_wconf 89' lang='lat' dir='ltr'><strong>nam</strong></span> <span class='ocrx_word' id='word_1_237' title='bbox 1640 2032 2005 2089; x_wconf 82' lang='lat' dir='ltr'><strong>Occidentali-</strong></span> 
     </span>
    </p>
   </div>
   <div class='ocr_carea' id='block_1_36' title="bbox 440 2115 2004 2197">
    <p class='ocr_par' dir='ltr' id='par_1_36' title="bbox 440 2115 2004 2197">
     <span class='ocr_line' id='line_1_36' title="bbox 440 2115 2004 2197; baseline 0.012 -33"><span class='ocrx_word' id='word_1_238' title='bbox 440 2115 539 2169; x_wconf 89' lang='lat' dir='ltr'><strong>bus</strong></span> <span class='ocrx_word' id='word_1_239' title='bbox 555 2116 810 2183; x_wconf 86' lang='lat' dir='ltr'><strong>patricios</strong></span> <span class='ocrx_word' id='word_1_240' title='bbox 829 2115 1182 2174; x_wconf 81' lang='lat' dir='ltr'><strong>Romanorum</strong></span> <span class='ocrx_word' id='word_1_241' title='bbox 1203 2122 1491 2193; x_wconf 82' lang='lat' dir='ltr'><strong>fuisse,qui</strong></span> <span class='ocrx_word' id='word_1_242' title='bbox 1511 2124 1674 2195; x_wconf 63' lang='lat'><strong>320</strong></span> <span class='ocrx_word' id='word_1_243' title='bbox 1688 2142 1835 2180; x_wconf 77' lang='lat' dir='ltr'><strong>nunc</strong></span> <span class='ocrx_word' id='word_1_244' title='bbox 1851 2143 2004 2197; x_wconf 86' lang='lat' dir='ltr'><strong>reges</strong></span> 
     </span>
    </p>
   </div>
   <div class='ocr_carea' id='block_1_37' title="bbox 434 2197 2003 2282">
    <p class='ocr_par' dir='ltr' id='par_1_37' title="bbox 434 2197 2003 2282">
     <span class='ocr_line' id='line_1_37' title="bbox 434 2197 2003 2282; baseline 0.011 -26"><span class='ocrx_word' id='word_1_245' title='bbox 434 2197 796 2273; x_wconf 83' lang='lat' dir='ltr'><strong>appellantur.</strong></span> <span class='ocrx_word' id='word_1_246' title='bbox 832 2210 967 2275; x_wconf 84' lang='lat' dir='ltr'><strong>Quis</strong></span> <span class='ocrx_word' id='word_1_247' title='bbox 993 2222 1152 2282; x_wconf 77' lang='lat' dir='ltr'><strong>neget</strong></span> <span class='ocrx_word' id='word_1_248' title='bbox 1184 2214 1286 2270; x_wconf 82' lang='lat' dir='ltr'><strong>hoc</strong></span> <span class='ocrx_word' id='word_1_249' title='bbox 1321 2231 1352 2271; x_wconf 86' lang='lat' dir='ltr'><strong>a</strong></span> <span class='ocrx_word' id='word_1_250' title='bbox 1381 2230 1510 2270; x_wconf 86' lang='lat' dir='ltr'><strong>vero</strong></span> <span class='ocrx_word' id='word_1_251' title='bbox 1549 2217 1715 2272; x_wconf 85' lang='lat' dir='ltr'><strong>nimis</strong></span> <span class='ocrx_word' id='word_1_252' title='bbox 1738 2229 2003 2274; x_wconf 79' lang='lat' dir='ltr'><strong>remoutm</strong></span> 
     </span>
    </p>
   </div>
   <div class='ocr_carea' id='block_1_38' title="bbox 434 2297 2007 2375">
    <p class='ocr_par' dir='ltr' id='par_1_38' title="bbox 434 2297 2007 2375">
     <span class='ocr_line' id='line_1_38' title="bbox 434 2297 2007 2375; baseline 0.01 -26"><span class='ocrx_word' id='word_1_253' title='bbox 434 2297 592 2352; x_wconf 70' lang='lat' dir='ltr'><strong>essc?’</strong></span> <span class='ocrx_word' id='word_1_254' title='bbox 614 2299 823 2355; x_wconf 81' lang='lat' dir='ltr'><strong>Primus</strong></span> <span class='ocrx_word' id='word_1_255' title='bbox 861 2303 1004 2357; x_wconf 91' lang='lat' dir='ltr'><strong>enim</strong></span> <span class='ocrx_word' id='word_1_256' title='bbox 1038 2305 1268 2362; x_wconf 82' lang='lat' dir='ltr'><strong>Carolus</strong></span> <span class='ocrx_word' id='word_1_257' title='bbox 1313 2306 1538 2375; x_wconf 79' lang='lat' dir='ltr'><strong>Magnus</strong></span> <span class='ocrx_word' id='word_1_258' title='bbox 1563 2318 1618 2364; x_wconf 88' lang='lat' dir='ltr'><strong>et</strong></span> <span class='ocrx_word' id='word_1_259' title='bbox 1639 2310 1731 2365; x_wconf 86' lang='lat' dir='ltr'><strong>alii</strong></span> <span class='ocrx_word' id='word_1_260' title='bbox 1759 2312 2007 2365; x_wconf 86' lang='lat' dir='ltr'><strong>nomina-</strong></span> 
     </span>
    </p>
   </div>
   <div class='ocr_carea' id='block_1_39' title="bbox 439 2392 2009 2473">
    <p class='ocr_par' dir='ltr' id='par_1_39' title="bbox 439 2392 2009 2473">
     <span class='ocr_line' id='line_1_39' title="bbox 439 2392 2009 2473; baseline 0.011 -30"><span class='ocrx_word' id='word_1_261' title='bbox 439 2392 638 2446; x_wconf 80' lang='lat' dir='ltr'><strong>bantur</strong></span> <span class='ocrx_word' id='word_1_262' title='bbox 658 2395 868 2462; x_wconf 87' lang='lat' dir='ltr'><strong>patricii</strong></span> <span class='ocrx_word' id='word_1_263' title='bbox 887 2395 1278 2453; x_wconf 80' lang='lat' dir='ltr'><strong>Romanorum.</strong></span> <span class='ocrx_word' id='word_1_264' title='bbox 1303 2401 1385 2454; x_wconf 84' lang='lat' dir='ltr'><strong>An</strong></span> <span class='ocrx_word' id='word_1_265' title='bbox 1415 2402 1535 2456; x_wconf 85' lang='lat' dir='ltr'><strong>ideo</strong></span> <span class='ocrx_word' id='word_1_266' title='bbox 1556 2418 1710 2473; x_wconf 87' lang='lat' dir='ltr'><strong>reges</strong></span> <span class='ocrx_word' id='word_1_267' title='bbox 1736 2403 2009 2460; x_wconf 77' lang='lat' dir='ltr'><strong>Romano—</strong></span> 
     </span>
    </p>
   </div>
   <div class='ocr_carea' id='block_1_40' title="bbox 439 2485 2007 2562">
    <p class='ocr_par' dir='ltr' id='par_1_40' title="bbox 439 2485 2007 2562">
     <span class='ocr_line' id='line_1_40' title="bbox 439 2485 2007 2562; baseline 0.015 -28"><span class='ocrx_word' id='word_1_268' title='bbox 439 2498 558 2536; x_wconf 87' lang='lat' dir='ltr'><strong>rum</strong></span> <span class='ocrx_word' id='word_1_269' title='bbox 584 2485 663 2538; x_wconf 90' lang='lat' dir='ltr'><strong>vel</strong></span> <span class='ocrx_word' id='word_1_270' title='bbox 690 2494 843 2540; x_wconf 87' lang='lat' dir='ltr'><strong>erant</strong></span> <span class='ocrx_word' id='word_1_271' title='bbox 874 2488 956 2543; x_wconf 86' lang='lat' dir='ltr'><strong>vel</strong></span> <span class='ocrx_word' id='word_1_272' title='bbox 1001 2489 1360 2547; x_wconf 88' lang='lat' dir='ltr'><strong>habebantur?</strong></span> <span class='ocrx_word' id='word_1_273' title='bbox 1398 2496 1470 2549; x_wconf 89' lang='lat' dir='ltr'><strong>At</strong></span> <span class='ocrx_word' id='word_1_274' title='bbox 1506 2493 1739 2552; x_wconf 84' lang='lat' dir='ltr'><strong>Carolus</strong></span> <span class='ocrx_word' id='word_1_275' title='bbox 1781 2499 2007 2562; x_wconf 72' lang='lat' dir='ltr'><strong>Magnus</strong></span> 
     </span>
    </p>
   </div>
   <div class='ocr_carea' id='block_1_41' title="bbox 436 2578 2005 2659">
    <p class='ocr_par' dir='ltr' id='par_1_41' title="bbox 436 2578 2005 2659">
     <span class='ocr_line' id='line_1_41' title="bbox 436 2578 2005 2659; baseline 0.012 -32"><span class='ocrx_word' id='word_1_276' title='bbox 436 2589 719 2647; x_wconf 79' lang='lat' dir='ltr'><strong>postquam</strong></span> <span class='ocrx_word' id='word_1_277' title='bbox 746 2578 1113 2637; x_wconf 79' lang='lat' dir='ltr'><strong>Romanorum</strong></span> <span class='ocrx_word' id='word_1_278' title='bbox 1167 2585 1459 2655; x_wconf 79' lang='lat' dir='ltr'><strong>imperator</strong></span> <span class='ocrx_word' id='word_1_279' title='bbox 1486 2600 1705 2645; x_wconf 85' lang='lat' dir='ltr'><strong>creatus</strong></span> <span class='ocrx_word' id='word_1_280' title='bbox 1730 2601 1784 2646; x_wconf 87' lang='lat' dir='ltr'><strong>et</strong></span> <span class='ocrx_word' id='word_1_281' title='bbox 1832 2594 2005 2659; x_wconf 83' lang='lat' dir='ltr'><strong>palam</strong></span> 
     </span>
    </p>
   </div>
   <div class='ocr_carea' id='block_1_42' title="bbox 435 2669 2012 2752">
    <p class='ocr_par' dir='ltr' id='par_1_42' title="bbox 435 2669 2012 2752">
     <span class='ocr_line' id='line_1_42' title="bbox 435 2669 2012 2752; baseline 0.014 -34"><span class='ocrx_word' id='word_1_282' title='bbox 435 2669 813 2739; x_wconf 77' lang='lat' dir='ltr'><strong>promulgatas</strong></span> <span class='ocrx_word' id='word_1_283' title='bbox 851 2674 1132 2737; x_wconf 89' lang='lat' dir='ltr'><strong>est,desiit</strong></span> <span class='ocrx_word' id='word_1_284' title='bbox 1163 2679 1426 2747; x_wconf 76' lang='lat' dir='ltr'><strong>appellari</strong></span> <span class='ocrx_word' id='word_1_285' title='bbox 1486 2684 1749 2752; x_wconf 83' lang='lat' dir='ltr'><strong>patricius</strong></span> <span class='ocrx_word' id='word_1_286' title='bbox 1805 2685 2012 2740; x_wconf 76' lang='lat' dir='ltr'><strong>Roma-</strong></span> 
     </span>
    </p>
   </div>
   <div class='ocr_carea' id='block_1_43' title="bbox 436 2759 2005 2843">
    <p class='ocr_par' dir='ltr' id='par_1_43' title="bbox 436 2759 2005 2843">
     <span class='ocr_line' id='line_1_43' title="bbox 436 2759 2005 2843; baseline 0.013 -32"><span class='ocrx_word' id='word_1_287' title='bbox 436 2773 651 2814; x_wconf 89' lang='lat' dir='ltr'><strong>norum.</strong></span> <span class='ocrx_word' id='word_1_288' title='bbox 678 2759 818 2825; x_wconf 84' lang='lat' dir='ltr'><strong>Quid</strong></span> <span class='ocrx_word' id='word_1_289' title='bbox 848 2765 989 2817; x_wconf 83' lang='lat' dir='ltr'><strong>tum?</strong></span> <span class='ocrx_word' id='word_1_290' title='bbox 1011 2781 1081 2820; x_wconf 90' lang='lat' dir='ltr'><strong>an</strong></span> <span class='ocrx_word' id='word_1_291' title='bbox 1136 2767 1280 2835; x_wconf 78' lang='lat' dir='ltr'><strong>ideo,</strong></span> <span class='ocrx_word' id='word_1_292' title='bbox 1340 2786 1466 2826; x_wconf 89' lang='lat' dir='ltr'><strong>cum</strong></span> <span class='ocrx_word' id='word_1_293' title='bbox 1529 2784 1674 2829; x_wconf 85' lang='lat' dir='ltr'><strong>esset</strong></span> <span class='ocrx_word' id='word_1_294' title='bbox 1720 2776 2005 2843; x_wconf 80' lang='lat' dir='ltr'><strong>patricius,</strong></span> 
     </span>
    </p>
   </div>
   <div class='ocr_carea' id='block_1_44' title="bbox 438 2851 2007 2930">
    <p class='ocr_par' dir='ltr' id='par_1_44' title="bbox 438 2851 2007 2930">
     <span class='ocr_line' id='line_1_44' title="bbox 438 2851 2007 2930; baseline 0.011 -26"><span class='ocrx_word' id='word_1_295' title='bbox 438 2868 529 2906; x_wconf 85' lang='lat' dir='ltr'><strong>rex</strong></span> <span class='ocrx_word' id='word_1_296' title='bbox 588 2851 961 2907; x_wconf 79' lang='lat' dir='ltr'><strong>Romanorum</strong></span> <span class='ocrx_word' id='word_1_297' title='bbox 1000 2858 1167 2912; x_wconf 86' lang='lat' dir='ltr'><strong>erat?</strong></span> <span class='ocrx_word' id='word_1_298' title='bbox 1226 2859 1280 2915; x_wconf 89' lang='lat' dir='ltr'><strong>Si</strong></span> <span class='ocrx_word' id='word_1_299' title='bbox 1331 2862 1456 2930; x_wconf 83' lang='lat' dir='ltr'><strong>quis</strong></span> <span class='ocrx_word' id='word_1_300' title='bbox 1511 2876 1711 2918; x_wconf 72' lang='lat' dir='ltr'><strong>euerte</strong></span> <span class='ocrx_word' id='word_1_301' title='bbox 1767 2868 2007 2921; x_wconf 71' lang='lat' dir='ltr'><strong>nationis</strong></span> 
     </span>
    </p>
   </div>
   <div class='ocr_carea' id='block_1_45' title="bbox 438 2944 2005 3028">
    <p class='ocr_par' dir='ltr' id='par_1_45' title="bbox 438 2944 2005 3028">
     <span class='ocr_line' id='line_1_45' title="bbox 438 2944 2005 3028; baseline 0.01 -31"><span class='ocrx_word' id='word_1_302' title='bbox 438 2944 701 3013; x_wconf 77' lang='lat' dir='ltr'><strong>patricius,</strong></span> <span class='ocrx_word' id='word_1_303' title='bbox 730 2944 967 3000; x_wconf 84' lang='lat' dir='ltr'><strong>Venetus</strong></span> <span class='ocrx_word' id='word_1_304' title='bbox 989 2960 1271 3005; x_wconf 84' lang='lat' dir='ltr'><strong>crearetur</strong></span> <span class='ocrx_word' id='word_1_305' title='bbox 1326 2952 1435 3007; x_wconf 82' lang='lat' dir='ltr'><strong>dux</strong></span> <span class='ocrx_word' id='word_1_306' title='bbox 1482 2953 1745 3023; x_wconf 83' lang='lat' dir='ltr'><strong>Venetus,</strong></span> <span class='ocrx_word' id='word_1_307' title='bbox 1792 2960 2005 3028; x_wconf 87' lang='lat' dir='ltr'><strong>patricii</strong></span> 
     </span>
    </p>
   </div>
   <div class='ocr_carea' id='block_1_46' title="bbox 440 3035 2009 3107">
    <p class='ocr_par' dir='ltr' id='par_1_46' title="bbox 440 3035 2009 3107">
     <span class='ocr_line' id='line_1_46' title="bbox 440 3035 2009 3107; baseline 0.011 -20"><span class='ocrx_word' id='word_1_308' title='bbox 440 3049 635 3089; x_wconf 86' lang='lat' dir='ltr'><strong>nomen</strong></span> <span class='ocrx_word' id='word_1_309' title='bbox 670 3035 856 3107; x_wconf 86' lang='lat' dir='ltr'><strong>utique</strong></span> <span class='ocrx_word' id='word_1_310' title='bbox 889 3039 1183 3095; x_wconf 87' lang='lat' dir='ltr'><strong>omitteret.</strong></span> <span class='ocrx_word' id='word_1_311' title='bbox 1228 3041 1310 3097; x_wconf 79' lang='lat' dir='ltr'><strong>An</strong></span> <span class='ocrx_word' id='word_1_312' title='bbox 1345 3043 1473 3099; x_wconf 88' lang='lat' dir='ltr'><strong>ideo</strong></span> <span class='ocrx_word' id='word_1_313' title='bbox 1499 3059 1655 3102; x_wconf 88' lang='lat' dir='ltr'><strong>antea</strong></span> <span class='ocrx_word' id='word_1_314' title='bbox 1704 3064 1795 3103; x_wconf 78' lang='lat' dir='ltr'><strong>rex</strong></span> <span class='ocrx_word' id='word_1_315' title='bbox 1834 3049 2009 3105; x_wconf 81' lang='lat' dir='ltr'><strong>Vene-</strong></span> 
     </span>
    </p>
   </div>
   <div class='ocr_carea' id='block_1_47' title="bbox 440 3124 2001 3207">
    <p class='ocr_par' dir='ltr' id='par_1_47' title="bbox 440 3124 2001 3207">
     <span class='ocr_line' id='line_1_47' title="bbox 440 3124 2001 3207; baseline 0.01 -30"><span class='ocrx_word' id='word_1_316' title='bbox 440 3135 618 3179; x_wconf 87' lang='lat' dir='ltr'><strong>torum</strong></span> <span class='ocrx_word' id='word_1_317' title='bbox 653 3124 872 3181; x_wconf 88' lang='lat' dir='ltr'><strong>l&#39;uissct?</strong></span> <span class='ocrx_word' id='word_1_318' title='bbox 906 3128 1153 3186; x_wconf 86' lang='lat' dir='ltr'><strong>Alieuius</strong></span> <span class='ocrx_word' id='word_1_319' title='bbox 1187 3147 1215 3186; x_wconf 84' lang='lat' dir='ltr'><strong>a</strong></span> <span class='ocrx_word' id='word_1_320' title='bbox 1248 3149 1378 3189; x_wconf 86' lang='lat' dir='ltr'><strong>vero</strong></span> <span class='ocrx_word' id='word_1_321' title='bbox 1406 3146 1513 3198; x_wconf 88' lang='lat' dir='ltr'><strong>est,</strong></span> <span class='ocrx_word' id='word_1_322' title='bbox 1555 3138 1700 3207; x_wconf 90' lang='lat' dir='ltr'><strong>quod</strong></span> <span class='ocrx_word' id='word_1_323' title='bbox 1748 3139 1827 3193; x_wconf 83' lang='lat' dir='ltr'><strong>ait</strong></span> <span class='ocrx_word' id='word_1_324' title='bbox 1861 3140 2001 3195; x_wconf 83' lang='lat' dir='ltr'><strong>idem</strong></span> 
     </span>
    </p>
   </div>
   <div class='ocr_carea' id='block_1_48' title="bbox 439 3212 2005 3293">
    <p class='ocr_par' dir='ltr' id='par_1_48' title="bbox 439 3212 2005 3293">
     <span class='ocr_line' id='line_1_48' title="bbox 439 3212 2005 3293; baseline 0.01 -21"><span class='ocrx_word' id='word_1_325' title='bbox 439 3212 702 3273; x_wconf 77' lang='lat' dir='ltr'><strong>Glossat&#39;ii</strong></span> <span class='ocrx_word' id='word_1_326' title='bbox 742 3220 1019 3288; x_wconf 89' lang='lat' dir='ltr'><strong>collector,</strong></span> <span class='ocrx_word' id='word_1_327' title='bbox 1059 3223 1427 3293; x_wconf 79' lang='lat' dir='ltr'><strong>imperatorem</strong></span> <span class='ocrx_word' id='word_1_328' title='bbox 1444 3229 1597 3283; x_wconf 75' lang='lat' dir='ltr'><strong>rebus</strong></span> <span class='ocrx_word' id='word_1_329' title='bbox 1632 3231 2005 3287; x_wconf 69' lang='lat' dir='ltr'><strong>ecclesiasticis</strong></span> 
     </span>
    </p>
   </div>
   <div class='ocr_carea' id='block_1_49' title="bbox 440 3319 2009 3393">
    <p class='ocr_par' dir='ltr' id='par_1_49' title="bbox 440 3319 2009 3393">
     <span class='ocr_line' id='line_1_49' title="bbox 440 3319 2009 3393; baseline 0.01 -31"><span class='ocrx_word' id='word_1_330' title='bbox 440 3319 693 3379; x_wconf 84' lang='lat' dir='ltr'><strong>tanquam</strong></span> <span class='ocrx_word' id='word_1_331' title='bbox 724 3327 1024 3380; x_wconf 84' lang='lat' dir='ltr'><strong>supremum</strong></span> <span class='ocrx_word' id='word_1_332' title='bbox 1059 3327 1219 3385; x_wconf 85' lang='lat' dir='ltr'><strong>caput</strong></span> <span class='ocrx_word' id='word_1_333' title='bbox 1252 3319 1549 3387; x_wconf 61' lang='lat' dir='ltr'><strong>praefuisse.</strong></span> <span class='ocrx_word' id='word_1_334' title='bbox 1581 3331 1629 3375; x_wconf 86' lang='lat' dir='ltr'><strong>et</strong></span> <span class='ocrx_word' id='word_1_335' title='bbox 1658 3323 1831 3377; x_wconf 82' lang='lat' dir='ltr'><strong>hacin</strong></span> <span class='ocrx_word' id='word_1_336' title='bbox 1886 3326 2009 3393; x_wconf 85' lang='lat' dir='ltr'><strong>[uu-</strong></span> 
     </span>
    </p>
   </div>
   <div class='ocr_carea' id='block_1_50' title="bbox 442 3403 2008 3485">
    <p class='ocr_par' dir='ltr' id='par_1_50' title="bbox 442 3403 2008 3485">
     <span class='ocr_line' id='line_1_50' title="bbox 442 3403 2008 3485; baseline 0.011 -30"><span class='ocrx_word' id='word_1_337' title='bbox 442 3403 616 3457; x_wconf 81' lang='lat' dir='ltr'><strong>ctioue</strong></span> <span class='ocrx_word' id='word_1_338' title='bbox 646 3405 926 3472; x_wconf 85' lang='lat' dir='ltr'><strong>patricium</strong></span> <span class='ocrx_word' id='word_1_339' title='bbox 958 3406 1093 3461; x_wconf 71' lang='lat' dir='ltr'><strong>vices</strong></span> <span class='ocrx_word' id='word_1_340' title='bbox 1126 3407 1241 3477; x_wconf 88' lang='lat' dir='ltr'><strong>ejus</strong></span> <span class='ocrx_word' id='word_1_341' title='bbox 1270 3412 1458 3479; x_wconf 80' lang='lat' dir='ltr'><strong>egisse.</strong></span> <span class='ocrx_word' id='word_1_342' title='bbox 1494 3411 1659 3482; x_wconf 83' lang='lat' dir='ltr'><strong>quue</strong></span> <span class='ocrx_word' id='word_1_343' title='bbox 1720 3417 1913 3485; x_wconf 84' lang='lat' dir='ltr'><strong>probat</strong></span> <span class='ocrx_word' id='word_1_344' title='bbox 1944 3433 2008 3471; x_wconf 83' lang='lat' dir='ltr'><strong>ex</strong></span> 
     </span>
    </p>
   </div>
   <div class='ocr_carea' id='block_1_51' title="bbox 437 3495 1996 3571">
    <p class='ocr_par' dir='ltr' id='par_1_51' title="bbox 437 3495 1996 3571">
     <span class='ocr_line' id='line_1_51' title="bbox 437 3495 1996 3571; baseline 0.012 -26"><span class='ocrx_word' id='word_1_345' title='bbox 437 3495 807 3565; x_wconf 78' lang='lat' dir='ltr'><strong>disputatione</strong></span> <span class='ocrx_word' id='word_1_346' title='bbox 856 3497 1156 3571; x_wconf 88' lang='lat' dir='ltr'><strong>Gregentii,</strong></span> <span class='ocrx_word' id='word_1_347' title='bbox 1188 3501 1277 3556; x_wconf 88' lang='lat' dir='ltr'><strong>ubi</strong></span> <span class='ocrx_word' id='word_1_348' title='bbox 1308 3502 1441 3559; x_wconf 90' lang='lat' dir='ltr'><strong>dicit</strong></span> <span class='ocrx_word' id='word_1_349' title='bbox 1511 3504 1689 3562; x_wconf 81' lang='lat' dir='ltr'><strong>Erban</strong></span> <span class='ocrx_word' id='word_1_350' title='bbox 1743 3508 1996 3567; x_wconf 72' lang='lat' dir='ltr'><strong>Judzeurn</strong></span> 
     </span>
    </p>
   </div>
   <div class='ocr_carea' id='block_1_52' title="bbox 445 3588 2008 3672">
    <p class='ocr_par' dir='ltr' id='par_1_52' title="bbox 445 3588 2008 3672">
     <span class='ocr_line' id='line_1_52' title="bbox 445 3588 2008 3672; baseline 0.013 -35"><span class='ocrx_word' id='word_1_351' title='bbox 445 3588 698 3655; x_wconf 80' lang='lat' dir='ltr'><strong>baptismi</strong></span> <span class='ocrx_word' id='word_1_352' title='bbox 740 3588 1027 3659; x_wconf 85' lang='lat' dir='ltr'><strong>undisjam</strong></span> <span class='ocrx_word' id='word_1_353' title='bbox 1057 3593 1326 3660; x_wconf 85' lang='lat' dir='ltr'><strong>ablutum,</strong></span> <span class='ocrx_word' id='word_1_354' title='bbox 1382 3605 1623 3651; x_wconf 90' lang='lat' dir='ltr'><strong>creatum</strong></span> <span class='ocrx_word' id='word_1_355' title='bbox 1657 3616 1778 3655; x_wconf 84' lang='lat' dir='ltr'><strong>esse</strong></span> <span class='ocrx_word' id='word_1_356' title='bbox 1814 3618 1845 3655; x_wconf 90' lang='lat' dir='ltr'><strong>a</strong></span> <span class='ocrx_word' id='word_1_357' title='bbox 1882 3619 2008 3672; x_wconf 87' lang='lat' dir='ltr'><strong>rege</strong></span> 
     </span>
    </p>
   </div>
   <div class='ocr_carea' id='block_1_53' title="bbox 443 3677 2007 3755">
    <p class='ocr_par' dir='ltr' id='par_1_53' title="bbox 443 3677 2007 3755">
     <span class='ocr_line' id='line_1_53' title="bbox 443 3677 2007 3755; baseline 0.009 -24"><span class='ocrx_word' id='word_1_358' title='bbox 443 3677 845 3736; x_wconf 74' lang='lat' dir='ltr'><strong>llomeritarum</strong></span> <span class='ocrx_word' id='word_1_359' title='bbox 876 3681 1121 3754; x_wconf 77' lang='grc' dir='ltr'><strong>ὁπεκκλη</strong></span> <span class='ocrx_word' id='word_1_360' title='bbox 1130 3685 1301 3749; x_wconf 71' lang='lat' dir='ltr'><strong>clava,</strong></span> <span class='ocrx_word' id='word_1_361' title='bbox 1316 3686 1405 3755; x_wconf 87' lang='lat' dir='ltr'><strong>qui</strong></span> <span class='ocrx_word' id='word_1_362' title='bbox 1421 3686 1653 3743; x_wconf 81' lang='lat' dir='ltr'><strong>Meursio</strong></span> <span class='ocrx_word' id='word_1_363' title='bbox 1684 3699 1766 3746; x_wconf 84' lang='lat' dir='ltr'><strong>est</strong></span> <span class='ocrx_word' id='word_1_364' title='bbox 1782 3693 1943 3746; x_wconf 82' lang='lat' dir='ltr'><strong>vicari</strong></span> <span class='ocrx_word' id='word_1_365' title='bbox 1950 3712 2007 3747; x_wconf 85' lang='lat' dir='ltr'><strong>us</strong></span> 
     </span>
    </p>
   </div>
   <div class='ocr_carea' id='block_1_54' title="bbox 446 3772 2011 3845">
    <p class='ocr_par' dir='ltr' id='par_1_54' title="bbox 446 3772 2011 3845">
     <span class='ocr_line' id='line_1_54' title="bbox 446 3772 2011 3845; baseline 0.01 -20"><span class='ocrx_word' id='word_1_366' title='bbox 446 3772 613 3843; x_wconf 82' lang='lat' dir='ltr'><strong>regis,</strong></span> <span class='ocrx_word' id='word_1_367' title='bbox 646 3781 904 3843; x_wconf 89' lang='lat' dir='ltr'><strong>tanquam</strong></span> <span class='ocrx_word' id='word_1_368' title='bbox 985 3778 1228 3845; x_wconf 88' lang='lat' dir='ltr'><strong>supremi</strong></span> <span class='ocrx_word' id='word_1_369' title='bbox 1293 3778 1348 3833; x_wconf 90' lang='lat' dir='ltr'><strong>in</strong></span> <span class='ocrx_word' id='word_1_370' title='bbox 1405 3782 1569 3836; x_wconf 86' lang='lat' dir='ltr'><strong>rebus</strong></span> <span class='ocrx_word' id='word_1_371' title='bbox 1618 3783 2011 3840; x_wconf 77' lang='lat' dir='ltr'><strong>ecclesiasticis</strong></span> 
     </span>
    </p>
   </div>
   <div class='ocr_carea' id='block_1_55' title="bbox 442 3860 2005 3942">
    <p class='ocr_par' dir='ltr' id='par_1_55' title="bbox 442 3860 2005 3942">
     <span class='ocr_line' id='line_1_55' title="bbox 442 3860 2005 3942; baseline 0.009 -28"><span class='ocrx_word' id='word_1_372' title='bbox 442 3860 657 3932; x_wconf 78' lang='lat' dir='ltr'><strong>capitis.</strong></span> <span class='ocrx_word' id='word_1_373' title='bbox 686 3860 791 3917; x_wconf 81' lang='lat' dir='ltr'><strong>Sed</strong></span> <span class='ocrx_word' id='word_1_374' title='bbox 833 3862 1105 3919; x_wconf 71' lang='lat' dir='ltr'><strong>Meursius</strong></span> <span class='ocrx_word' id='word_1_375' title='bbox 1134 3865 1223 3922; x_wconf 85' lang='lat' dir='ltr'><strong>ltic</strong></span> <span class='ocrx_word' id='word_1_376' title='bbox 1284 3866 1450 3923; x_wconf 89' lang='lat' dir='ltr'><strong>nimis</strong></span> <span class='ocrx_word' id='word_1_377' title='bbox 1509 3879 1695 3939; x_wconf 86' lang='lat' dir='ltr'><strong>aperte</strong></span> <span class='ocrx_word' id='word_1_378' title='bbox 1744 3872 2005 3942; x_wconf 82' lang='lat' dir='ltr'><strong>anglizat:</strong></span> 
     </span>
    </p>
   </div>
   <div class='ocr_carea' id='block_1_56' title="bbox 441 3950 2013 4035">
    <p class='ocr_par' dir='ltr' id='par_1_56' title="bbox 441 3950 2013 4035">
     <span class='ocr_line' id='line_1_56' title="bbox 441 3950 2013 4035; baseline 0.01 -30"><span class='ocrx_word' id='word_1_379' title='bbox 441 3960 502 4006; x_wconf 89' lang='lat' dir='ltr'><strong>ut</strong></span> <span class='ocrx_word' id='word_1_380' title='bbox 526 3950 667 4006; x_wconf 90' lang='lat' dir='ltr'><strong>enim</strong></span> <span class='ocrx_word' id='word_1_381' title='bbox 701 3952 860 4023; x_wconf 80' lang='lat' dir='ltr'><strong>Angli</strong></span> <span class='ocrx_word' id='word_1_382' title='bbox 894 3970 1074 4024; x_wconf 83' lang='lat' dir='ltr'><strong>regent</strong></span> <span class='ocrx_word' id='word_1_383' title='bbox 1101 3971 1262 4018; x_wconf 89' lang='lat' dir='ltr'><strong>suum</strong></span> <span class='ocrx_word' id='word_1_384' title='bbox 1294 3958 1458 4014; x_wconf 83' lang='lat' dir='ltr'><strong>veluti</strong></span> <span class='ocrx_word' id='word_1_385' title='bbox 1481 3974 1797 4035; x_wconf 85' lang='lat' dir='ltr'><strong>supremum</strong></span> <span class='ocrx_word' id='word_1_386' title='bbox 1826 3964 2013 4021; x_wconf 83' lang='lat' dir='ltr'><strong>Eccle-</strong></span> 
     </span>
    </p>
   </div>
   <div class='ocr_carea' id='block_1_57' title="bbox 444 4042 2005 4124">
    <p class='ocr_par' dir='ltr' id='par_1_57' title="bbox 444 4042 2005 4124">
     <span class='ocr_line' id='line_1_57' title="bbox 444 4042 2005 4124; baseline 0.01 -29"><span class='ocrx_word' id='word_1_387' title='bbox 444 4042 540 4097; x_wconf 63' lang='lat' dir='ltr'><strong>sia</strong></span> <span class='ocrx_word' id='word_1_388' title='bbox 561 4052 726 4111; x_wconf 87' lang='lat' dir='ltr'><strong>caput</strong></span> <span class='ocrx_word' id='word_1_389' title='bbox 750 4055 1105 4108; x_wconf 82' lang='lat' dir='ltr'><strong>venerantur.</strong></span> <span class='ocrx_word' id='word_1_390' title='bbox 1124 4050 1195 4103; x_wconf 83' lang='lat' dir='ltr'><strong>ita</strong></span> <span class='ocrx_word' id='word_1_391' title='bbox 1220 4059 1278 4104; x_wconf 89' lang='lat' dir='ltr'><strong>et</strong></span> <span class='ocrx_word' id='word_1_392' title='bbox 1306 4050 1490 4107; x_wconf 81' lang='lat' dir='ltr'><strong>Batavi</strong></span> <span class='ocrx_word' id='word_1_393' title='bbox 1508 4068 1667 4107; x_wconf 80' lang='lat' dir='ltr'><strong>suum</strong></span> <span class='ocrx_word' id='word_1_394' title='bbox 1718 4057 2005 4124; x_wconf 67' lang='lat' dir='ltr'><strong>magistra~</strong></span> 
     </span>
    </p>
   </div>
   <div class='ocr_carea' id='block_1_58' title="bbox 446 4120 2031 4216">
    <p class='ocr_par' dir='ltr' id='par_1_58' title="bbox 446 4120 2031 4216">
     <span class='ocr_line' id='line_1_58' title="bbox 446 4120 2031 4216; baseline 0.008 -27"><span class='ocrx_word' id='word_1_395' title='bbox 446 4148 559 4189; x_wconf 84' lang='lat' dir='ltr'><strong>tum</strong></span> <span class='ocrx_word' id='word_1_396' title='bbox 592 4136 659 4187; x_wconf 82' lang='lat' dir='ltr'><strong>ad</strong></span> <span class='ocrx_word' id='word_1_397' title='bbox 682 4135 824 4190; x_wconf 86' lang='lat' dir='ltr'><strong>idem</strong></span> <span class='ocrx_word' id='word_1_398' title='bbox 850 4138 1064 4192; x_wconf 74' lang='lat' dir='ltr'><strong>culmen</strong></span> <span class='ocrx_word' id='word_1_399' title='bbox 1083 4141 1315 4195; x_wconf 85' lang='lat' dir='ltr'><strong>evehere</strong></span> <span class='ocrx_word' id='word_1_400' title='bbox 1340 4141 1627 4211; x_wconf 88' lang='lat' dir='ltr'><strong>incipiunt,</strong></span> <span class='ocrx_word' id='word_1_401' title='bbox 1671 4154 1730 4199; x_wconf 90' lang='lat' dir='ltr'><strong>ut</strong></span> <span class='ocrx_word' id='word_1_402' title='bbox 1782 4120 2031 4216; x_wconf 40' lang='lat' dir='ltr'><strong>planum.</strong></span> 
     </span>
    </p>
   </div>
   <div class='ocr_carea' id='block_1_59' title="bbox 446 4228 2009 4306">
    <p class='ocr_par' dir='ltr' id='par_1_59' title="bbox 446 4228 2009 4306">
     <span class='ocr_line' id='line_1_59' title="bbox 446 4228 2009 4306; baseline 0.012 -28"><span class='ocrx_word' id='word_1_403' title='bbox 446 4228 503 4279; x_wconf 89' lang='lat' dir='ltr'><strong>tit</strong></span> <span class='ocrx_word' id='word_1_404' title='bbox 544 4242 666 4281; x_wconf 92' lang='lat' dir='ltr'><strong>cum</strong></span> <span class='ocrx_word' id='word_1_405' title='bbox 694 4243 762 4283; x_wconf 81' lang='lat' dir='ltr'><strong>ex</strong></span> <span class='ocrx_word' id='word_1_406' title='bbox 786 4229 910 4285; x_wconf 87' lang='lat' dir='ltr'><strong>aliis</strong></span> <span class='ocrx_word' id='word_1_407' title='bbox 942 4233 1320 4300; x_wconf 77' lang='lat' dir='ltr'><strong>novatoribus,</strong></span> <span class='ocrx_word' id='word_1_408' title='bbox 1345 4240 1458 4288; x_wconf 90' lang='lat' dir='ltr'><strong>tum</strong></span> <span class='ocrx_word' id='word_1_409' title='bbox 1489 4250 1554 4291; x_wconf 88' lang='lat' dir='ltr'><strong>ex</strong></span> <span class='ocrx_word' id='word_1_410' title='bbox 1575 4234 2009 4306; x_wconf 82' lang='lat' dir='ltr'><strong>llugoneGrotio</strong></span> 
     </span>
    </p>
   </div>
   <div class='ocr_carea' id='block_1_60' title="bbox 446 4319 2007 4396">
    <p class='ocr_par' dir='ltr' id='par_1_60' title="bbox 446 4319 2007 4396">
     <span class='ocr_line' id='line_1_60' title="bbox 446 4319 2007 4396; baseline 0.007 -24"><span class='ocrx_word' id='word_1_411' title='bbox 446 4322 499 4372; x_wconf 88' lang='lat' dir='ltr'><strong>in</strong></span> <span class='ocrx_word' id='word_1_412' title='bbox 543 4320 745 4374; x_wconf 82' lang='lat' dir='ltr'><strong>Pietate</strong></span> <span class='ocrx_word' id='word_1_413' title='bbox 791 4319 1052 4375; x_wconf 83' lang='lat' dir='ltr'><strong>Ordinum</strong></span> <span class='ocrx_word' id='word_1_414' title='bbox 1107 4321 1412 4386; x_wconf 77' lang='lat' dir='ltr'><strong>Hollaudiat</strong></span> <span class='ocrx_word' id='word_1_415' title='bbox 1442 4326 1541 4380; x_wconf 81' lang='lat' dir='ltr'><strong>:iu</strong></span> <span class='ocrx_word' id='word_1_416' title='bbox 1597 4342 1711 4396; x_wconf 85' lang='lat' dir='ltr'><strong>quo</strong></span> <span class='ocrx_word' id='word_1_417' title='bbox 1773 4338 2007 4383; x_wconf 84' lang='lat' dir='ltr'><strong>tamena</strong></span> 
     </span>
    </p>
   </div>
   <div class='ocr_carea' id='block_1_61' title="bbox 2106 1856 3675 1933">
    <p class='ocr_par' dir='ltr' id='par_1_61' title="bbox 2106 1856 3675 1933">
     <span class='ocr_line' id='line_1_61' title="bbox 2106 1856 3675 1933; baseline -0.003 -20"><span class='ocrx_word' id='word_1_418' title='bbox 2106 1861 2253 1914; x_wconf 82' lang='grc' dir='ltr'>λιθον</span> <span class='ocrx_word' id='word_1_419' title='bbox 2285 1861 2441 1922; x_wconf 83' lang='lat' dir='ltr'><strong>dixit,</strong></span> <span class='ocrx_word' id='word_1_420' title='bbox 2470 1859 2769 1928; x_wconf 72' lang='lat' dir='ltr'><strong>Totilaeque</strong></span> <span class='ocrx_word' id='word_1_421' title='bbox 2819 1858 3127 1912; x_wconf 81' lang='lat' dir='ltr'><strong>Gothorum</strong></span> <span class='ocrx_word' id='word_1_422' title='bbox 3150 1858 3262 1926; x_wconf 85' lang='lat' dir='ltr'><strong>regi</strong></span> <span class='ocrx_word' id='word_1_423' title='bbox 3314 1856 3619 1933; x_wconf 81' lang='lat' dir='ltr'><strong>detractum</strong></span> <span class='ocrx_word' id='word_1_424' title='bbox 3647 1871 3675 1908; x_wconf 91' lang='lat' dir='ltr'><strong>a</strong></span> 
     </span>
    </p>
   </div>
   <div class='ocr_carea' id='block_1_62' title="bbox 2104 1944 3677 2020">
    <p class='ocr_par' dir='ltr' id='par_1_62' title="bbox 2104 1944 3677 2020">
     <span class='ocr_line' id='line_1_62' title="bbox 2104 1944 3677 2020; baseline -0.006 -13"><span class='ocrx_word' id='word_1_425' title='bbox 2104 1952 2332 2007; x_wconf 85' lang='lat' dir='ltr'><strong>Narsete</strong></span> <span class='ocrx_word' id='word_1_426' title='bbox 2350 1949 2560 2020; x_wconf 87' lang='lat' dir='ltr'><strong>Cpoiim</strong></span> <span class='ocrx_word' id='word_1_427' title='bbox 2580 1951 2647 2004; x_wconf 82' lang='lat' dir='ltr'><strong>ad</strong></span> <span class='ocrx_word' id='word_1_428' title='bbox 2662 1948 3030 2004; x_wconf 82' lang='lat' dir='ltr'><strong>Justinianum</strong></span> <span class='ocrx_word' id='word_1_429' title='bbox 3046 1947 3208 2015; x_wconf 15' lang='lat'><strong>.221</strong></span> <span class='ocrx_word' id='word_1_430' title='bbox 3241 1946 3473 2001; x_wconf 88' lang='lat' dir='ltr'><strong>missum</strong></span> <span class='ocrx_word' id='word_1_431' title='bbox 3489 1946 3545 1997; x_wconf 89' lang='lat' dir='ltr'><strong>in</strong></span> <span class='ocrx_word' id='word_1_432' title='bbox 3560 1944 3677 2012; x_wconf 88' lang='lat' dir='ltr'><strong>ejus</strong></span> 
     </span>
    </p>
   </div>
   <div class='ocr_carea' id='block_1_63' title="bbox 2108 2035 3675 2108">
    <p class='ocr_par' dir='ltr' id='par_1_63' title="bbox 2108 2035 3675 2108">
     <span class='ocr_line' id='line_1_63' title="bbox 2108 2035 3675 2108; baseline -0.006 -13"><span class='ocrx_word' id='word_1_433' title='bbox 2108 2041 2228 2095; x_wconf 85' lang='lat' dir='ltr'><strong>Vita</strong></span> <span class='ocrx_word' id='word_1_434' title='bbox 2255 2040 2522 2095; x_wconf 86' lang='lat' dir='ltr'><strong>narravit.</strong></span> <span class='ocrx_word' id='word_1_435' title='bbox 2552 2040 2881 2108; x_wconf 85' lang='lat' dir='ltr'><strong>anue,qua</strong></span> <span class='ocrx_word' id='word_1_436' title='bbox 2906 2038 3194 2107; x_wconf 82' lang='lat' dir='ltr'><strong>descripsi,</strong></span> <span class='ocrx_word' id='word_1_437' title='bbox 3227 2036 3399 2105; x_wconf 80' lang='lat' dir='ltr'><strong>ﬁgura</strong></span> <span class='ocrx_word' id='word_1_438' title='bbox 3433 2035 3675 2089; x_wconf 78' lang='grc' dir='ltr'><strong>σκιάδιον</strong></span> 
     </span>
    </p>
   </div>
   <div class='ocr_carea' id='block_1_64' title="bbox 2107 2123 3678 2202">
    <p class='ocr_par' dir='ltr' id='par_1_64' title="bbox 2107 2123 3678 2202">
     <span class='ocr_line' id='line_1_64' title="bbox 2107 2123 3678 2202; baseline -0.006 -18"><span class='ocrx_word' id='word_1_439' title='bbox 2107 2131 2484 2202; x_wconf 82' lang='grc' dir='ltr'>ὁλομάργαρον</span> <span class='ocrx_word' id='word_1_440' title='bbox 2510 2130 2762 2199; x_wconf 73' lang='lat' dir='ltr'><strong>Gregorze</strong></span> <span class='ocrx_word' id='word_1_441' title='bbox 2780 2138 2834 2182; x_wconf 79' lang='lat' dir='ltr'><strong>et</strong></span> <span class='ocrx_word' id='word_1_442' title='bbox 2856 2125 3217 2196; x_wconf 77' lang='lat' dir='ltr'><strong>Cltnlcondyii</strong></span> <span class='ocrx_word' id='word_1_443' title='bbox 3259 2124 3505 2179; x_wconf 81' lang='lat' dir='ltr'><strong>nonnulli</strong></span> <span class='ocrx_word' id='word_1_444' title='bbox 3548 2123 3678 2176; x_wconf 84' lang='lat' dir='ltr'><strong>editi</strong></span> 
     </span>
    </p>
   </div>
   <div class='ocr_carea' id='block_1_65' title="bbox 2107 2215 3683 2285">
    <p class='ocr_par' dir='ltr' id='par_1_65' title="bbox 2107 2215 3683 2285">
     <span class='ocr_line' id='line_1_65' title="bbox 2107 2215 3683 2285; baseline -0.007 -10"><span class='ocrx_word' id='word_1_445' title='bbox 2107 2222 2323 2275; x_wconf 81' lang='lat' dir='ltr'><strong>codices</strong></span> <span class='ocrx_word' id='word_1_446' title='bbox 2339 2218 2719 2272; x_wconf 77' lang='lat' dir='ltr'><strong>demonstrant</strong></span> <span class='ocrx_word' id='word_1_447' title='bbox 2736 2232 2751 2269; x_wconf 91' lang='lat'><strong>:</strong></span> <span class='ocrx_word' id='word_1_448' title='bbox 2768 2215 3142 2284; x_wconf 72' lang='lat' dir='ltr'><strong>eademque,si</strong></span> <span class='ocrx_word' id='word_1_449' title='bbox 3158 2228 3495 2285; x_wconf 64' lang='lat' dir='ltr'><strong>geiitmamm</strong></span> <span class='ocrx_word' id='word_1_450' title='bbox 3516 2226 3683 2280; x_wconf 81' lang='lat' dir='ltr'><strong>gran-</strong></span> 
     </span>
    </p>
   </div>
   <div class='ocr_carea' id='block_1_66' title="bbox 2108 2301 3685 2379">
    <p class='ocr_par' dir='ltr' id='par_1_66' title="bbox 2108 2301 3685 2379">
     <span class='ocr_line' id='line_1_66' title="bbox 2108 2301 3685 2379; baseline -0.006 -13"><span class='ocrx_word' id='word_1_451' title='bbox 2108 2313 2232 2367; x_wconf 88' lang='lat' dir='ltr'><strong>dine</strong></span> <span class='ocrx_word' id='word_1_452' title='bbox 2247 2306 3015 2379; x_wconf 80' lang='lat' dir='ltr'><strong>conspergerentur,usitatum</strong></span> <span class='ocrx_word' id='word_1_453' title='bbox 3035 2306 3138 2363; x_wconf 85' lang='lat' dir='ltr'><strong>sibi</strong></span> <span class='ocrx_word' id='word_1_454' title='bbox 3156 2305 3529 2375; x_wconf 77' lang='grc' dir='ltr'>καμηλαύκιον</span> <span class='ocrx_word' id='word_1_455' title='bbox 3542 2301 3685 2358; x_wconf 73' lang='lat' dir='ltr'><strong>Cra:-</strong></span> 
     </span>
    </p>
   </div>
   <div class='ocr_carea' id='block_1_67' title="bbox 2108 2393 3682 2467">
    <p class='ocr_par' dir='ltr' id='par_1_67' title="bbox 2108 2393 3682 2467">
     <span class='ocr_line' id='line_1_67' title="bbox 2108 2393 3682 2467; baseline -0.01 -9"><span class='ocrx_word' id='word_1_456' title='bbox 2108 2403 2157 2458; x_wconf 90' lang='lat' dir='ltr'><strong>ci</strong></span> <span class='ocrx_word' id='word_1_457' title='bbox 2180 2400 2515 2457; x_wconf 84' lang='lat' dir='ltr'><strong>recentiores</strong></span> <span class='ocrx_word' id='word_1_458' title='bbox 2538 2404 3019 2467; x_wconf 63' lang='lat' dir='ltr'><strong>repraesentarent,</strong></span> <span class='ocrx_word' id='word_1_459' title='bbox 3044 2405 3235 2451; x_wconf 82' lang='lat' dir='ltr'><strong>etcum</strong></span> <span class='ocrx_word' id='word_1_460' title='bbox 3257 2395 3422 2449; x_wconf 84' lang='lat' dir='ltr'><strong>Suida</strong></span> <span class='ocrx_word' id='word_1_461' title='bbox 3442 2393 3682 2448; x_wconf 76' lang='grc' dir='ltr'><strong>σκιάδιον</strong></span> 
     </span>
    </p>
   </div>
   <div class='ocr_carea' id='block_1_68' title="bbox 2108 2486 3684 2562">
    <p class='ocr_par' dir='ltr' id='par_1_68' title="bbox 2108 2486 3684 2562">
     <span class='ocr_line' id='line_1_68' title="bbox 2108 2486 3684 2562; baseline -0.005 -16"><span class='ocrx_word' id='word_1_462' title='bbox 2108 2495 2241 2562; x_wconf 78' lang='grc' dir='ltr'><strong>ὅπερ</strong></span> <span class='ocrx_word' id='word_1_463' title='bbox 2273 2494 2429 2562; x_wconf 79' lang='grc' dir='ltr'>ἡμεῖς</span> <span class='ocrx_word' id='word_1_464' title='bbox 2459 2488 2833 2559; x_wconf 70' lang='grc' dir='ltr'>καμηλαύκιον</span> <span class='ocrx_word' id='word_1_465' title='bbox 2865 2486 3096 2556; x_wconf 76' lang='grc' dir='ltr'>λέγομεν</span> <span class='ocrx_word' id='word_1_466' title='bbox 3124 2487 3502 2541; x_wconf 82' lang='lat' dir='ltr'><strong>indubitanter</strong></span> <span class='ocrx_word' id='word_1_467' title='bbox 3533 2500 3684 2540; x_wconf 82' lang='lat' dir='ltr'><strong>assc-</strong></span> 
     </span>
    </p>
   </div>
   <div class='ocr_carea' id='block_1_69' title="bbox 2109 2576 3685 2652">
    <p class='ocr_par' dir='ltr' id='par_1_69' title="bbox 2109 2576 3685 2652">
     <span class='ocr_line' id='line_1_69' title="bbox 2109 2576 3685 2652; baseline -0.004 -16"><span class='ocrx_word' id='word_1_468' title='bbox 2109 2591 2383 2638; x_wconf 84' lang='lat' dir='ltr'><strong>verarent.</strong></span> <span class='ocrx_word' id='word_1_469' title='bbox 2426 2582 2631 2636; x_wconf 89' lang='lat' dir='ltr'><strong>Forsan</strong></span> <span class='ocrx_word' id='word_1_470' title='bbox 2681 2580 2870 2652; x_wconf 84' lang='lat' dir='ltr'><strong>igitur,</strong></span> <span class='ocrx_word' id='word_1_471' title='bbox 2925 2587 2984 2633; x_wconf 90' lang='lat' dir='ltr'><strong>ut</strong></span> <span class='ocrx_word' id='word_1_472' title='bbox 3036 2577 3225 2637; x_wconf 75' lang='lat' dir='ltr'><strong>Totilze</strong></span> <span class='ocrx_word' id='word_1_473' title='bbox 3295 2576 3685 2649; x_wconf 80' lang='grc' dir='ltr'>καμηλαύκιον</span> 
     </span>
    </p>
   </div>
   <div class='ocr_carea' id='block_1_70' title="bbox 2109 2668 3685 2742">
    <p class='ocr_par' dir='ltr' id='par_1_70' title="bbox 2109 2668 3685 2742">
     <span class='ocr_line' id='line_1_70' title="bbox 2109 2668 3685 2742; baseline -0.004 -13"><span class='ocrx_word' id='word_1_474' title='bbox 2109 2674 2347 2729; x_wconf 76' lang='grc' dir='ltr'><strong>διάλιθον</strong></span> <span class='ocrx_word' id='word_1_475' title='bbox 2388 2673 2441 2726; x_wconf 91' lang='lat' dir='ltr'><strong>in</strong></span> <span class='ocrx_word' id='word_1_476' title='bbox 2479 2680 2643 2741; x_wconf 79' lang='lat' dir='ltr'><strong>caput</strong></span> <span class='ocrx_word' id='word_1_477' title='bbox 2678 2670 2887 2742; x_wconf 78' lang='lat' dir='ltr'><strong>recepit</strong></span> <span class='ocrx_word' id='word_1_478' title='bbox 2941 2668 3313 2734; x_wconf 82' lang='lat' dir='ltr'><strong>Justinianus,</strong></span> <span class='ocrx_word' id='word_1_479' title='bbox 3358 2670 3434 2725; x_wconf 88' lang='lat' dir='ltr'><strong>ita</strong></span> <span class='ocrx_word' id='word_1_480' title='bbox 3488 2671 3565 2724; x_wconf 79' lang='lat' dir='ltr'><strong>ab</strong></span> <span class='ocrx_word' id='word_1_481' title='bbox 3618 2684 3685 2723; x_wconf 86' lang='lat' dir='ltr'><strong>eo</strong></span> 
     </span>
    </p>
   </div>
   <div class='ocr_carea' id='block_1_71' title="bbox 2111 2762 3684 2838">
    <p class='ocr_par' dir='ltr' id='par_1_71' title="bbox 2111 2762 3684 2838">
     <span class='ocr_line' id='line_1_71' title="bbox 2111 2762 3684 2838; baseline -0.001 -18"><span class='ocrx_word' id='word_1_482' title='bbox 2111 2766 2392 2838; x_wconf 86' lang='lat' dir='ltr'><strong>proprium</strong></span> <span class='ocrx_word' id='word_1_483' title='bbox 2425 2764 2528 2818; x_wconf 87' lang='lat' dir='ltr'><strong>sibi</strong></span> <span class='ocrx_word' id='word_1_484' title='bbox 2557 2763 2733 2818; x_wconf 79' lang='lat' dir='ltr'><strong>fecere</strong></span> <span class='ocrx_word' id='word_1_485' title='bbox 2778 2764 2981 2836; x_wconf 88' lang='lat' dir='ltr'><strong>posteri</strong></span> <span class='ocrx_word' id='word_1_486' title='bbox 3037 2762 3347 2820; x_wconf 59' lang='lat' dir='ltr'><strong>Graecorum</strong></span> <span class='ocrx_word' id='word_1_487' title='bbox 3408 2764 3684 2833; x_wconf 80' lang='lat' dir='ltr'><strong>principes</strong></span> 
     </span>
    </p>
   </div>
   <div class='ocr_carea' id='block_1_72' title="bbox 2113 2855 3689 2926">
    <p class='ocr_par' dir='ltr' id='par_1_72' title="bbox 2113 2855 3689 2926">
     <span class='ocr_line' id='line_1_72' title="bbox 2113 2855 3689 2926; baseline -0.003 -14"><span class='ocrx_word' id='word_1_488' title='bbox 2113 2859 2360 2913; x_wconf 77' lang='grc' dir='ltr'>σκιάδιον</span> <span class='ocrx_word' id='word_1_489' title='bbox 2379 2856 2788 2926; x_wconf 82' lang='grc' dir='ltr'>ὀλομάργαρον,</span> <span class='ocrx_word' id='word_1_490' title='bbox 2823 2870 2934 2925; x_wconf 82' lang='grc' dir='ltr'>(ιιιο</span> <span class='ocrx_word' id='word_1_491' title='bbox 2963 2855 3318 2924; x_wconf 84' lang='lat' dir='ltr'><strong>imperatores</strong></span> <span class='ocrx_word' id='word_1_492' title='bbox 3348 2855 3495 2924; x_wconf 88' lang='lat' dir='ltr'><strong>ipsos</strong></span> <span class='ocrx_word' id='word_1_493' title='bbox 3548 2872 3689 2910; x_wconf 83' lang='lat' dir='ltr'><strong>non-</strong></span> 
     </span>
    </p>
   </div>
   <div class='ocr_carea' id='block_1_73' title="bbox 2110 2946 3688 3021">
    <p class='ocr_par' dir='ltr' id='par_1_73' title="bbox 2110 2946 3688 3021">
     <span class='ocr_line' id='line_1_73' title="bbox 2110 2946 3688 3021; baseline -0.003 -15"><span class='ocrx_word' id='word_1_494' title='bbox 2110 2964 2386 3021; x_wconf 85' lang='lat' dir='ltr'><strong>nunquam</strong></span> <span class='ocrx_word' id='word_1_495' title='bbox 2428 2948 2813 3013; x_wconf 32' lang='lat' dir='ltr'><strong>redimitosin,</strong></span> <span class='ocrx_word' id='word_1_496' title='bbox 2858 2946 3095 3017; x_wconf 85' lang='lat' dir='ltr'><strong>picturis</strong></span> <span class='ocrx_word' id='word_1_497' title='bbox 3147 2954 3200 3000; x_wconf 82' lang='lat' dir='ltr'><strong>et</strong></span> <span class='ocrx_word' id='word_1_498' title='bbox 3257 2946 3688 3001; x_wconf 80' lang='lat' dir='ltr'><strong>numismatibus</strong></span> 
     </span>
    </p>
   </div>
   <div class='ocr_carea' id='block_1_74' title="bbox 2111 3024 3689 3115">
    <p class='ocr_par' dir='ltr' id='par_1_74' title="bbox 2111 3024 3689 3115">
     <span class='ocr_line' id='line_1_74' title="bbox 2111 3024 3689 3115; baseline -0.004 -18"><span class='ocrx_word' id='word_1_499' title='bbox 2111 3024 2443 3111; x_wconf 74' lang='lat' dir='ltr'><strong>conspicias.</strong></span> <span class='ocrx_word' id='word_1_500' title='bbox 2474 3039 2539 3094; x_wconf 87' lang='lat' dir='ltr'><strong>Et</strong></span> <span class='ocrx_word' id='word_1_501' title='bbox 2568 3039 2818 3093; x_wconf 85' lang='lat' dir='ltr'><strong>diadema</strong></span> <span class='ocrx_word' id='word_1_502' title='bbox 2847 3054 2954 3093; x_wconf 88' lang='lat' dir='ltr'><strong>non</strong></span> <span class='ocrx_word' id='word_1_503' title='bbox 2980 3039 3232 3094; x_wconf 82' lang='lat' dir='ltr'><strong>absi‘mile</strong></span> <span class='ocrx_word' id='word_1_504' title='bbox 3259 3054 3290 3093; x_wconf 92' lang='lat' dir='ltr'><strong>a</strong></span> <span class='ocrx_word' id='word_1_505' title='bbox 3323 3037 3689 3115; x_wconf 83' lang='lat' dir='ltr'><strong>Constantino</strong></span> 
     </span>
    </p>
   </div>
   <div class='ocr_carea' id='block_1_75' title="bbox 2117 3129 3687 3188">
    <p class='ocr_par' dir='ltr' id='par_1_75' title="bbox 2117 3129 3687 3188">
     <span class='ocr_line' id='line_1_75' title="bbox 2117 3129 3687 3188; baseline -0.004 0"><span class='ocrx_word' id='word_1_506' title='bbox 2117 3135 2400 3188; x_wconf 85' lang='lat' dir='ltr'><strong>inventum</strong></span> <span class='ocrx_word' id='word_1_507' title='bbox 2437 3131 2490 3185; x_wconf 89' lang='lat' dir='ltr'><strong>in</strong></span> <span class='ocrx_word' id='word_1_508' title='bbox 2529 3131 2613 3185; x_wconf 88' lang='lat' dir='ltr'><strong>bis</strong></span> <span class='ocrx_word' id='word_1_509' title='bbox 2632 3129 2867 3185; x_wconf 85' lang='lat' dir='ltr'><strong>Cedreni</strong></span> <span class='ocrx_word' id='word_1_510' title='bbox 2894 3131 3071 3185; x_wconf 84' lang='lat' dir='ltr'><strong>verbis</strong></span> <span class='ocrx_word' id='word_1_511' title='bbox 3095 3130 3383 3186; x_wconf 87' lang='lat' dir='ltr'><strong>adnotabis</strong></span> <span class='ocrx_word' id='word_1_512' title='bbox 3412 3149 3426 3185; x_wconf 88' lang='lat'><strong>:</strong></span> <span class='ocrx_word' id='word_1_513' title='bbox 3462 3131 3606 3185; x_wconf 71' lang='grc' dir='ltr'>Φασὶ</span> <span class='ocrx_word' id='word_1_514' title='bbox 3634 3130 3687 3182; x_wconf 83' lang='grc' dir='ltr'>δὲ</span> 
     </span>
    </p>
   </div>
   <div class='ocr_carea' id='block_1_76' title="bbox 2118 3220 3691 3295">
    <p class='ocr_par' dir='ltr' id='par_1_76' title="bbox 2118 3220 3691 3295">
     <span class='ocr_line' id='line_1_76' title="bbox 2118 3220 3691 3295; baseline -0.006 -16"><span class='ocrx_word' id='word_1_515' title='bbox 2118 3227 2280 3279; x_wconf 83' lang='grc' dir='ltr'>αὐτὸν</span> <span class='ocrx_word' id='word_1_516' title='bbox 2316 3224 2531 3295; x_wconf 80' lang='grc' dir='ltr'>πρῶτον</span> <span class='ocrx_word' id='word_1_517' title='bbox 2561 3224 2777 3278; x_wconf 80' lang='grc' dir='ltr'><strong>πάντων</strong></span> <span class='ocrx_word' id='word_1_518' title='bbox 2806 3221 2911 3274; x_wconf 80' lang='grc' dir='ltr'><strong>τῶν</strong></span> <span class='ocrx_word' id='word_1_519' title='bbox 2946 3220 3212 3291; x_wconf 81' lang='grc' dir='ltr'>βασιλέων</span> <span class='ocrx_word' id='word_1_520' title='bbox 3234 3220 3522 3289; x_wconf 78' lang='grc' dir='ltr'>διαδήματι</span> <span class='ocrx_word' id='word_1_521' title='bbox 3551 3222 3691 3290; x_wconf 76' lang='grc' dir='ltr'><strong>χρή-</strong></span> 
     </span>
    </p>
   </div>
   <div class='ocr_carea' id='block_1_77' title="bbox 2121 3312 3690 3387">
    <p class='ocr_par' dir='ltr' id='par_1_77' title="bbox 2121 3312 3690 3387">
     <span class='ocr_line' id='line_1_77' title="bbox 2121 3312 3690 3387; baseline -0.004 -19"><span class='ocrx_word' id='word_1_522' title='bbox 2121 3317 2315 3370; x_wconf 85' lang='grc' dir='ltr'>σασοαι</span> <span class='ocrx_word' id='word_1_523' title='bbox 2336 3317 2435 3368; x_wconf 68' lang='grc' dir='ltr'><strong>καὶ</strong></span> <span class='ocrx_word' id='word_1_524' title='bbox 2458 3314 2820 3387; x_wconf 80' lang='grc' dir='ltr'><strong>μαργαρίταις</strong></span> <span class='ocrx_word' id='word_1_525' title='bbox 2854 3313 2950 3367; x_wconf 74' lang='grc' dir='ltr'><strong>καὶ</strong></span> <span class='ocrx_word' id='word_1_526' title='bbox 2977 3312 3159 3375; x_wconf 73' lang='grc' dir='ltr'>ἄλλοις</span> <span class='ocrx_word' id='word_1_527' title='bbox 3184 3312 3352 3376; x_wconf 71' lang='grc' dir='ltr'>λίθοις</span> <span class='ocrx_word' id='word_1_528' title='bbox 3399 3328 3551 3382; x_wconf 83' lang='grc' dir='ltr'>περιε</span> <span class='ocrx_word' id='word_1_529' title='bbox 3564 3312 3690 3380; x_wconf 60' lang='lat' dir='ltr'><strong>pyd-</strong></span> 
     </span>
    </p>
   </div>
   <div class='ocr_carea' id='block_1_78' title="bbox 2116 3404 2905 3479">
    <p class='ocr_par' dir='ltr' id='par_1_78' title="bbox 2116 3404 2905 3479">
     <span class='ocr_line' id='line_1_78' title="bbox 2116 3404 2905 3479; baseline -0.009 -18"><span class='ocrx_word' id='word_1_530' title='bbox 2116 3424 2274 3470; x_wconf 81' lang='grc' dir='ltr'><strong>τερον</strong></span> <span class='ocrx_word' id='word_1_531' title='bbox 2304 3405 2658 3479; x_wconf 69' lang='grc' dir='ltr'><strong>κοσμηθῆναι.</strong></span> <span class='ocrx_word' id='word_1_532' title='bbox 2711 3404 2905 3475; x_wconf 71' lang='grc' dir='ltr'>ϐολιι]</span> 
     </span>
    </p>
   </div>
   <div class='ocr_carea' id='block_1_79' title="bbox 2190 3494 3693 3567">
    <p class='ocr_par' dir='ltr' id='par_1_79' title="bbox 2190 3494 3693 3567">
     <span class='ocr_line' id='line_1_79' title="bbox 2190 3494 3693 3567; baseline -0.001 -15"><span class='ocrx_word' id='word_1_533' title='bbox 2190 3500 2295 3552; x_wconf 83' lang='lat' dir='ltr'><strong>Aer</strong></span> <span class='ocrx_word' id='word_1_534' title='bbox 2322 3500 2512 3553; x_wconf 87' lang='lat' dir='ltr'><strong>sciadii</strong></span> <span class='ocrx_word' id='word_1_535' title='bbox 2536 3514 2629 3553; x_wconf 86' lang='lat' dir='ltr'><strong>seu</strong></span> <span class='ocrx_word' id='word_1_536' title='bbox 2656 3498 2777 3567; x_wconf 86' lang='lat' dir='ltr'><strong>pilei</strong></span> <span class='ocrx_word' id='word_1_537' title='bbox 2809 3506 2893 3551; x_wconf 86' lang='lat' dir='ltr'><strong>est</strong></span> <span class='ocrx_word' id='word_1_538' title='bbox 2927 3495 3109 3559; x_wconf 88' lang='lat' dir='ltr'><strong>umbo,</strong></span> <span class='ocrx_word' id='word_1_539' title='bbox 3165 3498 3256 3549; x_wconf 85' lang='lat' dir='ltr'><strong>der</strong></span> <span class='ocrx_word' id='word_1_540' title='bbox 3274 3505 3463 3550; x_wconf 83' lang='lat' dir='ltr'><strong>sturm.</strong></span> <span class='ocrx_word' id='word_1_541' title='bbox 3491 3494 3693 3551; x_wconf 80' lang='lat' dir='ltr'><strong>Junius</strong></span> 
     </span>
    </p>
   </div>
   <div class='ocr_carea' id='block_1_80' title="bbox 2120 3588 3693 3663">
    <p class='ocr_par' dir='ltr' id='par_1_80' title="bbox 2120 3588 3693 3663">
     <span class='ocr_line' id='line_1_80' title="bbox 2120 3588 3693 3663; baseline -0.003 -15"><span class='ocrx_word' id='word_1_542' title='bbox 2120 3593 2323 3663; x_wconf 84' lang='lat' dir='ltr'><strong>ubique</strong></span> <span class='ocrx_word' id='word_1_543' title='bbox 2352 3591 2509 3645; x_wconf 85' lang='lat' dir='ltr'><strong>vertit</strong></span> <span class='ocrx_word' id='word_1_544' title='bbox 2527 3591 2749 3661; x_wconf 77' lang='lat' dir='ltr'><strong>replum.</strong></span> <span class='ocrx_word' id='word_1_545' title='bbox 2780 3588 2954 3643; x_wconf 81' lang='lat' dir='ltr'><strong>Aliam</strong></span> <span class='ocrx_word' id='word_1_546' title='bbox 2979 3589 3203 3657; x_wconf 88' lang='lat' dir='ltr'><strong>insuper</strong></span> <span class='ocrx_word' id='word_1_547' title='bbox 3225 3590 3498 3643; x_wconf 87' lang='lat' dir='ltr'><strong>notionem</strong></span> <span class='ocrx_word' id='word_1_548' title='bbox 3521 3588 3693 3643; x_wconf 85' lang='lat' dir='ltr'><strong>habet</strong></span> 
     </span>
    </p>
   </div>
   <div class='ocr_carea' id='block_1_81' title="bbox 2118 3680 3695 3753">
    <p class='ocr_par' dir='ltr' id='par_1_81' title="bbox 2118 3680 3695 3753">
     <span class='ocr_line' id='line_1_81' title="bbox 2118 3680 3695 3753; baseline -0.003 -17"><span class='ocrx_word' id='word_1_549' title='bbox 2118 3686 2145 3736; x_wconf 84' lang='grc' dir='ltr'>ὁ</span> <span class='ocrx_word' id='word_1_550' title='bbox 2178 3684 2309 3753; x_wconf 80' lang='grc' dir='ltr'>ἀήρ,</span> <span class='ocrx_word' id='word_1_551' title='bbox 2346 3682 2617 3752; x_wconf 82' lang='lat' dir='ltr'><strong>signiﬁcat</strong></span> <span class='ocrx_word' id='word_1_552' title='bbox 2650 3681 2794 3736; x_wconf 88' lang='lat' dir='ltr'><strong>enim</strong></span> <span class='ocrx_word' id='word_1_553' title='bbox 2818 3680 2995 3735; x_wconf 86' lang='lat' dir='ltr'><strong>velum</strong></span> <span class='ocrx_word' id='word_1_554' title='bbox 3030 3693 3123 3734; x_wconf 88' lang='lat' dir='ltr'><strong>seu</strong></span> <span class='ocrx_word' id='word_1_555' title='bbox 3153 3690 3546 3749; x_wconf 86' lang='lat' dir='ltr'><strong>tegumentum,</strong></span> <span class='ocrx_word' id='word_1_556' title='bbox 3584 3695 3695 3751; x_wconf 85' lang='lat' dir='ltr'><strong>quo</strong></span> 
     </span>
    </p>
   </div>
   <div class='ocr_carea' id='block_1_82' title="bbox 2118 3768 3695 3842">
    <p class='ocr_par' dir='ltr' id='par_1_82' title="bbox 2118 3768 3695 3842">
     <span class='ocr_line' id='line_1_82' title="bbox 2118 3768 3695 3842; baseline -0.004 -13"><span class='ocrx_word' id='word_1_557' title='bbox 2118 3783 2304 3829; x_wconf 83' lang='lat' dir='ltr'><strong>sancta</strong></span> <span class='ocrx_word' id='word_1_558' title='bbox 2338 3781 2615 3842; x_wconf 89' lang='lat' dir='ltr'><strong>teguntur.</strong></span> <span class='ocrx_word' id='word_1_559' title='bbox 2666 3769 2906 3839; x_wconf 86' lang='lat' dir='ltr'><strong>Liturgia</strong></span> <span class='ocrx_word' id='word_1_560' title='bbox 2956 3768 3015 3823; x_wconf 87' lang='lat' dir='ltr'><strong>S.</strong></span> <span class='ocrx_word' id='word_1_561' title='bbox 3063 3768 3441 3838; x_wconf 76' lang='lat' dir='ltr'><strong>Chrysostomi</strong></span> <span class='ocrx_word' id='word_1_562' title='bbox 3479 3787 3493 3824; x_wconf 90' lang='lat'><strong>:</strong></span> <span class='ocrx_word' id='word_1_563' title='bbox 3536 3769 3605 3824; x_wconf 84' lang='grc' dir='ltr'><strong>Ὀ</strong></span> <span class='ocrx_word' id='word_1_564' title='bbox 3636 3770 3695 3822; x_wconf 74' lang='grc' dir='ltr'>δὲ</span> 
     </span>
    </p>
   </div>
   <div class='ocr_carea' id='block_1_83' title="bbox 2118 3858 3697 3934">
    <p class='ocr_par' dir='ltr' id='par_1_83' title="bbox 2118 3858 3697 3934">
     <span class='ocr_line' id='line_1_83' title="bbox 2118 3858 3697 3934; baseline -0.003 -16"><span class='ocrx_word' id='word_1_565' title='bbox 2118 3865 2305 3933; x_wconf 61' lang='lat' dir='ltr'><strong>lapsi):</strong></span> <span class='ocrx_word' id='word_1_566' title='bbox 2330 3863 2470 3934; x_wconf 75' lang='grc' dir='ltr'>ἄρας</span> <span class='ocrx_word' id='word_1_567' title='bbox 2499 3863 2595 3915; x_wconf 82' lang='grc' dir='ltr'><strong>τὸν</strong></span> <span class='ocrx_word' id='word_1_568' title='bbox 2620 3862 2759 3933; x_wconf 76' lang='grc' dir='ltr'><strong>ἀέρα</strong></span> <span class='ocrx_word' id='word_1_569' title='bbox 2792 3858 3070 3930; x_wconf 72' lang='grc' dir='ltr'><strong>ἐπιτίθησι</strong></span> <span class='ocrx_word' id='word_1_570' title='bbox 3101 3859 3180 3930; x_wconf 81' lang='grc' dir='ltr'><strong>τῷ</strong></span> <span class='ocrx_word' id='word_1_571' title='bbox 3225 3859 3499 3930; x_wconf 81' lang='grc' dir='ltr'>ἀριστερῷ</span> <span class='ocrx_word' id='word_1_572' title='bbox 3552 3860 3697 3932; x_wconf 76' lang='grc' dir='ltr'><strong>ὤμῳ</strong></span> 
     </span>
    </p>
   </div>
   <div class='ocr_carea' id='block_1_84' title="bbox 2121 3950 3699 4023">
    <p class='ocr_par' dir='ltr' id='par_1_84' title="bbox 2121 3950 3699 4023">
     <span class='ocr_line' id='line_1_84' title="bbox 2121 3950 3699 4023; baseline -0.004 -12"><span class='ocrx_word' id='word_1_573' title='bbox 2121 3957 2212 4011; x_wconf 82' lang='grc' dir='ltr'><strong>τοῦ</strong></span> <span class='ocrx_word' id='word_1_574' title='bbox 2244 3956 2513 4011; x_wconf 75' lang='grc' dir='ltr'>διακόνου.</span> <span class='ocrx_word' id='word_1_575' title='bbox 2546 3950 2681 4011; x_wconf 77' lang='grc' dir='ltr'><strong>Εἶτα</strong></span> <span class='ocrx_word' id='word_1_576' title='bbox 2709 3952 3004 4023; x_wconf 78' lang='grc' dir='ltr'>ἀποτίθησι</span> <span class='ocrx_word' id='word_1_577' title='bbox 3038 3953 3105 4005; x_wconf 77' lang='grc' dir='ltr'><strong>τὰ</strong></span> <span class='ocrx_word' id='word_1_578' title='bbox 3168 3951 3507 4023; x_wconf 79' lang='grc' dir='ltr'><strong>καλύμματα</strong></span> <span class='ocrx_word' id='word_1_579' title='bbox 3534 3954 3566 4005; x_wconf 85' lang='grc' dir='ltr'>ὁ</span> <span class='ocrx_word' id='word_1_580' title='bbox 3620 3954 3699 4005; x_wconf 71' lang='grc' dir='ltr'><strong>ιε·-</strong></span> 
     </span>
    </p>
   </div>
   <div class='ocr_carea' id='block_1_85' title="bbox 2123 4035 3697 4119">
    <p class='ocr_par' dir='ltr' id='par_1_85' title="bbox 2123 4035 3697 4119">
     <span class='ocr_line' id='line_1_85' title="bbox 2123 4035 3697 4119; baseline -0.003 -18"><span class='ocrx_word' id='word_1_581' title='bbox 2123 4049 2251 4119; x_wconf 67' lang='lat' dir='ltr'><strong>ptis;</strong></span> <span class='ocrx_word' id='word_1_582' title='bbox 2276 4046 2382 4100; x_wconf 72' lang='grc' dir='ltr'><strong>ἀπὸ</strong></span> <span class='ocrx_word' id='word_1_583' title='bbox 2412 4044 2507 4100; x_wconf 78' lang='grc' dir='ltr'><strong>τοῦ</strong></span> <span class='ocrx_word' id='word_1_584' title='bbox 2538 4044 2698 4113; x_wconf 77' lang='grc' dir='ltr'>ἁγίου</span> <span class='ocrx_word' id='word_1_585' title='bbox 2720 4035 2906 4097; x_wconf 77' lang='grc' dir='ltr'>δίσκου</span> <span class='ocrx_word' id='word_1_586' title='bbox 2929 4043 3021 4095; x_wconf 73' lang='grc' dir='ltr'><strong>καὶ</strong></span> <span class='ocrx_word' id='word_1_587' title='bbox 3048 4041 3141 4095; x_wconf 78' lang='grc' dir='ltr'><strong>τοῦ</strong></span> <span class='ocrx_word' id='word_1_588' title='bbox 3168 4042 3325 4108; x_wconf 75' lang='grc' dir='ltr'>ἁγίου</span> <span class='ocrx_word' id='word_1_589' title='bbox 3358 4070 3363 4073; x_wconf 90' lang='grc'><strong>-</strong></span> <span class='ocrx_word' id='word_1_590' title='bbox 3395 4045 3697 4112; x_wconf 66' lang='grc' dir='ltr'>Μηρὲου,</span> 
     </span>
    </p>
   </div>
   <div class='ocr_carea' id='block_1_86' title="bbox 2123 4134 3701 4209">
    <p class='ocr_par' dir='ltr' id='par_1_86' title="bbox 2123 4134 3701 4209">
     <span class='ocr_line' id='line_1_86' title="bbox 2123 4134 3701 4209; baseline -0.003 -17"><span class='ocrx_word' id='word_1_591' title='bbox 2123 4140 2218 4192; x_wconf 76' lang='grc' dir='ltr'>τὸν</span> <span class='ocrx_word' id='word_1_592' title='bbox 2252 4138 2312 4192; x_wconf 67' lang='grc' dir='ltr'>δὲ</span> <span class='ocrx_word' id='word_1_593' title='bbox 2343 4139 2482 4209; x_wconf 77' lang='grc' dir='ltr'>ἀέρα</span> <span class='ocrx_word' id='word_1_594' title='bbox 2508 4136 2689 4189; x_wconf 78' lang='grc' dir='ltr'>λαϐὼν</span> <span class='ocrx_word' id='word_1_595' title='bbox 2717 4135 2949 4189; x_wconf 57' lang='lat' dir='ltr'><strong>auter</strong></span> <span class='ocrx_word' id='word_1_596' title='bbox 2974 4134 3143 4205; x_wconf 76' lang='grc' dir='ltr'><strong>ὤμων</strong></span> <span class='ocrx_word' id='word_1_597' title='bbox 3180 4134 3275 4185; x_wconf 83' lang='grc' dir='ltr'><strong>τοῦ</strong></span> <span class='ocrx_word' id='word_1_598' title='bbox 3314 4135 3569 4188; x_wconf 78' lang='grc' dir='ltr'>διακόνου</span> <span class='ocrx_word' id='word_1_599' title='bbox 3602 4136 3701 4187; x_wconf 78' lang='grc' dir='ltr'><strong>καὶ</strong></span> 
     </span>
    </p>
   </div>
   <div class='ocr_carea' id='block_1_87' title="bbox 2124 4224 3699 4299">
    <p class='ocr_par' dir='ltr' id='par_1_87' title="bbox 2124 4224 3699 4299">
     <span class='ocr_line' id='line_1_87' title="bbox 2124 4224 3699 4299; baseline -0.001 -17"><span class='ocrx_word' id='word_1_600' title='bbox 2124 4229 2400 4299; x_wconf 82' lang='grc' dir='ltr'>θυμιάσας</span> <span class='ocrx_word' id='word_1_601' title='bbox 2461 4228 2623 4284; x_wconf 76' lang='grc' dir='ltr'>αὐτὸν</span> <span class='ocrx_word' id='word_1_602' title='bbox 2672 4226 3034 4292; x_wconf 75' lang='grc' dir='ltr'><strong>ὲπισκεπάζει</strong></span> <span class='ocrx_word' id='word_1_603' title='bbox 3074 4226 3142 4279; x_wconf 81' lang='grc' dir='ltr'>δι’</span> <span class='ocrx_word' id='word_1_604' title='bbox 3184 4224 3353 4278; x_wconf 84' lang='grc' dir='ltr'>αὑτοῦ</span> <span class='ocrx_word' id='word_1_605' title='bbox 3402 4228 3471 4279; x_wconf 80' lang='grc' dir='ltr'><strong>τὰ</strong></span> <span class='ocrx_word' id='word_1_606' title='bbox 3534 4225 3699 4296; x_wconf 72' lang='grc' dir='ltr'>ἅγια.</span> 
     </span>
    </p>
   </div>
   <div class='ocr_carea' id='block_1_88' title="bbox 2119 4321 2322 4376">
    <p class='ocr_par' dir='ltr' id='par_1_88' title="bbox 2119 4321 2322 4376">
     <span class='ocr_line' id='line_1_88' title="bbox 2119 4321 2322 4376; baseline 0.005 -1"><span class='ocrx_word' id='word_1_607' title='bbox 2119 4321 2322 4376; x_wconf 73' lang='lat' dir='ltr'><strong>Gaure.</strong></span> 
     </span>
    </p>
   </div>
   <div class='ocr_carea' id='block_1_89' title="bbox 446 4408 3705 4487">
    <p class='ocr_par' dir='ltr' id='par_1_89' title="bbox 446 4408 3705 4487">
     <span class='ocr_line' id='line_1_89' title="bbox 446 4408 3705 4487; baseline 0.003 -23"><span class='ocrx_word' id='word_1_608' title='bbox 446 4410 937 4478; x_wconf 80' lang='lat' dir='ltr'><strong>puroCalviuismo</strong></span> <span class='ocrx_word' id='word_1_609' title='bbox 1002 4422 1057 4468; x_wconf 87' lang='lat' dir='ltr'><strong>et</strong></span> <span class='ocrx_word' id='word_1_610' title='bbox 1081 4415 1447 4471; x_wconf 86' lang='lat' dir='ltr'><strong>Puritanismo</strong></span> <span class='ocrx_word' id='word_1_611' title='bbox 1486 4416 1723 4472; x_wconf 79' lang='lat' dir='ltr'><strong>immane</strong></span> <span class='ocrx_word' id='word_1_612' title='bbox 1747 4429 2009 4487; x_wconf 89' lang='lat' dir='ltr'><strong>quantum</strong></span> <span class='ocrx_word' id='word_1_613' title='bbox 2046 4431 2088 4486; x_wconf 78' lang='grc' dir='ltr'><strong>υ</strong></span> <span class='ocrx_word' id='word_1_614' title='bbox 2142 4438 2153 4445; x_wconf 65' lang='grc' dir='ltr'><strong>ο</strong></span> <span class='ocrx_word' id='word_1_615' title='bbox 2188 4409 2328 4465; x_wconf 66' lang='grc' dir='ltr'><strong>Ῐὺὶίι·</strong></span> <span class='ocrx_word' id='word_1_616' title='bbox 2363 4409 2578 4482; x_wconf 70' lang='lat' dir='ltr'><strong>[Aerem</strong></span> <span class='ocrx_word' id='word_1_617' title='bbox 2611 4408 2705 4464; x_wconf 66' lang='lat' dir='ltr'><strong>hic</strong></span> <span class='ocrx_word' id='word_1_618' title='bbox 2748 4408 3038 4464; x_wconf 58' lang='lat' dir='ltr'><strong>Verberant</strong></span> <span class='ocrx_word' id='word_1_619' title='bbox 3082 4418 3136 4463; x_wconf 81' lang='grc' dir='ltr'>θι</span> <span class='ocrx_word' id='word_1_620' title='bbox 3166 4417 3356 4464; x_wconf 62' lang='lat' dir='ltr'><strong>vetitos</strong></span> <span class='ocrx_word' id='word_1_621' title='bbox 3385 4420 3705 4478; x_wconf 71' lang='lat' dir='ltr'><strong>sequuntur</strong></span> 
     </span>
    </p>
   </div>
   <div class='ocr_carea' id='block_1_90' title="bbox 447 4503 2019 4576">
    <p class='ocr_par' dir='ltr' id='par_1_90' title="bbox 447 4503 2019 4576">
     <span class='ocr_line' id='line_1_90' title="bbox 447 4503 2019 4576; baseline 0.007 -21"><span class='ocrx_word' id='word_1_622' title='bbox 447 4503 731 4569; x_wconf 86' lang='lat' dir='ltr'><strong>recedunt,</strong></span> <span class='ocrx_word' id='word_1_623' title='bbox 762 4504 853 4575; x_wconf 89' lang='lat' dir='ltr'><strong>qui</strong></span> <span class='ocrx_word' id='word_1_624' title='bbox 896 4505 1208 4576; x_wconf 85' lang='lat' dir='ltr'><strong>hujusinodi</strong></span> <span class='ocrx_word' id='word_1_625' title='bbox 1249 4507 1442 4576; x_wconf 88' lang='lat' dir='ltr'><strong>capitis</strong></span> <span class='ocrx_word' id='word_1_626' title='bbox 1507 4507 2019 4576; x_wconf 82' lang='lat' dir='ltr'><strong>impatientissimus</strong></span> 
     </span>
    </p>
   </div>
   <div class='ocr_carea' id='block_1_91' title="bbox 450 4597 2019 4667">
    <p class='ocr_par' dir='ltr' id='par_1_91' title="bbox 450 4597 2019 4667">
     <span class='ocr_line' id='line_1_91' title="bbox 450 4597 2019 4667; baseline 0.006 -22"><span class='ocrx_word' id='word_1_627' title='bbox 450 4605 551 4661; x_wconf 76' lang='lat' dir='ltr'><strong>t-st,</strong></span> <span class='ocrx_word' id='word_1_628' title='bbox 584 4611 755 4661; x_wconf 86' lang='lat' dir='ltr'><strong>neque</strong></span> <span class='ocrx_word' id='word_1_629' title='bbox 788 4612 1031 4667; x_wconf 83' lang='lat' dir='ltr'><strong>unquam</strong></span> <span class='ocrx_word' id='word_1_630' title='bbox 1062 4597 1183 4663; x_wconf 86' lang='lat' dir='ltr'><strong>ejus</strong></span> <span class='ocrx_word' id='word_1_631' title='bbox 1222 4598 1426 4667; x_wconf 86' lang='lat' dir='ltr'><strong>absque</strong></span> <span class='ocrx_word' id='word_1_632' title='bbox 1450 4599 1605 4667; x_wconf 83' lang='lat' dir='ltr'><strong>gravi</strong></span> <span class='ocrx_word' id='word_1_633' title='bbox 1656 4600 2019 4655; x_wconf 83' lang='lat' dir='ltr'><strong>detestatione</strong></span> 
     </span>
    </p>
   </div>
   <div class='ocr_carea' id='block_1_92' title="bbox 453 4688 2018 4759">
    <p class='ocr_par' dir='ltr' id='par_1_92' title="bbox 453 4688 2018 4759">
     <span class='ocr_line' id='line_1_92' title="bbox 453 4688 2018 4759; baseline 0.003 -16"><span class='ocrx_word' id='word_1_634' title='bbox 453 4690 722 4744; x_wconf 86' lang='lat' dir='ltr'><strong>meminit.</strong></span> <span class='ocrx_word' id='word_1_635' title='bbox 755 4688 864 4745; x_wconf 84' lang='lat' dir='ltr'><strong>Nec</strong></span> <span class='ocrx_word' id='word_1_636' title='bbox 884 4690 1213 4759; x_wconf 82' lang='lat' dir='ltr'><strong>Gregentius</strong></span> <span class='ocrx_word' id='word_1_637' title='bbox 1247 4690 1544 4759; x_wconf 82' lang='lat' dir='ltr'><strong>quidquam</strong></span> <span class='ocrx_word' id='word_1_638' title='bbox 1586 4691 1653 4745; x_wconf 87' lang='lat' dir='ltr'><strong>de</strong></span> <span class='ocrx_word' id='word_1_639' title='bbox 1686 4692 1789 4746; x_wconf 87' lang='lat' dir='ltr'><strong>hoc</strong></span> <span class='ocrx_word' id='word_1_640' title='bbox 1820 4693 2018 4747; x_wconf 79' lang='lat' dir='ltr'><strong>viceca-</strong></span> 
     </span>
    </p>
   </div>
   <div class='ocr_carea' id='block_1_93' title="bbox 452 4778 2016 4851">
    <p class='ocr_par' dir='ltr' id='par_1_93' title="bbox 452 4778 2016 4851">
     <span class='ocr_line' id='line_1_93' title="bbox 452 4778 2016 4851; baseline 0.001 -16"><span class='ocrx_word' id='word_1_641' title='bbox 452 4782 558 4851; x_wconf 84' lang='lat' dir='ltr'><strong>pite</strong></span> <span class='ocrx_word' id='word_1_642' title='bbox 593 4781 791 4847; x_wconf 89' lang='lat' dir='ltr'><strong>innuit,</strong></span> <span class='ocrx_word' id='word_1_643' title='bbox 811 4781 922 4834; x_wconf 90' lang='lat' dir='ltr'><strong>imo</strong></span> <span class='ocrx_word' id='word_1_644' title='bbox 947 4778 1158 4834; x_wconf 71' lang='lat' dir='ltr'><strong>{utilem</strong></span> <span class='ocrx_word' id='word_1_645' title='bbox 1183 4778 1323 4834; x_wconf 86' lang='lat' dir='ltr'><strong>hanc</strong></span> <span class='ocrx_word' id='word_1_646' title='bbox 1344 4780 1755 4848; x_wconf 85' lang='lat' dir='ltr'><strong>persuasionem</strong></span> <span class='ocrx_word' id='word_1_647' title='bbox 1780 4779 2016 4839; x_wconf 80' lang='lat' dir='ltr'><strong>Meursio</strong></span> 
     </span>
    </p>
   </div>
   <div class='ocr_carea' id='block_1_94' title="bbox 449 4870 2019 4944">
    <p class='ocr_par' dir='ltr' id='par_1_94' title="bbox 449 4870 2019 4944">
     <span class='ocr_line' id='line_1_94' title="bbox 449 4870 2019 4944; baseline -0.001 -15"><span class='ocrx_word' id='word_1_648' title='bbox 449 4876 687 4929; x_wconf 79' lang='lat' dir='ltr'><strong>eximere</strong></span> <span class='ocrx_word' id='word_1_649' title='bbox 708 4882 949 4944; x_wconf 84' lang='lat' dir='ltr'><strong>poterat.</strong></span> <span class='ocrx_word' id='word_1_650' title='bbox 980 4870 1025 4925; x_wconf 86' lang='lat' dir='ltr'><strong>si</strong></span> <span class='ocrx_word' id='word_1_651' title='bbox 1081 4870 1326 4939; x_wconf 83' lang='lat' dir='ltr'><strong>animum</strong></span> <span class='ocrx_word' id='word_1_652' title='bbox 1388 4871 1470 4927; x_wconf 84' lang='lat' dir='ltr'><strong>vel</strong></span> <span class='ocrx_word' id='word_1_653' title='bbox 1495 4872 1773 4941; x_wconf 82' lang='lat' dir='ltr'><strong>paululum</strong></span> <span class='ocrx_word' id='word_1_654' title='bbox 1823 4877 2019 4927; x_wconf 82' lang='lat' dir='ltr'><strong>adver-</strong></span> 
     </span>
    </p>
   </div>
   <div class='ocr_carea' id='block_1_95' title="bbox 452 4962 2018 5033">
    <p class='ocr_par' dir='ltr' id='par_1_95' title="bbox 452 4962 2018 5033">
     <span class='ocr_line' id='line_1_95' title="bbox 452 4962 2018 5033; baseline -0.001 -15"><span class='ocrx_word' id='word_1_655' title='bbox 452 4967 628 5020; x_wconf 83' lang='lat' dir='ltr'><strong>tisset.</strong></span> <span class='ocrx_word' id='word_1_656' title='bbox 652 4964 788 5019; x_wconf 83' lang='lat' dir='ltr'><strong>Nam</strong></span> <span class='ocrx_word' id='word_1_657' title='bbox 825 4962 1233 5029; x_wconf 75' lang='grc' dir='ltr'><strong>ὁπεκκλησὶονα</strong></span> <span class='ocrx_word' id='word_1_658' title='bbox 1256 4964 1332 5021; x_wconf 84' lang='lat' dir='ltr'><strong>ait</strong></span> <span class='ocrx_word' id='word_1_659' title='bbox 1354 4979 1477 5017; x_wconf 82' lang='lat' dir='ltr'><strong>eum</strong></span> <span class='ocrx_word' id='word_1_660' title='bbox 1513 4978 1635 5019; x_wconf 79' lang='lat' dir='ltr'><strong>esse</strong></span> <span class='ocrx_word' id='word_1_661' title='bbox 1663 4963 1756 5033; x_wconf 88' lang='lat' dir='ltr'><strong>qui</strong></span> <span class='ocrx_word' id='word_1_662' title='bbox 1818 4963 2018 5019; x_wconf 70' lang='lat' dir='ltr'><strong>Roma-</strong></span> 
     </span>
    </p>
   </div>
   <div class='ocr_carea' id='block_1_96' title="bbox 454 5055 2016 5121">
    <p class='ocr_par' dir='ltr' id='par_1_96' title="bbox 454 5055 2016 5121">
     <span class='ocr_line' id='line_1_96' title="bbox 454 5055 2016 5121; baseline 0 -12"><span class='ocrx_word' id='word_1_663' title='bbox 454 5059 536 5112; x_wconf 91' lang='lat' dir='ltr'><strong>nis</strong></span> <span class='ocrx_word' id='word_1_664' title='bbox 589 5066 813 5112; x_wconf 86' lang='lat' dir='ltr'><strong>vocetur</strong></span> <span class='ocrx_word' id='word_1_665' title='bbox 881 5057 1138 5121; x_wconf 84' lang='lat' dir='ltr'><strong>patricius</strong></span> <span class='ocrx_word' id='word_1_666' title='bbox 1210 5056 1577 5113; x_wconf 81' lang='lat' dir='ltr'><strong>etcauiclcan.</strong></span> <span class='ocrx_word' id='word_1_667' title='bbox 1641 5055 1775 5121; x_wconf 85' lang='lat' dir='ltr'><strong>Quis</strong></span> <span class='ocrx_word' id='word_1_668' title='bbox 1830 5064 2016 5113; x_wconf 83' lang='lat' dir='ltr'><strong>autem</strong></span> 
     </span>
    </p>
   </div>
   <div class='ocr_carea' id='block_1_97' title="bbox 454 5145 2017 5215">
    <p class='ocr_par' dir='ltr' id='par_1_97' title="bbox 454 5145 2017 5215">
     <span class='ocr_line' id='line_1_97' title="bbox 454 5145 2017 5215; baseline 0.001 -16"><span class='ocrx_word' id='word_1_669' title='bbox 454 5162 693 5215; x_wconf 86' lang='lat' dir='ltr'><strong>unquam</strong></span> <span class='ocrx_word' id='word_1_670' title='bbox 727 5146 934 5200; x_wconf 81' lang='lat' dir='ltr'><strong>audivit</strong></span> <span class='ocrx_word' id='word_1_671' title='bbox 968 5145 1283 5215; x_wconf 70' lang='lat' dir='ltr'><strong>prtel&#39;ectum</strong></span> <span class='ocrx_word' id='word_1_672' title='bbox 1313 5145 1539 5201; x_wconf 87' lang='lat' dir='ltr'><strong>caniclei</strong></span> <span class='ocrx_word' id='word_1_673' title='bbox 1574 5155 1675 5200; x_wconf 85' lang='lat' dir='ltr'><strong>aut</strong></span> <span class='ocrx_word' id='word_1_674' title='bbox 1730 5146 2017 5215; x_wconf 75' lang='lat' dir='ltr'><strong>patricium</strong></span> 
     </span>
    </p>
   </div>
   <div class='ocr_carea' id='block_1_98' title="bbox 453 5237 2024 5307">
    <p class='ocr_par' dir='ltr' id='par_1_98' title="bbox 453 5237 2024 5307">
     <span class='ocr_line' id='line_1_98' title="bbox 453 5237 2024 5307; baseline -0.001 -15"><span class='ocrx_word' id='word_1_675' title='bbox 453 5240 623 5293; x_wconf 82' lang='lat' dir='ltr'><strong>luisse</strong></span> <span class='ocrx_word' id='word_1_676' title='bbox 653 5239 916 5294; x_wconf 84' lang='lat' dir='ltr'><strong>vicarium</strong></span> <span class='ocrx_word' id='word_1_677' title='bbox 955 5240 1197 5307; x_wconf 83' lang='lat' dir='ltr'><strong>supremi</strong></span> <span class='ocrx_word' id='word_1_678' title='bbox 1225 5238 1417 5306; x_wconf 81' lang='lat' dir='ltr'><strong>capitis</strong></span> <span class='ocrx_word' id='word_1_679' title='bbox 1440 5237 1496 5291; x_wconf 89' lang='lat' dir='ltr'><strong>in</strong></span> <span class='ocrx_word' id='word_1_680' title='bbox 1531 5237 1693 5292; x_wconf 82' lang='lat' dir='ltr'><strong>rebus</strong></span> <span class='ocrx_word' id='word_1_681' title='bbox 1759 5237 2024 5293; x_wconf 82' lang='lat' dir='ltr'><strong>ecclesia-</strong></span> 
     </span>
    </p>
   </div>
   <div class='ocr_carea' id='block_1_99' title="bbox 454 5328 2074 5399">
    <p class='ocr_par' dir='ltr' id='par_1_99' title="bbox 454 5328 2074 5399">
     <span class='ocr_line' id='line_1_99' title="bbox 454 5328 2074 5399; baseline -0.003 -15"><span class='ocrx_word' id='word_1_682' title='bbox 454 5332 628 5398; x_wconf 83' lang='lat' dir='ltr'><strong>slicis,</strong></span> <span class='ocrx_word' id='word_1_683' title='bbox 656 5332 759 5387; x_wconf 88' lang='lat' dir='ltr'><strong>hoc</strong></span> <span class='ocrx_word' id='word_1_684' title='bbox 783 5342 867 5393; x_wconf 86' lang='lat' dir='ltr'><strong>est</strong></span> <span class='ocrx_word' id='word_1_685' title='bbox 888 5330 1272 5399; x_wconf 81' lang='lat' dir='ltr'><strong>imperatoris?</strong></span> <span class='ocrx_word' id='word_1_686' title='bbox 1295 5329 1446 5385; x_wconf 85' lang='lat' dir='ltr'><strong>Licet</strong></span> <span class='ocrx_word' id='word_1_687' title='bbox 1472 5330 1616 5383; x_wconf 86' lang='lat' dir='ltr'><strong>enim</strong></span> <span class='ocrx_word' id='word_1_688' title='bbox 1649 5328 1821 5386; x_wconf 79' lang='lat' dir='ltr'><strong>Graeci</strong></span> <span class='ocrx_word' id='word_1_689' title='bbox 1841 5335 2024 5398; x_wconf 82' lang='lat' dir='ltr'><strong>puste-</strong></span> <span class='ocrx_word' id='word_1_690' title='bbox 2066 5372 2074 5379; x_wconf 91' lang='lat'><strong>.</strong></span> 
     </span>
    </p>
   </div>
   <div class='ocr_carea' id='block_1_100' title="bbox 454 5419 2023 5493">
    <p class='ocr_par' dir='ltr' id='par_1_100' title="bbox 454 5419 2023 5493">
     <span class='ocr_line' id='line_1_100' title="bbox 454 5419 2023 5493; baseline -0.001 -16"><span class='ocrx_word' id='word_1_691' title='bbox 454 5425 625 5480; x_wconf 87' lang='lat' dir='ltr'><strong>riores</strong></span> <span class='ocrx_word' id='word_1_692' title='bbox 662 5432 720 5479; x_wconf 87' lang='lat' dir='ltr'><strong>et</strong></span> <span class='ocrx_word' id='word_1_693' title='bbox 776 5424 1081 5493; x_wconf 80' lang='lat' dir='ltr'><strong>scquiores.</strong></span> <span class='ocrx_word' id='word_1_694' title='bbox 1146 5431 1433 5491; x_wconf 77' lang='lat' dir='ltr'><strong>pOSLquam</strong></span> <span class='ocrx_word' id='word_1_695' title='bbox 1485 5435 1515 5491; x_wconf 83' lang='lat' dir='ltr'><strong>a</strong></span> <span class='ocrx_word' id='word_1_696' title='bbox 1570 5419 1774 5476; x_wconf 84' lang='lat' dir='ltr'><strong>visibili</strong></span> <span class='ocrx_word' id='word_1_697' title='bbox 1844 5433 2023 5489; x_wconf 82' lang='lat' dir='ltr'><strong>eoque</strong></span> 
     </span>
    </p>
   </div>
   <div class='ocr_carea' id='block_1_101' title="bbox 456 5513 2027 5586">
    <p class='ocr_par' dir='ltr' id='par_1_101' title="bbox 456 5513 2027 5586">
     <span class='ocr_line' id='line_1_101' title="bbox 456 5513 2027 5586; baseline 0.001 -19"><span class='ocrx_word' id='word_1_698' title='bbox 456 5533 587 5571; x_wconf 76' lang='lat' dir='ltr'><strong>vero</strong></span> <span class='ocrx_word' id='word_1_699' title='bbox 616 5519 796 5586; x_wconf 83' lang='lat' dir='ltr'><strong>capite</strong></span> <span class='ocrx_word' id='word_1_700' title='bbox 832 5516 1090 5570; x_wconf 72' lang='lat' dir='ltr'><strong>Ecclesia:</strong></span> <span class='ocrx_word' id='word_1_701' title='bbox 1142 5513 1511 5579; x_wconf 85' lang='lat' dir='ltr'><strong>desciverunt,</strong></span> <span class='ocrx_word' id='word_1_702' title='bbox 1578 5514 1893 5585; x_wconf 84' lang='lat' dir='ltr'><strong>imperatori</strong></span> <span class='ocrx_word' id='word_1_703' title='bbox 1924 5528 2027 5568; x_wconf 91' lang='lat' dir='ltr'><strong>suo</strong></span> 
     </span>
    </p>
   </div>
   <div class='ocr_carea' id='block_1_102' title="bbox 458 5606 2030 5677">
    <p class='ocr_par' dir='ltr' id='par_1_102' title="bbox 458 5606 2030 5677">
     <span class='ocr_line' id='line_1_102' title="bbox 458 5606 2030 5677; baseline -0.003 -16"><span class='ocrx_word' id='word_1_704' title='bbox 458 5608 723 5663; x_wconf 82' lang='lat' dir='ltr'><strong>honorem</strong></span> <span class='ocrx_word' id='word_1_705' title='bbox 743 5609 977 5677; x_wconf 81' lang='lat' dir='ltr'><strong>supremi</strong></span> <span class='ocrx_word' id='word_1_706' title='bbox 1010 5606 1201 5676; x_wconf 82' lang='lat' dir='ltr'><strong>capitis</strong></span> <span class='ocrx_word' id='word_1_707' title='bbox 1223 5606 1535 5674; x_wconf 84' lang='lat' dir='ltr'><strong>detulerint,</strong></span> <span class='ocrx_word' id='word_1_708' title='bbox 1556 5620 1833 5675; x_wconf 86' lang='lat' dir='ltr'><strong>nunquam</strong></span> <span class='ocrx_word' id='word_1_709' title='bbox 1851 5614 2030 5657; x_wconf 87' lang='lat' dir='ltr'><strong>tamen</strong></span> 
     </span>
    </p>
   </div>
   <div class='ocr_carea' id='block_1_103' title="bbox 459 5696 2021 5774">
    <p class='ocr_par' dir='ltr' id='par_1_103' title="bbox 459 5696 2021 5774">
     <span class='ocr_line' id='line_1_103' title="bbox 459 5696 2021 5774; baseline 0 -24"><span class='ocrx_word' id='word_1_710' title='bbox 459 5700 743 5774; x_wconf 74' lang='lat' dir='ltr'><strong>patricium</strong></span> <span class='ocrx_word' id='word_1_711' title='bbox 774 5709 865 5757; x_wconf 86' lang='lat' dir='ltr'><strong>aut</strong></span> <span class='ocrx_word' id='word_1_712' title='bbox 905 5700 1126 5757; x_wconf 85' lang='lat' dir='ltr'><strong>caniclci</strong></span> <span class='ocrx_word' id='word_1_713' title='bbox 1156 5700 1437 5770; x_wconf 78' lang='lat' dir='ltr'><strong>praesidem</strong></span> <span class='ocrx_word' id='word_1_714' title='bbox 1463 5698 1778 5766; x_wconf 82' lang='lat' dir='ltr'><strong>imperatori</strong></span> <span class='ocrx_word' id='word_1_715' title='bbox 1804 5698 1859 5753; x_wconf 90' lang='lat' dir='ltr'><strong>iu</strong></span> <span class='ocrx_word' id='word_1_716' title='bbox 1898 5696 2021 5763; x_wconf 79' lang='lat' dir='ltr'><strong>hoc,</strong></span> 
     </span>
    </p>
   </div>
   <div class='ocr_carea' id='block_1_104' title="bbox 2118 4500 3703 4570">
    <p class='ocr_par' dir='ltr' id='par_1_104' title="bbox 2118 4500 3703 4570">
     <span class='ocr_line' id='line_1_104' title="bbox 2118 4500 3703 4570; baseline -0.003 -12"><span class='ocrx_word' id='word_1_717' title='bbox 2118 4518 2242 4558; x_wconf 84' lang='lat' dir='ltr'><strong>cum</strong></span> <span class='ocrx_word' id='word_1_718' title='bbox 2270 4500 2529 4564; x_wconf 78' lang='lat' dir='ltr'><strong>Meursio,</strong></span> <span class='ocrx_word' id='word_1_719' title='bbox 2561 4503 2650 4568; x_wconf 91' lang='lat' dir='ltr'><strong>qui</strong></span> <span class='ocrx_word' id='word_1_720' title='bbox 2688 4501 2823 4570; x_wconf 84' lang='grc' dir='ltr'>ἀέρα</span> <span class='ocrx_word' id='word_1_721' title='bbox 2868 4500 3143 4553; x_wconf 86' lang='lat' dir='ltr'><strong>sudarium</strong></span> <span class='ocrx_word' id='word_1_722' title='bbox 3193 4500 3513 4568; x_wconf 81' lang='lat' dir='ltr'><strong>liturgicum,</strong></span> <span class='ocrx_word' id='word_1_723' title='bbox 3568 4500 3703 4567; x_wconf 73' lang='lat' dir='ltr'><strong>pilai</strong></span> 
     </span>
    </p>
   </div>
   <div class='ocr_carea' id='block_1_105' title="bbox 2122 4590 3707 4662">
    <p class='ocr_par' dir='ltr' id='par_1_105' title="bbox 2122 4590 3707 4662">
     <span class='ocr_line' id='line_1_105' title="bbox 2122 4590 3707 4662; baseline -0.003 -12"><span class='ocrx_word' id='word_1_724' title='bbox 2122 4595 2397 4650; x_wconf 75' lang='lat' dir='ltr'><strong>umbonem</strong></span> <span class='ocrx_word' id='word_1_725' title='bbox 2436 4592 2521 4647; x_wconf 89' lang='lat' dir='ltr'><strong>vel</strong></span> <span class='ocrx_word' id='word_1_726' title='bbox 2556 4595 2754 4662; x_wconf 81' lang='lat' dir='ltr'><strong>replum</strong></span> <span class='ocrx_word' id='word_1_727' title='bbox 2781 4592 3233 4659; x_wconf 85' lang='lat' dir='ltr'><strong>interpretantur.</strong></span> <span class='ocrx_word' id='word_1_728' title='bbox 3265 4590 3504 4645; x_wconf 78' lang='lat' dir='ltr'><strong>Sensum</strong></span> <span class='ocrx_word' id='word_1_729' title='bbox 3540 4606 3707 4646; x_wconf 83' lang='lat' dir='ltr'><strong>asse-</strong></span> 
     </span>
    </p>
   </div>
   <div class='ocr_carea' id='block_1_106' title="bbox 2123 4685 3707 4765">
    <p class='ocr_par' dir='ltr' id='par_1_106' title="bbox 2123 4685 3707 4765">
     <span class='ocr_line' id='line_1_106' title="bbox 2123 4685 3707 4765; baseline -0.002 -24"><span class='ocrx_word' id='word_1_730' title='bbox 2123 4698 2322 4765; x_wconf 85' lang='lat' dir='ltr'><strong>quetur</strong></span> <span class='ocrx_word' id='word_1_731' title='bbox 2361 4689 2450 4758; x_wconf 90' lang='lat' dir='ltr'><strong>qui</strong></span> <span class='ocrx_word' id='word_1_732' title='bbox 2480 4685 2784 4741; x_wconf 82' lang='lat' dir='ltr'><strong>doctissimi</strong></span> <span class='ocrx_word' id='word_1_733' title='bbox 2811 4685 2996 4737; x_wconf 82' lang='lat' dir='ltr'><strong>Allatii</strong></span> <span class='ocrx_word' id='word_1_734' title='bbox 3030 4693 3266 4738; x_wconf 87' lang='lat' dir='ltr'><strong>mentem</strong></span> <span class='ocrx_word' id='word_1_735' title='bbox 3327 4694 3619 4754; x_wconf 87' lang='lat' dir='ltr'><strong>sequetur,</strong></span> <span class='ocrx_word' id='word_1_736' title='bbox 3650 4694 3707 4738; x_wconf 90' lang='lat' dir='ltr'><strong>et</strong></span> 
     </span>
    </p>
   </div>
   <div class='ocr_carea' id='block_1_107' title="bbox 2120 4774 3703 4845">
    <p class='ocr_par' dir='ltr' id='par_1_107' title="bbox 2120 4774 3703 4845">
     <span class='ocr_line' id='line_1_107' title="bbox 2120 4774 3703 4845; baseline -0.005 -10"><span class='ocrx_word' id='word_1_737' title='bbox 2120 4796 2300 4845; x_wconf 82' lang='lat' dir='ltr'><strong>exeo,</strong></span> <span class='ocrx_word' id='word_1_738' title='bbox 2350 4779 2482 4833; x_wconf 88' lang='lat' dir='ltr'><strong>mihi</strong></span> <span class='ocrx_word' id='word_1_739' title='bbox 2544 4777 2796 4832; x_wconf 83' lang='lat' dir='ltr'><strong>rescribit</strong></span> <span class='ocrx_word' id='word_1_740' title='bbox 2843 4776 2955 4838; x_wconf 85' lang='lat' dir='ltr'><strong>ille,</strong></span> <span class='ocrx_word' id='word_1_741' title='bbox 3005 4774 3148 4844; x_wconf 90' lang='lat' dir='ltr'><strong>quod</strong></span> <span class='ocrx_word' id='word_1_742' title='bbox 3213 4775 3449 4843; x_wconf 75' lang='lat' dir='ltr'><strong>despota:</strong></span> <span class='ocrx_word' id='word_1_743' title='bbox 3496 4789 3703 4829; x_wconf 88' lang='lat' dir='ltr'><strong>nomen</strong></span> 
     </span>
    </p>
   </div>
   <div class='ocr_carea' id='block_1_108' title="bbox 2122 4864 3701 4939">
    <p class='ocr_par' dir='ltr' id='par_1_108' title="bbox 2122 4864 3701 4939">
     <span class='ocr_line' id='line_1_108' title="bbox 2122 4864 3701 4939; baseline -0.006 -14"><span class='ocrx_word' id='word_1_744' title='bbox 2122 4878 2405 4925; x_wconf 78' lang='lat' dir='ltr'><strong>exaratum</strong></span> <span class='ocrx_word' id='word_1_745' title='bbox 2443 4868 2604 4939; x_wconf 84' lang='lat' dir='ltr'><strong>gerit,</strong></span> <span class='ocrx_word' id='word_1_746' title='bbox 2655 4867 2795 4937; x_wconf 77' lang='grc' dir='ltr'>ἀέρα</span> <span class='ocrx_word' id='word_1_747' title='bbox 2851 4865 3095 4919; x_wconf 78' lang='grc' dir='ltr'>σκιαδίου</span> <span class='ocrx_word' id='word_1_748' title='bbox 3154 4864 3444 4934; x_wconf 78' lang='lat' dir='ltr'><strong>cingulum,</strong></span> <span class='ocrx_word' id='word_1_749' title='bbox 3498 4881 3701 4918; x_wconf 76' lang='lat' dir='ltr'><strong>zonam</strong></span> 
     </span>
    </p>
   </div>
   <div class='ocr_carea' id='block_1_109' title="bbox 2125 4954 3709 5025">
    <p class='ocr_par' dir='ltr' id='par_1_109' title="bbox 2125 4954 3709 5025">
     <span class='ocr_line' id='line_1_109' title="bbox 2125 4954 3709 5025; baseline -0.004 -11"><span class='ocrx_word' id='word_1_750' title='bbox 2125 4975 2222 5014; x_wconf 84' lang='lat' dir='ltr'><strong>seu</strong></span> <span class='ocrx_word' id='word_1_751' title='bbox 2246 4962 2429 5013; x_wconf 70' lang='lat' dir='ltr'><strong>vittam</strong></span> <span class='ocrx_word' id='word_1_752' title='bbox 2486 4958 2715 5011; x_wconf 77' lang='lat' dir='ltr'><strong>frontem</strong></span> <span class='ocrx_word' id='word_1_753' title='bbox 2778 4956 3023 5025; x_wconf 78' lang='lat' dir='ltr'><strong>proxime</strong></span> <span class='ocrx_word' id='word_1_754' title='bbox 3072 4954 3423 5016; x_wconf 83' lang='lat' dir='ltr'><strong>ambientem,</strong></span> <span class='ocrx_word' id='word_1_755' title='bbox 3494 4954 3709 5009; x_wconf 84' lang='lat' dir='ltr'><strong>referre</strong></span> 
     </span>
    </p>
   </div>
   <div class='ocr_carea' id='block_1_110' title="bbox 2127 5046 3710 5122">
    <p class='ocr_par' dir='ltr' id='par_1_110' title="bbox 2127 5046 3710 5122">
     <span class='ocr_line' id='line_1_110' title="bbox 2127 5046 3710 5122; baseline 0.021 -12"><span class='ocrx_word' id='word_1_756' title='bbox 2127 5054 2399 5122; x_wconf 81' lang='lat' dir='ltr'><strong>coniiciet.</strong></span> <span class='ocrx_word' id='word_1_757' title='bbox 2429 5051 2737 5114; x_wconf 69' lang='lat' dir='ltr'><strong>Rationem.</strong></span> <span class='ocrx_word' id='word_1_758' title='bbox 2775 5047 3080 5103; x_wconf 63' lang='grc' dir='ltr'><strong>είδττίευη</strong></span> <span class='ocrx_word' id='word_1_759' title='bbox 3114 5047 3185 5101; x_wconf 58' lang='grc' dir='ltr'>δὴ</span> <span class='ocrx_word' id='word_1_760' title='bbox 3247 5046 3516 5111; x_wconf 55' lang='lat' dir='ltr'><strong>incerlus’</strong></span> <span class='ocrx_word' id='word_1_761' title='bbox 3573 5063 3710 5117; x_wconf 54' lang='lat' dir='ltr'><strong>pro.</strong></span> 
     </span>
    </p>
   </div>
   <div class='ocr_carea' id='block_1_111' title="bbox 2124 5137 3708 5209">
    <p class='ocr_par' dir='ltr' id='par_1_111' title="bbox 2124 5137 3708 5209">
     <span class='ocr_line' id='line_1_111' title="bbox 2124 5137 3708 5209; baseline -0.006 -10"><span class='ocrx_word' id='word_1_762' title='bbox 2124 5146 2317 5199; x_wconf 67' lang='lat' dir='ltr'><strong>iurant.</strong></span> <span class='ocrx_word' id='word_1_763' title='bbox 2351 5144 2456 5197; x_wconf 82' lang='lat' dir='ltr'><strong>Aer</strong></span> <span class='ocrx_word' id='word_1_764' title='bbox 2481 5140 2807 5209; x_wconf 80' lang='lat' dir='ltr'><strong>liturgicus,-</strong></span> <span class='ocrx_word' id='word_1_765' title='bbox 2837 5142 2882 5192; x_wconf 89' lang='lat' dir='ltr'><strong>si</strong></span> <span class='ocrx_word' id='word_1_766' title='bbox 2940 5137 3270 5193; x_wconf 83' lang='lat' dir='ltr'><strong>Germanum</strong></span> <span class='ocrx_word' id='word_1_767' title='bbox 3330 5138 3708 5207; x_wconf 83' lang='lat' dir='ltr'><strong>patriarcitam</strong></span> 
     </span>
    </p>
   </div>
   <div class='ocr_carea' id='block_1_112' title="bbox 2126 5228 3709 5297">
    <p class='ocr_par' dir='ltr' id='par_1_112' title="bbox 2126 5228 3709 5297">
     <span class='ocr_line' id='line_1_112' title="bbox 2126 5228 3709 5297; baseline -0.005 -7"><span class='ocrx_word' id='word_1_768' title='bbox 2126 5238 2410 5291; x_wconf 82' lang='lat' dir='ltr'><strong>docentem</strong></span> <span class='ocrx_word' id='word_1_769' title='bbox 2441 5233 2653 5292; x_wconf 83' lang='lat' dir='ltr'><strong>audias.</strong></span> <span class='ocrx_word' id='word_1_770' title='bbox 2688 5231 2868 5285; x_wconf 84' lang='lat' dir='ltr'><strong>velum</strong></span> <span class='ocrx_word' id='word_1_771' title='bbox 2884 5228 3066 5297; x_wconf 85' lang='lat' dir='ltr'><strong>majus</strong></span> <span class='ocrx_word' id='word_1_772' title='bbox 3102 5238 3186 5284; x_wconf 89' lang='lat' dir='ltr'><strong>est</strong></span> <span class='ocrx_word' id='word_1_773' title='bbox 3206 5229 3380 5284; x_wconf 86' lang='lat' dir='ltr'><strong>sacris</strong></span> <span class='ocrx_word' id='word_1_774' title='bbox 3426 5229 3587 5283; x_wconf 86' lang='lat' dir='ltr'><strong>donis</strong></span> <span class='ocrx_word' id='word_1_775' title='bbox 3648 5229 3709 5282; x_wconf 88' lang='lat' dir='ltr'><strong>in</strong></span> 
     </span>
    </p>
   </div>
   <div class='ocr_carea' id='block_1_113' title="bbox 2127 5320 3709 5393">
    <p class='ocr_par' dir='ltr' id='par_1_113' title="bbox 2127 5320 3709 5393">
     <span class='ocr_line' id='line_1_113' title="bbox 2127 5320 3709 5393; baseline -0.005 -12"><span class='ocrx_word' id='word_1_776' title='bbox 2127 5327 2284 5382; x_wconf 81' lang='lat' dir='ltr'><strong>altari</strong></span> <span class='ocrx_word' id='word_1_777' title='bbox 2321 5323 2718 5393; x_wconf 80' lang='lat' dir='ltr'><strong>superpositus,</strong></span> <span class='ocrx_word' id='word_1_778' title='bbox 2756 5322 2987 5391; x_wconf 78' lang='lat' dir='ltr'><strong>ejusque</strong></span> <span class='ocrx_word' id='word_1_779' title='bbox 3024 5320 3127 5376; x_wconf 90' lang='lat' dir='ltr'><strong>alis</strong></span> <span class='ocrx_word' id='word_1_780' title='bbox 3189 5329 3243 5374; x_wconf 89' lang='lat' dir='ltr'><strong>et</strong></span> <span class='ocrx_word' id='word_1_781' title='bbox 3303 5321 3538 5383; x_wconf 88' lang='lat' dir='ltr'><strong>ambitu,</strong></span> <span class='ocrx_word' id='word_1_782' title='bbox 3595 5335 3709 5373; x_wconf 83' lang='lat' dir='ltr'><strong>ceu</strong></span> 
     </span>
    </p>
   </div>
   <div class='ocr_carea' id='block_1_114' title="bbox 2130 5410 3773 5481">
    <p class='ocr_par' dir='ltr' id='par_1_114' title="bbox 2130 5410 3773 5481">
     <span class='ocr_line' id='line_1_114' title="bbox 2130 5410 3773 5481; baseline -0.005 -8"><span class='ocrx_word' id='word_1_783' title='bbox 2130 5433 2255 5473; x_wconf 84' lang='lat' dir='ltr'><strong>aere</strong></span> <span class='ocrx_word' id='word_1_784' title='bbox 2281 5412 2585 5472; x_wconf 63' lang='lat' dir='ltr'><strong>velaatltere</strong></span> <span class='ocrx_word' id='word_1_785' title='bbox 2634 5414 2784 5470; x_wconf 90' lang='lat' dir='ltr'><strong>orbis</strong></span> <span class='ocrx_word' id='word_1_786' title='bbox 2838 5412 3088 5479; x_wconf 77' lang='lat' dir='ltr'><strong>inferior,</strong></span> <span class='ocrx_word' id='word_1_787' title='bbox 3134 5412 3228 5468; x_wconf 89' lang='lat' dir='ltr'><strong>illa</strong></span> <span class='ocrx_word' id='word_1_788' title='bbox 3269 5414 3712 5481; x_wconf 84' lang='lat' dir='ltr'><strong>circumquaque</strong></span> <span class='ocrx_word' id='word_1_789' title='bbox 3768 5410 3773 5415; x_wconf 63' lang='grc'><strong>”</strong></span> 
     </span>
    </p>
   </div>
   <div class='ocr_carea' id='block_1_115' title="bbox 2128 5502 3713 5578">
    <p class='ocr_par' dir='ltr' id='par_1_115' title="bbox 2128 5502 3713 5578">
     <span class='ocr_line' id='line_1_115' title="bbox 2128 5502 3713 5578; baseline -0.005 -13"><span class='ocrx_word' id='word_1_790' title='bbox 2128 5520 2420 5577; x_wconf 84' lang='lat' dir='ltr'><strong>teguntur;</strong></span> <span class='ocrx_word' id='word_1_791' title='bbox 2458 5510 2685 5578; x_wconf 83' lang='lat' dir='ltr'><strong>parique</strong></span> <span class='ocrx_word' id='word_1_792' title='bbox 2714 5506 2926 5562; x_wconf 83' lang='lat' dir='ltr'><strong>ratione</strong></span> <span class='ocrx_word' id='word_1_793' title='bbox 2957 5505 3084 5574; x_wconf 80' lang='lat' dir='ltr'><strong>pilci</strong></span> <span class='ocrx_word' id='word_1_794' title='bbox 3132 5520 3225 5557; x_wconf 76' lang='lat' dir='ltr'><strong>ater</strong></span> <span class='ocrx_word' id='word_1_795' title='bbox 3277 5502 3557 5572; x_wconf 81' lang='lat' dir='ltr'><strong>cingulum</strong></span> <span class='ocrx_word' id='word_1_796' title='bbox 3621 5511 3713 5557; x_wconf 85' lang='lat' dir='ltr'><strong>est</strong></span> 
     </span>
    </p>
   </div>
   <div class='ocr_carea' id='block_1_116' title="bbox 2127 5593 3712 5670">
    <p class='ocr_par' dir='ltr' id='par_1_116' title="bbox 2127 5593 3712 5670">
     <span class='ocr_line' id='line_1_116' title="bbox 2127 5593 3712 5670; baseline -0.006 -13"><span class='ocrx_word' id='word_1_797' title='bbox 2127 5603 2176 5657; x_wconf 84' lang='lat' dir='ltr'><strong>ei</strong></span> <span class='ocrx_word' id='word_1_798' title='bbox 2196 5602 2662 5670; x_wconf 82' lang='lat' dir='ltr'><strong>circumpositum,</strong></span> <span class='ocrx_word' id='word_1_799' title='bbox 2686 5598 2945 5669; x_wconf 82' lang='lat' dir='ltr'><strong>gestantis</strong></span> <span class='ocrx_word' id='word_1_800' title='bbox 2966 5604 3129 5665; x_wconf 87' lang='lat' dir='ltr'><strong>caput</strong></span> <span class='ocrx_word' id='word_1_801' title='bbox 3148 5605 3529 5651; x_wconf 82' lang='lat' dir='ltr'><strong>coronatorum</strong></span> <span class='ocrx_word' id='word_1_802' title='bbox 3553 5593 3712 5661; x_wconf 69' lang='lat' dir='ltr'><strong>eius-</strong></span> 
     </span>
    </p>
   </div>
   <div class='ocr_carea' id='block_1_117' title="bbox 2132 5688 3712 5764">
    <p class='ocr_par' dir='ltr' id='par_1_117' title="bbox 2132 5688 3712 5764">
     <span class='ocr_line' id='line_1_117' title="bbox 2132 5688 3712 5764; baseline -0.003 -21"><span class='ocrx_word' id='word_1_803' title='bbox 2132 5708 2239 5764; x_wconf 83' lang='lat' dir='ltr'><strong>que</strong></span> <span class='ocrx_word' id='word_1_804' title='bbox 2266 5708 2461 5749; x_wconf 77' lang='lat' dir='ltr'><strong>nomen</strong></span> <span class='ocrx_word' id='word_1_805' title='bbox 2494 5707 2589 5762; x_wconf 89' lang='lat' dir='ltr'><strong>per</strong></span> <span class='ocrx_word' id='word_1_806' title='bbox 2621 5689 2857 5747; x_wconf 87' lang='lat' dir='ltr'><strong>universi</strong></span> <span class='ocrx_word' id='word_1_807' title='bbox 2892 5690 3023 5746; x_wconf 76' lang='lat' dir='ltr'><strong>lines</strong></span> <span class='ocrx_word' id='word_1_808' title='bbox 3066 5688 3491 5758; x_wconf 78' lang='lat' dir='ltr'><strong>circumquaque</strong></span> <span class='ocrx_word' id='word_1_809' title='bbox 3540 5689 3712 5754; x_wconf 78' lang='lat' dir='ltr'><strong>Spar-</strong></span> 
     </span>
    </p>
   </div>
  </div>
