3952 6222
258 276 353 339 245
1361 279 1748 343 GRETSERl
1787 286 1884 347 ΕΤ
1926 288 2163 352 GOAHI
2204 293 2445 355 NUT/E.
3406 294 3511 356 246

260 405 477 455 surum;
515 389 766 459 quamvis
796 388 989 443 eadem
1025 404 1158 449 voce
1191 390 1393 460 replum
1424 393 1556 449 illud
1604 395 1656 450 in
1730 398 1825 451 de-
1858 402 1900 457 Α
1933 402 2167 456 nondum
2189 404 2345 459 molis
2379 415 2581 471 tusum,
2623 405 2931 477 exindeque
2979 406 3156 461 serico
3197 404 3285 459 ﬁlo
3309 422 3504 474 snper—

268 494 428 551 spotaa
488 484 627 552 pileo
692 483 938 537 anterius
990 483 1330 552 prominens,
1387 494 1546 553 prout
1571 487 1823 543 leonibus

257 575 779 631 roiiciliiFlurentini
820 584 939 629 aeta
974 572 1233 630 nonnulla
1298 580 1822 644 repraesentantibus

257 680 321 719 ae
342 681 431 734 per
454 667 619 719 hocce
643 682 782 735 opus
812 668 923 737 (ed.
954 665 1184 735 Lupar.)
1219 670 1425 737 sparsis
1463 685 1527 724 ex
1580 671 1822 741 antiquis

257 748 641 825 exemplaribus
663 759 921 828 pingitur,
941 758 1255 813 addubitem
1281 760 1817 833 signiﬁcariﬁosn]

307 867 364 922 Ρ.
392 868 1080 938 ὶὸνκρυσοκλαᾶαρικόν.
1111 867 1310 927 Junius
1343 881 1395 924 et
1452 872 1540 927 liic
1593 883 1644 931 et
1696 873 1824 931 alibi

254 960 438 1029 sapius
501 961 616 1016 edit
686 961 1187 1032 χρυσοκλαδάρικα,
1229 971 1283 1017 et
1338 980 1528 1018 aureas
1592 964 1825 1034 virgulas

255 1052 645 1120 interpretatur.
677 1053 782 1107 Sed
842 1055 1001 1107 lectio
1070 1064 1253 1115 nostra
1311 1063 1454 1108 recta
1509 1063 1628 1119 est;
1699 1048 1822 1109 nam

254 1142 772 1212 chrysoclavaricum
807 1145 949 1200 idem
983 1154 1066 1211 est
1096 1150 1240 1216 quod
1298 1149 1664 1218 chrysoclavus
1728 1167 1824 1208 seu

253 1235 679 1309 chrysoelavatw.
703 1250 803 1291 vox
829 1238 1122 1293 Anastasio
1159 1239 1582 1295 Bililiotheeario
1615 1241 1667 1301 in
1692 1257 1827 1310 pon-

253 1326 478 1381 tiﬁcibus
512 1329 676 1384 toties
709 1340 1009 1397 usurpata;
1050 1331 1132 1385 vel
1170 1331 1215 1385 si
1255 1346 1403 1385 mere
1433 1332 1680 1387 Latinam
1717 1335 1834 1389 dic-

253 1418 441 1472 tionem
500 1420 657 1482 velis.
719 1422 1021 1476 auriclavus
1083 1439 1183 1479 seu
1216 1426 1602 1481 auriclavatus.
1655 1426 1829 1486 Erant

250 1508 373 1563 clavi
392 1512 544 1564 aurei
574 1512 627 1565 in
664 1513 903 1568 vestibus
931 1529 1212 1583 segmenta
1232 1519 1490 1586 quaedam
1515 1519 1569 1573 in
1599 1520 1831 1577 formam

250 1600 511 1657 clarorum
561 1604 758 1670 elllcta,
800 1616 1028 1663 ornatus
1072 1606 1243 1676 gratia
1302 1610 1547 1666 vestibus
1600 1610 1830 1680 adjecta.

250 1693 436 1751 GRETS.

312 1784 438 1840 Ibid.
480 1787 586 1860 [ﬁt
614 1789 755 1844 idem
794 1788 919 1846 licet
969 1793 1475 1864 χρυσοκλαϐαρικόν
1501 1796 1646 1866 quod
1674 1796 1827 1867 chry-

250 1882 481 1933 soclavus
505 1880 1069 1951 velchrysoclavatus,
1102 1900 1205 1939 vox
1259 1886 1555 1943 Anastasio
1617 1887 1824 1945 Biblio-

250 1971 556 2027 tliecarioin
592 1973 941 2042 pontiﬁcibus
1000 1977 1279 2032 multoties
1338 1988 1643 2050 usurpata:
1698 1998 1822 2037 eum

247 2061 335 2115 alia
356 2070 535 2117 tamen
558 2078 705 2119 mere
730 2063 925 2119 Latina
951 2067 1193 2124 dictione
1219 2071 1521 2127 auriclavus
1542 2088 1635 2127 seu
1670 2075 1823 2127 auri-

210 2157 654 2218 elavatumsono
686 2160 938 2228 quamvis
990 2152 1190 2226 vicina,
1255 2163 1457 2218 nullam
1509 2165 1563 2219 in
1626 2182 1823 2222 sensus

247 2245 567 2314 proprietate
598 2249 919 2309 societatem
954 2249 1076 2305 init.
1121 2249 1454 2309 Erantenim
1497 2253 1635 2307 clavi
1672 2255 1823 2307 aurei

248 2334 295 2387 in
327 2338 570 2390 vestibus
609 2348 887 2408 segmenta
906 2340 1156 2410 quaedam
1207 2341 1258 2394 in
1286 2340 1513 2396 formam
1542 2344 1819 2397 clavorum

245 2428 418 2497 elﬁcta,
464 2443 695 2494 ornatus
729 2435 903 2505 gratia
939 2436 1184 2489 vestibus
1214 2436 1425 2505 adjecta
1454 2453 1467 2491 :
1499 2440 1820 2507 χρυσοκλα-
1862 2448 1865 2453 ‘

244 2519 453 2590 σιρικὸν
500 2539 628 2578 vero
655 2539 763 2579 non
798 2526 1063 2585 clamatum
1116 2527 1274 2580 modo
1334 2530 1427 2583 sed
1479 2531 1716 2593 varium,
1767 2539 1823 2583 et

245 2614 596 2685 quodcunque
648 2632 789 2688 opus
843 2627 926 2673 est
992 2618 1093 2673 ﬁlis
1127 2621 1309 2675 aureis
1341 2620 1658 2692 phrygionis
1706 2633 1821 2679 arte

247 2707 294 2760 in
356 2709 609 2778 subjecto
666 2696 846 2767 serico
895 2713 978 2767 vel
1040 2728 1218 2781 panno
1282 2713 1462 2769 dnctis
1509 2716 1817 2786 depictum;

245 2799 374 2853 unde
400 2803 759 2872 phrygionem
780 2803 1346 2875 χρυσοκλαϐαριστήν,
1377 2807 1458 2860 vel
1478 2823 1602 2869 eum
1634 2808 1821 2862 Tlieo~

246 2893 408 2959 phane
491 2895 964 2966 χρυσοκλαΰάριον
1015 2897 1276 2967 (ἀνήφθη.
1304 2899 1498 2969 inquit,
1528 2901 1693 2968 μέρος
1724 2900 1821 2953 tot)

242 2984 540 3051 ὲργοδοσίου
571 2988 680 3040 τῶν
708 2988 1217 3057 χρυσοκλαϐαρὶων,
1255 2994 1605 3059 phrygionum
1648 2992 1819 3061 ofﬁci-

243 3093 313 3130 na:
343 3096 464 3145 pars
504 3082 777 3132 combusta
799 3080 895 3148 est)
928 3079 1201 3133 neoterica
1226 3079 1433 3135 Graecia
1466 3094 1644 3136 vocat.
1674 3082 1812 3139 Cor-
1840 3099 1883 3155 α

245 3170 429 3223 rectius
456 3180 639 3225 tamen
667 3184 789 3224 cum
823 3170 1005 3238 Regiis
1033 3171 1196 3245 222
1247 3172 1481 3242 aliisque
1531 3174 1808 3233 nonnullis

242 3264 633 3332 exemplaribus
680 3265 1230 3335 χρυσοκλαδαριστήν
1277 3267 1504 3332 diceret,
1566 3266 1636 3323 ob
1682 3284 1813 3336 χρυ-

246 3354 528 3417 σοχλὰδους
574 3356 690 3409 sive
720 3356 1250 3426 χρυσοκλαδαρικάς,
1285 3357 1484 3429 quibus
1514 3373 1649 3412 auro
1671 3357 1811 3414 ludit

246 3446 448 3513 ﬁguras,
474 3462 597 3516 quae
628 3447 830 3517 ἱματίῳ
854 3459 1081 3517 receptae
1104 3448 1327 3517 φύλλοις
1349 3449 1444 3501 καὶ
1469 3448 1682 3511 κλάδοις
1709 3466 1813 3501 πε·

246 3533 612 3602 ποικι).μὲνον,
651 3534 795 3600 foliis
827 3544 878 3591 et
913 3538 1244 3592 ramuuculis
1275 3538 1480 3591 varium
1525 3537 1815 3594 redduntet

245 3622 567 3678 distinctum.
608 3623 798 3689 Ῥίζας
821 3626 891 3679 01)
928 3626 1163 3699 implexa
1192 3644 1256 3682 ac
1287 3642 1387 3682 acu
1410 3628 1629 3684 ludente
1653 3630 1818 3685 variis

246 3716 553 3770 tramitibus
574 3715 739 3770 ducta
771 3718 999 3772 ramalia
1034 3719 1234 3773 scribet
1278 3734 1541 3775 numerus
1578 3736 1818 3793 sequens

247 3805 442 3861 tertius.
498 3803 637 3870 Quot
655 3807 802 3860 enim
824 3808 985 3861 ramis
1005 3809 1201 3870 aureis.
1222 3824 1328 3880 qua
1352 3810 1516 3864 rectis
1567 3824 1671 3881 qua
1692 3825 1821 3867 con-

250 3898 523 3962 tortis,liic
540 3898 937 3959 discriminatis
962 3912 1017 3954 et
1046 3900 1255 3967 divisis,
1276 3900 1347 3956 ibi
1370 3901 1535 3957 simul
1556 3902 1821 3969 collectis,

250 4003 383 4043 nunc
413 3990 826 4058 enascentibus,
862 3990 991 4047 alibi
1044 3991 1306 4048 truncatis
1339 3994 1423 4047 vel
1446 3992 1691 4067 jucunde
1733 3995 1826 4047 de-

250 4080 569 4144 sinentibus,
603 4082 777 4153 pingit
806 4099 869 4138 ae
904 4083 1078 4140 variat
1134 4083 1460 4137 materiam?
1489 4082 1589 4138 ilic
1641 4094 1825 4138 autem

252 4186 351 4227 non
383 4175 583 4239 clavos,
619 4176 712 4227 sed
748 4176 1091 4230 characteres
1113 4190 1329 4241 aureos,
1362 4175 1601 4245 gerentis
1627 4189 1824 4229 nomen

251 4268 636 4332 exprimentes,
670 4267 722 4320 in
780 4268 886 4320 itna
911 4269 1034 4337 pilei
1075 4282 1193 4333 ora,
1226 4268 1271 4323 si
1332 4268 1498 4331 lubet,
1546 4267 1831 4321 adnotabis

253 4369 519 4415 exaratos.
564 4359 761 4430 Go.\n.]

1928 495 2233 549 inductum.
2276 498 2650 567 Συρματέῖνον
2681 498 2867 568 itaque
2912 513 3053 569 opus
3113 506 3198 552 est
3254 513 3389 552 auro
3452 497 3506 551 in

1929 585 2017 640 ﬁla
2048 587 2219 641 solida
2257 589 2419 643 ducto
2473 590 2843 659 compositum
2899 592 2983 645 vel
3057 591 3282 655 pictum,
3347 591 3510 661 quale

1924 676 2160 745 despotce
2180 696 2375 734 nomen
2430 681 2484 734 in
2504 681 2619 749 ejus
2644 682 2786 751 pileo
2818 683 3169 757 phrygioniea
3193 697 3354 737 manu
3376 683 3514 737 deli-

1926 778 2135 823 neator.
2160 770 2360 844 δοκι]

2000 858 2138 915 Ibid.
2161 862 2394 917 Τασεῖα.
2415 863 2495 918 ita
2513 863 2638 935 legit
2657 862 2873 928 Iunius,
2896 874 2949 918 et
2968 866 3163 931 apicem
3187 863 3513 933 interpreta-

1930 961 2040 1018 tur,
2077 970 2188 1024 quo
2217 957 2436 1010 nomine
2462 956 2716 1026 intelligit
2739 959 3059 1025 superiorem
3082 956 3254 1010 uiadi
3272 965 3507 1024 partem,

1930 1044 1985 1098 in
2051 1062 2238 1099 conum
2290 1060 2649 1118 assurgentem
2736 1048 3121 1118 fastigiaram:
3185 1047 3514 1115 deducitque

1931 1139 2180 1192 voculain
2219 1142 2428 1205 τασεῖα,
2465 1141 2617 1208 παρὰ
2649 1140 2711 1192 τὸ
2730 1141 2946 1205 τείνειν,
2976 1157 3006 1192 a
3030 1138 3309 1191 tendendo.
3346 1138 3516 1191 ln~al-

1932 1238 2046 1284 tero
2070 1232 2259 1285 codice
2301 1232 2561 1286 Bavarieo
2589 1231 3120 1302 legitordisjunctim
3155 1231 3222 1283 τὰ
3249 1230 3390 1293 asia,
3458 1228 3511 1281 in

1933 1329 2128 1374 neutro
2157 1337 2353 1390 genere
2382 1339 2396 1376 :
2422 1323 2561 1377 etita
2594 1324 2883 1393 legendum
2914 1333 3043 1391 puto
3067 1325 3117 1376 l.
3148 1321 3273 1391 quia
3318 1319 3512 1375 subili~

1934 1421 2022 1467 tur
2045 1415 2096 1468 in
2130 1427 2325 1469 neutro
2354 1431 2550 1485 genere
2578 1418 2644 1469 τὰ
2668 1419 2787 1469 aeta
2816 1410 2902 1468 οἶα
2931 1418 3024 1467 καὶ
3045 1416 3111 1467 τὰ
3138 1414 3392 1483 βασιλικά
3421 1429 3435 1465 :
3460 1419 3514 1466 ct

1936 1504 2076 1560 inira
2105 1524 2120 1564 :
2160 1508 2220 1560 '0
2257 1507 2366 1576 ἀὴρ
2389 1508 2485 1560 καὶ¹
2511 1511 2578 1561 τὰ
2618 1511 2757 1573 asia,
2791 1503 2879 1561 οἷα
2908 1508 3003 1559 καὶ
3025 1507 3093 1559 τὰ
3116 1505 3209 1559 τοῦ
3224 1504 3509 1558 δεσπότου.

1936 1598 2166 1669 Signum
2208 1616 2337 1668 ergo
2370 1611 2452 1655 est
2500 1610 2553 1655 et
2587 1600 2637 1654 id
2681 1601 2827 1670 quod
2878 1598 3173 1663 antecedit,
3225 1611 3420 1665 nempe
3448 1595 3514 1647 τὰ

1938 1694 2077 1751 σεῖα.
2110 1692 2360 1746 neutrius
2401 1692 2617 1762 generis
2642 1706 2785 1746 esse.
2832 1692 2886 1744 2.
2921 1690 3057 1755 Quia
3082 1689 3152 1741 τὰ
3195 1690 3314 1740 asia
3363 1686 3511 1741 Junii

1932 1798 1960 1836 a
1993 1783 2154 1836 τείνω
2189 1798 2286 1852 pro
2341 1784 2663 1838 extensione
2715 1798 2917 1854 genere
2976 1780 3516 1850 femininovprorsus

1928 1875 2112 1944 ignota
2144 1883 2198 1929 et
2232 1876 2492 1930 inusitata
2522 1883 2625 1930 est.
2656 1874 2796 1940 Quid
2829 1875 2900 1930 sit
2935 1874 3116 1937 τάσις,
3172 1886 3366 1927 omnes
3414 1885 3511 1949 no-

1928 1977 2057 2020 runt
2095 1984 2106 2019 :
2129 1966 2257 2036 quid
2280 1968 2491 2029 τασεῖα,
2520 1982 2617 2036 per
2649 1965 2875 2021 Iunium
2901 1980 3061 2020 nemo
3083 1964 3268 2031 novit;
3292 1964 3511 2017 tametsi

1925 2056 2159 2125 ingenue
2190 2055 2366 2110 lateor
2402 2071 2489 2111 me
2542 2066 2885 2126 compertum
2947 2069 3053 2109 non
3116 2054 3327 2109 habere.
3376 2053 3512 2122 quid

1924 2148 1994 2202 τὰ
2019 2151 2140 2201 asia
2162 2148 2486 2217 signiﬁcent.
2525 2146 2798 2214 Quocirca
2857 2147 2910 2201 in
2960 2147 3217 2201 versione
3269 2143 3512 2199 Graecam

1924 2240 2221 2295 dictionem
2250 2241 2474 2307 retinui,
2506 2241 2681 2297 donec
2712 2241 2815 2295 viri
2871 2239 3019 2296 docti
3079 2240 3164 2294 vel
3194 2253 3379 2293 veram
3438 2238 3513 2292 εἰς

1922 2331 2290 2400 gniﬁcantiam
2322 2342 2522 2388 eruant
2577 2333 2660 2389 vel
2699 2333 2913 2389 Codino
2987 2346 3172 2387 veram
3216 2329 3510 2386 laetionem

1923 2420 2238 2475 restituant.
2274 2420 2480 2477 (iners.

1999 2509 2143 2565 Ibid.
2176 2511 2563 2582 [Promerebor
2594 2514 2726 2569 mihi
2755 2514 3072 2573 Gretserum
3096 2519 3276 2576 Allatii
3306 2535 3531 2583 comes,

1928 2611 1983 2657 et
2013 2618 2200 2657 veram
2232 2603 2341 2656 τῶν
2407 2604 2568 2658 σείων
2625 2606 3051 2676 signiﬁeantiam
3107 2625 3318 2665 eruam.
3382 2610 3513 2664 Σοία.

1922 2706 2050 2751 sunt
2080 2696 2226 2766 longi
2265 2697 2427 2754 unius
2468 2698 2582 2754 fere
2614 2700 2779 2770 palmi
2813 2707 3235 2774 margaritarum
3268 2713 3507 2770 traCtus,

1920 2789 2068 2844 circa
2101 2788 2342 2859 despotic
2373 2805 2533 2846 aures
2571 2806 2600 2846 e
2629 2794 2772 2862 pileo
2844 2796 3089 2865 penduli.
3148 2797 3240 2852 Sic
3307 2798 3421 2851 lora
3482 2813 3512 2851 e

1921 2879 2245 2948 pontiﬁcum
2304 2882 2505 2946 mitris,
2543 2882 2705 2940 funes
2762 2887 3034 2941 reticulati
3070 2903 3100 2943 e
3146 2888 3507 2943 cardinalium

1921 2973 2102 3042 pileis,
2161 2974 2388 3031 inaures
2412 2976 2545 3046 ipsa:
2600 2993 2666 3032 ex
2722 2979 2948 3033 auribus
3005 2979 3301 3047 pendentes
3365 2981 3509 3039 aeta,

1919 3074 2070 3129 sunt,
2108 3066 2347 3132 mobilia,
2380 3070 2608 3123 tremula
2643 3069 2975 3140 pendulaque
3026 3080 3355 3137 ornamenta,
3404 3071 3510 3122 ἀπὸ

1916 3157 2011 3211 τοῦ
2045 3159 2232 3214 σείειν.
2265 3159 2462 3215 Ea‘dcin
2496 3161 2548 3215 in
2576 3162 2905 3231 patriarcha:
2956 3162 3100 3231 pileo
3131 3161 3509 3231 Turcograecia

1921 3260 2202 3321 nuncupat
2241 3252 2728 3322 καμηλαυκόλασα,
2758 3254 2881 3323 pi’lei
2904 3253 3182 3307 manubria
3220 3257 3297 3307 vel
3327 3269 3505 3307 ansas.

1918 3342 2069 3399 Goan
2096 3343 2116 3415 ]

1988 3436 2074 3490 Ib.
2110 3436 2327 3506 Κόμόος
2376 3449 2460 3493 est
2516 3439 2704 3494 nodus.
2754 3438 3127 3509 Composituin
3184 3440 3510 3509 ὲπικόμσια,

1920 3528 1988 3584 de
2019 3546 2124 3598 quo
2161 3529 2321 3594 infra,
2376 3541 2507 3586 sunt
2545 3542 2821 3602 segmenta
2856 3533 3041 3603 panni,
3068 3533 3270 3603 quibus
3308 3535 3513 3588 involvi

1920 3618 2096 3675 solent
2121 3620 2329 3674 nummi
2353 3622 2525 3687 aurei,
2541 3622 2804 3696 argentei,
2820 3624 2970 3687 :rrei,
2996 3639 3117 3693 quae
3138 3623 3298 3677 etiam
3316 3622 3459 3691 κόμϐ
3474 3641 3513 3675 ,ι

1922 3711 2289 3780 appellantur.
2316 3712 2834 3784 Ιιὶιιοκομσολύτης,
2870 3713 3312 3783 βαλαντιοτόμος.
3343 3713 3514 3768 Usur“

1923 3813 2085 3874 patut'
2138 3821 2358 3879 quoque
2375 3806 2593 3874 κόμπος
2620 3821 2716 3875 pro
2750 3807 2975 3874 κόμὸος.
3000 3805 3261 3871 Quamvis
3299 3805 3513 3873 κόμπος

1925 3893 2201 3949 interdum
2226 3894 2369 3949 idem
2394 3905 2475 3950 est
2507 3897 2654 3966 quod
2677 3898 3002 3950 commodus.
3039 3894 3338 3950 Mauricius
3369 3895 3512 3962 apud

1928 3986 2217 4056 Rigaltium
2245 4003 2259 4041 :
2284 3986 2466 4039 Καλὸν
2481 3987 2539 4039 δέ
2556 3987 2672 4039 ἐστι
2687 3986 2847 4057 223
2867 3987 3057 4051 τέντας
3078 3986 3221 4041 κατὰ
3243 3989 3304 4041 τὸ
3324 3989 3512 4059 σχῆμα

1926 4078 2036 4132 τῶν
2079 4077 2333 4148 ’Λϐάρων
2365 4077 2399 4148 ἦ
2432 4076 2699 4149 Τούρκων
2755 4078 3038 4146 γενέσθαι,
3096 4079 3180 4133 ὅτι
3236 4080 3328 4134 καὶ
3373 4098 3511 4150 κομ-

1932 4171 2028 4221 παὶ
2094 4171 2189 4221 καὶ
2240 4169 2521 4240 χρειώδεις
2558 4169 2720 4225 εἰσίν.
2759 4169 2965 4226 Οιιετε.

2003 4260 2147 4315 Ibid.
2170 4259 2309 4333 [Τοῦ
2363 4263 2608 4331 κόμΰου.
2646 4261 2765 4317 Νοη
2831 4264 3131 4332 quemlibet
3186 4266 3400 4331 nodum,
3433 4265 3517 4320 vel

1935 4369 2055 4407 eum
2085 4354 2287 4419 solum,
2326 4370 2425 4407 vox
2463 4355 2670 4424 κόμῧος
2703 4359 2871 4410 menti
2908 4357 3119 4426 objicit.
3145 4356 3242 4412 Hic
3268 4373 3396 4412 vero
3424 4374 3516 4412 so-

318 4450 455 4503 Ibid.
522 4452 894 4520 Συρματέῖνον
942 4451 1295 4521 ﬁmbriatum,
1342 4467 1371 4511 a
1404 4461 1684 4523 syrmate;
1721 4466 1825 4521 quo

1936 4446 2042 4501 lius
2107 4448 2473 4516 imperatoriae
2541 4463 2758 4504 corona:
2811 4465 3121 4519 gemmeum
3176 4453 3377 4521 apicem
3427 4455 3514 4507 vel

256 4543 463 4597 nomine
493 4544 734 4613 intelligo
794 4544 1046 4614 utrinque
1108 4542 1467 4612 dependentia
1503 4559 1568 4597 ex
1614 4544 1822 4599 sciadio

256 4646 338 4685 seu
368 4635 509 4702 pileo
542 4634 703 4705 quasi
741 4634 966 4688 reticula
1030 4632 1124 4689 seu
1188 4634 1499 4705 funiculus;
1554 4650 1715 4705 quos,
1776 4636 1821 4689 si

259 4723 413 4789 lubet,
439 4728 618 4781 oculis
650 4726 923 4796 inspicere
958 4727 1235 4796 puterisin
1269 4727 1447 4781 tribus
1497 4727 1826 4797 imaginibus

259 4812 667 4884 imperatorum,
700 4832 822 4888 quae
854 4816 1105 4871 visuntur
1134 4818 1289 4871 initio
1346 4815 1641 4887 Nicephori
1690 4816 1820 4871 Gre-

259 4922 393 4975 gorae
425 4925 488 4964 ex
534 4911 776 4964 editione
803 4909 1099 4967 Basileensi
1155 4909 1314 4964 1562.
1372 4907 1488 4963 Non
1556 4909 1829 4965 absimilis

260 5008 335 5051 est
365 5000 591 5071 eiligies,
625 5016 790 5071 quam
810 4999 968 5055 nobis
994 4999 1419 5055 'l‘urco-Graecia
1451 5009 1826 5071 repraesentat.

260 5090 795 5162 Χρυσοκλαϐαρικόν,
828 5093 1213 5163 συρματέῖνον,
1248 5102 1307 5147 ut
1348 5108 1457 5146 non
1516 5093 1830 5150 referantur

260 5197 377 5239 cum
408 5182 575 5243 Juniu
606 5186 671 5239 ad
698 5185 946 5245 voculam
975 5184 1242 5257 ὀνόματα,
1262 5185 1353 5245 sed
1385 5186 1451 5243 ad
1472 5185 1653 5256 ipsum
1687 5186 1832 5242 scia-

259 5274 404 5331 dion.
461 5276 666 5337 (iners.

328 5365 481 5435 Ibid.
504 5367 724 5441 [Σύρμα
750 5368 825 5431 nil
867 5368 1055 5429 minus
1078 5356 1255 5441 quam”
1298 5367 1427 5439 pilei
1462 5368 1688 5427 reticulo
1738 5383 1833 5423 seu

263 5454 519 5519 funiculo;
578 5457 766 5525 refert,
794 5469 853 5511 ut
914 5458 981 5511 ab
1025 5472 1091 5511 eo
1150 5458 1325 5527 pileus
1390 5459 1508 5530 ipse
1573 5468 1835 5516 noscatur

260 5547 554 5612 ﬁmbriam:
591 5565 611 5604 :
668 5551 872 5604 rectius
893 5565 1019 5604 cum
1047 5548 1253 5605 Graecia
1278 5551 1543 5605 hodierna
1566 5552 1837 5619 interpre-

264 5639 464 5692 tatieris
480 5657 669 5695 aurum
700 5641 917 5703 ductile,
951 5657 1159 5704 ατη-ωτι,
1189 5628 1439 5710 inquam,
1460 5642 1515 5697 in
1548 5642 1637 5707 ﬁla
1664 5642 1837 5696 satida

268 5734 512 5799 tractum,
544 5748 604 5785 or
649 5732 798 5796 trait,
845 5731 904 5800 ﬁl
941 5731 1073 5784 d’or.
1127 5730 1371 5787 Solidum
1428 5734 1576 5796 dixi,
1611 5734 1710 5790 hoc
1760 5743 1841 5790 cst

1925 4541 2257 4593 eminentem
2286 4538 2339 4592 in
2396 4554 2459 4594 ea
2513 4540 2809 4610 globulum,
2864 4559 2974 4611 quo
3046 4544 3286 4614 despotac
3341 4536 3516 4615 pileus

1926 4646 2035 4685 non
2074 4632 2386 4701 insignitur,
2426 4630 2611 4687 refert.
2639 4632 2838 4705 Coae]

2001 4720 2140 4775 Ibid.
2169 4723 2300 4777 Illud
2334 4725 2475 4793 πλήν
2506 4726 2613 4793 τῶν
2643 4728 2905 4792 φοινίκων
2928 4740 3023 4785 seu
3050 4728 3334 4793 φοινικίων
3355 4729 3515 4780 vertit

1927 4812 2125 4867 Junius
2150 4816 2379 4884 exceptis
2412 4816 2607 4876 neniis.
2634 4826 2687 4869 et
2720 4815 2770 4867 in
2792 4816 3017 4868 sclioliis
3047 4816 3331 4883 explicans
3379 4816 3511 4883 quid

1930 4905 2257 4967 sinttaeniae,
2288 4906 2364 4959 ait
2390 4920 2513 4960 eSSe
2546 4907 2703 4959 vittas
2740 4904 3009 4976 oblongas,
3052 4907 3240 4976 quibus
3256 4917 3514 4972 tanquam

1932 5001 2058 5054 loris
2083 5012 2259 5069 partes
2285 4999 2449 5066 apicis
2489 4999 2782 5052 commissa:
2815 5009 2864 5053 et
2895 5011 3099 5054 sutura
3126 5002 3341 5056 obtectw
3363 5009 3511 5054 sunt.

1931 5090 2043 5158 Ego
2064 5100 2117 5145 et
2154 5091 2243 5144 hic
2276 5099 2329 5143 et
2363 5088 2503 5142 infra
2535 5089 2680 5143 malo
2709 5090 2991 5160 palmulis.
3040 5092 3192 5161 Apud
3256 5090 3514 5161 Capitoli-
3578 5078 3581 5083 ’

1932 5197 2062 5235 num
2095 5183 2148 5235 in
2183 5180 2473 5236 Gordiaois
2497 5191 2581 5239 est
2607 5179 2845 5247 palmata
2881 5184 3060 5236 tunica
3090 5192 3139 5237 et
3176 5195 3298 5252 toga
3349 5184 3513 5252 picta.

1933 5272 2135 5331 (iners.

2010 5364 2152 5418 Ibid.
2185 5361 2469 5434 [Fructus,
2501 5380 2605 5419 non
2633 5364 2758 5421 folia
2781 5365 3099 5435 palmarum.
3120 5367 3172 5421 in
3200 5367 3301 5421 hac
3322 5365 3507 5420 dictio.

1941 5471 2009 5511 ne
2042 5456 2285 5525 legendi.
2327 5456 2586 5530 Dactylos
2646 5460 2908 5514 hodierna
2949 5458 3154 5515 Graecia
3179 5468 3336 5512 vocat
3399 5474 3515 5525 φοι-

1940 5548 2118 5602 νίκιαι
2144 5549 2218 5606 illi
2246 5566 2376 5605 vero
2411 5552 2464 5605 in
2491 5567 2606 5605 uva;
2634 5568 2864 5619 morem,
2884 5553 3070 5622 granis
3094 5564 3275 5631 tamen
3297 5552 3515 5623 longius

1940 5640 2153 5695 dissitis
2185 5657 2247 5695 ac
2279 5657 2435 5711 mage
2487 5642 2764 5712 pendulis,
2798 5658 2831 5697 e
2891 5644 3069 5697 trunci
3140 5642 3367 5709 vertice,
3410 5659 3519 5712 qua

1944 5734 2082 5790 rami
2112 5744 2435 5803 nascuntur,
2475 5736 2727 5801 pendent.
2754 5734 2833 5802 Ab
2868 5735 3081 5792 arboris
3110 5736 3175 5792 ad
3222 5737 3514 5806 impetatoo

2794 5998 2821 6005 ’-
