3952 6222
428 234 535 303 Si?

1499 247 1579 305 ΙΝ
1624 248 1935 313 LIBRUM
1985 255 2083 315 DE
2147 254 2479 317 OFFlClIS
2513 258 2628 322 (ΞΡ.

3567 264 3669 333 248

435 362 509 412 ris
538 359 793 412 verticem
855 356 1134 420 translatis
1190 357 1365 413 oculis
1388 369 1593 414 sertum
1658 378 1986 434 gemmeumI

2097 384 2190 432 τος
2238 368 2554 440 περιειλησε
2585 369 2675 424 τὸν
2702 370 2883 439 λύγον.
2911 372 3080 444 Cujus
3098 374 3205 431 alia
3236 374 3400 432 lectio
3428 379 3566 435 inter
3590 401 3669 439 ra-

427 448 626 505 cassidi
653 448 733 501 vel
758 446 889 515 ejus.
907 448 1182 503 stemmati
1210 448 1480 515 eminens,
1510 451 1589 506 vel
1642 454 1708 508 ad
1749 456 1995 512 dextram

427 557 612 595 aurem
637 539 914 593 volitantis
938 540 1109 594 instar
1167 541 1370 612 pluma
1428 541 1685 610 affixum,
1746 547 2000 614 φοίνικας

426 633 505 687 vel
540 632 784 700 φοινίκια
811 632 1095 696 vocitabis,
1118 636 1273 702 quasi
1324 651 1601 700 gemmeos
1660 637 1855 707 capitis
1898 641 1996 702 vel

420 739 638 779 corona:
690 724 898 780 botros.
961 723 1037 777 Ita
1088 725 1281 779 scribit
1320 724 1589 796 Georgius
1612 725 1870 784 Coresius
1901 729 1993 784 :id

422 825 692 869 testantur
726 816 949 886 antiqua
999 814 1315 871 Graecorum
1351 816 1744 887 imperatorum
1778 819 1994 875 numis-

423 916 587 960 mata.
614 896 814 978 συλλ]
1824 908 1827 909 ν

489 996 629 1052 Ibid.
662 999 881 1070 'lloixov
909 998 1001 1053 τοῦ
1027 1000 1286 1056 δεσπότου
1321 1002 1436 1055 sive
1461 1000 1682 1073 ρουχίον
1705 1012 1789 1058 est
1817 1003 1987 1073 ipsis-

415 1090 555 1145 sima
587 1092 982 1147 Germanorum
1021 1094 1211 1148 vocula
1252 1093 1392 1148 rock.
1444 1091 1660 1149 Nicetas
1693 1094 1748 1149 in
1770 1096 1987 1150 Andro-

415 1198 537 1237 ιι.εο
565 1183 605 1239 1.
642 1200 716 1238 tt:
748 1184 1027 1254 Φοροῦντα
1060 1186 1255 1256 ῥοῦχον
1288 1190 1508 1255 σχιστὸν
1560 1187 1723 1256 μέχρι
1754 1187 1847 1239 καὶ
1876 1187 1984 1240 τῶν

411 1277 676 1343 γονάτων.
705 1276 999 1347 llelgaldus
1023 1277 1075 1329 in
1103 1277 1208 1329 vita
1239 1278 1380 1345 regis
1413 1275 1660 1331 Roberti:
1689 1277 1900 1331 Exuens
1930 1293 1984 1330 se

411 1372 712 1423 vestimento
768 1386 1050 1437 purpureo,
1108 1368 1245 1437 quod
1305 1369 1483 1437 lingua
1530 1369 1729 1422 rustica
1785 1369 1981 1431 dicitur

410 1476 583 1514 rocus.
620 1460 757 1514 Hinc
785 1472 946 1515 etiam
983 1462 1251 1513 rae/aetum
1290 1476 1390 1513 vox
1426 1466 1630 1530 saepius
1683 1461 1847 1515 obvia
1921 1461 1977 1519 in

410 1552 565 1607 libris
599 1552 913 1615 ritualibus,
967 1553 1272 1618 prarsertim
1310 1552 1594 1606 Romanis.
1647 1551 1775 1605 lude
1810 1552 1976 1605 etiam

326 1676 341 1693 .
410 1645 730 1711 ρουχαρεῖον
761 1645 1088 1708 vestiarium,
1124 1659 1221 1697 vox
1259 1652 1446 1697 nostro
1500 1658 1721 1713 quoque
1766 1644 1977 1699 Codino

411 1745 689 1804 usurpata.
722 1734 926 1790 Gners.

488 1827 632 1881 Ibid.
664 1827 934 1899 [DeSpotte
991 1830 1186 1899 ροῦχον
1226 1829 1539 1900 huiusmodi
1579 1830 1695 1885 sive
1731 1831 1976 1896 ἱμάτιον,

409 1923 452 1974 si
486 1920 837 1990 imperatorio
862 1940 967 1975 twn
993 1923 1258 1978 absimilis
1286 1936 1370 1978 est
1409 1923 1618 1988 formas,
1656 1923 1859 1986 σάκκος
1923 1925 1976 1976 ἱιι

409 2016 677 2070 secuturis
705 2014 938 2080 dicetur,
979 2016 1158 2069 tunica
1186 2017 1442 2071 nimirum
1476 2032 1507 2071 e
1558 2016 1747 2071 villoso
1804 2016 1980 2070 serito

407 2102 570 2156 nullis
589 2103 744 2171 plicis
772 2104 1090 2171 conspicua,
1128 2105 1220 2159 sed
1251 2108 1401 2161 circa
1428 2115 1619 2175 pectus
1647 2114 1702 2160 et
1763 2106 1981 2160 lumbos

406 2194 673 2260 strictior,
708 2196 874 2264 paulo
913 2196 1071 2250 latior
1102 2198 1247 2252 circa
1302 2198 1487 2266 pedes,
1552 2206 1722 2253 totum
1783 2212 1982 2267 corpus

408 2286 672 2340 ambiens.
695 2284 764 2340 Ut
784 2287 950 2351 illam,
972 2287 1127 2343 clade
1159 2290 1211 2343 in
1240 2290 1379 2342 bello
1404 2298 1647 2358 accepta,
1680 2288 1854 2342 tristis
1876 2308 1903 2341 a
1922 2304 1983 2344 se

407 2374 920 2444 ahjeceritloanues
946 2379 1170 2447 despota
1192 2379 1469 2435 Michaelis
1484 2379 1766 2450 Palzcologi
1795 2380 1980 2447 frater,

404 2476 590 2522 narrat
629 2467 901 2538 Gregoras
932 2486 961 2524 v
996 2472 1093 2528 ult.
1124 2471 1323 2545 Go.\n.]

478 2558 563 2615 Ib.
612 2560 796 2627 Ῥίζας
818 2566 1344 2636 Θιστρατηλατίκια,
1376 2566 1761 2633 interpretatur
1788 2565 1986 2621 Junius

407 2654 627 2712 lacinta‘s
654 2665 711 2710 et
740 2656 1015 2711 lemniscos
1043 2644 1320 2713 militares.
1347 2659 1547 2714 Gnsrs.

481 2744 625 2799 Ibid.
647 2745 895 2818 [Regiam
924 2750 1337 2821 Sandionysiaci
1357 2753 1627 2806 abbatiam
1643 2769 1710 2807 eo
1734 2754 1837 2806 line
1862 2766 1986 2820 pro-

405 2835 581 2892 fectus
613 2846 670 2891 ut
699 2837 963 2893 Manuelis
993 2841 1344 2907 imperatoris
1376 2841 1604 2897 llelenes
1667 2843 1984 2911 imperatri-

406 2927 510 2988 eis,
539 2926 772 2983 Joannis
827 2930 1043 2998 imperii
1102 2933 1340 3000 collega‘,
1402 2931 1672 2988 Theodori
1721 2933 1981 3002 despuite.

406 3019 701 3075 Andronici
733 3020 1163 3076 αὐθεντοπούλου
1199 3010 1625 3095 ΡοΙωοιοεοτιιιη
1660 3039 1727 3078 eo
1789 3040 1871 3078 ms
1919 3024 1980 3079 S.

406 3108 647 3180 Dionysii
681 3126 931 3180 operum,
958 3115 1101 3183 quod
1138 3114 1353 3171 Manuel
1383 3118 1677 3186 praedictus
1702 3125 1979 3171 coa-taneo

407 3202 512 3256 sibi
537 3202 1014 3259 Cltristianissimo
1061 3204 1395 3262 Francorum
1460 3209 1568 3278 regi
1619 3208 1859 3269 donavit,
1890 3222 1984 3262 ex—
2034 3258 2035 3263 η

405 3306 623 3359 pressas
651 3293 717 3347 ad
743 3296 922 3348 vivum
951 3295 1161 3365 efﬁgies
1191 3337 1206 3360 ,
1246 3298 1431 3352 vultus
1460 3339 1473 3361 ,
1502 3308 1818 3360 stemmata,
1885 3312 1983 3367 ge-

408 3396 535 3459 stus
557 3421 573 3446 ,
601 3396 778 3440 vestes
808 3423 825 3450 ,
856 3388 1087 3442 restium
1128 3390 1361 3455 colores,
1386 3389 1645 3453 formam,
1665 3399 1982 3443 ornamenta

407 3474 790 3544 conspicerem
848 3479 1111 3534 attentius
1158 3489 1214 3534 et
1266 3481 1637 3546 observarem,
1702 3490 1981 3550 perspecta

406 3569 633 3623 coccina
657 3568 898 3645 despotre
926 3572 1108 3625 tunica
1141 3571 1412 3642 ligataque
1427 3572 1496 3627 ad
1517 3571 1716 3627 collum
1741 3570 1981 3638 ejusdem

407 3661 608 3715 coloris
630 3662 915 3733 chlamyde
946 3701 963 3725 .
996 3662 1154 3733 cujus
1214 3664 1405 3718 dextra
1457 3678 1583 3733 pars
1635 3664 1687 3716 in
1733 3665 1982 3717 dextrum

409 3756 701 3810 humerum
733 3756 1029 3810 revolvitur
1064 3797 1081 3822 ,
1115 3759 1167 3812 in
1216 3756 1396 3811 tunica
1437 3756 1521 3826 (ea
1552 3756 1738 3811 talaris
1789 3766 1869 3810 est
1917 3756 1983 3809 ad

408 3845 550 3900 sacci
577 3846 821 3917 modum)
857 3862 1039 3902 ramos
1076 3863 1271 3903 aureos
1313 3848 1671 3902 animadverti
1718 3849 1985 3917 depictos.

409 3932 856 4006 chlamydemque
882 3935 1116 4005 Phrygio
1145 3952 1426 4008 aureoque
1456 3952 1621 4007 Opere
1672 3954 1982 4007 respersam

413 4034 581 4079 totam
610 4065 629 4091 ,
652 4042 746 4095 per
774 4029 944 4095 spatia
967 4030 1215 4095 quaedam
1244 4028 1296 4082 in
1341 4031 1531 4085 orbem
1572 4029 1761 4085 relicta
1794 4030 1986 4101 bicipi-

414 4112 560 4167 tibus
599 4104 803 4181 aquilis
847 4130 982 4167 auro
1009 4118 1213 4184 pariter
1236 4120 1513 4188 expressis
1538 4120 1589 4174 iu
1626 4135 1690 4174 ea
1726 4120 1986 4189 fulgenti-

412 4208 538 4261 bus.
572 4208 651 4258 An
684 4220 848 4260 aurea
904 4209 1127 4262 ramalia
1163 4212 1398 4265 radicum
1435 4212 1609 4266 instar
1640 4228 1734 4283 per
1759 4222 1987 4277 vestem,

415 4297 581 4351 nttllis
607 4306 785 4352 tamen
811 4298 1007 4367 aquilis
1030 4311 1300 4366 ornatam,
1335 4306 1605 4373 serpentia
1628 4306 1805 4374 ῥίζας,
1832 4306 1986 4374 aqui-

2107 458 2217 523 rias
2252 460 2448 514 scribit
2471 460 2551 531 τῷ
2578 461 2678 529 μὲν
2704 464 3005 534 ταμπαρεῳ
3052 466 3147 520 τοῦ
3178 472 3433 537 σώματος
3471 476 3668 542 «spul-

2102 547 2235 611 λησε
2259 550 2351 604 τὸν
2369 551 2555 620 λόγον.
2580 553 2647 609 Ut
2672 565 2952 622 gereretur
2970 557 3051 611 vel
3075 572 3274 629 corpus
3297 561 3545 626 ambiret,
3558 564 3668 619 hac

2099 640 2203 693 alia
2225 642 2509 711 scriptoris
2538 642 2783 711 ejusdem
2814 645 2977 698 verba
3005 646 3286 702 declarant
3309 650 3344 703 l.
3382 666 3441 705 III
3467 668 3481 705 :
3520 653 3664 705 Χλαο

2101 729 2245 799 μύδα
2268 731 2584 802 ᾐσθημένος
2613 734 2976 805 ἀστειοτέραν
3032 737 3165 805 περὶ
3194 738 3285 791 τὸν
3313 738 3491 805 δεξιὸν
3507 734 3659 811 ὦμον

2097 823 2529 894 περονουμένην,
2554 825 2653 879 καὶ
2689 828 2953 894 ἀφιεῖσαν
3009 828 3311 899 ἐλευθέραν
3359 833 3457 898 τὴν
3507 837 3664 905 χεῖρα

2095 909 2236 962 una.
2260 910 2319 964 τὸ
2346 912 2638 983 πόρπημα.
2667 914 2766 970 Ubi
2802 931 2932 970 vero
2953 918 3266 988 ταμπαρίου
3301 920 3419 975 vice
3448 926 3664 976 ταππὰ-

2092 1017 2208 1070 ριον
2231 1003 2313 1055 vel
2342 1004 2641 1074 ταόὁάριον
2666 1006 2957 1077 legendum
2986 1018 3147 1078 putat
3193 1009 3459 1069 Meursius
3517 1016 3665 1071 nullo

2092 1101 2338 1156 auctore,
2379 1104 2632 1165 nugatur.
2661 1093 2859 1169 Gutta]

2157 1181 2352 1238 Junius
2416 1186 2467 1239 iit
2528 1186 2739 1242 Codino
2804 1191 3091 1248 confundit
3142 1198 3465 1266 margaritas
3537 1214 3660 1255 cum

2086 1275 2375 1344 margellts,
2412 1286 2466 1332 et
2491 1278 2541 1332 id
2576 1282 2718 1349 quod
2747 1298 2813 1337 ex
2863 1285 3138 1354 margellis
3158 1298 3394 1353 constat,
3424 1304 3546 1344 cum
3573 1291 3663 1345 illo

2083 1364 2225 1433 quod
2246 1378 2460 1422 constat
2486 1384 2547 1423 ex
2572 1374 2902 1439 margaritis,
2930 1390 3052 1429 cum
3085 1384 3266 1431 tamen
3294 1379 3436 1433 haud
3459 1382 3656 1448 exiguo

2082 1455 2396 1513 discrimine
2430 1460 2653 1515 distent.
2693 1462 2828 1516 Nam
2860 1467 3116 1536 margella
3160 1468 3433 1536 signiﬁcat
3492 1470 3655 1536 1)υο-

2082 1548 2294 1601 rallium
2328 1549 2657 1621 lapidem,2)
2683 1555 2868 1608 ﬂorem
2903 1572 2997 1610 seu
3030 1558 3247 1611 herbam
3271 1561 3655 1628 auagallidem'

2080 1653 2197 1705 qmc
2226 1640 2419 1694 rubore
2442 1642 2722 1697 corallium
2757 1648 3037 1711 mentitur,
3085 1648 3292 1704 Gallice
3358 1652 3661 1720 morgelline

2019 1738 2056 1791 Β
2086 1746 2180 1784 seu
2218 1723 2546 1802 merget/ina,
2581 1738 2734 1802 quasi
2775 1755 2993 1795 morsus
3020 1742 3261 1810 gallinae.
3288 1742 3537 1813 Egineta
3569 1761 3660 1796 χο-

2085 1822 2311 1893 ραλΜαν
2335 1828 2589 1893 appellat.
2622 1829 2675 1895 3)
2706 1830 2758 1882 ld
2794 1833 2937 1900 quod
2979 1834 3163 1903 norem
3189 1844 3244 1890 et
3300 1835 3531 1904 lapidem
3561 1852 3657 1890 co-

2082 1914 2292 1966 rallium
2318 1916 2578 1973 imitatur.
2608 1918 2870 1992 QOmnis
2901 1924 3114 1993 generis
3146 1926 3382 1993 pretiosa
3402 1937 3454 1982 et
3477 1927 3657 1981 disco-

2083 2004 2215 2058 loria
2250 2018 2564 2063 assumenta
2597 2013 2837 2066 vestibus
2868 2016 3160 2084 superaddi
3190 2017 3369 2070 solita.
3399 2018 3659 2089 Μαργέλ-

2085 2097 2195 2150 λιον
2224 2114 2363 2168 εαιῃο
2400 2101 2540 2155 idem
2577 2104 2845 2174 signiﬁcat
2868 2109 3011 2176 quod
3046 2107 3321 2177 margella.
3347 2108 3658 2179 Aliquando

2081 2192 2416 2255 margellium
2450 2202 2533 2248 est
2564 2194 2775 2249 ﬁmbria
2805 2213 2899 2251 seu
2936 2189 3135 2254 limbus
3164 2216 3226 2253 ex
3266 2202 3525 2270 margella
3551 2216 3651 2255 seu

2082 2282 2330 2337 corallio.
2368 2281 2778 2355 Moschopulus:
2814 2288 2987 2358 Λῶμα
3044 2291 3103 2342 τὸ
3135 2292 3230 2344 ἀπ’
3280 2282 3452 2362 ἄκρου
3507 2294 3660 2356 τινὸς

2083 2371 2448 2449 ἐκτεταμένον
2474 2375 2566 2425 καὶ
2597 2376 2763 2427 οἱονεὶ
2832 2377 3014 2446 ὀρίζον
3043 2380 3199 2448 αὐτὸ,
3255 2381 3325 2444 ὡς
3349 2382 3407 2435 τὸ
3463 2385 3662 2446 κοινῶς

2082 2458 2374 2527 λεγόμενον
2409 2464 3065 2536 μαργέλλιον.λωμάτιον,
3124 2472 3345 2539 parvula
3410 2456 3657 2540 ﬁmb‘ria,

2083 2568 2275 2620 parvus
2307 2553 2498 2607 limbus
2534 2572 2622 2609 seu
2646 2557 2922 2613 limbulus.
2947 2558 3115 2614 Porro
3144 2577 3174 2616 a
3201 2562 3366 2632 λῶμα
3389 2564 3452 2616 τὸ
3472 2564 3664 2633 λωμάο

2082 2660 2193 2695 τιον
2210 2653 2393 2698 natutn
2425 2646 2639 2701 videtur
2670 2648 3052 2706 Germanicum
3069 2669 3204 2718 sam,
3225 2670 3397 2718 suum,
3418 2653 3663 2721 ﬁmbria,

2083 2734 2112 2785 λ
2138 2736 2190 2786 in
2211 2733 2249 2788 S
2274 2746 2497 2793 mutato.
2520 2738 2805 2795 Balsamon
2843 2742 2907 2795 ad
2928 2742 2995 2796 27
3019 2760 3279 2799 canonem
3303 2744 3653 2816 Trullanum:

2098 2826 2261 2879 Ἀλλὰ
2302 2828 2371 2881 τὰ
2410 2829 2680 2900 πολυτελῆ
2745 2833 3137 2900 χρυσοΰφαντα
3172 2818 3540 2905 ’ἐπιϐλήματα
3595 2841 3666 2889 τὰ

2086 2916 2398 2983 δημοτικῶς
2430 2918 2701 2989 λεγόμενα
2748 2923 3078 2991 μαργέλ).ια,
3106 2926 3410 2993 γράμματα
3442 2929 3536 2980 καὶ
3571 2929 3666 2980 ἀν-

2088 3007 2314 3071 τίπανα,
2350 3010 2445 3061 καὶ
2477 3012 2544 3063 τὰ
2589 3011 2654 3063 ὲκ
2688 3012 2956 3083 κογχύλης
2996 3015 3403 3086 πορφυρέξοντα
3444 3018 3662 3088 ἱμάτια.

2084 3098 2390 3154 Grammata
2410 3113 2457 3155 et
2487 3104 2761 3172 antipana,
2786 3106 2943 3174 quasi
2976 3109 3138 3176 panni
3166 3109 3361 3175 pannis
3395 3111 3662 3179 oppesiti,

2083 3202 2134 3247 et
2154 3211 2417 3262 purpurea
2440 3198 2768 3251 vestimenta.
2798 3200 2940 3252 Puto
2958 3200 3246 3266 legendum
3269 3202 3531 3270 γὰμματα
3564 3217 3664 3270 pro

2084 3285 2390 3355 γράμματα.
2422 3305 2435 3340 :
2464 3303 2585 3340 nam
2619 3299 2785 3342 vestes
2813 3301 3097 3357 gemmata:
3142 3302 3281 3345 noue
3322 3302 3450 3345 sunt
3509 3293 3659 3361 apud

2083 3376 2327 3449 Graecos,
2354 3388 2406 3431 et
2434 3377 2486 3430 in
2523 3377 2859 3433 Balsamonis
2889 3382 3077 3436 meleta
3125 3383 3193 3437 de
3222 3383 3657 3449 patriarcharum

2087 3468 2379 3539 privilegiis
2411 3470 2577 3526 habes
2638 3472 2921 3541 στιχάριον
2972 3474 3059 3527 διὰ
3110 3476 3444 3545 γαμμάτων.
3504 3473 3657 3529 Idem

2084 3558 2369 3615 Balsamou
2404 3562 2473 3616 ad
2506 3579 2770 3617 canonem
2812 3564 2876 3617 l6
2909 3566 3136 3619 concilii
3196 3568 3443 3635 septimi,
3502 3567 3656 3637 quod

2084 3664 2164 3708 est
2192 3657 2491 3708 secundum
2539 3654 2839 3721 Nicmnum,
2891 3656 3018 3710 οὔτε
3048 3660 3172 3711 τινὰ
3198 3659 3496 3729 ἑτερόχροα
3524 3659 3659 3711 ἐπι-

2086 3744 2341 3815 ϐλὴματα
2364 3748 2766 3816 προσετίθεσαν
2794 3751 2853 3802 ὲν
2882 3753 2993 3813 τοῖς
3020 3750 3230 3821 ἄκροις
3276 3751 3389 3805 τῶν
3420 3751 3661 3821 ἱματίων

2086 3837 2257 3904 ἤγουν
2292 3838 2623 3907 μαργέλλια.
2654 3838 2755 3895 Ubi
2789 3840 3145 3897 doctissimus
3194 3844 3277 3896 vir
3344 3841 3662 3897 Gentianus

2087 3928 2355 3983 Henetus
2386 3932 2450 3984 ad
2476 3931 2774 4003 marginem
2812 3942 3001 3988 notat:
3053 3933 3340 4003 Μαργέλια
3367 3935 3469 4002 (sic
3506 3935 3660 3989 enim

2088 4019 2299 4089 scribit)
2338 4032 2463 4088 puto
2494 4002 2689 4074 dictum
2724 4038 2836 4076 esse
2869 4039 2900 4074 a
2947 4002 3169 4086 Grecis,
3230 4033 3483 4093 corrupta
3536 4026 3664 4076 dic-

2092 4115 2247 4177 tione,
2281 4115 2437 4183 quasi
2471 4116 2809 4185 marginalia.
2843 4117 2945 4171 Cui
2993 4118 3329 4186 conjectura:
3360 4118 3490 4187 quid
3514 4117 3665 4171 veri-

2090 4206 2499 4259 similitudinem
2526 4207 2801 4272 conciliet,
2840 4209 2974 4261 nihil
3013 4210 3170 4263 video
3203 4219 3400 4279 praeter
3469 4209 3663 4262 nomi-

2092 4312 2220 4350 num
2254 4298 2542 4365 quamdam
2577 4298 2986 4353 similitudinem
3019 4317 3033 4365 ;
3079 4309 3132 4353 et
3165 4301 3294 4368 quia
3342 4300 3395 4353 in
3430 4301 3671 4369 margel~

412 4391 493 4446 lis
518 4405 646 4443 vero
665 4392 915 4459 primawa
934 4390 1298 4447 Romanorum
1317 4397 1466 4464 signa
1493 4396 1747 4449 militaria
1766 4414 1986 4466 στρατη-

2100 4386 2165 4440 lis
2191 4396 2244 4440 et
2284 4388 2576 4457 margelliis
2609 4405 2912 4455 versamur,
2948 4390 3179 4445 Cedreni
3212 4392 3398 4445 locum
3430 4392 3485 4443 in
3553 4390 3662 4443 Mi-

413 4480 637 4534 λατίκια
672 4497 948 4548 vocarent,
976 4484 1179 4540 dubius
1212 4486 1442 4553 primum
1464 4487 1613 4541 haesi.
1642 4486 1814 4540 Sensu
1838 4503 1991 4540 tuen-

418 4574 594 4642 tisquc
611 4573 886 4629 dubietate
905 4589 1059 4645 teque
1093 4575 1255 4630 docto
1297 4592 1361 4632 ac
1407 4578 1535 4630 mihi
1569 4578 1833 4632 benevolo
1886 4578 1992 4648 (ΖΓ

418 4669 538 4723 rillo
570 4666 858 4737 Campana:
880 4669 1096 4723 Chiensi
1122 4669 1353 4733 detecta,
1387 4668 1612 4723 dubium
1641 4668 1730 4721 ille
1764 4670 1991 4737 probato

415 4777 579 4816 sensu
619 4758 847 4829 depulit.
890 4759 994 4826 Tu,
1032 4762 1228 4825 lector,
1259 4760 1456 4814 eruditi
1505 4760 1669 4831 22aI
1710 4759 1992 4829 Graecique

414 4853 513 4905 \iri
570 4852 896 4906 auctoritate
955 4850 1196 4912 laudata,
1245 4848 1472 4903 lacinias
1592 4847 1991 4916 lemniscosque

415 4941 679 4995 militares
712 4941 952 5010 antiquis
980 4938 1242 4993 Romanis
1278 4939 1572 5009 relinques,
1609 4948 1661 4993 et
1712 4938 1764 4990 in
1801 4952 1991 4992 recen-

415 5032 549 5085 tiore
579 5032 891 5087 Graecarum
923 5032 1151 5086 vestiqu
1187 5048 1286 5087 usu
1322 5047 1429 5087 non
1461 5032 1563 5085 nisi
1615 5031 1759 5098 quod
1795 5031 1989 5084 oculus

412 5126 589 5177 cernit
622 5134 674 5179 et
706 5119 844 5178 ratio
884 5124 1077 5179 suadet
1106 5124 1414 5180 adnotabis.
1465 5120 1664 5194 Ceam]

485 5213 629 5270 Ibid.
681 5217 1011 5286 Ταμπέίριον
1064 5230 1164 5285 pro
1194 5216 1512 5284 ταππάριον
1535 5216 1648 5270 sive
1671 5212 1985 5282 τα66άριον,

413 5312 475 5359 ut
505 5310 846 5377 μαμπάριον,
889 5307 1229 5377 μαππάριον,
1256 5307 1530 5374 ὀμφῖκιον,
1564 5304 1839 5373 ὁφφεκιον,
1885 5304 1989 5359 Ita-

413 5397 576 5451 licum
625 5400 860 5459 tabarro.
892 5402 1111 5467 penula,
1146 5398 1403 5467 chlamys.
1437 5395 1643 5451 Gasrs.

469 5485 859 5557 [Ταμπάριοη
900 5489 1133 5558 chlamys
1184 5487 1524 5555 imperatoria
1568 5486 1636 5539 ad
1689 5485 1851 5553 pedes
1887 5485 1982 5539 de-

416 5578 611 5640 ﬂuens.
635 5580 885 5635 militaris
920 5594 1307 5646 nonnunquam
1327 5586 1379 5631 et
1403 5577 1640 5630 brevior.
1689 5576 1905 5631 Nicetas
1931 5576 1983 5628 in

422 5668 667 5724 Mauuclc
701 5670 1000 5738 Contnono,
1037 5671 1070 5725 ι.
1098 5686 1173 5725 tv;
1195 5670 1274 5740 Τῇ
1306 5668 1403 5739 μὲν
1429 5667 1770 5738 χλαμύδιτοῦ
1804 5666 1989 5735 σώμα-

2099 4480 2288 4534 chaele
2347 4478 2665 4536 Stratiotico
2767 4481 3097 4551 imperatore
3180 4483 3524 4554 ascribamus
3611 4491 3671 4536 et

2098 4572 2458 4639 explicemus.
2494 4574 2566 4625 Τό
2601 4590 2657 4625 τε
2684 4574 2792 4646 γὰρ
2820 4575 3114 4653 λεγόμενον
3149 4577 3485 4646 στρατήγιον
3520 4576 3669 4628 ἀνα·

2097 4664 2463 4734 καθαίρεσθαι
2492 4665 2777 4733 ἐκέλευσε,
2804 4670 2896 4721 καὶ
2926 4668 3025 4731 τὰς
3061 4669 3169 4721 τῶν
3208 4668 3447 4721 πολιτῶν
3486 4683 3671 4735 κεφα-

2094 4754 2194 4817 λὰς
2225 4758 2552 4819 σκέπεσθαι,
2585 4756 2661 4828 μὴ
2691 4756 2781 4810 διὰ
2835 4759 3183 4828 γραμμάτων
3216 4757 3292 4818 ὡς
3344 4759 3460 4821 νῦν,
3523 4757 3673 4809 ἀλλὰ

2093 4844 2179 4898 διὰ
2208 4846 2768 4917 μαργελλογρὰμμων
2792 4849 3018 4902 ὀθονίων
3059 4851 3123 4901 ὲκ
3181 4848 3386 4919 βύσσου
3449 4864 3674 4917 πορφυ-

2096 4938 2195 5007 ρᾶς
2223 4934 2640 5008 eammeam.
2662 4939 2836 4993 Iussit
2873 4941 3036 5010 (idem
3072 4940 3443 5009 Stratioticus)
3468 4957 3673 5009 expur-

2091 5032 2207 5102 gari
2240 5032 2569 5099 strategium,
2600 5040 2731 5095 etc.,
2757 5042 2804 5085 et
2829 5036 3000 5099 capita
3021 5034 3210 5086 civium
3244 5033 3342 5103 tegi
3371 5032 3532 5100 225
3555 5050 3670 5087 non

2094 5115 2341 5172 litteratis
2376 5119 2544 5186 pileis,
2582 5128 2637 5171 ut
2678 5134 2813 5171 nunc
2868 5119 3030 5172 moris
3096 5129 3195 5185 est,
3257 5120 3346 5172 sed
3408 5120 3670 5187 inargella

2092 5194 2373 5273 ﬁmbriatis
2410 5208 2580 5260 linteis
2617 5222 2681 5259 ea:
2720 5208 2870 5275 bysso
2929 5223 3194 5277 purpurea
3260 5210 3434 5263 textis.
3483 5208 3667 5275 Quem

2092 5301 2272 5353 locum
2334 5301 2598 5369 interpres
2648 5300 2877 5354 Cedreni
2904 5316 2963 5355 se
3013 5318 3122 5355 non
3173 5316 3366 5371 capere
3422 5302 3671 5370 ingenue

2093 5391 2411 5457 (conﬁtetur,
2434 5400 2487 5445 et
2527 5405 2659 5445 sane
2681 5390 2921 5446 diliicilis
2980 5401 3064 5448 est
3098 5382 3120 5459 ’;
3152 5409 3308 5463 quem
3357 5393 3685 5463 planiorem.

2094 5483 2271 5536 reddit
2308 5483 2396 5535 illa
2429 5480 2650 5536 Meursii
2690 5483 3027 5551 emendatio,
3090 5484 3662 5554 μαργελλογράμμων

2092 5592 2187 5647 pro
2220 5575 2721 5645 μεγαλογράμμων.
2750 5574 2859 5645 Ego
2886 5577 3117 5630 libenter
3151 5591 3248 5645 pro
3274 5578 3361 5629 διὰ
3385 5577 3671 5645 γραμμά-

2094 5684 2203 5721 των
2237 5665 2468 5734 legerem
2503 5664 2591 5719 διὰ
2628 5665 2935 5732 γαμμὰτων
2996 5684 3007 5721 :
3060 5681 3184 5721 nam
3208 5674 3264 5721 ut
3314 5674 3489 5722 vestes
3523 5665 3664 5723 olim
