3952 6222
268 299 368 363 249

1359 296 1743 359 GBETSERI
1801 296 1894 354 ΕΤ
1935 293 2174 352 GOARI
2214 292 2448 352 ΝΟΤᾸί.

3384 274 3515 352 an)

274 411 670 480 gammalw.sie
695 419 750 464 et
789 419 1103 478 tegumenta
1133 409 1328 479 capitis
1365 420 1633 479 gemmata
1669 409 1837 463 fuisse
1865 410 1911 467 Α
1941 398 2177 459 tribunal
2210 416 2436 458 causam
2473 402 2670 458 refero.
2724 401 2804 456 llli
2846 402 2891 457 si
2952 401 3158 472 vulgari
3196 400 3509 456 Grmcoruin

276 499 543 553 videnlur.
579 498 777 555 Fateor
823 509 1008 555 tamen
1037 509 1092 554 et
1120 499 1207 554 hic
1232 509 1287 554 et
1320 500 1447 554 alibi
1482 500 1664 554 forsan
1712 498 1839 553 reti-

276 590 383 643 neri
416 603 578 659 posse
602 591 909 660 γράμματα
938 604 1038 658 pro
1059 584 1486 659 ydpparix,,cutu
1528 589 1689 642 etiam
1722 588 1840 641 alia:

276 681 482 743 litterae,
537 682 841 749 praesertim
894 684 954 744 A,
978 682 1223 736 vestibus
1274 680 1422 735 assui
1472 680 1731 743 solerent,
1781 686 1839 731 ut

276 772 490 840 p‘anum
523 774 581 825 lit
609 788 674 825 ex
724 772 1107 840 imperatorum
1137 772 1307 826 tribus
1337 770 1689 838 imaginibus,
1717 783 1838 840 qua

275 861 572 937 Nicephoro
609 861 866 934 Gregorio
914 874 1320 941 praeponuntur.
1351 862 1553 917 Gns'rs.

337 950 399 1007 P.
432 954 514 1007 I3.
538 951 602 1025 Α
629 955 1140 1023 inarginc,dicti0ne
1164 955 1375 1019 Latina,
1393 954 1722 1030 μαργέλλιον
1742 954 1838 1008 de—
1900 1004 1905 1010 .

277 1043 448 1097 rivant
486 1043 686 1110 Graeci,
735 1060 835 1100 nec
880 1046 1091 1101 corallii
1120 1045 1353 1116 pretium
1394 1047 1475 1100 vel
1509 1046 1836 1115 margellinze

278 1142 609 1186 venustatem
646 1135 932 1188 attendunt
961 1135 1148 1203 (prout
1183 1133 1473 1201 Meursius,
1507 1145 1559 1189 et
1588 1134 1679 1203 qui
1709 1150 1832 1189 eum

276 1221 611 1283 exscribunt.
638 1222 1171 1293 comminiscuntur),
1198 1232 1337 1281 utea
1363 1237 1493 1277 voce
1519 1222 1686 1276 vestis
1717 1221 1837 1274 lim-

278 1310 393 1362 bunt
445 1318 502 1364 et
533 1318 891 1363 assumentnnt
922 1313 1288 1380 quodcunque
1320 1312 1557 1366 discolor
1578 1311 1662 1365 vel
1701 1325 1837 1366 auro

282 1408 508 1465 textum,
552 1417 735 1470 panno
779 1402 1209 1472 superadditum,
1233 1410 1558 1472 exprlmant.
1586 1403 1834 1472 ld‘ipste-

280 1501 383 1545 mvt
415 1508 445 1546 a
479 1492 737 1548 Gretsero
777 1504 898 1563 post
935 1495 1229 1551 Meursium
1277 1498 1564 1567 exscripta:
1598 1497 1839 1553 auctori-

283 1596 413 1638 tates
444 1585 748 1658 evincunt.]
779 1587 945 1643 Gesn.

344 1676 488 1731 Ibid.
523 1679 789 1743 Κάλτζαι,
827 1681 1030 1751 caligae,
1078 1696 1144 1737 ex
1170 1682 1366 1738 Latino
1410 1683 1615 1737 calceus
1670 1684 1837 1751 magis

278 1782 432 1835 quam
462 1768 656 1839 caliga.
686 1770 754 1825 Et
774 1772 1119 1827 sumiturhic
1147 1789 1255 1827 non
1282 1788 1378 1843 pro
1399 1774 1609 1838 calceis,
1626 1775 1719 1828 sed
1742 1788 1840 1842 pro

279 1862 477 1914 braccis
499 1876 519 1913 :
557 1876 683 1916 nam
719 1862 885 1916 calcei
903 1862 1017 1932 jam
1052 1872 1379 1932 sequuntur.
1411 1863 1612 1933 Caliga;
1660 1870 1839 1917 tamen

278 1967 469 2006 nomen
509 1954 675 2007 etiam
707 1954 951 2010 calceum
1011 1957 1299 2011 militarem
1355 1957 1642 2027 signilical.
1707 1956 1842 2009 Hine

278 2041 434 2111 βουλὴ
454 2044 713 2111 καλίγων,
730 2056 944 2101 senatus
961 2047 1259 2115 caligarum
1275 2063 1370 2102 seu
1391 2048 1678 2117 caligatus,
1698 2048 1841 2116 apud

278 2132 525 2197 Dionem.
545 2136 582 2189 l.
610 2152 801 2203 vant,
827 2153 1071 2193 seomma
1097 2139 1151 2193 in
1179 2149 1449 2204 senatum,
1482 2140 1627 2208 quod
1651 2139 1841 2207 caligis

277 2224 389 2278 sive
419 2227 616 2283 calceis
644 2229 972 2286 militaribus
998 2240 1263 2286 uteretur.
1295 2232 1387 2286 Sic
1409 2232 1582 2300 caliga
1605 2231 1842 2285 sumitur

277 2315 340 2365 ah
362 2315 658 2386 interprete
686 2328 875 2379 nostro
896 2320 1018 2376 Act.
1050 2337 1156 2377 xtl:
1180 2322 1369 2378 Calcea
1397 2331 1445 2376 te
1475 2321 1674 2391 caligas
1697 2330 1838 2373 tuas.

276 2400 461 2457 Graece
490 2406 753 2477 ὑπόδησαι
783 2411 850 2463 τὰ
890 2411 1146 2466 σανδάλιά
1172 2429 1289 2478 σου,
1324 2411 1530 2481 subliga
1595 2411 1842 2464 sandalio

278 2506 390 2548 tua.
422 2494 622 2553 Gens.

353 2586 495 2641 Ibid.
524 2587 825 2661 [Nusquam
862 2593 1070 2647 calceus
1101 2593 1349 2659 Latinus,
1374 2596 1460 2649 vix
1508 2596 1682 2665 caliga
1713 2595 1838 2650 item

282 2678 491 2745 Latina,
535 2681 644 2736 imo
672 2684 979 2739 certissime
1009 2685 1268 2742 Italorum
1298 2685 1444 2741 calze
1475 2702 1663 2743 vocem
1708 2687 1841 2740 uiit-

276 2771 400 2831 τζαι
424 2770 628 2826 Graecis
648 2771 869 2827 dedere.
905 2772 1013 2828 Nec
1039 2774 1255 2829 braccas
1282 2775 1486 2845 itaque,
1513 2776 1695 2830 minus
1728 2775 1842 2829 cal—

275 2877 416 2922 ceos.
461 2865 556 2917 sed
595 2863 672 2917 vel
702 2864 910 2932 caligas
942 2866 1009 2920 ad
1044 2882 1229 2921 suram
1264 2882 1439 2937 usque
1485 2868 1841 2922 ascendentes

279 2952 358 3005 vel
389 2954 627 3023 integras
658 2970 848 3010 ocreas
874 2959 1164 3026 signiﬁcat.
1200 2958 1341 3014 Usus
1371 2959 1625 3030 loquendi
1653 2975 1841 3015 recen-

279 3043 384 3096 tior
422 3060 643 3099 sensum
677 3048 900 3101 allatum
935 3049 1148 3118 probat,
1178 3053 1612 3123 conlirmantque
1635 3057 1686 3109 in
1724 3056 1840 3109 vul-

277 3136 500 3204 garibus
547 3138 741 3193 lexicis
771 3138 1135 3210 Hieronymus
1192 3142 1497 3200 Germanus
1555 3156 1611 3202 et
1650 3148 1839 3206 Simon

280 3226 522 3293 Pot-tius,
554 3231 647 3299 qui
694 3232 820 3287 licet
851 3235 1089 3306 κάρτζαι
1116 3240 1480 3294 communiori
1519 3246 1842 3310 pronuntias

278 3319 413 3372 tioni
465 3321 735 3377 calamum
793 3338 1146 3396 exequantes
1179 3331 1424 3386 scribant
1478 3335 1845 3402 (substituunt

277 3410 427 3463 enim
456 3411 708 3468 hodierni
742 3431 772 3483 ρ
796 3418 909 3471 vice
937 3417 986 3482 λ,
1010 3428 1063 3472 et
1092 3416 1279 3490 ἧρϐεν,
1308 3437 1417 3477 non
1447 3419 1631 3493 ἦλθεν,
1662 3426 1845 3497 ἁρμυ-

283 3498 395 3565 ρόν,
436 3515 544 3555 non
580 3502 823 3573 ἁλμυρόν
850 3504 1176 3576 proferunt).
1210 3510 1333 3563 usui
1367 3521 1544 3563 tamen
1579 3519 1634 3563 et
1660 3515 1844 3566 sensui

277 3591 509 3657 reddita,
544 3593 632 3648 hic
664 3593 854 3669 Latina
888 3611 1022 3651 voce
1054 3599 1285 3664 tibialia,
1318 3599 1408 3654 ille
1452 3599 1645 3667 Italica~
1677 3603 1845 3670 calas,

277 3687 515 3747 calceus.
547 3688 663 3741 suis
692 3687 913 3744 calculis
942 3696 1291 3746 attestantur.
1320 3688 1520 3761 Gesn]

352 3776 437 3832 Ib.
457 3778 726 3833 Διόολέα.
756 3776 1093 3834 Vocabulum
1131 3781 1233 3834 hoc
1262 3780 1546 3850 aliquoties
1578 3783 1718 3847 apud
1738 3782 1845 3836 Co-

280 3870 463 3924 dinnm
488 3870 705 3941 legitur.
742 3871 994 3934 Διὸολέος
1014 3872 1153 3925 idem
1174 3872 1318 3941 quod
1337 3872 1580 3936 διπλοῦς.
1612 3872 1716 3927 Pro
1739 3890 1847 3943 quo

285 3973 497 4018 veteres
526 3963 760 4029 δίὸολος,
811 3972 873 4018 ιιι
900 3963 1109 4027 ἄδολος
1136 3965 1352 4034 χλαῖνα.
1382 3964 1601 4030 Junius,
1631 3966 1848 4019 διϐολέα

281 4055 622 4125 ὑποδήματα,
672 4057 851 4111 bilices
910 4058 1093 4121 calcei,
1124 4068 1178 4112 et
1208 4058 1471 4122 διϐολιος,
1491 4059 1643 4121 bilis},
1681 4058 1734 4112 id
1765 4065 1850 4113 est

286 4158 501 4202 ornatus
526 4149 753 4203 bicolor:
777 4151 920 4207 licio.
946 4150 1053 4204 Sed
1085 4158 1142 4203 tu
1172 4149 1260 4204 dic
1288 4149 1549 4212 6t60).éo;.
1581 4166 1677 4205 seu
1708 4150 1849 4203 διϐο-

281 4238 400 4300 λέα,
448 4242 658 4307 quoties
697 4241 838 4308 apud
870 4240 1137 4295 Codicum
1202 4242 1465 4306 occurrit,
1516 4242 1651 4295 nihil
1701 4242 1845 4297 aliud

284 4344 402 4382 esse
426 4344 587 4396 quam
624 4329 821 4382 bicolor
840 4344 937 4383 seu
960 4329 1188 4398 duplicis
1222 4330 1437 4384 coloris.
1465 4330 1670 4385 Gnsrs.

1948 496 2131 565 lingua
2162 494 2824 558 sententiam'enuntient,
2856 498 3093 565 primum
3126 494 3405 555 κόκκινον,
3430 507 3516 546 sc—

1951 589 2191 642 cumlum
2226 586 2320 651 ὀξύ
2374 586 2621 641 sancient
2661 587 3010 652 vocandum;
3045 584 3517 652 sullragabuutur—

1923 690 2056 748 ‘que
2115 679 2478 749 Hieronymus
2522 678 2835 734 Germanus
2868 689 2922 733 et
2977 679 3167 733 Simon
3219 676 3431 728 l’ortius
3461 674 3514 726 in

1950 769 2137 824 lexicis
2160 767 2618 823 Graecobarharis.
2652 767 2859 836 Decipit
2888 768 3069 836 itaque
3097 766 3243 821 Junii
3268 766 3515 819 testimo-

1949 858 2097 912 nium
2124 874 2150 909 a
2181 858 2436 913 Gretsero
2459 859 2769 928 probatum,
2804 859 2892 913 ubi
2923 859 3035 913 ait:
3066 860 3140 910 Τὸ
3173 857 3266 922 ὀξύ
3290 858 3389 910 vim
3426 856 3510 907 iu-

1948 948 2190 1003 tendendi
2220 949 2395 1005 habet.
2441 948 2639 1019 Ceam]

2015 1039 2098 1096 Ib.
2123 1041 2432 1104 Μουζάκιον
2452 1050 2536 1095 est
2559 1043 2866 1106 mosaicum,
2894 1042 3151 1094 musioum
3174 1052 3337 1105 opus:
3360 1045 3517 1090 erant

1944 1149 2073 1204 ergo
2098 1134 2269 1189 calcei
2286 1134 2379 1188 isti
2407 1133 2535 1201 picti
2568 1135 2725 1203 quasi
2754 1136 2821 1187 de
2855 1133 3090 1195 musivo,
3123 1130 3251 1199 quia
3280 1135 3517 1197 punctu—

1946 1227 2012 1280 lis
2062 1226 2483 1282 versicoloribus
2538 1225 2869 1281 interstincti
2922 1233 3103 1279 erant.
3165 1220 3514 1275 ltecentiores

1943 1316 2114 1372 (ἓτερρί
2170 1316 2429 1385 ponar.on
2479 1315 2575 1368 καὶ
2608 1315 2696 1393 διὰ
2750 1316 2990 1382 μου-πίων
3033 1308 3395 1370 καλλωπίζειν
3427 1307 3515 1360 di—

1942 1415 2095 1459 cunt.
2145 1406 2212 1460 Et
2246 1414 2307 1460 ut
2358 1406 2451 1459 hic
2510 1405 2678 1458 habes
2735 1404 3062 1472 ὑποδήματα
3102 1400 3395 1467 μουζάκια,
3438 1398 3520 1451 sic

1940 1498 2079 1567 apud
2106 1498 2431 1554 Trebellium
2462 1496 2764 1551 Pollionem
2794 1496 2846 1550 in
2874 1493 3022 1550 Tetr.
3045 1492 3177 1548 Jun.
3206 1502 3291 1547 est
3319 1506 3519 1544 corona
3588 1508 3591 1511 ·

1939 1591 2205 1661 picturata
2238 1591 2298 1644 de
2324 1605 2523 1644 musco.
2561 1588 2764 1644 (ἔειπε.
2984 1602 2989 1603 ’

1966 1720 1969 1723 -
2012 1680 2156 1735 Ibid.
2174 1681 2341 1736 Mirus
2362 1679 2665 1736 tessellator
2691 1679 2977 1741 Meursius,
2997 1678 3090 1746 qui
3119 1677 3332 1731 musivo
3354 1687 3520 1743 opere

1946 1773 2155 1827 calceos
2177 1772 2383 1826 allahre
2404 1770 2743 1841 compositos
2770 1771 2981 1824 vendit.
3009 1769 3077 1822 At
3099 1782 3207 1821 non
3242 1764 3520 1833 composi-

1947 1874 2051 1929 tos,
2077 1864 2284 1933 inquiet
2314 1864 2475 1927 alius,
2509 1862 2604 1917 sed
2640 1863 2812 1932 pictos
2847 1861 3006 1931 quasi
3041 1861 3104 1913 dc
3153 1859 3371 1919 musiro,
3420 1870 3517 1907 ceu

1946 1956 2220 2024 punctulis
2248 1954 2673 2009 versicoloribus
2706 1946 3110 2008 interstinctos.‘
3154 1949 3374 2003 Rectius
3401 1962 3522 2000 om-

1944 2046 2075 2102 n’no
2098 2046 2253 2101 ﬁctos
2300 2046 2545 2101 dixisset.
2592 2044 2732 2111 Quid
2770 2046 2933 2114 igitur
2963 2045 3285 2113 ὑποδήματα
3321 2038 3523 2110 μουζά-

1942 2139 2079 2191 xta?
2113 2137 2297 2193 Genus
2349 2136 2663 2191 Saracenici
2701 2135 3082 2197 calceamenti,
3113 2133 3272 2201 cujus
3318 2146 3449 2186 usus
3483 2146 3513 2183 a

1942 2229 2146 2284 Graecis
2215 2227 2535 2298 peregrinos
2588 2242 2769 2281 mores
2821 2226 2981 2281 facile
3039 2223 3378 2280 imitantibus
3401 2231 3522 2277 erat

1939 2321 2049 2390 jam
2070 2320 2265 2375 Codiui
2289 2330 2531 2389 tempore
2553 2320 2604 2373 in
2626 2319 2834 2375 curiam
2857 2318 2962 2372 (ΖΡ.
2979 2318 3243 2381 invectus,
3260 2314 3524 2384 crepidis—

1943 2428 2050 2482 que
2103 2404 2372 2467 tibialinm
2407 2427 2559 2466 more
2611 2427 2710 2468 ceu
2756 2412 2924 2466 levior
2956 2426 3021 2466 ac
3060 2410 3276 2466 mollior
3300 2408 3522 2463 eutbur-

1943 2519 2046 2557 nus
2068 2505 2206 2559 solet
2223 2496 2463 2557 immitti.
2500 2504 2671 2558 GOAR.
3196 2568 3209 2573 η

2014 2595 2100 2650 Ib.
2132 2596 2630 2664 Hteprta'tnplwr.
2666 2593 2830 2647 Forte
2884 2594 3169 2663 legendum
3198 2593 3526 2663 πτερνιστήο

1944 2706 2074 2757 ρων,
2108 2705 2135 2741 a
2169 2696 2318 2743 recto
2353 2690 2708 2757 πτερνιστὴρ.
2744 2686 2949 2740 Gns'rs.

2015 2779 2481 2851 [Πτερνιπηρξων
2510 2778 2793 2835 retinenda
2850 2780 3033 2840 lectio.
3064 2794 3163 2833 nec
3193 2778 3509 2846 πτερνιστήσ

1945 2892 2053 2945 ρων
2083 2872 2466 2930 substituenda
2498 2891 2511 2927 :
2549 2873 2788 2940 gaudent
2815 2872 2957 2926 enim
2989 2870 3161 2926 Graeci
3189 2869 3396 2925 neutris
3423 2869 3524 2923 hn-

1939 2966 2172 3034 jusmodi
2207 2982 2237 3021 a
2293 2965 2615 3020 masculinis
2665 2964 2946 3020 derivatis.
3001 2963 3092 3017 Sic
3122 2963 3310 3017 dicunt
3348 2961 3524 3028 φθίνισ-

1866 3078 1910 3135 α
1952 3071 2044 3118 us;
2063 3062 2117 3108 et
2146 3054 2405 3125 φοινικια,
2434 3057 2614 3125 χεῖρες
2633 3063 2684 3107 et
2709 3053 2892 3124 χὲρια,
2924 3052 3081 3115 πόδες
3104 3059 3159 3105 et
3189 3049 3367 3113 πόδια,
3406 3058 3514 3110 etc.

1947 3147 2285 3293 Go;:.]Sella
2351 3238 2476 3306 equi
2531 3238 2647 3293 sive
2694 3237 3011 3307 ephippium
3058 3210 3516 3305 (mlleursiom.

1950 3331 2147 3399 Cosa.)
2179 3347 2195 3395 ;
2236 3329 2572 3400 ἱδρυμάχιον,
2626 3338 2681 3383 et
2712 3339 2923 3400 tegmen
2974 3327 3163 3384 sudori
3195 3325 3443 3382 cavendo
3465 3335 3519 3380 et

1951 3425 2020 3478 ab
2051 3422 2210 3491 equis
2243 3421 2502 3477 arcendo.
2537 3419 2741 3476 Gns'rs.
3504 3450 3515 3465 »ι

2023 3513 2083 3568 Ρ.
2131 3511 2219 3568 14.
2268 3509 2403 3583 [Cur
2448 3511 2721 3567 Meursius
2749 3511 3049 3581 stragulam
3101 3509 3524 3582 ephippiosub-

1947 3613 2175 3659 stratam
2207 3604 2273 3658 ad
2308 3603 2707 3674 prohibendum
2747 3604 2875 3671 equi
2907 3603 3165 3657 sudorem
3199 3603 3259 3655 τὸ
3285 3602 3511 3672 ἱδρομέι-

1896 3714 1900 3718 ‘
1947 3712 2062 3766 χιον
2093 3703 2484 3764 exponat,'non
2509 3694 2700 3749 video:
2725 3695 2817 3762 qui
2852 3709 3088 3762 namque
3113 3692 3338 3761 depicta:
3363 3693 3417 3744 in
3442 3706 3504 3743 ea

1926 3785 2277 3849 ,cll'ulsissent
2304 3786 2566 3855 aquilas?
2603 3784 2819 3840 Clarius
2851 3792 3000 3839 certe
3040 3785 3212 3838 nitent
3246 3782 3298 3835 in
3332 3782 3456 3835 aliis
3479 3798 3511 3837 e

1947 3878 2081 3932 sella
2116 3878 2479 3947 pendentibus
2518 3878 2881 3938 ornamentis.
2914 3891 3037 3944 quae
3077 3874 3301 3943 propius
3349 3889 3517 3927 exsu-

1947 3971 2166 4025 dantem
2229 3983 2430 4037 equum
2471 3967 2746 4035 attingunt
2790 3973 2845 4018 et
2876 3965 2998 4034 ejus
3024 3970 3316 4032 exterguut
3348 3961 3521 4017 sudo-

1949 4078 2084 4116 rem.
2111 4057 2323 4129 Ceam]

2020 4150 2357 4220 Margellium
2406 4147 2494 4203 hic
2547 4154 2631 4203 est
2659 4155 3001 4219 segmentum
3037 4146 3239 4219 diversi
3288 4144 3520 4205 coloris.

1948 4244 2095 4300 sella:
2136 4254 2266 4298 ante
2313 4251 2367 4298 et
2389 4250 2534 4299 retro
2595 4240 2882 4296 insertum.
2935 4241 3093 4294 Errat
3124 4238 3341 4297 Junius.
3394 4252 3519 4291 cum

1949 4336 2112 4390 verba
2146 4335 2248 4390 ista
2274 4336 2371 4387 καὶ
2402 4335 2483 4397 εἰς
2513 4333 2581 4387 τὰ
2613 4334 2850 4402 τέσσαρα
2885 4333 3026 4409 μέρη
3058 4330 3294 4400 seiungit
3323 4345 3352 4383 a
3390 4343 3522 4398 pro-

357 4418 495 4473 Ibid.
516 4420 763 4492 [Διὸολέα
809 4423 1021 4489 quoties
1071 4428 1321 4499 occurret
1376 4424 1515 4491 apud
1562 4421 1851 4488 Codinum,
1884 4418 1930 4474 D
1961 4428 2104 4482 xime
2135 4427 2585 4481 antecedentibus
2616 4442 2630 4491 ;
2662 4426 2841 4495 itaque
2863 4424 3049 4488 vortit,
3081 4424 3165 4475 vel
3200 4422 3379 4489 potius
3398 4437 3525 4489 per-

288 4526 389 4563 non
418 4528 522 4564 uno
544 4511 707 4566 modo
744 4513 1001 4582 intellige,
1035 4513 1128 4567 sed
1159 4512 1438 4566 bicolorem
1470 4522 1757 4579 vestein,v.
1793 4531 1845 4586 g.

287 4601 439 4667 cujus
479 4616 606 4669 pars
648 4603 822 4657 inedia
860 4604 1058 4659 coloris
1092 4605 1275 4671 unius,
1294 4605 1516 4660 alterius
1538 4613 1623 4659 est
1656 4606 1847 4670 altera,

290 4693 494 4756 qualem
521 4695 843 4764 plerumque
868 4697 1078 4750 scabini
1094 4699 1307 4751 urbium
1327 4704 1525 4766 gerunt
1547 4697 1600 4750 in
1621 4696 1846 4762 Galliis;

293 4787 370 4836 vel
393 4786 545 4853 cujus
577 4803 794 4855 pannus
817 4789 1053 4843 exterior
1079 4790 1266 4859 hujus,
1297 4789 1597 4844 subductus
1620 4790 1848 4847 alterius

290 4885 371 4931 est
396 4880 589 4933 coloris
619 4898 638 4944 ;
681 4881 764 4934 vel
795 4896 916 4949 qua:
937 4880 1154 4935 demum
1188 4882 1244 4935 in
1275 4881 1633 4936 versicolores
1658 4885 1847 4939 uenias

289 4980 371 5023 est
396 4981 561 5037 secta,
598 4979 654 5024 et
684 4987 746 5025 ex
772 4972 852 5026 eis
881 4972 1105 5028 faseiata
1138 4983 1193 5027 et
1225 4982 1500 5039 contexta,
1531 4988 1630 5042 pro
1655 4972 1849 5029 Helve-

292 5060 475 5111 tii-rum
513 5073 685 5114 more.
718 5058 913 5130 Genu]

361 5146 820 5218 Ιὺὶά.Χρώματος
854 5150 1045 5216 ὀξέος,
1067 5152 1119 5206 id
1146 5162 1250 5217 est,
1279 5154 1651 5220 rubentissimi,
1672 5157 1848 5225 inquit

289 5234 512 5294 Junius:
556 5242 654 5306 ὀξύ
689 5244 833 5296 enim
880 5244 985 5296 vim
1030 5243 1343 5300 intendendi
1382 5249 1564 5303 habet.
1620 5252 1760 5303 Hinc
1792 5250 1845 5303 in

290 5329 468 5384 codice
489 5343 573 5387 est
597 5333 898 5398 ovalatta,
937 5351 1172 5404 purpura
1206 5341 1568 5407 exquisitioris
1602 5341 1841 5397 luminis.

360 5418 510 5493 226
534 5420 705 5493 [Ibid.
737 5424 873 5478 Num
921 5428 1213 5482 cmcutiunt
1251 5427 1446 5485 Junius
1479 5440 1533 5486 et
1561 5448 1843 5502 sequaces,

291 5508 380 5572 qui
410 5512 696 5568 discrimen
728 5513 867 5569 inter
895 5517 1105 5573 colores
1134 5535 1333 5588 ponere
1358 5525 1844 5589 nequeant?Alins

289 5608 374 5651 est
404 5603 539 5657 enim
590 5621 893 5675 purpureus
922 5609 1004 5663 vel
1045 5618 1104 5663 ιιι
1146 5614 1601 5667 commentarium
1654 5618 1846 5671 scribit

298 5690 684 5750 rubentissimus
717 5694 889 5766 color,
925 5700 1066 5755 alius
1092 5699 1375 5759 violaceus.
1407 5703 1488 5759 Ad
1518 5704 1839 5770 baphiorutn

1957 4516 2139 4577 vertit,
2162 4516 2228 4569 ad
2256 4526 2484 4585 quatuor
2509 4532 2629 4570 vero
2660 4517 2827 4570 latera
2860 4513 3110 4584 sagulatis
3138 4512 3400 4566 sudatorii
3429 4512 3524 4564 lia-
3563 4517 3577 4529 '

1957 4608 2077 4660 bens
2113 4608 2272 4660 etiam
2320 4616 2521 4662 textum
2546 4624 2573 4662 e
2604 4607 2911 4677 margaritis
2947 4614 3069 4659 ante
3106 4614 3155 4658 ct
3201 4621 3334 4673 pone
3367 4646 3389 4683 ,.
3414 4613 3523 4657 etc.

1956 4700 2159 4755 Gssrs.

2027 4792 2169 4848 Ibid.
2243 4793 2609 4865 Κοπριτόριον
2666 4808 2770 4846 vox
2820 4806 2965 4846 mere
2998 4789 3210 4852 Latina,
3259 4799 3524 4852 cooperto-

1955 4888 2113 4940 rium.
2153 4885 2356 4940 Plinius
2386 4884 2751 4952 cooperculum
2792 4882 2949 4936 dixit.
2988 4881 3144 4934 Errat
3191 4878 3403 4941 Junius,
3428 4877 3521 4943 qui

1956 4976 2339 5047 κοπριτούριον
2360 4974 2529 5028 edidit
2552 4975 2823 5042 vertitque
2848 4972 3182 5043 postilenaut.
3219 4970 3333 5023 Viri
3357 4971 3522 5031 docti,

1956 5068 2133 5139 inquit
2153 5067 2514 5131 Glossarium,
2540 5074 2795 5133 putarunt
2823 5062 3204 5134 κοπριτούριον
3230 5078 3341 5115 esse
3374 5058 3522 5112 Grae-

1955 5177 2073 5215 cam
2100 5174 2294 5223 vocem,
2332 5158 2484 5226 παρὰ
2507 5158 2604 5227 τῆς
2642 5157 2850 5225 κόπρου
2880 5157 2973 5210 καὶ
2995 5156 3185 5225 οὐρᾶς,
3212 5154 3302 5208 sed
3335 5152 3524 5205 analo-

1951 5252 2040 5322 gia
2077 5236 2328 5318 repugnat
2362 5263 2379 5301 :
2414 5257 2536 5302 tunc
2575 5249 2712 5301 enim
2748 5248 3104 5318 κοπριούριον
3135 5247 3284 5315 foret.
3334 5243 3526 5311 Itaque

1954 5359 2056 5396 non
2091 5351 2167 5395 est
2194 5340 2329 5410 quod
2362 5340 2738 5409 ﬁmocaudium
2766 5340 3175 5407 interpretentur
3225 5345 3272 5392 et
3303 5335 3522 5405 postile-

1953 5451 2076 5486 uam
2110 5450 2220 5487 esse
2248 5435 2448 5488 dicant.
2485 5433 2609 5486 Haec
2644 5433 2852 5502 Spicu'a
2882 5432 2933 5485 in
2955 5429 3177 5484 Iunium
3204 5429 3413 5484 directe
3437 5426 3524 5479 di-

1953 5533 2099 5579 recta
2134 5534 2280 5589 sunt,
2339 5540 2368 5578 a
2404 5526 2716 5593 professors
2749 5523 3011 5579 Leidensi‘
3045 5522 3096 5575 in
3154 5520 3517 5592 professorem

1950 5619 2080 5673 olim
2104 5617 2438 5672 Leidensem.
2464 5617 2664 5673 GRETS.

2024 5709 2314 5767 [Meursius
2359 5711 2759 5773 coovcrlorium,
2791 5717 2842 5763 et
2875 5724 2939 5763 cx
2962 5708 3133 5764 Plinio
3160 5705 3522 5774 coapcrcalum
