3952 6222
418 263 528 323 255

1531 272 1608 328 IN
1655 270 1958 330 LIBRUM
1995 272 2092 332 DE
2131 273 2459 335 OFFlCllS
2497 277 2603 334 (ΣΡ.

3547 279 3649 341 (256

416 382 468 434 in
499 381 816 436 Photiannm
855 381 1290 435 Numocmonem
1329 384 1492 444 habes
1528 384 1752 452 ἀληθινὰ
1785 385 1974 450 ὑποδή-

2098 391 2276 457 οάνεος
2306 391 2478 453 color,
2519 391 2615 446 sed
2649 390 2883 455 medius,
2937 391 3033 461 qui
3069 391 3366 447 subvirtdis
3395 403 3450 448 et
3507 409 3651 460 pom

419 491 582 542 ματα,
617 474 967 526 calceamenta
991 489 1254 542 purpurea
1285 487 1332 528 et
1373 478 1478 530 veri
1507 477 1742 532 luntinis.
1769 477 1834 527 de
1857 476 1984 543 qni-

415 564 515 615 bus
546 561 708 614 etiam
743 561 1008 630 Corippus
1041 563 1186 617 laud.
1221 564 1411 618 Justini
1452 581 1512 623 ιι.
1547 565 1667 619 104.
1705 565 1910 618 Gae'rs.

482 652 541 705 P.
575 654 657 706 14.
681 652 904 724 [lterum
931 655 1066 708 falso
1089 657 1424 711 rerilnminis
1451 659 1563 711 sive
1576 657 1982 726 splendidissimi

413 746 620 800 ruboris
655 749 777 802 luco
830 751 999 804 dictio
1028 753 1152 815 ὀξύς
1193 755 1451 809 inﬁcitur.
1499 754 1648 809 Itane
1675 772 1816 810 unus
1841 756 1981 809 dua-

410 854 530 891 rum
567 838 892 907 dictionum,
934 847 1131 913 quasi;
1191 847 1454 914 particula
1511 848 1840 917 disiunctiva
1895 848 1979 902 di-

409 930 714 994 scriminat,
755 933 1029 1002 colligitur
1057 939 1295 990 sensus?
1323 940 1415 1006 qui
1467 941 1800 1007 pertinacius
1832 955 1980 994 asse.

411 1025 606 1086 ruerit,
650 1025 860 1079 colores
895 1027 1042 1095 ipsos
1099 1030 1373 1097 inspiciat.
1414 1033 1468 1084 ln
1518 1048 1619 1085 ms.
1656 1032 1856 1085 Tiliani
1913 1032 1979 1084 li-

411 1113 556 1168 mine
595 1116 948 1183 imperatoris
1004 1121 1202 1188 effigies
1249 1124 1472 1176 rubrum
1522 1134 1760 1177 ostentat
1813 1125 1980 1177 vesti-

411 1218 674 1270 mentum,
738 1209 789 1263 in
824 1212 1252 1283 Sandionysiaco
1305 1216 1622 1268 \iolareuui.
1680 1216 1980 1285 Utrobique

408 1298 650 1364 eiusdem
707 1309 788 1354 est
848 1304 1128 1372 principis,
1163 1304 1426 1359 Manuclis
1467 1307 1761 1361 nimirum:
1807 1309 1982 1362 viola-

409 1404 568 1442 ceum
605 1391 784 1458 itaque
813 1394 955 1446 sicut
985 1407 1039 1448 et
1070 1413 1400 1465 purpureum
1431 1399 1535 1453 sibi
1569 1399 1982 1467 assumitimpe—

410 1491 580 1534 rator.
653 1485 719 1534 At
747 1485 1003 1552 deSpotm,
1039 1491 1102 1542 de
1140 1505 1248 1558 quo
1304 1507 1507 1553 sermo,
1539 1501 1592 1546 ct
1629 1492 1980 1561 imperatoris

408 1575 714 1630 communis
751 1588 835 1631 est
888 1580 1107 1633 caballis
1154 1591 1400 1644 ornatus,
1448 1584 1507 1635 τὸ
1562 1583 1753 1652 ροὖχον
1813 1584 1978 1636 αὑτοῦ

2091 480 2222 534 folio
2255 481 2474 545 similis,
2510 481 2765 550 prasinus
2790 490 2846 537 et
2877 482 3124 551 glaucus,
3153 492 3262 536 vert
3295 484 3360 536 de
3410 498 3539 535 mer.
3577 483 3651 535 Ita

2089 587 2174 624 me
2208 587 2342 625 usus
2369 581 2423 626 et
2447 587 2568 626 cum
2594 574 2890 642 baphiariis
2916 573 3118 627 Graecis
3152 573 3486 642 colloquium
3516 575 3672 627 edo--

2089 662 2221 715 cuit.
2255 660 2394 717 Hinc
2423 666 2547 734 quia
2590 665 2640 718 in
2677 674 2971 734 utrumque
2997 665 3257 729 declinat,
3293 665 3484 718 scribit
3537 679 3648 718 uno

2085 753 2204 809 loco
2231 755 2417 810 Simon
2473 755 2726 810 Portius:
2763 756 2993 810 Glaucus
3040 757 3328 825 πράσινος,
3392 754 3651 822 γλαυκός.

2086 845 2138 898 ἰη
2168 846 2274 899 alio
2304 847 2557 915 γερανιὸς
2593 847 2868 916 (corrupta
2907 846 3282 915 pronuntlatio
3335 855 3438 908 est,
3484 845 3655 912 ὴερὰ-

2083 955 2202 1002 νεος
2230 940 2369 1004 vice)
2407 941 2654 1003 κυάνεος,
2694 939 2960 1006 γλαυκόςε
2994 941 3202 1003 casias,
3235 953 3483 1007 cyaneus,
3506 953 3654 991 rene-

2089 1042 2170 1086 tus
2199 1032 2362 1086 color.
2400 1033 2473 1088 De
2507 1033 2707 1103 glauco
2732 1043 2785 1088 et
2815 1034 2977 1088 casio
3003 1034 3188 1087 colore
3222 1033 3359 1086 ulvae
3392 1031 3654 1098 salicique

2084 1125 2343 1192 persimili
2404 1126 2674 1179 Antonius
2730 1126 3019 1195 Thylesius
3076 1125 3280 1178 Lazaro
3337 1124 3500 1176 Baiﬁo
3557 1124 3653 1175 azl-

2080 1215 2339 1283 junctus;
2371 1216 2439 1268 de
2480 1226 2696 1277 veneto,
2754 1231 2914 1284 quem
2969 1214 3261 1283 Hispanice
3295 1213 3447 1266 uertle
3477 1213 3540 1265 de
3599 1214 3654 1265 la

2083 1323 2200 1357 mar
2237 1307 2477 1374 exponit,
2507 1307 2814 1373 Calcpinus.

2154 1396 2237 1450 Ib.
2276 1396 2561 1468 [Τιμήσας
2613 1397 3190 1466 σεϐαστοκράτορας.
3250 1397 3323 1450 De
3361 1410 3470 1465 quo
3537 1395 3652 1465 ipse

2081 1491 2514 1556 Cantacuzcnus,
2546 1507 2618 1554 Iv,
2649 1493 2704 1546 5.

2153 1581 2236 1634 Ib.
2267 1582 2556 1653 [Ἔῖχοντα
2587 1584 2799 1648 ἀετοὺς
2829 1582 3297 1650 συρματεΐνους.
3317 1579 3502 1633 Talem
3547 1579 3639 1632 de

403 1665 593 1737 ὦππερ
623 1671 717 1721 καὶ
750 1672 806 1722 τὸ
835 1672 1146 1739 βατι>.ικόνε
1198 1674 1269 1727 ita
1306 1692 1479 1743 nuper
1509 1686 1719 1729 auctor.
1750 1675 1974 1730 Joannis

2098 1675 2251 1744 pingit
2314 1676 2602 1743 Gregoras,
2635 1691 2709 1737 tv,
2740 1675 2788 1735 Ι,
2825 1677 2878 1728 in
2915 1674 3073 1739 cujus
3128 1673 3348 1734 κυανοῖς
3411 1671 3650 1734 πεδίλοις

403 1761 620 1829 co'legre
643 1773 834 1829 pra-ter
857 1765 968 1818 haec
995 1765 1214 1833 elligies,
1247 1767 1385 1820 sicut
1411 1779 1464 1820 et
1489 1779 1708 1836 paterna
1751 1767 1968 1822 Manne-

402 1851 469 1904 lis
504 1852 877 1920 imperatoris.
907 1856 991 1909 cui
1027 1865 1186 1920 astat,
1228 1859 1525 1912 violam-am
1550 1868 1752 1913 vestem
1783 1867 1973 1914 osten-

379 1951 477 1993 .tat
508 1942 800 1997 inlaudato
833 1944 890 1999 S.
931 1946 1168 2015 Dionysii
1205 1962 1306 2001 ms.
1332 1947 1473 2015 Ergo
1502 1948 1738 2016 despotze
1763 1949 1973 2002 καϐϐά-

401 2033 510 2084 διον
541 2032 631 2096 ὀξὺ
667 2035 944 2106 ἢὲρυθρᾶν
971 2055 982 2090 :
1017 2038 1278 2104 Cabades,
1311 2039 1556 2107 inquam,
1591 2040 1854 2093 violaceus
1879 2051 1972 2092 aut

401 2139 721 2192 purpureus.
807 2129 813 2140 ’

469 2217 553 2272 Ib.
591 2216 730 2282 [Τοῦ
783 2221 1079 2288 Καίσαρος
1110 2223 1208 2291 ἐπὶ
1256 2221 1373 2274 τῶν
1432 2222 1652 2288 ἑορτῶν
1700 2222 1970 2291 ζητεῖται.

403 2307 692 2378 Rt-peritur
729 2313 818 2366 ille
849 2313 1082 2368 Caesaris
1145 2315 1358 2371 habitus
1411 2330 1438 2365 a
1485 2315 1656 2369 Barda
1715 2316 1768 2368 in
1804 2316 1974 2384 publi-

399 2419 465 2453 co
521 2403 862 2473 solemniquc
914 2422 1172 2475 processu
1214 2407 1281 2461 ad
1347 2407 1635 2462 ecclesiam
1693 2407 1780 2461 die
1834 2406 1970 2462 festo

401 2505 644 2558 gestatus
672 2498 812 2565 apud
863 2498 1097 2551 Leonem
1134 2499 1566 2554 Grammaticum
1602 2501 1653 2554 in
1709 2500 1974 2555 Michaele

401 2585 688 2656 Theophili
722 2589 806 2650 F.:
834 2591 1008 2661 Bipba
1036 2591 1090 2643 δὲ
1128 2592 1222 2644 τοῦ
1275 2592 1551 2662 Καίσαρος
1583 2593 1640 2644 ὲν
1690 2595 1756 2662 τῇ
1811 2610 1974 2661 apos-

397 2679 578 2734 λεύσει
612 2682 959 2752 διερχομένου
993 2684 1134 2752 μετὰ
1198 2685 1616 2754 σκαραμαγγίου
1647 2684 1817 2748 ὀξέος.
1877 2684 1975 2739 Est

409 2788 538 2826 \cro
570 2776 988 2842 σκαραμάγγιον
1008 2776 1192 2829 tunica
1225 2775 1442 2830 Persica
1465 2790 1601 2830 auro
1630 2775 1850 2836 intexta,
1879 2789 1971 2828 ea-

399 2866 520 2916 dem
555 2881 680 2919 cum
719 2869 1025 2926 scaranico.
1059 2867 1122 2919 de
1154 2882 1264 2935 quo
1307 2866 1536 2921 inferius
1575 2875 1786 2920 auctor.
1820 2865 1971 2935 Sug-

400 2958 538 3023 gerit
593 2965 877 3024 propterea
908 2957 1107 3010 Caesari
1147 2958 1320 3011 eidem
1374 2958 1690 3012 Pliilotheus
1725 2959 1970 3014 amicus:

400 3047 620 3116 Αὔριον.
655 3044 700 3101 ὧ
745 3049 1004 3111 δέσποτα,
1057 3049 1351 3118 περιϐαλοῦ
1395 3049 1484 3103 τὸν
1541 3049 1975 3120 χρυσοπερσικόν
2003 3061 2045 3118 c

2083 1767 2176 1817 καὶ
2198 1770 2520 1832 χρυσοϋφεῖς
2546 1767 2902 1835 ὲνηρμνῖζοντο
2922 1766 3087 1818 ἀετοί.

2151 1855 2232 1910 Ib.
2264 1855 2390 1926 [Εἰς
2427 1857 2572 1924 ἀέρα
2593 1858 2901 1911 κόκκινον.
2921 1857 2997 1910 Ita
3031 1865 3088 1910 ut
3119 1856 3171 1909 in
3197 1856 3360 1924 plano
3391 1869 3487 1909 seu
3519 1868 3612 1908 seu
3633 1880 3649 1892 -

2083 1947 2196 2001 tulo
2228 1948 2396 2002 rubeo
2427 1963 2603 2002 aureae
2626 1948 2853 2017 depicta:
2886 1948 3063 2000 forent
3098 1947 3316 2014 aquila-3,
3348 1961 3468 2014 quae
3498 1945 3651 1997 dein—

2080 2051 2208 2106 ceps
2237 2038 2440 2105 glaucis
2485 2037 2682 2091 calceis
2743 2047 3136 2100 assuerentur;
3202 2045 3256 2088 et
3310 2035 3477 2088 dictio
3532 2033 3648 2102 ἀήρ

2081 2129 2221 2184 idem
2251 2130 2338 2182 hic
2369 2128 2572 2183 indicet
2594 2128 2744 2198 quod
2774 2130 2828 2182 in
2852 2127 3234 2196 superioribus
3261 2127 3484 2196 κάμπος
3533 2126 3649 2195 ἠως

2081 2221 2290 2281 πεδίον,
2321 2219 2482 2284 panni
2516 2218 2942 2272 versicoloribus
2974 2216 3161 2286 ﬁguris
3191 2215 3429 2284 insigniti
3470 2214 3650 2281 plani-

2082 2313 2198 2375 ties,
2232 2312 2278 2364 le
2311 2311 2436 2378 [and
2483 2311 2639 2362 d’une
2690 2311 2924 2363 broderie
2969 2325 3034 2361 au
3065 2308 3221 2362 d‘une
3271 2307 3450 2373 esto/Te
3478 2306 3510 2358 ὰ
3554 2321 3648 2357 τα-

2081 2419 2250 2470 mage.
2283 2417 2312 2456 a
2347 2403 2510 2470 ﬁgura
2545 2403 2597 2454 in
2636 2401 2906 2454 umbonem
2963 2398 3237 2451 desinente
3286 2397 3502 2465 penitus
3558 2395 3646 2448 di-

2081 2495 2296 2549 stincta.
2319 2491 2516 2564 Coum]

2152 2586 2233 2641 Ib.
2262 2585 2457 2640 Junius
2487 2585 2680 2647 κῶνος,
2728 2599 2827 2652 ego
2877 2583 3080 2650 ὁμοίως
3139 2596 3203 2635 ex
3264 2578 3478 2632 duobus
3532 2575 3641 2630 Ba-

2081 2681 2275 2734 varicis
2302 2680 2583 2734 codicibus
2610 2696 2622 2734 :
2661 2694 2780 2746 qua:
2812 2678 3076 2745 scriptura
3105 2690 3359 2744 germana
3390 2680 3497 2726 cst.

2152 2771 2236 2826 Ib.
2273 2771 2620 2840 Χαρτάριον,
2699 2769 2947 2837 χαρτίον
2995 2768 3258 2822 scutulam
3300 2766 3645 2835 quadratum.

2080 2865 2273 2920 Junius
2301 2865 2454 2920 vertit
2491 2864 2810 2932 quadrarias
2838 2871 3082 2921 tesseras,
3116 2862 3298 2929 aitque
3325 2869 3645 2926 corruptum

2079 2972 2141 3011 ex
2177 2958 2360 3011 Italico
2391 2967 2442 3010 et
2469 2956 2678 3011 Gallico
2708 2954 2981 3022 σοον-(ἔθη.
3021 2953 3222 3006 Gnsrs.

2157 3048 2467 3120 [Χαρτάρια
2513 3046 2719 3101 scutula
2750 3059 2906 3114 posse
2959 3043 3068 3098 dici
3128 3042 3317 3112 probo,
3381 3038 3650 3109 quadrata

400 3153 496 3188 σου
527 3137 863 3206 χιτωνίσκον,
896 3139 988 3190 καὶ
1020 3137 1214 3206 δφθητι
1256 3139 1368 3200 τοῖς
1417 3137 1632 3207 ἐχθροῖς
1684 3156 1798 3192 σου.
1841 3139 1974 3191 Ἀπὸ

2101 3142 2274 3210 ugiter
2335 3141 2556 3193 inﬁtior.
2596 3139 2900 3208 Χαρτάριον
2952 3137 3097 3190 enim
3151 3137 3361 3189 brattea
3401 3141 3506 3196 est,
3569 3133 3653 3183 ln-

400 3227 693 3297 προσώπου
727 3246 818 3281 σου
852 3229 1159 3298 φεύξονται.
1196 3229 1302 3283 Τοῦ
1335 3230 1488 3300 ἡλίου
1520 3230 1576 3282 δὲ
1598 3230 1975 3294 ἀνατείλαντος

401 3315 552 3388 ἵππῳ
578 3320 770 3382 ὲπισὰς
807 3319 1140 3387 παρεγένετο
1171 3319 1304 3388 πρὸς
1327 3319 1423 3389 τὴν
1451 3320 1650 3390 κόρτην
1680 3319 1773 3373 τοῦ
1826 3319 1978 3390 βασι-

400 3410 534 3470 λέως
557 3409 694 3478 μετὰ
719 3410 908 3478 στολῆς
926 3409 1205 3480 λαμπρᾶς.
1247 3410 1444 3465 Vocem
1481 3411 1650 3482 κόρτη
1681 3412 1973 3466 tentorium

404 3502 490 3556 hic
532 3501 773 3556 indicare
803 3502 1300 3556 demonstrabimus
1326 3501 1476 3555 alibi.

470 3594 626 3664 231
667 3593 808 3649 Ibid.
852 3592 1185 3666 [Γαμόρῶν.
1216 3592 1332 3647 Non
1390 3609 1604 3663 generos
1656 3594 1839 3656 modo.
1880 3594 1975 3650 sed

401 3698 455 3742 et
481 3688 670 3741 lenii-os
704 3696 756 3739 et
790 3701 1016 3740 uxorum
1057 3686 1277 3753 fratres,
1313 3687 1406 3754 qui
1442 3695 1496 3738 et
1530 3685 1886 3753 ἁνδράδελφοι
1925 3695 1979 3739 et

403 3779 856 3851 γὺναιιεάδελφοι,
892 3777 1067 3834 Graeci
1115 3788 1314 3833 vocant
1367 3777 1678 3846 γαμϐρούς.
1741 3777 1981 3831 Mouitus

400 3869 568 3923 semel
601 3879 853 3922 sexcenta
895 3868 1131 3937 reperiet
1167 3866 1311 3937 apud
1343 3881 1534 3922 eorum
1591 3867 1885 3923 historicos
1924 3877 1978 3922 et

400 3961 828 4030 iurisconsultos
866 3959 1204 4014 testimonia.

472 4052 532 4105 P.
588 4051 676 4105 l5.
707 4049 1214 4121 [Χρυσοκόκκινα.
1244 4051 1389 4105 Auro
1417 4050 1674 4104 nimirum
1703 4050 1981 4118 rubroque

401 4141 581 4193 ειη-ἱρο
612 4142 894 4204 diStiucta,
929 4143 1044 4196 sive
1077 4141 1239 4197 simul
1266 4150 1410 4197 texta
1436 4144 1549 4198 sive
1579 4155 1680 4196 acu
1710 4139 1974 4210 pingente

401 4233 604 4286 addita.
627 4232 822 4304 GOAIL]

473 4322 614 4376 Ibid.
649 4322 784 4378 Nota
821 4340 1016 4381 cruces
1071 4326 1122 4378 in
1158 4325 1314 4394 pileis
1361 4341 1683 4396 generorum
1738 4327 1971 4395 impera-

403 4414 688 4476 toriorum,
707 4425 759 4469 et
776 4416 991 4483 quidem
1018 4434 1124 4470 nun
1141 4434 1203 4470 ex
1229 4419 1594 4485 qualicunque
1613 4417 1855 4482 materia,
1876 4416 1970 4471 sed

402 4522 467 4560 ex
534 4508 843 4575 margaritis
867 4508 1164 4564 confectas.
1201 4509 1266 4562 Ut
1293 4510 1469 4578 placet
1499 4510 1585 4563 hic
1610 4525 1729 4564 mos
1762 4508 1971 4576 nostris

401 4602 804 4655 stauromachis
833 4601 855 4655 ἲ
890 4601 1096 4657 (iners.

488 4688 713 4761 [Cruces
738 4693 984 4762 quinque
1009 4693 1228 4748 circiter
1257 4691 1487 4761 gemmis
1518 4689 1801 4756 conﬁatas,
1835 4702 1887 4748 et
1909 4695 1974 4748 ad

406 4783 598 4837 circuli
658 4784 862 4853 (qualis
897 4793 952 4838 et
1001 4785 1280 4838 Gallorum
1325 4781 1610 4850 comitum)
1667 4793 1827 4852 caput
1857 4800 1973 4838 am-

408 4876 606 4930 bientis
625 4887 862 4944 quatuor
878 4885 1084 4944 partes,
1121 4876 1354 4930 frontem
1379 4874 1662 4939 nimirum,
1681 4884 1973 4945 utramque

403 4981 588 5020 aurem
621 4978 674 5022 et
697 4969 933 5035 occiput,
961 4968 1404 5038 circumpositas.
1933 4968 1955 4985 '

469 5057 552 5111 Ib.
582 5057 1113 5129 [[‘dpovc.T;etiiatn
1140 5061 1373 5129 intellige
1394 5060 1626 5114 frontem
1649 5060 1980 5115 circumcin-

404 5159 643 5217 gentem,
667 5166 841 5219 nuper
872 5152 1140 5205 circulum
1168 5154 1391 5212 dictam,
1424 5164 1477 5206 et
1527 5168 1636 5206 ora:
1665 5152 1790 5220 pilei
1813 5153 1976 5222 junc-

404 5248 536 5305 tam,
573 5241 688 5296 sive
721 5242 796 5295 illi
830 5243 1046 5311 penitus
1102 5243 1492 5312 agglutinetur,
1555 5243 1668 5296 sive
1699 5258 1763 5294 ex
1823 5252 1977 5311 parte

404 5333 670 5398 superiori
759 5335 1009 5388 nonnihil
1069 5334 1372 5398 dissideat;
1458 5349 1621 5403 quam
1681 5344 1974 5402 prepterea

403 5422 675 5491 Gregoras
698 5425 735 5478 l.
763 5441 816 5489 ν,
843 5427 985 5478 κατὰ
1009 5427 1109 5494 τὴν
1137 5426 1285 5478 κάτω
1315 5426 1410 5478 καὶ
1433 5427 1622 5494 κοίλην
1646 5426 1976 5492 ἐπιφάνειαν

405 5495 703 5570 κυκλίᾶκον
728 5518 1050 5588 χρυσοειδέα
1078 5527 1252 5572 vocat.
1283 5515 1414 5571 Vide
1443 5527 1624 5571 notam
1655 5517 1708 5570 in
1737 5531 1976 5586 sequens

406 5618 569 5676 caput
597 5609 660 5662 ad
691 5624 748 5677 p.
781 5611 866 5665 l9.

478 5699 558 5753 Ib.
593 5701 958 5771 [‘Ilspdrem.
995 5703 1100 5761 Nec
1136 5703 1398 5761 caeruleus
1428 5716 1524 5755 nec
1555 5700 1744 5756 viridis
1771 5711 1853 5756 cst
1887 5702 1976 5770 ὴε·

2079 3235 2248 3296 mina,
2290 3231 2556 3286 scutulnm
2597 3244 2925 3300 quacunque
2984 3229 3156 3297 ﬁgura
3219 3224 3645 3286 conformatum,

2079 3325 2236 3379 alteri
2267 3326 2343 3377 rei
2374 3335 2601 3378 ornatus
2634 3337 2762 3392 ergo
2794 3318 3293 3389 superponendum.
3331 3313 3528 3384 Goan.]

2150 3416 2364 3471 Charta:
2387 3417 2642 3484 plumbea:
2675 3414 2817 3482 apud
2851 3412 3200 3466 Anastasium
3252 3410 3306 3462 in
3345 3407 3536 3478 Sergio
3589 3417 3650 3462 et

2079 3507 2341 3577 Gregorio
2366 3507 2430 3562 Ill
2464 3516 2591 3562 sunt
2640 3506 2832 3576 tegulae
2866 3505 3154 3574 plumbeae,
3184 3502 3383 3571 quibus
3415 3499 3648 3554 aediﬁcia

2081 3606 2244 3652 tecta.
2265 3596 2454 3664 itaque
2483 3596 2617 3650 nihil
2649 3595 2714 3648 ad
2741 3595 3039 3663 χαρτάριον
3073 3603 3127 3646 et
3153 3593 3374 3663 χαρτίον
3398 3599 3648 3666 nostrum

2081 3689 2258 3745 facere
2286 3689 2554 3744 videntur.
2587 3688 2704 3741 Mox
2750 3687 2867 3755 lego
2901 3702 3023 3740 cum
3066 3689 3188 3740 cod.
3235 3685 3397 3738 Boico
3442 3683 3654 3748 disiun-

2080 3785 2205 3838 ctim
2244 3783 2382 3850 μετὰ
2414 3781 2611 3850 ῥαφὴν.
2643 3780 2699 3834 1η
2743 3779 2911 3832 altero
2949 3788 3032 3832 est
3069 3778 3455 3847 καταγραφήν.
3488 3775 3654 3828 Forte

2082 3877 2170 3932 hic
2193 3877 2356 3930 etiam
2386 3873 2696 3942 disjuuctim
2727 3873 2870 3924 κατὰ
2897 3871 3117 3942 γραφήν
3141 3868 3488 3924 scribendum
3521 3867 3650 3930 crit,

2081 3969 2125 4025 si
2153 3965 2286 4021 forte
2305 3967 2391 4021 cui
2415 3965 2584 4033 magis
2607 3964 2818 4034 placeat
2840 3964 3024 4032 γραφὴ
3049 3976 3212 4031 quam
3236 3961 3407 4029 ραφή.
3442 3958 3649 4011 Gnsrs.

2154 4061 2294 4116 Ibid.
2328 4059 2511 4131 [Κατὰ
2538 4058 2762 4126 ραςρήν.
2797 4055 2979 4110 Lectio
3035 4064 3114 4112 tot
3144 4055 3196 4108 in
3249 4051 3655 4120 exemplaribus

2084 4155 2223 4208 inter
2251 4169 2309 4207 se
2339 4151 2552 4206 collatis
2577 4158 2787 4219 reperta
2818 4148 3096 4202 retinenda
3125 4164 3138 4199 :
3175 4145 3384 4200 suturis
3412 4158 3652 4209 namque

2082 4248 2229 4300 velut
2253 4245 2650 4300 deformitatem
2683 4256 2864 4297 secum
2896 4238 3199 4294 ferentibus
3259 4244 3489 4290 ornatus
3521 4234 3650 4287 addi

2083 4338 2384 4394 consuevit.

2146 4431 2306 4500 232
2339 4427 2476 4481 Ibid.
2512 4424 2975 4498 [Τετράστυλον.
3037 4420 3264 4474 Videtur
3308 4432 3428 4471 esse
3480 4429 3655 4483 augu-

2075 4525 2212 4581 stius
2239 4517 2561 4576 etornatius
2594 4517 2810 4586 aliquod
2841 4511 3220 4583 fastigium,ad
3247 4509 3482 4577 aliquam
3514 4506 3655 4560 aula:

2087 4615 2272 4684 palatii
2307 4623 2512 4681 partem
2561 4619 2798 4680 quatuor
2833 4606 3105 4661 columnis
3143 4605 3197 4657 in
3255 4600 3490 4655 sublime
3518 4613 3645 4651 ere-

2076 4717 2246 4770 ctum,
2277 4706 2341 4757 ad
2369 4701 2538 4772 quod,
2572 4700 2662 4770 qui
2691 4701 2902 4769 equites
2941 4697 3119 4751 aulam
3152 4710 3217 4748 ex
3251 4691 3530 4762 privilegio
3555 4702 3654 4756 pe-

2078 4813 2289 4851 netrare
2316 4802 2583 4862 poterant,
2605 4792 2761 4860 equis
2788 4790 2841 4844 in
2862 4800 3060 4844 terram
3091 4802 3151 4842 se
3179 4785 3460 4839 demittere
3484 4779 3655 4849 regiae

2075 4883 2377 4954 maiestatis
2418 4882 2660 4936 colenda:
2715 4882 2884 4950 gratia
2926 4876 3412 4946 compellebantur.
3450 4866 3651 4936 Goan.|

2147 4975 2232 5030 Ib.
2265 4975 2403 5043 Lege
2461 4972 2682 5036 πεζεύει
2715 4972 2939 5024 κάκεῖσε
2969 4967 3088 5021 κατ’
3124 4963 3417 5032 ἀναλογίαν
3440 4961 3534 5014 τοῦ
3559 4961 3620 5010 τό
3641 4990 3658 5000 ~

2078 5087 2182 5121 που
2228 5065 2618 5134 τετραπτύὶηυ.
2671 5062 2930 5116 Ambttlat
2999 5065 3052 5112 et
3098 5058 3225 5111 illuc
3259 5056 3329 5109 ob
3386 5054 3650 5107 rationem

2077 5168 2296 5229 propter
2327 5172 2489 5226 quam
2521 5153 2586 5207 ad
2606 5151 2965 5219 Tetrastylum
2985 5150 3228 5205 ambulat
3256 5147 3550 5212 ;nimirum
3581 5143 3654 5194 ob

2078 5252 2338 5305 honorem
2367 5246 2734 5315 imperatoris,
2765 5245 2856 5311 qui
2888 5244 2997 5297 illic
3024 5256 3265 5310 praesens
3297 5249 3398 5294 est.
3436 5239 3648 5290 Gnms.

2151 5342 2209 5395 P.
2240 5340 2322 5394 l6.
2350 5338 2486 5409 [Τοῦ
2511 5336 2889 5403 κοπριτορίου
2909 5331 3130 5386 καὶτοῦ
3151 5330 3349 5384 ἐπάνω
3370 5327 3648 5381 σκεπίου.

2080 5434 2490 5503 Ephippiarium
2522 5429 2824 5499 stragulqu
2853 5437 2904 5480 et
2932 5425 3075 5480 aliud
3110 5423 3364 5492 superius
3395 5430 3649 5488 tegumen

2080 5530 2207 5576 sunt
2239 5521 2473 5581 diversa,
2507 5518 2648 5586 quod
2688 5532 2854 5570 unum
2892 5529 3086 5583 nempe
3119 5513 3294 5580 majus
3321 5511 3518 5570 altero,
3568 5505 3654 5560 vel

2083 5629 2250 5667 unum
2280 5613 2428 5679 pacis
2457 5619 2701 5678 tempore
2730 5611 2800 5664 sit
2827 5613 3233 5670 ornamentum,
3258 5601 3400 5656 aliud
3428 5603 3482 5655 in
3513 5599 3656 5655 bello

2083 5704 2154 5757 sit
2178 5701 2302 5771 cqui
2339 5701 2639 5754 munimen.
