3952 6222
261 305 355 368 25⁵1

1329 309 1712 374 GRETSEBI
1749 312 1845 373 ET
1886 313 2123 374 GOABI
2163 316 2380 376 ΝΟΤίΕ

3403 317 3509 380 258

327 421 405 474 ib.
436 417 685 484 Πεζεύει.
716 417 773 474 Id
799 426 903 485 est,
923 417 994 471 in
1034 424 1229 472 terram
1259 432 1324 473 ea:
1351 433 1480 492 equo
1511 420 1711 488 desilit,
1766 430 1827 477 ut
1857 428 1899 480 Α
1929 423 2100 478 nister
2117 424 2438 494 dignitatem
2470 423 2837 494 spectantium
2874 423 3047 479 oculis
3083 424 3505 490 maniiestaret;

261 511 417 583 pedes
448 506 687 565 incedat.
711 508 910 582 Gosn.]

324 602 405 657 Ib.
462 600 923 664 Δύθεντόπουλος.
984 601 1302 673 Quanquam
1355 601 1693 658 Glossarium
1744 604 1826 657 in-

258 702 577 763 terpretatur
609 694 794 745 herum
825 692 1103 758 minorem,
1132 695 1289 762 quasi
1325 695 1557 763 adjectio
1593 694 1687 748 illa
1727 694 1826 749 de-

257 793 429 855 cerpat
452 783 653 852 aliquid
679 783 747 836 de
770 782 1190 853 signiﬁcatione,
1214 783 1264 836 id
1298 792 1475 838 tamen
1506 792 1826 853 perpetuum
1854 856 1857 859 ἢ

255 893 353 932 non
380 886 483 940 est,
520 886 579 930 ut
612 889 776 943 supra
800 874 865 929 ad
898 890 951 943 p.
991 877 1074 939 ll,
1108 875 1456 931 notabamus.

316 966 394 1020 Ib.
427 966 554 1027 Μᾶς
585 975 644 1019 et
678 966 797 1027 σᾶς,
848 979 944 1033 pro
996 963 1098 1033 μού
1130 974 1186 1021 et
1241 964 1336 1017 σοῦ
1397 974 1527 1021 sunt
1577 965 1825 1021 barbara

253 1056 470 1111 Graeciae
502 1054 881 1111 suaveolentcs
911 1053 1145 1109 ﬂosculi.
1181 1054 1390 1111 Gens.

318 1169 482 1243 [Vere
510 1180 738 1225 nasutus
754 1169 912 1223 etiam
939 1167 1183 1222 barbara:
1208 1167 1430 1223 Graeciaa
1451 1181 1611 1223 voces
1645 1170 1751 1238 pta;
1773 1158 1827 1219 ei.

253 1266 345 1325 σᾶς
370 1278 479 1316 non
506 1261 607 1331 μού
624 1270 679 1314 ct
702 1259 925 1323 aoﬁ,sed
952 1259 1111 1329 ἡμῶν
1135 1268 1189 1313 et
1211 1259 1364 1328 ὑμῶν
1381 1259 1497 1313 vice
1514 1259 1826 1313 odorabitnr

253 1355 525 1425 usurpari.
548 1354 683 1407 Aliis
712 1364 897 1407 autem
928 1367 957 1405 ιι
990 1353 1332 1407 nominativo
1364 1353 1520 1421 ὲμεῖς
1568 1362 1626 1405 et
1681 1354 1824 1415 ισεῖς

251 1464 337 1502 nos
377 1457 430 1502 et
456 1463 541 1501 vos
573 1445 795 1501 casibus
821 1444 1035 1499 cunctis
1066 1443 1406 1506 deserviunt,
1443 1442 1822 1512 mutilatisque

252 1553 341 1606 per
392 1537 716 1607 aplueresim
747 1536 884 1604 ἐμᾶς
907 1545 961 1589 et
993 1535 1125 1597 ὲσᾶς
1156 1534 1543 1605 relinquuntur
1569 1550 1584 1600 ;
1622 1533 1820 1590 simul-

250 1644 351 1698 que
380 1628 530 1682 vides
573 1626 668 1681 τοῦ
723 1627 787 1679 σύ
840 1628 1022 1681 minus
1087 1626 1399 1681 anomalum
1435 1640 1557 1681 esse
1613 1625 1820 1696 plurale

248 1723 388 1784 ισεῖς
416 1734 580 1790 quam
636 1718 829 1787 ὑμεῖς,
864 1733 928 1773 ac
979 1719 1099 1773 ideo
1156 1718 1537 1775 suaveolentes
1570 1718 1815 1773 barbarae
1845 1756 1888 1813 Β

248 1812 463 1868 Graecia:
486 1810 767 1873 ﬂosculos,
798 1810 951 1864 nullo
1000 1809 1157 1879 pretii
1187 1823 1375 1864 eorum
1399 1808 1610 1865 delectu
1646 1808 1812 1873 facto,

248 1921 349 1961 non
382 1919 508 1960 esse
539 1913 742 1958 temere
771 1902 1145 1973 protereudos.
1173 1900 1371 1974 Goaa.]

312 2018 403 2074 Ib.
439 2018 714 2085 Δύθέντης
756 2016 1026 2072 dominus.
1078 2015 1215 2072 Hinc
1265 2017 1566 2083 αὐθεντεῖν,
1621 2015 1815 2071 αὐθεν-

243 2111 439 2175 τεύειν,
476 2110 839 2175 αύθεντίζειν,
867 2111 1229 2164 authenticum
1258 2112 1494 2173 reddere,
1525 2111 1818 2164 auctorita-

245 2194 494 2267 tem,'vim
523 2213 573 2255 et
609 2207 771 2254 robur
808 2201 1024 2264 addere,
1048 2210 1106 2253 ut
1132 2201 1303 2255 ualent
1328 2211 1375 2255 et
1403 2200 1552 2269 rejici
1577 2218 1677 2254 non
1700 2217 1821 2270 pos-

244 2296 324 2349 sit.
390 2293 453 2348 Et
482 2294 569 2349 cui
603 2309 713 2348 non
746 2302 875 2348 sunt
902 2295 1100 2348 audita
1122 2291 1416 2348 Justiniani
1464 2293 1813 2355 Aut/lentiae,

243 2403 384 2455 quas
437 2388 552 2455 ipse
579 2384 823 2456 Νεαράς,
856 2386 959 2440 hoc
990 2394 1075 2439 est
1121 2385 1402 2451 Novellas,
1463 2385 1820 2454 indigitavit?

242 2479 586 2533 Antlientica:
611 2476 909 2548 Scriptum
937 2492 1107 2532 sacra:
1132 2478 1376 2532 omnium
1409 2492 1502 2531 ore
1546 2484 1819 2532 teruntur.

306 2568 484 2624 Graeci
540 2584 688 2623 nunc
732 2569 967 2638 ἁφένδης
1027 2568 1272 2623 scribunt
1328 2576 1385 2623 et
1442 2568 1819 2638 pronuntiant,

242 2671 296 2716 ct
364 2663 679 2729 cciruptius
763 2660 940 2716 adhuc
1001 2661 1195 2729 efendi.
1279 2658 1521 2715 Transiit
1595 2669 1823 2730 utraque

241 2768 339 2807 vox
402 2752 466 2806 ad
518 2751 762 2806 Turcas:
818 2767 939 2805 nam
1008 2752 1114 2806 illis
1161 2751 1384 2821 aphendi
1437 2751 1522 2806 vel
1573 2750 1823 2819 efendiin

242 2858 339 2899 usu
404 2853 508 2907 est,
569 2852 705 2898 teste
756 2842 1084 2898 Leunclavio
1131 2844 1185 2898 in
1235 2842 1588 2925 Onomastico
1619 2844 1824 2899 Musul-

242 2936 521 2989 mannico.
563 2934 833 3016 ’Λφένδρα
892 2934 1132 2988 domina.
1190 2934 1369 2989 Dousa
1427 2937 1480 2989 in
1530 2935 1821 2991 Itiuerario

238 3027 561 3098 Cpolitano:
596 3025 713 3081 Nisi
771 3026 980 3081 Gra'cos
1012 3027 1279 3081 interdum
1314 3029 1432 3083 vino
1487 3029 1814 3101 deposueris,

240 3124 340 3175 nisi
375 3121 557 3176 στα·εο
582 3138 723 3176 more
759 3122 1217 3194 πολυχρονιάσῃς,
1248 3123 1459 3191 ἁφένδι,
1493 3124 1819 3177 exclamave-

240 3216 333 3276 ris,
367 3216 538 3270 oleum
580 3225 629 3268 et
660 3231 871 3297 cperam
900 3215 1217 3286 perdideris.
1256 3213 1391 3269 Hinc
1420 3215 1676 3269 αὑθεντία
1725 3216 1820 3271 do-

242 3311 492 3366 minatio.
521 3310 725 3366 Gacrs.

861 3441 1092 3499 CAPUT
1133 3441 1196 3497 V.

247 3559 640 3629 Explicationes
671 3568 719 3611 et
754 3560 1138 3629 observationes
1171 3557 1313 3609 circa
1324 3553 1654 3629 reliquorum
1692 3567 1823 3629 ⁸ρι’οτ

313 3622 491 3684 cerum
527 3630 822 3682 aulicorum
847 3628 1104 3697 insignia,
1144 3642 1261 3696 qua:
1310 3624 1546 3679 Codiuus
1584 3624 1755 3692 capite
1784 3622 1820 3674 4

312 3700 642 3769 exsequitur.

314 3812 376 3866 ιο.
413 3812 503 3867 l7.
533 3811 632 3884 {re
661 3809 962 3865 σκιάδιον.
992 3807 1199 3878 Capitis
1231 3807 1464 3877 tegimen
1498 3806 1818 3861 honoratius

242 3915 295 3958 et
322 3904 462 3959 aula:
491 3904 809 3974 proceribus
856 3915 1181 3956 concessum
1225 3898 1466 3953 σκιάδιον
1494 3906 1651 3951 vocat
1685 3912 1817 3951 auc-

247 4005 330 4049 tor
351 3993 618 4050 cumJure
640 3993 759 4049 GR:
789 4008 841 4062 p.
870 3990 993 4056 186,
1020 3988 1236 4069 Nicetas
1266 3988 1422 4043 πῖλον
1442 3999 1498 4043 et
1522 3989 1814 4057 κάλυμμα,

246 4084 519 4154 Gregnras
546 4082 888 4150 καλύπτραν.
913 4078 1170 4134 Formam
1206 4078 1294 4132 hic
1339 4077 1584 4148 depingit
1611 4076 1817 4131 ultimis

246 4175 492 4229 historia:
523 4187 634 4227 sua
665 4170 884 4226 verbis:
926 4170 1061 4238 Περί
1083 4186 1148 4237 γε
1194 4167 1303 4239 μὴν
1335 4170 1436 4235 τῆς
1458 4168 1549 4219 ἰπὶ
1576 4166 1818 4235 κεφαλῆς

246 4268 566 4336 καλύπτρας
609 4266 703 4318 ἐπὶ
757 4266 865 4317 τῶν
919 4264 1018 4333 μὲν
1068 4265 1338 4332 πρότερον
1390 4262 1655 4332 βασιλέων
1695 4259 1815 4323 ἔθος

246 4362 374 4421 τοὺς
404 4359 497 4428 μιν
511 4358 688 4427 χρόαῳ
713 4354 1130 4425 προϐεϐηκότας
1152 4356 1209 4407 ὲν
1226 4356 1339 4414 τοῖς
1364 4352 1655 4421 βασιλείοις
1682 4350 1818 4420 χρῆ-

1930 529 2035 584 qua
2091 517 2298 569 ratione
2363 513 2580 569 Nicetas
2607 517 2746 569 idem
2797 516 2849 569 in
2882 515 3072 570 Alexio
3122 516 3384 572 Manuelis

1933 607 2320 676 συγκλητικῶς
2353 608 2731 675 ὲξυφασμένον
2762 608 2859 677 τῆς
2906 606 3152 677 κεφαλῆς
3216 609 3505 679 κάλυμμα,

1928 713 2027 765 pro
2066 708 2376 766 ntugnatum
2414 696 2799 766 (συγκλητικοί
2858 698 3002 751 enim
3057 712 3166 751 non
3224 710 3506 754 senatores

1931 790 2112 852 modo,
2142 790 2235 843 sed
2265 799 2317 842 et
2344 804 2598 856 proceres
2629 789 2806 842 cuncti
2838 787 3117 855 dicuntur)
3149 798 3196 840 et
3215 788 3505 856 oﬁiciorum

1931 882 2188 934 varietate
2227 881 2388 933 rariis
2420 880 2679 932 coloribus
2718 888 2767 933 ct
2807 880 3030 931 materia
3090 880 3293 934 diuersa
3353 896 3505 935 com-

1930 972 2055 1041 poni
2087 989 2151 1025 ex
2183 973 2528 1026 assuetudine
2558 970 2863 1025 aliirmavit.
2898 969 3210 1039 Logothcta:
3251 972 3377 1040 pilei
3409 973 3505 1026 de-

1930 1063 2281 1130 scriptionem
2305 1070 2430 1116 nota
2453 1060 2679 1115 inferior
2711 1061 2776 1114 ad
2804 1076 2856 1129 p.
2888 1060 2951 1113 l9
2975 1062 3273 1116 exhibebit.
3301 1060 3499 1133 Gosa.]

2000 1153 2144 1208 Ibid.
2205 1153 2719 1208 Κλαπωτόνειυιιὶιιε
2735 1153 2936 1223 ubique
2970 1154 3135 1206 vertit
3170 1169 3502 1223 squameum,

1928 1262 2104 1315 exque
2137 1246 2341 1298 Arabia
2366 1256 2417 1299 et
2447 1244 2607 1315 Syria
2642 1245 2915 1299 cunabula
2968 1245 3223 1299 accersit.
3254 1244 3503 1300 Ridicule

1929 1352 2178 1406 prorsus.
2208 1336 2334 1404 quia
2385 1348 2467 1389 est
2500 1352 2597 1388 vox
2641 1352 2790 1390 mere
2840 1336 3054 1398 Latina,
3105 1338 3372 1389 clavatum
3401 1352 3499 1390 seu

1928 1428 2188 1490 elevatus,
2229 1428 2382 1496 παρὰ
2416 1429 2477 1480 τὸ
2508 1427 2714 1489 alario;
2743 1428 2857 1480 sive
2881 1426 3104 1490 κλάὄος,
3130 1429 3329 1482 clavus.
3362 1426 3502 1480 Hinc

1926 1518 2276 1591 χρυσόκλασα
2333 1528 2386 1575 et
2438 1519 2926 1590 χρυπκλαόαρικά
2952 1558 2967 1583 ,
3002 1518 3345 1587 chrysoclava
3398 1534 3499 1573 seu

1926 1610 2221 1673 auriclava,
2253 1610 2319 1664 de
2346 1611 2549 1679 quibus
2588 1610 2700 1677 jam
2756 1624 2923 1679 supra
2965 1610 3032 1663 ad
3062 1624 3113 1675 p.
3144 1608 3199 1663 5.
3241 1608 3355 1663 Viri
3407 1623 3502 1662 ao-

1926 1703 2020 1763 rti,
2055 1702 2230 1771 inquit
2276 1701 2718 1763 Glossarium.“
2765 1712 2850 1756 est
2896 1699 3115 1761 Junius.
3145 1710 3335 1770 putant
3388 1716 3502 1754 esse

1916 1808 2092 1847 vocem
2129 1794 2365 1845 Arabum
2396 1801 2445 1846 et
2472 1790 2750 1860 Syrorum,
2780 1802 2899 1861 quia
2929 1807 3067 1845 mere
3093 1790 3290 1844 Latina
3317 1800 3421 1855 est,
3450 1800 3502 1845 et

1916 1883 2074 1937 aliter
2102 1884 2523 1959 interpretantur
2547 1899 2708 1951 quam
2726 1883 3004 1936 debebant.
3035 1884 3209 1948 Quam
3237 1883 3501 1938 benevole

1918 1973 2177 2028 transfert
2206 1972 2271 2027 ad
2314 1973 2503 2043 plures
2530 1972 2678 2042 qund
2715 1974 2891 2028 solius
2915 1971 3064 2028 Junii
3089 1974 3204 2028 esti
3248 1982 3301 2028 et
3330 1989 3495 2042 quam

1917 2067 2090 2121 amice
2120 2065 2212 2119 hic
2239 2074 2293 2119 et
2320 2064 2449 2119 alibi
2499 2064 2853 2134 gravissimos
2890 2064 3023 2134 ejus
3072 2064 3258 2133 lapsus
3288 2064 3495 2133 tangit!

1920 2154 2123 2223 ubique
2145 2154 2289 2222 quod
2332 2151 2534 2208 Junius
2600 2152 2873 2217 deliravit,
2910 2154 3011 2208 hoc
3039 2153 3142 2207 viri
3177 2153 3321 2208 docti
3358 2153 3501 2210 lece-

1920 2253 2067 2299 runt.
2094 2244 2291 2300 Gaers.

1991 2334 2360 2406 [Κλαπωτόν.
2385 2336 2590 2407 Duplex
2632 2337 2781 2391 tilum
2814 2353 3066 2403 aureum,
3100 2356 3265 2395 unum
3296 2342 3499 2400 ductile

1922 2442 2250 2497 purumque,
2309 2430 2467 2498 quasi
2500 2430 2737 2485 solidum
2768 2447 2785 2496 ;
2824 2431 2972 2486 aliud
3020 2433 3224 2489 ductile
3250 2437 3495 2505 quidem,

1924 2520 2017 2591 sed
2052 2520 2213 2574 molis
2264 2529 2450 2575 tusum
2495 2529 2551 2574 et
2580 2536 2852 2590 pressum,
2879 2524 3053 2577 serica
3077 2524 3163 2579 ﬁla
3193 2528 3496 2583 circumve-

1922 2610 2038 2664 stit.
2090 2608 2337 2665 Primum
2373 2610 2560 2680 σύρμα
2615 2621 2719 2677 est,
2753 2628 2813 2665 or
2846 2615 3001 2678 trait,
3034 2616 3337 2671 secundum
3367 2618 3496 2673 κλα-

1925 2702 2103 2753 πωτόν
2139 2711 2270 2755 seta:
2289 2701 2762 2771 circumpositum,
2781 2719 2842 2756 or
2871 2703 2980 2771 fite.
3008 2704 3211 2776 Cum]
3242 2774 3243 2777 η

1998 2790 2085 2847 Ib.
2111 2792 2447 2858 Δικανίκιον,
2512 2794 2662 2862 παρὰ
2712 2795 2776 2847 τὸ
2800 2794 2947 2866 δίκη.
2990 2797 3192 2865 passim
3252 2802 3495 2856 occurrit

1926 2886 2068 2956 apud
2119 2886 2412 2941 Codinum.
2464 2884 2661 2941 Junius
2691 2888 2894 2956 ubique
2923 2890 3373 2959 vertitsceptrum
3400 2895 3498 2961 ju-

1928 2978 2145 3033 diciale.
2190 2978 2370 3033 Potest
2390 2994 2492 3032 vox
2515 2978 2631 3047 ipsa
2647 2977 2834 3034 Graeca
2859 2980 3122 3047 retineri;
3149 2994 3322 3051 potest
3351 2986 3500 3039 dica-

1842 3090 1890 3153 c
1932 3071 2132 3123 nicium
2160 3070 2492 3139 simpliciter
2520 3072 2661 3126 verti
2698 3081 2983 3140 sceptrum.
3025 3073 3341 3143 Aliquando
3369 3094 3493 3131 cum

1927 3162 1995 3217 de
2026 3162 2351 3232 patriarchis
2408 3170 2463 3217 et
2490 3164 2766 3233 episcopis
2830 3179 3012 3219 sermo
3049 3174 3154 3231 est,
3195 3177 3258 3220 ut
3283 3183 3336 3237 p.
3372 3170 3493 3235 105,

1920 3254 2126 3308 rectius
2156 3254 2484 3308 redderetur
2522 3256 2734 3322 pedum.
2772 3255 2829 3308 In
2854 3256 3235 3327 Turcograecia
3269 3272 3497 3315 vocatur

1918 3345 2228 3398 δεκανίκιον
2257 3345 2388 3415 (nisi
2429 3346 2503 3400 sit
2528 3346 2963 3415 typographicus
2995 3349 3173 3419 error)
3205 3366 3259 3419 p.
3287 3351 3376 3417 15,
3398 3353 3523 3419 ubi.

1919 3438 1987 3491 de
2039 3436 2320 3490 Gennadio
2390 3436 2699 3507 patriarcha
2760 3447 2815 3491 et
2843 3438 3172 3507 imperatore
3217 3440 3492 3498 Turcioo:

1931 3530 2113 3592 Ίδίαις
2178 3529 2339 3598 χερσὶ
2403 3529 2637 3582 δέδωκεν
2693 3529 2844 3600 αὐτῷ
2920 3531 3227 3586 δεκανίκιον
3294 3535 3492 3588 πολλοῦ

1918 3621 2091 3686 ἄξιον,
2140 3621 2261 3693 ἦτοι
2317 3621 2515 3693 ῥάϐδον
2576 3623 2830 3693 ἀργυρᾶν
2876 3628 3491 3697 περικεχρυαωμένην,

1918 3712 2152 3783 ὡραίαν.
2218 3711 2272 3765 In
2311 3712 2519 3781 scripto
2575 3712 2813 3779 quodam
2852 3710 3323 3770 Greco-Barbare
3365 3717 3404 3773 l.
3450 3734 3489 3772 ll

1917 3802 2353 3858 Tttrco~Graeciae
2424 3810 2647 3857 vocatur
2732 3804 3012 3871 δικανίκη.
3118 3806 3490 3879 Ποιμαντικὴν

1919 3896 2114 3965 ῥάϐδον
2134 3903 2292 3947 vocat
2310 3894 2586 3962 Gregoras
2615 3894 2655 3947 l.
2685 3909 2761 3947 vr.
2795 3893 2995 3947 (ἔχετε.

1990 3986 2126 4039 Ibid.
2147 3984 2315 4059 [Ἀπὸ
2332 3986 2427 4053 τῆς
2444 3984 2623 4052 δίκης,
2651 4000 2682 4037 a
2699 3984 2918 4051 justitia
2940 3999 3041 4038 vox
3069 3984 3298 4042 deducta
3324 3985 3491 4055 justi-

1919 4077 2008 4131 tiae
2035 4089 2250 4144 quoque
2282 4084 2334 4128 et
2366 4074 2654 4144 potestatis
2684 4075 2737 4128 in
2769 4075 2906 4130 alios
2932 4077 3251 4132 exercenda:
3271 4078 3491 4149 symbo-

1920 4167 2031 4220 lum
2066 4165 2436 4233 quodcunque
2483 4163 2777 4232 signiﬁcat.
2822 4165 2933 4219 Hoc
2968 4165 3023 4219 in
3059 4180 3185 4237 rege
3209 4176 3487 4238 sceptrum

1918 4265 2025 4317 est,
2059 4258 2111 4308 in
2142 4255 2401 4326 pontitire
2442 4256 2634 4322 pedum
2666 4256 2962 4325 pastorale,
3017 4258 3072 4313 in
3097 4259 3294 4315 abbate
3320 4261 3488 4316 bacu-

1920 4350 2025 4415 lus,
2055 4350 2111 4403 in
2132 4350 2281 4419 regio
2297 4349 2546 4403 ministro
2565 4348 2831 4410 calamus,
2858 4349 3112 4416 bacillus,
3131 4351 3314 4406 clava:
3346 4369 3487 4409 cun-

250 4450 376 4503 σθαι
413 4449 756 4519 καλύπτραις
789 4447 1101 4517 πυραμίδος
1174 4446 1273 4515 μὲν
1297 4445 1551 4513 ἐχούσαις
1606 4443 1815 4513 σχῆμα,

1929 4443 2019 4499 etis
2048 4442 2169 4498 istis
2199 4442 2571 4511 exprimendis
2628 4454 2732 4495 vox
2763 4440 3064 4494 atxzleiov
3103 4445 3322 4513 propria
3349 4456 3434 4501 est
3466 4466 3481 4512 ;

254 4544 499 4611 σηρικαῖς
521 4541 681 4610 233
711 4539 756 4592 δ’
778 4538 1044 4606 δνδύμασι
1072 4537 1215 4590 κατὰ
1235 4537 1295 4589 τὸ
1319 4535 1583 4603 ἀνάλογον
1604 4534 1820 4602 ἑκάστῳ

250 4628 463 4696 ἀξίωμα
499 4628 969 4696 καλυπτομᾶναις,
1012 4627 1126 4678 ὅσοι
1145 4624 1191 4678 δ’
1226 4627 1285 4677 ὲν
1335 4625 1545 4695 ἡλικίᾳ,
1597 4626 1820 4687 τούτους

254 4717 314 4768 δὲ
341 4718 548 4779 πάντας
580 4715 843 4779 καθάπαξ
865 4715 1174 4769 ἁκάλυπτον
1230 4714 1372 4783 ἔχειν
1407 4714 1506 4784 τὴν
1554 4713 1816 4783 κεφαλήν.

252 4807 406 4862 Unde
434 4824 553 4862 cum
584 4808 652 4862 ad
675 4807 870 4877 ephebi
894 4816 1106 4861 atatem
1141 4806 1424 4876 processit,
1454 4814 1583 4860 tunc
1611 4813 1817 4859 tantum

249 4899 481 4969 despotae
507 4916 607 4971 per
636 4913 844 4953 morem
885 4897 965 4953 las
996 4909 1075 4951 est
1113 4906 1253 4951 tecto
1305 4898 1481 4966 capite
1511 4898 1565 4950 in
1617 4899 1820 4966 palatio

249 4993 440 5046 cerni:
474 5008 609 5058 puer
636 4992 786 5045 enim
824 4990 1043 5045 nonnisi
1071 4999 1262 5059 aperto
1285 5000 1556 5051 versatur,
1588 4989 1660 5042 ait
1685 5004 1818 5044 auc-

253 5090 340 5134 tor
360 5082 530 5151 capite
563 5080 850 5150 superiore
877 5097 891 5134 :
935 5079 1056 5132 Ἐπὶ
1080 5079 1325 5149 κεφαλῆς
1359 5079 1439 5133 ἔτι
1471 5079 1587 5141 νέος
1618 5081 1720 5148 μὲν
1743 5078 1819 5133 ὢν

250 5172 282 5223 ὁ
321 5170 576 5245 δισπότης
612 5175 775 5241 φορεῖ
794 5173 852 5223 ἐν
881 5171 962 5242 τῷ
1012 5170 1262 5242 παλατίιρ
1290 5171 1462 5224 οὐδέν.
1528 5170 1662 5225 Pilei
1719 5172 1817 5226 de-

253 5263 505 5332 scriptam
554 5280 584 5317 a
610 5261 854 5332 Gregora
903 5262 1135 5317 formam
1172 5261 1388 5316 dixerat
1439 5260 1569 5315 olim
1600 5260 1817 5317 Nicotas

255 5355 544 5411 Andronici
573 5356 612 5411 ι.
643 5371 682 5409 ιι
718 5370 746 5408 a
777 5355 1022 5410 barbaris
1047 5363 1329 5423 acceptam
1360 5371 1375 5409 :
1420 5355 1579 5408 Πῖλον
1611 5354 1818 5426 βαρϐα-

259 5444 407 5513 ρικὸν
432 5448 497 5516 τῇ
522 5444 735 5515 κεφαλῇ
761 5444 1145 5514 περιθέμωος,
1177 5443 1236 5506 ὃς
1254 5443 1334 5505 είς
1372 5443 1468 5507 ὀξὺ
1498 5444 1681 5512 λήγων
1716 5463 1815 5496 πυ-

261 5533 438 5600 ραμίδι
475 5531 752 5586 είκασται.
794 5531 1055 5601 Proprias
1112 5541 1291 5586 tamen
1321 5541 1375 5587 et
1427 5533 1713 5588 familiaris
1744 5536 1816 5589 ita

264 5617 496 5677 redditus
527 5629 637 5685 est,
672 5629 858 5675 utnon
891 5620 1089 5685 forma,
1127 5621 1223 5674 sed
1254 5624 1498 5677 materiae
1527 5623 1817 5679 colorum-

263 5723 368 5777 que
395 5714 505 5782 ejus
531 5700 796 5768 varietate
821 5724 1047 5769 senator
1079 5714 1309 5783 quilihct
1337 5724 1391 5768 ct
1452 5717 1665 5771 aulicus
1716 5718 1814 5772 mi-

1918 4544 1973 4589 et
2015 4534 2204 4587 Latine
2241 4532 2487 4589 redditur
2545 4532 2893 4587 commodius
2932 4534 3078 4602 virga
3125 4536 3206 4589 vel
3270 4537 3486 4593 baculus

1919 4639 2084 4692 quam
2119 4633 2405 4693 sceptrum.
2437 4621 2710 4678 Scribitur
2736 4633 2787 4678 et
2819 4624 3128 4683 δεκανίκιον
3155 4636 3210 4683 et
3240 4627 3486 4683 δεκανεκι

1920 4714 2089 4769 dictio
2112 4730 2140 4767 a
2175 4714 2347 4784 priori
2384 4721 2674 4769 truncata:
2703 4729 2809 4767 non
2835 4714 3117 4782 δεκανίκη,
3150 4726 3210 4769 ιιι
3251 4719 3481 4773 barbare

1922 4802 2218 4860 Meursius.
2257 4804 2447 4858 Simon
2511 4804 2731 4859 Portius
2763 4804 3050 4857 δικανίκιτ
3094 4806 3313 4874 ῥάὸδος,
3351 4809 3487 4878 βάκ-

1918 4914 2066 4967 τρον,
2082 4896 2374 4969 βακτηρία,
2396 4895 2578 4961 ξύλον,
2595 4895 2834 4947 baculus.
2853 4896 3218 4959 Couseeralus.
3239 4899 3483 4968 inquam,

1920 4988 2160 5055 baculus,
2199 4988 2416 5058 qualem
2454 4987 2844 5042 caduceatores
2869 4990 3046 5043 nostri
3076 4991 3342 5059 gerebant
3373 4996 3485 5060 pri-

1920 5068 2110 5144 mitus;
2131 5081 2198 5135 de
2225 5094 2335 5149 quo
2360 5078 2653 5147 Gregorius
2675 5077 2881 5133 Turon.
2912 5094 3006 5145 vlt,
3024 5081 3093 5134 δᾶ
3120 5100 3133 5135 :
3162 5082 3309 5136 Misit
3338 5081 3488 5139 Cun-

1920 5173 2176 5226 rlobnldns
2205 5173 2336 5225 duos
2362 5172 2558 5239 legatos
2578 5171 2647 5222 ad
2686 5187 2853 5240 regem
2883 5189 3002 5226 cum
3029 5175 3186 5244 virgis
3218 5191 3490 5231 consecra-

1921 5266 2008 5328 tis,
2047 5265 2202 5331 juxta
2243 5263 2397 5315 ritum
2431 5259 2781 5325 Francorum,
2822 5275 2879 5317 ut
2908 5266 3110 5320 scilicet
3133 5282 3238 5319 non
3277 5269 3490 5321 contin-

1919 5362 2163 5423 gerentur
2185 5352 2248 5405 ab
2281 5352 2389 5406 ullo
2407 5354 2674 5423 ;‘qnalcm
2703 5354 2865 5427 235
2906 5357 3065 5411 etiam
3100 5366 3297 5427 gerunt
3316 5373 3494 5415 mare-

1918 5444 2080 5498 scalci
2106 5482 2122 5508 ,
2162 5444 2348 5513 regius
2379 5445 2614 5515 dapifer,
2658 5448 2970 5516 praetoriani
3001 5448 3297 5518 immunes,
3328 5464 3495 5521 appa-

1919 5535 2139 5599 ritores,
2165 5545 2269 5590 etc.
2301 5534 2500 5608 Cosa]

1989 5626 2053 5680 P.
2099 5628 2189 5681 l7.
2230 5627 2338 5684 Pro
2387 5629 2611 5699 κόμσων
2651 5627 2855 5686 Junius
2908 5630 3101 5687 eodem
3147 5646 3313 5688 sensu
3350 5634 3490 5703 κόμ-

1921 5736 2059 5774 πων.
2085 5721 2281 5776 (iners.
