3952 6222
275 317 376 379 265

1360 316 1745 380 GllETSEltl
1793 320 1886 379 ET
1922 319 2155 379 GOA‘ltl
2206 320 2439 378 N--T.E.

1966 210 1999 217 ...ο

3403 320 3508 384 266

276 435 406 495 apud
443 426 834 484 Cassiodorum
902 429 1025 487 Var.
1064 446 1131 484 vn
1169 430 1239 483 ὅς
1281 429 1426 483 Illud
1481 447 1684 499 quoque
1711 447 1841 484 con-
1869 442 1915 500 Α
1945 433 2170 495 hebant;
2206 428 2503 485 nillil'enim
2556 431 2703 484 aliud
2726 440 2799 485 est
2838 448 2996 499 quam
3027 431 3275 499 superata
3306 433 3511 487 theraci

278 524 466 590 sidera,
507 541 612 592 qua
643 526 1037 594 gratiﬁcatione
1076 528 1340 585 tracteris,
1394 536 1451 578 ut
1505 544 1665 580 aurea
1698 528 1839 594 virga

279 620 546 670 decoratus
578 619 716 671 inter
749 619 995 686 obsequia
1023 635 1310 681 numerosa
1345 628 1464 671 ante
1490 620 1642 686 prdes
1671 621 1840 688 regios

278 709 465 773 primus
496 709 733 771 videaris,
752 710 1009 770 incedere,
1048 710 1122 763 vel
1148 712 1228 761 uti
1256 711 1368 775 ipso
1398 710 1688 764 testimonio
1712 710 1839 763 vici-

282 798 459 849 nitatis
486 812 685 852 nostra:
739 816 1086 869 agnoscamus
1123 800 1219 852 tibi
1258 800 1462 867 palatia
1497 802 1835 854 commisisse.

281 890 333 940 At
363 888 437 940 nil
472 900 706 943 ruentem
764 901 994 958 occupat
1040 899 1133 943 aut
1187 889 1608 943 admirationem
1660 901 1841 945 movet

280 978 324 1030 in
357 979 664 1048 principum
717 981 887 1036 curiis
921 982 1021 1035 nisi
1071 983 1214 1050 quod
1269 996 1494 1046 novum,
1542 982 1839 1050 insuetum,

277 1079 359 1123 aut
390 1070 547 1123 facile
576 1081 754 1139 potest
799 1074 926 1126 oriri
959 1088 1021 1127 ae
1053 1074 1217 1126 elabi.

337 1159 425 1214 1b.
460 1162 919 1232 [Χρυσίὶσπρον.
968 1164 1210 1233 ’Λσπρος
1242 1166 1502 1221 candidus
1530 1177 1613 1221 est
1640 1167 1841 1221 Greecis

276 1254 717 1317 recentioribus;
753 1255 893 1323 apud
936 1270 1070 1322 quos
1105 1256 1267 1309 etiam
1300 1267 1610 1323 argenteam
1661 1273 1844 1312 mone-

274 1354 373 1396 tam
418 1346 660 1414 quinque
687 1346 768 1399 vel
790 1361 882 1399 sex
918 1346 1254 1399 minutorum
1288 1349 1642 1405 denariorum
1681 1349 1840 1419 pretii

274 1435 480 1501 ἆσπρον
508 1436 577 1487 ob
608 1435 901 1489 candorem
958 1436 1157 1490 dictam
1195 1438 1415 1493 audies:
1461 1455 1522 1494 ea
1576 1449 1657 1495 est
1684 1441 1842 1510 quin-

278 1541 410 1579 cunx
451 1526 769 1591 Francicus,
826 1543 897 1579 un
926 1526 1099 1593 blanc,
1130 1529 1269 1594 piece
1301 1531 1361 1583 de
1384 1548 1640 1600 mortnoye
1687 1532 1840 1585 blan-

275 1616 374 1678 clte,
402 1616 457 1668 in
484 1631 593 1685 quo
622 1633 793 1671 suave
819 1633 1022 1675 sonans
1049 1636 1153 1674 vox
1184 1621 1390 1675 Gallica
1424 1623 1480 1676 in
1515 1640 1677 1678 sensu
1712 1640 1838 1679 cum

276 1706 452 1761 Gra’ca
519 1710 867 1763 concordiam
904 1711 1021 1775 init,
1066 1713 1349 1782 etignaras
1394 1717 1595 1769 mentis
1623 1718 1835 1785 asperi-

275 1809 453 1863 tatem,
481 1801 690 1869 ἇσπρον
715 1801 867 1871 quasi
934 1819 1182 1871 asperum
1219 1806 1285 1859 ab
1319 1807 1521 1874 asperis
1552 1807 1837 1862 characte-

276 1890 415 1945 ribus
452 1903 687 1946 moneta:
718 1892 915 1950 inustis
936 1895 1144 1950 dictum
1180 1898 1582 1966 contendentis,
1614 1901 1815 1968 arguit.

271 1985 457 2057 Gen-1.]

329 2076 386 2127 P.
432 2077 525 2129 2L
556 2075 909 2146 Συϐαλταρὲα
968 2077 1300 2143 subalterna,
1337 2080 1666 2146 alternatim,
1699 2081 1837 2135 alter

272 2168 359 2219 sub
419 2168 641 2232 altero;
701 2185 804 2223 vox
859 2185 925 2225 ex
989 2168 1185 2225 Latino
1266 2173 1534 2243 vocabulo
1592 2174 1826 2229 detorta.

269 2258 466 2314 Csars.

330 2350 647 2422 [Corrupta
682 2369 780 2407 vos
807 2354 914 2408 ἀπὸ
944 2356 1036 2409 τοῦ
1072 2357 1367 2427 συμϐάλλω
1388 2358 1677 2422 committo,
1710 2374 1836 2412 con-

267 2444 441 2515 iunge,
504 2447 835 2500 commisceo.
902 2447 1104 2502 Calami
1163 2463 1292 2518 ergo
1346 2450 1663 2503 baculorum
1711 2465 1835 2504 cum

267 2540 479 2604 quidam
509 2539 719 2592 tortiles
773 2549 977 2603 essent,
1006 2542 1460 2612 ἐντετυλιγμένοι
1492 2539 1581 2594 διὰ
1620 2557 1834 2611 σχοινο-

275 2630 517 2691 πλςκεσυ.
547 2632 683 2684 adeo
737 2641 795 2684 ut
854 2630 1064 2685 funium
1122 2648 1259 2701 opus
1309 2634 1678 2700 imitarentur,
1739 2631 1833 2686 alii

277 2721 403 2772 λεῖοι
435 2722 816 2785 laeves,nltimi
840 2724 1053 2778 tandem
1086 2724 1528 2794 συμϐαλλόμενοι
1556 2708 1838 2795 experti-

267 2813 359 2868 bus
386 2814 456 2867 ad
489 2815 716 2867 invicem
744 2816 1053 2870 commissis
1074 2825 1126 2870 ct
1151 2824 1459 2871 storcarum
1503 2834 1653 2873 more
1675 2824 1838 2879 textis

264 2906 547 2976 compositi
585 2906 960 2974 συὸαλταρὲοι,
983 2910 1147 2960 tissus
1170 2924 1230 2961 en
1258 2918 1401 2961 natte
1427 2922 1836 2979 nuncupantur,

264 2997 346 3063 qui
402 2996 613 3051 clarius
648 2996 1061 3064 συμϐαλλωτοί;
1118 3013 1241 3065 quze
1294 3013 1397 3052 vox
1437 3014 1584 3054 mere
1644 3000 1835 3057 Graeca

265 3104 380 3141 cum
416 3090 743 3142 subalternis
794 3088 876 3142 vel
927 3090 1235 3142 alternatim
1288 3106 1396 3144 uno
1456 3091 1705 3145 videlicet
1736 3095 1839 3148 sub
1869 3115 1909 3172 α

266 3180 424 3233 altera
473 3181 689 3248 positis,
723 3180 928 3233 nullam
960 3195 1027 3233 ex
1072 3184 1376 3250 proposito,
1430 3184 1527 3237 sed
1555 3183 1835 3240 fortuitam

262 3274 574 3325 afﬁnitatem
608 3282 763 3325 nacta
793 3281 895 3327 est.
922 3271 1123 3343 Gem]

330 3365 410 3418 Ib.
451 3365 558 3419 Pro
589 3366 763 3434 μέγας
804 3367 973 3419 codex
1010 3366 1210 3419 Boicus
1246 3366 1478 3436 μαῦρος,
1515 3369 1664 3437 quod
1683 3368 1838 3425 Grae-

262 3459 334 3511 cis
368 3474 520 3512 nunc
581 3468 665 3512 est
694 3459 919 3527 nigrant.
955 3456 1095 3512 Hine
1136 3457 1348 3513 Pontus
1372 3460 1621 3516 Euxinus
1650 3464 1834 3530 appel-

264 3551 395 3604 latur
422 3551 886 3618 Maurotltalassa,
916 3550 1122 3619 nigrum
1184 3567 1347 3616 mare,
1389 3552 1715 3609 Germanice
1736 3554 1833 3624 das

261 3642 520 3698 schwarze
544 3660 704 3698 meer.

328 3740 408 3790 Ib.
463 3738 567 3791 Pro
597 3737 967 3806 χρυσόλευκον
1022 3736 1147 3790 cod.
1211 3736 1414 3791 Boicus
1456 3736 1830 3806 χρυσάσπρον·

263 3840 339 3883 est
358 3835 503 3883 cnim
531 3846 676 3884 nunc
702 3830 904 3883 Graecis
921 3829 1130 3897 ἇσπρον
1151 3829 1349 3894 album,
1376 3838 1425 3883 et
1454 3829 1601 3896 ηερνὶ
1625 3830 1833 3883 nummi

267 3937 452 3989 genus.
495 3933 548 3975 et
579 3921 877 3989 ἁσπρίξειν
907 3920 1171 3974 dealbare.
1778 3970 1781 3971 ,

336 4012 415 4066 Ib.
448 4013 631 4065 Habes
665 4012 749 4065 hic
774 4010 1011 4078 βλάτιον,
1050 4011 1140 4062 ubi
1172 4007 1458 4063 manifeste
1486 4010 1701 4077 ponitur
1735 4026 1832 4077 pro

264 4102 369 4155 lato
400 4104 579 4168 spatio
599 4116 693 4155 seu
721 4114 817 4168 pro
854 4098 1149 4152 latitudine
1182 4097 1447 4151 scaranici
1472 4110 1486 4149 :
1508 4097 1616 4149 Das
1650 4098 1830 4164 breite,

262 4198 318 4247 τὸ
345 4196 519 4247 πλατὺ
546 4192 639 4245 τοῦ
676 4192 1032 4260 σκαρανῐκου.
1070 4188 1270 4242 ibidem
1303 4189 1421 4255 lego
1452 4189 1833 4256 χρυσοκλαϐα·

268 4289 414 4353 ρικὸν
446 4285 865 4344 auriclavatum,
901 4296 1009 4334 non
1049 4278 1645 4348 χρυσσκλαδάρικον,υι
1674 4280 1833 4333 habet

266 4373 479 4437 Junius,
545 4375 637 4441 qui
674 4389 797 4425 cum
828 4386 985 4424 aureo
1023 4386 1172 4421 ramo
1208 4382 1304 4421 Seu
1348 4370 1647 4421 ramuscula
1682 4383 1830 4420 cunt-

1945 522 2259 590 superindui
2297 522 2479 574 solita.
2532 519 2750 575 Notavit
2776 523 2922 576 hunc
2946 522 3203 577 eumdem
3264 538 3507 577 errorem

1944 612 2093 670 Junii
2125 624 2248 667 ante
2278 613 2616 667 Glossarium
2665 613 3186 669 Graeco-Barbarum
3243 615 3517 683 ltigaltius

1920 696 1999 761 .iu
2033 722 2132 760 suo
2153 706 2430 761 Glossario
2456 706 2675 759 Taetlco
2710 706 3111 777 mixoburbaro.
3147 707 3209 760 Et
3237 708 3511 777 quamvis,

1944 798 1988 850 si
2022 797 2245 851 verbum
2302 797 2469 851 verbo
2506 797 2640 851 velis
2675 800 2925 862 reddere,
2958 800 3137 866 potius
3171 800 3244 853 sit
3272 800 3512 867 superla-

1900 896 1909 903 '
1946 890 2224 953 ricarium,
2284 890 2386 944 hoc
2418 898 2502 944 est
2531 906 2592 943 ea
2626 892 2793 945 vestis
2824 906 2943 958 quae
2971 907 3133 960 super
3169 893 3395 949 loricam
3430 896 3517 948 iu-

1943 980 2283 1041 duitur,cum
2303 980 2559 1051 λώρικον,
2594 982 2755 1051 240
2786 982 3061 1051 λωρίκιον,
3082 984 3314 1053 λωρίκη,
3337 985 3516 1051 lodgi-

1944 1090 2061 1137 κον,
2095 1074 2371 1143 λουρίκιον
2393 1075 2461 1127 sit
2494 1075 2762 1143 ipsissima
2795 1076 3110 1130 Latinorum
3132 1078 3318 1141 lorica,
3351 1079 3514 1131 latius

1945 1165 2122 1219 tamen
2149 1167 2370 1219 nomina
2415 1168 2528 1220 inec
2564 1168 2651 1223 hic
2678 1179 3030 1237 usurpantur,
3064 1170 3323 1223 nimirum
3357 1172 3521 1225 abso-

1946 1254 2058 1309 lute
2110 1257 2207 1321 pro
2265 1258 2539 1312 thorace:
2606 1275 2787 1324 neque
2841 1261 2985 1319 enim
3043 1262 3340 1315 verisimile
3401 1270 3517 1325 est,

1943 1348 2163 1413 quando
2187 1362 2440 1415 proceres
2480 1352 2532 1401 in
2565 1350 2766 1417 palatio
2792 1352 3129 1420 temporibus
3162 1354 3310 1420 pacis
3333 1362 3513 1419 gesta-

1944 1438 2078 1492 bant
2155 1440 2453 1506 epilorica,
2515 1443 2677 1495 simul
2742 1444 2902 1495 etiam
2983 1453 3225 1512 gestasse
3294 1444 3514 1497 loricas.

1944 1531 2168 1585 Tzetzes
2234 1531 2284 1584 in
2344 1532 2683 1586 Hesiodum:
2713 1534 2894 1586 Χιτὼν
2942 1539 3032 1587 καὶ
3088 1536 3261 1604 φᾶρός
3307 1538 3423 1599 ἐστι
3452 1536 3514 1585 es

1942 1620 2322 1690 ὄιεσχισρζὲνον
2352 1623 2603 1691 ἱμάτιον,
2661 1622 2689 1675 ὃ
2722 1624 2996 1694 καλοῦμεν
3029 1626 3377 1691 ὲπιλώρικον.
3411 1624 3512 1678 Ubi

1945 1714 2099 1768 vides
2154 1718 2222 1767 ab
2277 1714 2381 1769 hoc
2432 1726 2656 1769 auctore
2700 1717 3011 1784 epiloricum
3071 1716 3254 1769 vocari
3307 1725 3514 1769 vestem

1944 1806 2236 1861 discissam
2266 1823 2279 1871 ;
2325 1807 2504 1875 qualis
2536 1806 2823 1861 Germanis
2863 1816 2948 1863 est
2980 1810 3062 1861 ein
3088 1805 3287 1860 Keller.
3320 1806 3512 1874 [ἣκετε.
3594 1800 3599 1803 ⁴

2014 1895 2075 1950 Ρ.
2103 1897 2193 1951 ‘22.
2218 1897 2494 1969 ιΛὼρικον
2523 1908 2577 1953 et
2599 1898 2854 1970 λωρίκιον
2887 1902 3053 1954 lorica
3070 1908 3172 1959 est,
3205 1899 3441 1968 pectoris
3462 1908 3518 1953 ct

1944 1988 2092 2043 dorsi
2124 1998 2432 2043 armatura.
2493 1989 2893 2060 Theophanes:
2931 1991 3165 2045 Ἔλαϐον
3194 1991 3515 2059 τὰηλωρίκισ.

1945 2080 2040 2130 καὶ
2100 2080 2198 2142 τὰς
2258 2082 2486 2145 κααίδας
2533 2083 2721 2137 αὐτῶν
2771 2084 2865 2138 καὶ
2929 2086 3111 2155 πάντα
3168 2084 3237 2135 τὰ
3262 2084 3512 2151 ἅρματα.

1958 2167 2320 2240 Ἐπιλὼρικον
2351 2172 2583 2227 militare
2609 2190 2793 2242 sagum
2814 2182 2917 2234 est,
2944 2172 3315 2227 castrensibus
3344 2180 3517 2226 tesse-

1945 2259 2020 2312 ris
2054 2260 2212 2331 juxta
2252 2270 2462 2315 turmas
2483 2263 2729 2330 siugulas
2752 2262 3207 2325 discriminatum,
3234 2272 3293 2316 ut
3314 2262 3514 2316 milites

1947 2348 2319 2405 internoseaut
2342 2354 2528 2416 duces,
2563 2370 2789 2424 casuque
2816 2355 3065 2407 d’armes.
3100 2354 3281 2408 Armis
3308 2370 3507 2421 super-

1945 2442 2192 2497 induitur
2218 2447 2373 2513 juxta
2423 2455 2684 2516 etyumm.
2721 2446 2830 2500 Leo
2858 2449 2910 2500 in
2937 2446 3178 2501 Tacticis
3211 2448 3429 2501 constit.
3459 2444 3513 2510 6,

1946 2537 2235 2607 descriptis
2289 2548 2579 2591 armatura:
2625 2538 2858 2607 singulis
2915 2540 3187 2606 partibus:
3230 2540 3515 2606 Χρήσιμον

1946 2627 2093 2697 ἔχειν
2121 2614 2449 2698 mxuma,
2474 2630 2561 2682 ὅτε
2594 2628 2777 2697 χρεία,
2805 2629 3198 2698 ξπενδυόμενα.
3235 2628 3367 2683 Pars
3396 2630 3514 2698 ejus

1947 2721 2190 2775 anterior
2220 2736 2246 2772 a
2284 2722 2584 2789 posteriore
2628 2723 2814 2776 dissita
2863 2731 2949 2775 est
2977 2732 3028 2774 et
3058 2722 3266 2786 libera;
3297 2737 3361 2775 ac
3387 2737 3512 2785 pro-

1948 2820 2132 2881 pterea
2156 2810 2533 2879 διεσχισμένον
2560 2812 2776 2878 ἱμάτιον
2801 2824 2961 2865 vocat
2985 2814 3210 2866 Tzetzes
3236 2812 3290 2864 in
3310 2810 3512 2866 ‘llesio-

1946 2905 2098 2959 dum.
2135 2904 2405 2958 Describit
2457 2903 2672 2959 Nieetas
2705 2906 2755 2957 in
2790 2904 3057 2970 Manuale,
3108 2905 3145 2958 l.
3190 2921 3265 2970 vt,
3306 2906 3511 2973 regium

1948 2997 2262 3064 ltujusmudi
2303 3011 2527 3065 sagum:
2571 2997 2927 3065 Θεασάμενος
2961 2997 3018 3049 δὲ
3047 2996 3265 3065 Γαὸρᾶς
3300 2998 3366 3067 ἢν
3396 2991 3513 3065 εἶχε

1948 3091 2174 3144 στολάδα
2210 3093 2236 3142 ὁ
2285 3089 2537 3159 βασιλεὺς
2590 3090 2688 3160 τὴν
2730 3092 2920 3159 χροιὰν
2982 3091 3364 3159 χτιλοὸἁφινον,
3397 3092 3514 3143 Οὐκ

1946 3181 2285 3250 εὐσύμϐολον
2350 3182 2408 3233 τὸ
2439 3183 2638 3252 χρῶμα
2698 3181 2876 3247 τοῦτο,
2932 3185 3121 3252 φησὶν,
3190 3176 3543 3264 (ἷιβτδισελεῦ,δ

1945 3272 2079 3326 ἀλλὰ
2131 3275 2224 3325 καὶ
2275 3273 2398 3324 λίαν
2456 3274 2598 3325 κατὰ
2627 3275 2727 3342 τὴν
2779 3274 2929 3341 ὥραν
2981 3275 3073 3325 τοῦ
3119 3275 3357 3342 πολέμου
3389 3277 3512 3338 ταῖς

1945 3360 2182 3426 ἀγαθαῖς
2245 3361 2439 3432 τύχαις
2492 3364 2881 3431 ἀντιπρᾶττον.
2940 3365 3111 3423 Αὐτὸς
3136 3366 3181 3417 δ’
3244 3366 3338 3418 ἐπὶ
3394 3367 3510 3426 τοῖς

1944 3452 2257 3519 εἰρημένοις
2307 3452 2480 3521 βραχὺ
2536 3456 2629 3508 καὶ
2672 3453 3030 3523 βεϐιασμένον
3075 3456 3378 3522 μειδιάσας,
3410 3457 3509 3525 τὴν

1945 3542 2312 3611 ὲπιϐωράκιον
2356 3546 2550 3613 στολὴν
2579 3547 2779 3609 ἀποδὺς
2818 3547 3011 3616 ἐκείνῳ
3038 3549 3221 3602 δίδωσι
3256 3550 3511 3620 tropaeum

1946 3636 2042 3687 καὶ
2079 3638 2268 3705 χρυσῷ
2294 3638 2704 3707 διηνθισμένην.
2735 3641 2797 3693 At
2841 3658 2944 3693 non
2968 3650 3269 3695 castrorum
3299 3652 3506 3695 tantum

1943 3736 1998 3780 et
2021 3729 2259 3793 militiae,
2296 3743 2483 3783 Verum
2518 3746 2736 3799 quoque
2764 3733 2912 3798 pacis
2941 3742 2991 3784 et
3012 3733 3176 3785 curize
3211 3733 3508 3786 vestimen-

1942 3829 2054 3872 tum
2074 3830 2155 3874 est
2173 3819 2496 3891 ὲπιλώρικον
2521 3837 2534 3886 ;
2557 3822 2703 3875 unde
2723 3829 2775 3873 ct
2792 3821 3151 3889 quodcunque
3170 3822 3504 3889 huiusmodi,

1941 3913 1984 3966 si
2024 3912 2188 3966 modo
2245 3912 2477 3966 scissum
2517 3920 2600 3965 est
2630 3920 2684 3964 et
2720 3912 2978 3973 divisum,
3019 3911 3122 3965 tale
3165 3926 3364 3965 nomen
3390 3927 3510 3967 sor-

1939 4004 2094 4057 titur.
2117 4003 2344 4057 Tzetzes
2382 4002 2581 4056 citatus
2607 4020 2620 4055 :
2683 4001 3002 4070 thapdg‘ést:
3051 4004 3111 4054 τὸ
3131 4004 3509 4073 διεσχισμένον

1944 4094 2182 4161 ἱμάτιον,
2220 4092 2247 4143 ὃ
2281 4091 2554 4161 καλοῦμεν
2582 4092 2935 4164 ἑπιλώρικον,
2977 4095 3089 4157 καὶ,
3120 4097 3230 4148 πᾶν
3277 4098 3338 4148 τὸ
3362 4096 3507 4151 οὕτω

1938 4186 2334 4255 διεσχισμένον.
2380 4185 2584 4240 Auctor
2624 4201 2861 4255 quoque,
2895 4202 3019 4240 cum
3063 4187 3257 4255 placet,
3305 4192 3509 4245 asserit

1939 4277 2025 4331 hic
2056 4278 2187 4347 geri.
2217 4277 2378 4333 Cum.
2421 4278 2672 4333 bellicum
2712 4289 2795 4333 est
2846 4287 3056 4332 tantum
3084 4292 3138 4334 et
3196 4291 3502 4337 castrormn

1942 4369 2243 4437 proprium,
2301 4368 2556 4443 xtlﬁwov
2583 4384 2677 4423 aut
2706 4371 2987 4423 κλιϐάνων
3015 4371 3222 4425 dictum
3266 4356 3507 4441 reperies

264 4483 353 4532 que
408 4467 561 4531 pictis
613 4462 869 4517 Itcliribns
934 4460 1164 4513 mirifice
1198 4475 1257 4513 se
1310 4459 1569 4512 oblectat.
1632 4460 1832 4512 Ibidem
1870 4459 2078 4525 Dapud
2108 4458 2343 4513 Leonem
2385 4460 2441 4513 in
2498 4459 2733 4514 Tacticis
2780 4470 2829 4515 et
2890 4461 3136 4515 Nicetam
3189 4462 3508 4516 Graecobaro

266 4560 412 4626 tego:
484 4557 607 4607 Ἐπὶ
670 4553 863 4621 θρόνου
927 4551 1132 4620 χρυσοῦ
1190 4550 1491 4609 ἁναὸατοῦ.
1547 4550 1613 4603 In
1647 4551 1833 4603 throno

266 4664 421 4700 aureo
453 4647 688 4709 sublimi,
720 4646 773 4696 in
824 4659 972 4710 quem
1006 4658 1094 4710 per
1124 4642 1329 4709 aliquos
1367 4641 1563 4709 gradus
1596 4641 1837 4693 ascendio

275 4752 377 4795 tur.
421 4741 693 4796 Leotiouis
736 4740 967 4807 vulgatae
1016 4744 1172 4805 aptus
1218 4750 1412 4789 sensus
1442 4734 1591 4788 reddi
1627 4734 1831 4801 nequit.

266 4834 464 4887 Gntzrs.

338 4924 426 4981 Ib.
455 4924 892 4997 [Substantivum
915 4922 1185 4976 ἁνάϐατον
1217 4923 1534 4990 fermentum
1560 4927 1660 4983 est,
1685 4918 1830 4987 quod

268 5031 330 5070 eo
358 5016 832 5087 turgeat,,intletur
859 5025 912 5070 et
934 5016 1191 5073 ascendat
1214 5028 1419 5069 massa.
1448 5011 1588 5069 Hine
1612 5025 1827 5080 azyma.

271 5108 518 5162 sacriﬁcii
572 5109 681 5161 ritu
721 5106 914 5160 Latino
943 5105 1200 5160 celebrati
1242 5106 1549 5165 materiam,
1574 5101 1835 5158 λειπανὰ-

270 5200 433 5266 Gaza,
485 5204 682 5273 quibus
726 5200 1055 5254 fermentum
1089 5197 1265 5260 deest,
1297 5193 1604 5248 vocitavere
1632 5191 1829 5245 Graeci.

272 5292 609 5359 Adjectivum
663 5290 934 5352 ἀναϐατός
965 5289 1166 5341 throno
1211 5298 1485 5338 annexum
1537 5282 1829 5336 sransilcm

272 5396 397 5434 eum
452 5390 501 5434 et
521 5382 816 5437 elevatum.
838 5386 891 5431 ut
924 5378 981 5429 ὲν
1004 5373 1299 5443 προκύψει,
1322 5372 1387 5426 de
1412 5385 1518 5440 qua
1550 5384 1650 5425 nos
1679 5370 1832 5433 alibi,

271 5472 624 5527 demonstrat.
660 5468 864 5539 Coum]
1830 5470 1835 5475 “

344 5568 405 5621 Ρ.
438 5566 525 5620 29..
565 5564 928 5634 Ἑπιλώρικον
964 5576 1058 5617 seu
1090 5557 1436 5649 éntlodptxov
1468 5563 1523 5609 et
1555 5552 1833 5621 ὲπιλουρξ-

276 5676 422 5712 χιον.
456 5658 559 5712 Viri
591 5662 755 5720 docti,
802 5657 980 5723 inquit
1012 5644 1377 5712 Glossarium,
1413 5646 1467 5699 id
1504 5654 1585 5699 est
1614 5644 1832 5705 Junius,

276 5754 684 5822 interpretantur
746 5757 1057 5816 pra-textam
1092 5747 1334 5804 vittatam
1385 5739 1531 5793 loris.
1584 5735 1706 5789 Non
1741 5738 1834 5788 de-

587 5851 861 5909 PATRUL.
908 5847 1018 5906 Gn.
1063 5840 1299 5903 CLVlI.

1941 4550 2136 4603 barum
2171 4544 2293 4605 loco
2333 4552 2590 4619 superius
2648 4552 2916 4606 adducto:
2965 4553 3109 4605 Ἰδὼν
3139 4553 3193 4605 δὲ
3227 4553 3257 4604 ὁ
3292 4554 3510 4621 Γαόρᾶς

1938 4642 2029 4692 καὶ
2058 4642 2117 4692 τὸ
2148 4644 2334 4695 ἐπάνω
2369 4644 2646 4709 κλίϐανον,
2692 4644 2720 4696 ὃ
2756 4646 2784 4696 ὁ
2840 4644 3097 4711 βασιλεὺς
3151 4645 3337 4696 ἐπάνω
3391 4645 3504 4696 τῶν

1939 4733 2203 4801 ἁρμάτων
2274 4734 2437 4786 αὑτοῦ
2485 4736 2691 4804 ἐφόρει.
2750 4735 2819 4787 At
2875 4736 2940 4788 de
2969 4736 3186 4787 clibano
3214 4735 3364 4786 alibi.
3395 4736 3507 4786 Cur

1939 4830 2195 4874 caeterum
2232 4831 2424 4877 auctor
2469 4822 2839 4891 ὲπιλούρικον,
2869 4821 2958 4873 alii
3011 4835 3138 4874 vero
3172 4820 3504 4887 ἐπιλὼρικον

1936 4914 2202 4976 scribant,
2227 4914 2533 4981 expositum
2567 4912 2809 4981 reperies
2834 4910 3137 4979 superioris
3157 4910 3351 4978 capitis
3374 4919 3501 4963 nota

1936 5007 2001 5060 ad
2028 5021 2079 5072 p.
2116 5004 2202 5059 14.

2008 5099 2087 5152 Ib.
2126 5098 2266 5168 [Τοῦ
2307 5094 2577 5165 μεγάλου
2634 5095 3035 5163 ἐταιριάρχου.
3104 5093 3258 5147 llunc
3289 5107 3506 5163 quoque

1936 5192 2153 5261 cingulo
2172 5188 2393 5243 militari
2416 5187 2681 5255 (pretioso
2703 5189 2890 5255 utique
2916 5197 2967 5242 et
2991 5185 3313 5253 conspicuo)
3338 5186 3477 5237 dona

1937 5288 2051 5332 tum
2098 5276 2344 5345 suggerit
2396 5274 2613 5331 Nieetas
2646 5276 2698 5329 in
2750 5275 2942 5329 Alexio
2984 5272 3246 5327 Manuelis
3276 5271 3358 5323 'F:
3397 5273 3508 5324 Καὶ

1936 5368 2035 5434 τὴν
2055 5368 2151 5434 τῆς
2180 5365 2565 5436 ἁταιραρχειας
2590 5366 2768 5434 ζώνην
2796 5366 2960 5434 ἔχειν.

2011 5458 2096 5511 Ib.
2133 5457 2644 5530 [Χρυσοηέρανον.
2681 5458 2845 5512 Aurei
2879 5456 3166 5527 glaucique
3195 5453 3397 5514 coloris
3424 5452 3507 5506 itt-

1937 5546 2267 5601 terniistum.
2290 5545 2489 5616 Coum]

2010 5637 2098 5693 ΙΙ).
2134 5639 2461 5703 Φακεωλίς,
2487 5650 2542 5693 et
2573 5641 2712 5694 intra
2758 5656 2812 5695 c.
2832 5640 3207 5710 ϐφακεώλιον,
3245 5636 3508 5693 scribitur

1940 5730 2102 5785 etiam
2139 5728 2427 5798 φακεὸλιον
2454 5740 2507 5785 et
2542 5732 2843 5800 φακιόλιον.
2876 5731 3073 5788 Junius
3116 5731 3316 5801 ubique
3345 5726 3509 5784 vertit

3113 5831 3151 5891 9
