3952 6222
357 260 462 327 ΞῧἸ

1418 256 1496 316 ΙΝ
1537 253 1854 317 LIBRUM
1901 247 2002 310 DE
2042 247 2368 310 OFFlCIlS
2405 249 2508 312 (ΣΡ.

3499 243 3601 310 263

363 385 578 437 tiaram.
639 380 695 438 lu
747 376 970 433 scholiis
1040 385 1218 430 tamen
1293 390 1475 430 verum
1540 374 1787 442 attigisse
1860 369 1942 422 vi-

2054 369 2140 418 xa‘t
2170 369 2238 419 τὰ
2261 367 2405 419 κατὰ
2431 365 2601 420 νώτου
2632 362 2907 433 κεχυμένα
2950 359 3234 416 λευκόλινα
3264 360 3380 424 ταῖς
3417 361 3603 415 ἱππεῖ-

361 474 542 531 detur.
621 485 744 523 cum
802 469 877 522 ait
906 483 1015 521 esse
1044 477 1242 536 tegmen
1287 467 1474 534 capitis
1512 467 1830 533 speciosum,
1889 468 1938 514 et

362 561 517 627 quasi
543 561 596 612 in
620 559 788 625 fasces
825 555 1136 620 complicato
1174 555 1355 617 linteo,
1395 553 1543 621 quali
1576 553 1672 604 hoc
1709 562 1940 617 tempore

367 648 552 701 Turcis
586 647 665 698 uti
689 644 879 698 solent.
920 641 1279 695 Leunclsvius
1306 640 1358 693 in
1391 637 1775 694 Onomastico:
1812 635 1940 688 Tul-

303 789 308 800 ,
367 740 490 793 bant
520 749 568 793 et
604 739 811 806 tulpant
841 747 889 789 et
923 735 1171 803 tulipant,
1199 731 1938 799 lineamcapitisinrolucrum

368 835 649 889 Turcicum
670 872 684 894 ,
709 833 845 902 quod
880 829 1048 885 σι’(υεὶ
1079 828 1386 880 recentiOres
1417 824 1696 894 φακιόλιον
1729 823 1934 886 dixere,
1963 817 1968 822 ’

366 927 525 980 veluti
542 925 820 992 fasciolant
841 931 932 975 aut
957 922 1202 988 fascinat.
1229 918 1492 987 Originem
1517 916 1720 969 videtur
1753 913 1939 965 habere

368 1017 433 1067 ab
468 1013 659 1066 Italica
709 1027 827 1066 voce
855 1011 1100 1077 fneciolo,
1155 1008 1308 1074 cujus
1343 1017 1390 1060 et
1421 1003 1740 1058 diminutiva
1767 1001 1939 1068 facio-

367 1105 498 1157 letto
538 1103 772 1160 utimur;
796 1113 910 1168 quin
943 1109 1063 1149 sunt
1099 1112 1162 1150 ex
1194 1094 1420 1160 fasciola
1455 1093 1622 1160 facta.
1655 1089 1777 1144 li'cc
1812 1088 1933 1141 illo.

369 1193 565 1250 Junius
598 1193 760 1246 etiam
791 1193 856 1245 ah
882 1190 1080 1243 italicis
1102 1189 1311 1257 {azzolo
1339 1198 1389 1239 et
1413 1185 1678 1253 {uzzoleto
1695 1180 1936 1236 deducit.

375 1286 586 1340 Forsan
624 1285 726 1338 erit
761 1281 853 1344 qui
889 1288 1095 1349 repetat
1138 1279 1401 1348 originem
1431 1293 1459 1330 a
1490 1275 1815 1330 Germanico
1836 1273 1940 1340 fat-

373 1378 580 1439 siuette,
634 1388 734 1442 pro
785 1372 1008 1426 sudario
1045 1386 1138 1424 seu
1184 1367 1508 1438 strophiolo.
1565 1367 1720 1431 Quod
1757 1375 1936 1419 autem

371 1466 613 1536 Cod-inus
636 1464 763 1519 dicit
791 1463 1116 1532 plmceoliuut
1145 1477 1174 1515 a
1209 1459 1375 1515 Medis
1405 1472 1684 1528 acceptum
1717 1473 1859 1520 esse,
1887 1456 1936 1510 id

373 1559 441 1611 de
471 1572 548 1621 re,
583 1572 690 1610 non
723 1557 789 1610 de
822 1555 1044 1608 nomine
1075 1553 1302 1622 intelligi
1344 1553 1520 1607 debet.
1569 1553 1758 1615 Porro,
1795 1563 1854 1604 ut
1885 1561 1939 1604 et

377 1651 478 1703 hoc
525 1649 702 1701 obiter
762 1656 1032 1709 notemus,
1089 1658 1364 1716 gestamen
1431 1646 1561 1699 illud
1619 1643 1934 1706 Turcirum,

374 1739 517 1809 quod
542 1738 798 1794 Germani
849 1746 1044 1792 vocant
1097 1736 1693 1800 turbant,desceudere
1723 1738 1936 1792 videtur

375 1850 439 1886 ex
467 1833 702 1901 tegmine
739 1832 830 1884 illo
854 1831 1048 1899 capitis
1078 1829 1222 1898 quod
1255 1817 1442 1883 Graeci
1469 1831 1740 1900 appellant
1769 1831 1927 1902 241

376 1925 740 1994 stupeo-ivncti
780 1938 873 1979 seu
925 1921 1304 1991 κορυῦάντιον.
1377 1921 1549 1987 Quam
1601 1921 1760 1978 facile
1793 1925 1937 1977 enim

377 2035 441 2074 ex
461 2019 678 2071 carbant
708 2016 950 2070 nascitur
975 2015 1225 2068 turbant!
1247 2013 1448 2070 Gnms.

451 2111 616 2166 ἢεί.
649 2108 986 2182 [Φακεωλιδα
1013 2107 1288 2178 explicant
1310 2108 1524 2177 quidem
1543 2106 1753 2159 ermlite
1769 2104 1953 2158 Μίδην--

379 2207 495 2260 sius
529 2213 582 2256 et
617 2202 845 2272 pressim
879 2201 998 2270 ejus
1032 2199 1255 2269 vestigia
1289 2208 1507 2253 secutus
1533 2198 1844 2256 Grvtserus,
1888 2205 1943 2250 at

380 2310 488 2348 non
525 2291 717 2350 lucide.
752 2288 957 2344 Lumen
987 2305 1176 2344 eorum
1194 2289 1358 2342 dictis
1385 2290 1640 2342 adhibito.
1669 2288 1942 2350 (Damon;

381 2386 650 2454 (scribunt
680 2385 794 2449 alii,
827 2382 1140 2451 φακεόλιον,
1175 2381 1499 2449 φακεὼλιον,
1553 2379 1835 2446 φακιόλιον
1889 2387 1944 2432 et

381 2479 696 2547 φακιάλιον)
754 2477 909 2532 taenia
933 2485 1016 2531 est
1066 2485 1117 2529 et
1145 2474 1316 2542 [nscia
1355 2471 1564 2541 longior
1586 2488 1652 2526 ex
1689 2471 1800 2524 lino
1835 2486 1947 2525 ma-

385 2573 547 2626 xime.
578 2569 848 2626 Palladius
891 2569 942 2622 in
968 2565 1246 2620 Lausiacis
1273 2581 1287 2617 :
1319 2565 1431 2616 Οὐκ
1456 2563 1648 2631 ὀθόνην
1687 2561 1946 2632 ἐφόρεσεν

383 2668 538 2727 iure;
559 2663 882 2733 φακιαλιου,
905 2661 1122 2713 linteum
1145 2659 1266 2712 tulit
1285 2657 1485 2710 nullum
1513 2666 1700 2724 prater
1730 2656 1948 2708 mantile

382 2758 680 2825 oblongius.
708 2755 844 2807 Ilinc
873 2753 1070 2806 stolam
1107 2748 1394 2802 candidam
1430 2749 1572 2802 collo
1601 2747 1946 2801 sacerdotum

383 2847 827 2917 circumpositam
866 2853 920 2897 et
951 2859 978 2895 ιι
1010 2852 1226 2910 pectore
1255 2841 1578 2910 pendentem
1605 2842 1792 2908 (quant
1822 2853 1945 2892 cum

385 2939 549 3009 pileo,
594 2952 692 2991 ceu
727 2935 961 2987 Batavus
997 2919 1302 3001 theologus,
1344 2929 1632 2984 confundit
1663 2927 1947 2997 Meursius)

2042 475 2130 522 αις
2167 460 2387 526 γένυσιν
2419 455 2600 510 αὐτῶν
2630 455 2992 524 περιδέοντες,
3036 454 3170 524 63013
3191 454 3284 505 καὶ
3320 452 3455 522 ἄλλῃ
3505 454 3607 518 τῆς

2040 550 2252 612 πόλεως
2278 547 2657 614 ἑξιππάζοντο.
2698 546 2769 600 Ex
2802 561 2937 615 puro
2968 547 3080 600 lino
3142 561 3246 598 non
3279 544 3446 598 fuisse
3473 545 3607 612 pha-

2040 642 2297 706 ceolides,
2366 641 2459 694 sed
2519 655 2654 694 auro
2719 638 2924 692 intexto
2973 637 3194 699 dilatas,
3251 636 3485 703 coniicio
3538 652 3608 690 ex

2039 736 2290 802 ejusdem
2352 735 2456 790 ioci
2507 734 2740 797 lectione
2802 732 3219 788 Grmcobarhara
3267 749 3280 783 :
3339 731 3421 784 Τὰ
3472 749 3609 799 χρυ-

2041 828 2321 896 σοΰφαντα
2341 826 2603 888 σεντόνια.
2627 825 2834 878 σάΰανα
2853 829 2947 877 καὶ
2966 842 3071 891 προ
3082 824 3274 892 σώψια.
3295 822 3614 890 Προσὼψιον

2039 918 2264 974 linteum
2308 920 2632 988 quadratum
2667 929 2750 970 est
2785 916 2925 970 ulna:
2975 930 3095 969 cum
3155 915 3332 969 media
3368 915 3607 982 longitu—

2041 1013 2204 1075 dinis,
2234 1028 2261 1064 a
2299 1012 2619 1065 mulieribus
2651 1011 2856 1062 luctum
2909 1007 3235 1061 ducentibus
3284 1005 3444 1073 capiti
3507 1004 3610 1058 im-

2041 1107 2296 1174 pos-itum,
2325 1116 2454 1158 tunc
2510 1114 2818 1158 senatorum
2861 1101 3104 1156 humeris
3153 1101 3480 1170 praecipuum
3515 1113 3607 1151 or—

2040 1209 2374 1250 uenientum.
2418 1196 2619 1264 Cosm]

2113 1285 2194 1346 Ib.
2237 1288 2840 1358 Ἀπρωτοασηκρῆτις.
2871 1288 3142 1343 Seribitur
3174 1287 3331 1340 etiam
3365 1302 3608 1354 πρωτοσ-

2042 1383 2347 1452 σηκρήτης.
2381 1384 2874 1452 πρωτοσηκρήτης,
2914 1390 2977 1434 et
3039 1385 3189 1433 extra
3249 1377 3606 1444 compositio-

2042 1491 2162 1530 nem
2211 1477 2554 1545 ἁσηκρήτης.
2602 1474 2928 1545 ἀσηκρῆτις.
2971 1470 3174 1525 Nomen
3231 1486 3297 1524 ex
3339 1469 3492 1522 Latio
3547 1468 3601 1520 in

2041 1566 2304 1621 Graeciam
2371 1567 2715 1630 translatum,
2774 1564 3056 1635 dignitatis
3117 1562 3366 1631 palatinas
3421 1560 3604 1622 index,

2041 1667 2096 1713 et
2126 1659 2344 1728 quidem
2377 1659 2546 1712 multo
2575 1657 2799 1726 majoris
2823 1671 2983 1725 quam
3011 1655 3202 1709 habeat
3228 1653 3274 1708 is
3305 1669 3464 1720 quem
3509 1667 3607 1706 nos

2041 1754 2268 1822 primum
2293 1751 2630 1806 secretarium
2665 1765 2758 1805 seu
2786 1750 3019 1818 primum
3049 1765 3076 1800 a
3108 1746 3333 1802 secretis
3359 1745 3606 1798 nomina-

2050 1861 2189 1900 mus.
2241 1845 2337 1899 Est
2397 1845 2544 1898 enim
2615 1844 2716 1898 iste
2772 1843 2979 1912 primus
3021 1842 3075 1895 in
3134 1849 3345 1896 secreto
3387 1853 3478 1890 seu
3521 1852 3606 1889 se-

2040 1946 2170 1990 natu
2221 1935 2502 2004 (σέκριτον
2549 1933 2720 1988 Graeci
2771 1930 3106 2002 appellant),
3161 1939 3269 1983 tam
3323 1938 3381 1982 ut
3427 1927 3604 1981 locum

2042 2029 2132 2083 ubi
2169 2037 2389 2082 senatus
2434 2027 2663 2096 cogitur,
2710 2040 2874 2094 quam
2923 2033 2983 2078 ut
3050 2023 3228 2091 ipsutn
3265 2031 3463 2075 costum
3509 2014 3606 2072 seu

2043 2122 2345 2176 concilium
2381 2129 2692 2176 senatorum
2723 2115 3008 2186 signiﬁcat.
3045 2113 3108 2168 Et
3144 2111 3450 2180 σεκρετικοί
3481 2119 3607 2164 sunt

2043 2223 2381 2270 secretorum
2424 2210 2680 2272 ministri,
2715 2209 2807 2278 qui
2853 2208 3175 2262 secretariis.
3213 2207 3314 2258 hoc
3343 2213 3425 2258 est
3458 2217 3609 2256 seua-

2046 2307 2270 2368 toribus,
2305 2320 2331 2358 a
2364 2319 2526 2356 manu
2549 2310 2704 2358 erant
2732 2319 2746 2367 ;
2786 2299 3000 2354 tametsi
3060 2297 3385 2353 secretarius
3411 2294 3606 2349 Graecis

2051 2398 2235 2454 itidem
2275 2396 2476 2466 sacpius
2499 2405 2581 2449 est
2609 2409 2770 2463 quem
2804 2389 2979 2446 Latini
3018 2391 3120 2444 hoc
3169 2388 3386 2442 nomine
3443 2387 3610 2440 deuo-

2047 2499 2180 2551 tant,
2212 2502 2403 2554 nempe
2422 2486 2619 2551 scriba,
2651 2484 2948 2539 actuarius.
2976 2477 3170 2551 Evagr.
3202 2479 3236 2533 l.
3262 2493 3336 2533 n:
3373 2476 3610 2543 ’Λνὲγνω

2047 2584 2452 2643 Κωνσταντῖνος
2481 2580 2831 2648 nexos-rapto;
2862 2575 2971 2630 (iul:
2998 2574 3236 2645 σχέδους.
3261 2570 3392 2627 illud
3421 2569 3609 2625 obser-

2047 2673 2261 2727 vatione
2307 2672 2529 2742 dignum
2564 2679 2668 2732 est.
2701 2669 2928 2724 Latinos
2960 2667 3270 2722 Graecorum
3307 2663 3608 2717 imitatione

2049 2766 2338 2834 scripsisse
2366 2774 2419 2819 et
2448 2779 2751 2834 usurpasse
2779 2763 3024 2817 voculam
3058 2770 3315 2820 asecreta,
3347 2767 3407 2812 ut
3431 2757 3612 2811 videre

2049 2868 2133 2914 est
2163 2861 2199 2914 1.
2254 2875 2326 2924 tv,
2362 2875 2412 2913 c.
2452 2857 2519 2912 19
2574 2858 2693 2926 eius
2761 2858 2943 2926 aperis
2976 2857 3119 2925 quod
3180 2854 3373 2910 Carolo
3423 2851 3612 2918 Magno

2052 2964 2331 3018 perperam
2355 2949 2711 3013 attribuitur;
2751 2947 2840 3000 ubi
2883 2957 2967 3002 est
3007 2944 3270 2999 Leontius
3308 2942 3466 3012 242
3499 2957 3613 2992 ase-

385 3027 655 3093 aigniﬁcat
698 3028 836 3094 apn.|
891 3024 1220 3078 Germanum
1276 3023 1328 3075 ili
1371 3020 1694 3090 Mystagngia
1760 3019 1945 3089 (prave

2054 3048 2211 3093 creta.
2260 3040 2410 3108 Apud
2439 3037 2810 3102 iliucmarum,
2839 3037 2995 3104 epist.
3027 3035 3080 3098 3,
3107 3050 3156 3088 c.
3187 3034 3270 3099 16,
3311 3033 3474 3086 habes
3499 3046 3615 3084 ase-

365 3121 522 3194 Idisit
553 3120 693 3173 idem
727 3117 860 3172 llist.
911 3114 1117 3170 Eccles.
1148 3114 1165 3183 )
1195 3132 1208 3168 :
1245 3114 1319 3166 Τὸ
1351 3113 1713 3181 πετραχήλιόν
1744 3114 1859 3166 ἐστι
1885 3114 1947 3164 τδ

386 3209 691 3280 φπεὼλιον
725 3208 844 3279 μεθ’
896 3201 956 3260 οὗ
1013 3207 1314 3274 ἐπεφέρετο
1371 3207 1398 3257 ὁ
1433 3204 1666 3274 Χριστὸς
1715 3205 1820 3256 ὑπὸ
1854 3203 1949 3257 τοῦ

384 3303 688 3374 ἀρχιερέως
750 3300 1035 3368 δεδεμένος
1102 3299 1197 3350 καὶ
1245 3298 1544 3366 συρόμενος
1615 3295 1949 3365 ἔμπροσθεν.

389 3396 541 3450 Stolo
564 3391 908 3447 sacerdotalis
943 3390 1116 3443 lorum
1147 3398 1222 3441 est
1252 3387 1461 3458 (funem
1496 3387 1678 3439 dicere
1715 3386 1950 3454 nequeo)

388 3504 490 3558 quo
511 3488 712 3541 cinctus
751 3496 799 3538 et
826 3485 877 3535 in
930 3483 1196 3535 anteriora
1229 3488 1427 3532 tractus
1460 3478 1699 3530 Christus
1731 3477 1952 3530 deduce-

389 3582 564 3632 batur.
587 3575 822 3632 Cidarim
851 3583 1027 3627 tamen
1053 3571 1166 3625 sive
1189 3570 1381 3623 tiaram
1415 3569 1576 3634 capiti
1617 3568 1949 3636 impositam,

389 3674 433 3726 si
491 3672 558 3723 ab
619 3667 861 3722 interiori
921 3672 1078 3734 parte
1128 3662 1522 3729 circumcingat
1570 3669 1624 3712 et
1693 3660 1950 3721 involvat,

389 3761 679 3816 'l'nrcicum
706 3761 901 3829 pileum
929 3755 1085 3812 turba
1115 3755 1184 3809 de
1206 3754 1366 3822 vulgo
1395 3754 1599 3808 dictum
1632 3752 1909 3817 componit
1933 3767 1948 3814 ;

386 3869 453 3910 ac
478 3861 762 3922 propterea
793 3857 1018 3920 rogatus
1042 3863 1070 3901 a
1106 3862 1190 3900 me
1247 3847 1315 3899 de
1349 3845 1662 3914 phaceolide
1699 3843 1954 3899 Coresius

390 3945 638 4000 Citiensis
669 3943 984 4010 rescripsit:
1013 3938 1294 4000 Φακιωλῐς
1326 3939 1465 3990 tiara
1510 3946 1584 3989 est
1621 3945 1669 3989 et
1725 3935 1954 3988 militum

390 4035 577 4103 pilam,
603 4033 831 4101 proprie,
860 4032 1098 4099 inquam,
1138 4029 1326 4096 capitis
1374 4027 1684 4094 καλύπτρα,
1725 4025 1958 4079 Turcica.’

392 4122 695 4190 persimilis.
728 4126 1020 4190 quascaput
1047 4120 1188 4173 velut
1232 4134 1365 4171 sonu
1393 4117 1472 4172 vel
1498 4118 1706 4185 cingulo
1729 4118 1954 4169 circum.

393 4214 643 4282 cingitur.
677 4213 879 4278 Arguto
923 4209 1152 4262 militum
1190 4208 1411 4276 scripsit
1471 4208 1772 4276 proprium.
1815 4206 1955 4260 Tur-

393 4318 580 4360 carum
639 4315 828 4369 nempe
860 4313 1112 4368 proceres
1169 4298 1438 4366 duplicem
1465 4299 1672 4366 hbent
1728 4297 1950 4365 pileum,

396 4394 540 4448 hunc
565 4391 704 4460 paci,
731 4391 879 4444 illum
937 4388 1139 4443 militias
1193 4389 1643 4443 accommodant:
1703 4387 1796 4441 ille
1853 4402 1956 4440 an-

392 4481 626 4550 gustior,
652 4478 809 4532 latior
836 4485 890 4531 et
908 4492 1298 4544 nonnunquam
1326 4477 1443 4529 sine
1470 4474 1626 4543 plicis
1649 4473 1736 4528 vel
1777 4489 1955 4541 panno

396 4572 667 4634 revoluto,
693 4570 839 4624 laevis
871 4580 922 4622 et
950 4582 1248 4638 expansos,
1269 4567 1358 4635 qui
1384 4581 1651 4632 nusquam
1679 4563 1956 4632 φακεωλίς

395 4664 620 4730 audiat;
654 4661 894 4720 strictior
940 4669 995 4715 et
1049 4661 1219 4716 multo
1259 4659 1471 4712 brevior
1506 4657 1615 4720 hic,
1652 4670 1704 4709 at
1741 4671 1957 4724 semper

398 4757 450 4807 in
488 4755 663 4808 fasci-3
691 4753 1015 4822 complicato
1045 4751 1212 4804 linteo
1240 4757 1402 4816 caput
1428 4747 1676 4801 involvit.
1714 4746 1790 4799 Ex
1844 4759 1954 4814 quo

395 4843 526 4898 illud
560 4845 842 4897 Achmetis
874 4859 924 4897 c.
955 4839 1061 4894 226
1095 4855 1126 4893 a
1174 4837 1412 4892 Meursio
1445 4838 1674 4890 relatum
1729 4836 1812 4890 sic
1857 4850 1955 4888 ex-

394 4952 565 5005 poues
602 4936 764 4988 εἘὰν
823 4933 908 5006 ἴδῃ
957 4950 1039 4995 τις
1093 4929 1423 5000 φακεώ).ιον,
1480 4929 1708 4998 εὑρήσει
1739 4927 1957 4995 ἀξίωμα.

352 5034 361 5046 '
397 5024 764 5094 στρατηγικὸν
795 5026 1078 5094 μέγιστον,
1102 5023 1380 5089 ἀναλόγως
1405 5021 1501 5074 τοῦ
1523 5022 1620 5090 τῆς
1653 5021 1715 5072 ἐκ
1748 5021 1959 5089 μήκους

353 5143 358 5147 ~
395 5115 724 5178 κυκλώσεως
752 5115 846 5168 τοῦ
876 5115 1206 5184 φακεωλίου,
1239 5116 1498 5184 majorem
1539 5113 1818 5176 nimirum,
1850 5128 1959 5180 quo

353 5259 362 5271 _
395 5217 494 5270 pro
523 5203 828 5271 quantitate
872 5203 1086 5271 leugius
1140 5204 1282 5257 circa
1315 5213 1479 5270 caput
1533 5201 1804 5270 φακεωλίς
1855 5203 1961 5255 cir—

395 5294 773 5348 cumducetur.
810 5294 992 5348 Pileos
1015 5305 1066 5348 et
1089 5294 1372 5350 involucra
1395 5294 1664 5362 ejusmodi
1690 5295 1959 5362 capitibus

395 5397 662 5454 equorum
693 5401 726 5436 a
766 5385 1064 5440 victoribus
1091 5384 1340 5448 Francis,
1369 5395 1524 5452 capta
1557 5384 1733 5453 Gpoli,
1785 5387 1961 5454 impo-

396 5477 499 5532 sita
518 5476 678 5531 deﬂet
700 5476 742 5529 Ν
751 5479 916 5534 iectas
933 5479 1082 5533 circa
1110 5479 1314 5533 calcem
1338 5477 1590 5533 Historiae
1609 5479 1738 5542 ιΤὰς
1764 5477 1960 5546 ἀγυιὰς

393 5568 718 5638 περιῄεσαν.
755 5570 972 5633 καὶτὰς
1002 5570 1384 5632 ὀθονοσκεπείς
1429 5571 1818 5640 περικρπινίους
1863 5586 1962 5622 xz-

396 5657 642 5730 λύπτρις
676 5663 797 5725 ταῖς
820 5663 1090 5731 κορυφαῖς
1129 5663 1237 5717 τῶν
1257 5661 1552 5732 ὀχημάτων
1587 5660 1959 5730 περιτιθέντες

2049 3131 2378 3201 cretis,quod
2402 3127 3062 3184 ollmsummicancellarii
3097 3142 3289 3180 nomen
3326 3124 3489 3178 luisse
3516 3124 3609 3176 ait.

2120 3224 2394 3278 Addamus
2415 3231 2468 3275 et
2511 3223 2613 3275 hoc
2637 3228 2852 3290 propter
2903 3221 3307 3288 cognationem.
3334 3215 3612 3268 Σιλεντιά-

2055 3331 2153 3384 ρης
2190 3323 2244 3369 et
2275 3313 2639 3381 σιλεντιάριος
2669 3310 2859 3366 crebro
2886 3317 3187 3363 occurrunt
3222 3309 3272 3360 in
3299 3304 3609 3360 Graecorum

2053 3402 2225 3464 libris,
2260 3409 2314 3453 ιιι
2345 3411 2393 3454 et
2422 3399 2702 3452 σιλέντιον.
2739 3399 2989 3467 Duplices
3037 3397 3223 3451 statuit
3254 3395 3610 3449 Glossarium.

2055 3496 2252 3547 alteros
2313 3493 2590 3552 minores,
2643 3506 2878 3559 quorum
2938 3503 3140 3543 munus
3204 3487 3366 3554 fuerit
3417 3486 3614 3553 populo

2054 3585 2325 3638 silentium
2371 3582 2629 3643 indicere,
2667 3590 2719 3634 et
2762 3591 2820 3634 ut
2870 3581 3146 3634 silentium
3203 3588 3474 3632 teneretur
3532 3592 3613 3629 se-

2054 3674 2182 3725 dulo
2210 3686 2443 3733 curare;
2502 3670 2708 3723 alteros
2742 3669 2997 3736 majores,
3057 3669 3255 3737 quippe
3295 3678 3610 3723 senatores:

2055 3772 2110 3814 nt
2139 3762 2282 3815 enim
2341 3775 2369 3812 a
2401 3768 2594 3812 secreto
2651 3759 2975 3813 dicebautur
3009 3759 3300 3818 secretarii,
3351 3757 3429 3812 sic
3467 3771 3496 3809 a
3544 3755 3617 3808 si-

2056 3849 2218 3902 lentio
2271 3849 2553 3900 silcntiarii
2591 3848 2918 3900 audiebant:
2977 3863 3099 3900 nam
3159 3849 3283 3915 quia
3337 3858 3616 3899 senatores

2057 3945 2262 3990 secreta
2297 3947 2474 4004 tegere
2501 3936 2772 3989 debebant
2797 3949 2849 3988 et
2868 3936 3028 3990 silere
3059 3936 3124 3989 de
3155 3937 3319 3990 rebus
3347 3936 3396 3988 in
3424 3944 3612 3990 senatu

2060 4030 2219 4091 actis,
2249 4028 2368 4082 ideo
2393 4027 2668 4079 secretarii
2698 4036 2752 4081 et
2781 4028 3063 4080 sitmtiarii
3096 4039 3292 4080 tioiuen
3322 4027 3402 4080 eis
3432 4027 3614 4078 adita:-

2057 4123 2162 4184 sit',
2191 4120 2440 4188 quamvis
2464 4119 2728 4170 silentium
2761 4117 3043 4171 dicebatur
3068 4119 3228 4171 etiam
3257 4119 3431 4172 oratio
3452 4133 3613 4186 quam

2059 4209 2112 4262 in
2145 4208 2376 4274 silentio,
2412 4207 2516 4261 hoc
2546 4215 2625 4261 est
2656 4208 2708 4260 in
2743 4216 2958 4271 senatu,
2996 4208 3154 4261 initio
3181 4209 3618 4276 quadragesimae

2061 4301 2358 4368 imperator
2389 4299 2641 4352 habebat.
2689 4297 2930 4351 Zonaras
2963 4298 3196 4352 Leonem
3234 4298 3616 4368 philosophum

2061 4392 2442 4459 imperatorem
2475 4390 2612 4444 adeo
2641 4389 2819 4444 iliacis
2865 4390 3147 4444 doloribus
3208 4401 3460 4444 vexatqu
3497 4405 3620 4443 esse

2057 4490 2451 4535 commemorat
2480 4490 2536 4532 ut
2573 4480 2877 4548 nequiverit
2908 4481 3109 4535 habere
3145 4481 3196 4534 in
3254 4491 3442 4535 senatu
3484 4481 3620 4549 περὶ

2058 4571 2311 4640 νηστειχς
2340 4570 2437 4639 τὴν
2470 4570 2674 4638 συνήθη
2707 4569 2964 4636 διάλεξιν,
2998 4573 3302 4641 ὴκαλεῖται
3335 4573 3618 4625 σιλέντιον.

2057 4663 2374 4717 Cedrenus:
2412 4661 2672 4714 σιλεντίου
2702 4666 3028 4731 γενομένου,
3073 4674 3384 4733 congregato
3411 4674 3619 4717 senatu.

2058 4752 2296 4806 Miscella
2365 4751 2591 4805 historia
2655 4753 2706 4805 in
2781 4753 3020 4808 Leone:
3088 4754 3375 4809 Silentium
3435 4767 3625 4807 contra

2059 4852 2276 4897 sum-tas
2311 4859 2373 4895 ac
2405 4845 2721 4897 venerabiles
2754 4845 3030 4899 celebravit
3055 4847 3255 4900 iconas.
3290 4848 3397 4900 Nec
3449 4846 3624 4900 Graeci

2062 4935 2148 4988 his
2183 4937 2422 4989 contenti
2461 4934 2715 4989 fuerunt:
2751 4937 2913 4990 etiam
2943 4949 3071 4992 suas
3098 4939 3148 4992 in
3177 4940 3400 4994 chartas
3433 4948 3623 4991 trans-

2062 5025 2304 5079 tulerunt
2359 5025 2472 5080 haec
2541 5037 2689 5081 mere
2746 5025 2935 5080 Latina
2995 5029 3215 5082 nomina
3255 5030 3474 5083 σένατον
3511 5030 3628 5082 sive

2063 5118 2300 5182 σίνατον,
2333 5118 2599 5186 σενὰτωρ,
2627 5119 2883 5189 σινάτωρ,
2917 5119 3190 5190 σηνάτωρ.
3225 5119 3355 5173 Vide
3380 5121 3626 5174 Glossar.

2060 5209 2346 5264 Grtcco-Ba
2357 5212 2437 5262 rh.

2139 5297 2219 5352 Ib.
2290 5299 2507 5354 Retinui
2571 5301 2790 5354 nomina
2823 5299 3024 5354 blatcus
3055 5311 3107 5354 et
3130 5301 3402 5354 blatinaet
3427 5297 3626 5361 trnlltc,

2061 5391 2186 5458 quia
2208 5391 2414 5457 aptiora
2433 5405 2538 5443 non
2558 5394 2918 5445 occurrebant
2941 5411 2951 5444 :
2971 5407 3093 5444 nam
3115 5406 3235 5460 quae
3259 5389 3452 5444 lautus
3472 5390 3631 5444 atii-rt

2063 5481 2130 5534 de
2187 5478 2306 5533 Iura
2358 5490 2411 5534 et
2465 5482 2598 5548 lora,
2653 5496 2759 5535 non
2809 5484 2969 5538 unius
3021 5483 3159 5537 assis
3196 5483 3445 5545 assumo;
3486 5481 3627 5534 adeo

2061 5582 2190 5625 sunt
2217 5572 2428 5626 frivola.
2456 5572 2698 5627 Codinus
2731 5573 2907 5627 trulla
2940 5573 3159 5628 nomine
3211 5573 3460 5642 intelligit
3503 5571 3628 5639 pilei

2065 5677 2332 5716 summam
2359 5674 2588 5733 partem,
2613 5679 2720 5734 qua
2748 5666 3023 5723 clauditur
3052 5676 3104 5722 et
3131 5668 3284 5736 quasi
3320 5678 3612 5721 cuticame-
