3952 6222
276 366 392 434 269

1376 366 1760 431 GliETSEllI
1802 372 1892 431 ET
1935 370 2167 432 GDARI
2208 362 2475 433 NOTE.‘

3433 360 3537 455 2m

283 495 479 543 ratur:
510 495 595 541 est
625 483 774 540 enim
809 482 970 547 trulla
1001 498 1099 539 seu
1135 481 1335 537 trullon
1370 499 1465 538 seu
1526 485 1716 538 trullas
1750 485 1863 539 for-
1893 491 1935 546 Α
1965 496 2100 557 gout
2124 487 2275 542 vocis
2328 483 2493 552 hujus
2550 494 2794 538 sensum.
2860 478 3159 534 Siromaste
3208 476 3535 534 s'romasten

287 577 379 630 uix
414 576 529 631 sive
559 574 986 637 concameratio,
1039 582 1102 629 ut
1156 580 1310 644 patet
1341 589 1408 629 ex
1460 574 1669 630 Codiuo
1718 576 1756 628 Ι.
1797 576 1865 630 de

285 667 556 739 Originib.
584 666 914 737 Cpolitanis,
940 667 1029 721 ubi
1060 666 1171 737 agit
1193 664 1260 722 de
1281 667 1441 721 trulla
1468 666 1671 737 Magnae
1696 668 1867 722 ecrle~

285 761 382 816 site
402 768 722 815 constructa
756 774 785 813 a
824 756 1133 813 Iustiniano
1180 766 1236 813 et
1287 768 1538 829 reparata
1565 773 1596 813 a
1620 756 1863 814 Jostino.

288 849 423 906 lliuc
450 851 615 906 etiam
642 850 888 921 synodus
939 846 1203 905 Trullana
1256 863 1355 904 seu
1390 850 1444 903 in
1493 848 1703 912 Trulla,
1734 848 1865 919 quia

287 943 473 998 habita
500 953 585 998 est
616 943 667 997 in
691 943 985 998 secretario
1029 942 1238 1012 palatii,
1267 928 1412 1011 quod
1471 942 1776 1006 trullatum,
1807 950 1866 997 ut

286 1036 366 1091 sic
385 1033 589 1100 dicam,
606 1048 705 1088 seu
733 1040 1181 1088 concameratum
1205 1040 1343 1088 erat.
1375 1030 1553 1087 Verbo
1578 1032 1867 1103 ἰτρουλλοῦ-⁹

287 1127 411 1181 σθαι
436 1141 537 1197 pro
551 1124 1057 1193 traitam'wdiﬁcare
1087 1126 1252 1180 utitur
1269 1123 1508 1181 Codinus
1528 1124 1566 1179 l.
1587 1140 1637 1181 c.
1657 1124 1863 1181 Cas-rs.

361 1217 634 1291 [Τροῦλαν
678 1220 797 1275 sive
823 1216 1090 1288 τροῦλλαν
1117 1226 1175 1273 et
1228 1216 1488 1287 τροῦλλον
1511 1232 1866 1273 concamera-

286 1320 404 1364 tum
433 1299 575 1379 opus
606 1308 811 1365 referre
832 1308 1017 1363 nullus
1047 1306 1282 1377 ignorat.
1310 1305 1442 1361 Eam
1481 1307 1552 1361 ob
1581 1321 1695 1361 rem
1733 1306 1862 1377 pilei

286 1416 399 1471 qua
434 1400 709 1456 clauditur
755 1409 810 1455 et
859 1399 1016 1469 quasi
1068 1405 1508 1463 concameratur,
1541 1411 1652 1452 non
1704 1398 1863 1454 modo

286 1506 561 1547 summam
587 1498 795 1559 partem
824 1487 1030 1558 τροῦλα
1080 1486 1374 1559 significat,
1413 1487 1508 1543 sed
1568 1496 1742 1541 totum
1778 1487 1864 1556 pi-

286 1583 458 1647 leum,
486 1582 581 1652 qui
612 1591 757 1637 totus
798 1580 1040 1651 τροῦλα;
1087 1580 1249 1649 cujus
1280 1579 1700 1649 descriptionem
1730 1578 1864 1635 satis

287 1674 471 1744 ample
502 1672 789 1744 posuimus
819 1672 1017 1742 capitis
1074 1670 1382 1740 superioris
1414 1671 1562 1727 notis
1596 1671 1772 1738 prima
1807 1677 1863 1726 et

289 1768 572 1833 secunda;
601 1766 818 1837 aqpque
856 1764 910 1819 in
938 1764 1180 1819 secunda
1234 1771 1597 1828 memoratus,
1654 1772 1738 1819 est
1765 1761 1860 1833 qui

1964 582 2214 647 exploro,
2247 587 2300 632 et
2345 577 2494 631 velut
2542 571 3147 641 κλεπτοτελωνούμενον
3191 572 3245 624 in
3283 569 3536 627 obscuris

1965 670 2180 725 Tzetsis
2207 667 2544 723 carminibus
2573 654 2737 737 (Chil.
2768 664 2852 727 ιδ,
2884 664 2969 735 ιιι,
2992 660 3118 733 492)
3143 662 3249 716 νοῶ
3278 664 3373 716 καὶ
3396 679 3534 731 κρα-

1962 760 2059 813 τῶ.
2083 758 2475 815 Mercatoribus
2496 771 2559 813 ex
2594 757 2819 813 Oriente
2844 770 3057 812 merces
3112 755 3536 825 exportantibus

1965 865 2074 905 non
2104 850 2253 920 prius
2279 850 2409 906 licet
2441 865 2536 907 eas
2568 850 2621 904 in
2646 864 2813 904 naves
2835 861 3133 917 congerere
3172 847 3269 902 vel
3293 861 3323 901 e
3368 854 3533 916 porto

1964 943 2258 1007 abducere,
2289 957 2457 1013 quam
2511 941 2870 1010 vectigalibus
2928 937 3247 1007 colligendis
3294 938 3536 1008 praefecti

1964 1050 2181 1105 sagmas
2208 1050 2401 1091 omnes
2432 1044 2488 1091 et
2515 1049 2641 1091 vasa
2673 1034 3008 1095 examinent,
3065 1046 3129 1086 ne
3185 1031 3539 1101 pretiosiores

1965 1128 2047 1182 vel
2094 1126 2374 1196 exportari
2412 1126 2717 1196 prohibitas
2773 1125 2877 1180 sub
2938 1122 3222 1177 vilioribus
3268 1134 3318 1176 et
3375 1120 3540 1175 licitis

1962 1218 2543 1282 occultentilli,utita
2572 1217 2658 1272 vel
2711 1217 2778 1272 de
2835 1216 3181 1286 Vectigalium
3234 1215 3410 1285 pretio
3449 1214 3545 1270 de-

1965 1308 2217 1365 fraudent
2239 1311 2321 1365 vel
2345 1310 2571 1379 principi
2591 1310 2759 1375 legem
2781 1308 2971 1362 ferenti
2995 1308 3253 1363 subtilius
3282 1307 3538 1363 illudant.

1964 1399 2273 1470 Explorant
2305 1400 2493 1468 itaque
2543 1400 2826 1468 publicani
2858 1415 3077 1469 saginas
3116 1409 3169 1454 et
3191 1409 3373 1454 strues
3419 1414 3540 1453 sar-

1965 1489 2230 1554 cinarias,
2262 1498 2318 1545 et
2351 1490 2636 1560 colligatas
2669 1491 3024 1560 quantumvis
3070 1490 3423 1545 strictissime
3454 1491 3539 1543 vel

1964 1580 2550 1651 tenacissimejunctas
2567 1582 2731 1651 longo
2751 1592 3019 1650 acutoque
3041 1580 3183 1638 ferro
3206 1579 3538 1651 perfodiunt,

1963 1682 2015 1730 et
2046 1689 2211 1730 sensu
2236 1671 2377 1728 duce
2411 1673 2857 1742 experientiaque
2906 1674 3191 1741 magistra,
3250 1673 3396 1741 quod
3428 1674 3542 1742 ipse

1964 1764 2082 1820 visu
2108 1781 2229 1821 sum
2253 1774 2530 1835 expertus.
2556 1780 2687 1819 num
2736 1764 2915 1819 serica
2951 1765 3037 1819 illa
3067 1765 3215 1819 verbi
3261 1778 3428 1823 causa
3444 1765 3546 1819 sub

291 1857 501 1914 dicitur
526 1857 580 1911 in
610 1854 859 1926 praesenti
887 1855 1060 1925 ἄκρον
1094 1851 1192 1907 τοῦ
1250 1852 1518 1921 σκιαδίου,
1552 1853 1719 1923 γῦρος
1768 1854 1867 1926 τῆς

1984 1856 2269 1927 gossipinis
2316 1857 2400 1912 vel
2435 1854 2650 1912 metalla
2681 1856 2781 1912 sub
2802 1870 2942 1912 cera:
2990 1870 3169 1910 massa
3207 1855 3429 1917 lateant,
3468 1855 3547 1908 in-

290 1951 552 2022 τρούλης.
583 1949 737 2004 Cosa
763 1946 783 2020 ]
1590 2013 1599 2019 ‘

362 2045 427 2099 P.
473 2044 569 2099 23.
624 2041 851 2097 Variant
902 2039 991 2096 hic
1035 2038 1253 2095 codices
1315 2038 1489 2102 Boici,
1567 2045 1629 2093 ut
1684 2036 1869 2092 notavi

293 2138 427 2192 olim
465 2138 522 2191 in
562 2135 712 2189 notis
746 2135 814 2187 ad
847 2130 1142 2187 Codinum.
1180 2130 1287 2186 Sed
1324 2124 1412 2187 res
1452 2131 1588 2185 tanti
1619 2144 1726 2185 non
1756 2137 1869 2193 est;

294 2230 515 2296 vulgata
544 2226 707 2281 lectio
742 2224 911 2294 proba
944 2223 1097 2277 mihi.

366 2319 432 2375 P.
467 2320 565 2374 24.
596 2318 948 2373 Siromasten.
988 2314 1184 2371 Junius
1210 2328 1317 2369 non
1370 2320 1516 2369 recte
1547 2313 1873 2383 interpreta-

294 2424 388 2468 tur
416 2412 642 2481 ferream
669 2408 898 2471 clavam,
931 2418 990 2462 ut
1020 2415 1170 2477 patet
1200 2421 1267 2461 ex
1297 2422 1348 2462 c.
1381 2406 1452 2461 25
1481 2405 1870 2473 Numerorum,

299 2507 392 2560 ubi
412 2503 692 2573 Scriptura
711 2500 777 2555 de
802 2482 1035 2573 Phinees
1060 2516 1073 2553 :
1097 2499 1208 2552 Kal.
1225 2496 1407 2553 λαϐὼν
1434 2498 1802 2570 σειρομάστην
1816 2500 1874 2551 ὲν

300 2601 370 2667 τῇ
406 2571 579 2667 χειρὶ,
612 2602 728 2650 etc.
754 2592 865 2645 Kal.
888 2571 1268 2662 ἆπεκέντησεν
1289 2590 1660 2659 ἀμφοτέρους,
1690 2590 1782 2643 τόν
1814 2605 1875 2642 τε

296 2691 592 2759 ἄνθρωπον
619 2686 712 2740 τὸν
759 2682 1105 2755 Ἰσραηλίτην
1136 2684 1233 2736 καὶ
1261 2682 1363 2753 τὴν
1393 2683 1631 2751 γυναῖκα
1657 2682 1749 2736 διὰ
1774 2683 1876 2753 τῆς

302 2783 521 2853 μήτρας
548 2779 740 2847 αὐτῆς.
772 2776 890 2832 Non
919 2790 1047 2846 ergo
1075 2774 1175 2829 fuit
1204 2773 1375 2840 clava,
1403 2772 1499 2828 sed
1527 2773 1611 2827 vel
1631 2772 1873 2843 iaculum

296 2874 386 2927 vel
426 2875 603 2927 hasta.
660 2869 795 2924 Hinc
822 2867 1016 2936 Aquila
1065 2866 1227 2920 vertit
1274 2866 1483 2930 κοντόν,
1514 2865 1876 2936 Symmachus

293 2968 457 3037 δόρυ.
516 2964 747 3034 Vulgata
806 2961 1012 3018 editio:
1068 2962 1292 3029 Arrepto
1346 2959 1573 3028 pugione
1641 2958 1875 3027 confodit

300 3059 509 3112 ambos.
568 3054 791 3111 Notavit
832 3056 979 3108 hunc
1033 3051 1183 3107 Junii
1217 3066 1455 3105 errorem
1504 3048 1773 3119 Rigaltius
1821 3050 1872 3102 in

296 3148 547 3204 Glossar.
584 3163 638 3201 ν.
702 3144 1051 3201 Siromasm.
1098 3141 1253 3212 Apud
1284 3140 1611 3205 Cedrenum,
1653 3157 1708 3210 p.
1744 3141 1872 3205 700,

298 3239 413 3296 Leo
444 3239 764 3294 Melissenus
796 3236 1042 3307 increpat
1096 3233 1319 3289 fratrem
1368 3231 1528 3303 ξω
1580 3232 1873 3304 Theogno-

298 3341 475 3396 stum,
507 3345 574 3384 ne
603 3327 921 3399 imperatori
960 3326 1282 3392 maledicat;
1338 3316 1446 3380 nan
1476 3326 1869 3395 obtemperanti

301 3427 566 3499 imposuit
596 3406 805 3493 aliquot
845 3422 1028 3492 plagas
1058 3434 1156 3474 seu
1187 3418 1347 3485 ictus,
1372 3418 1466 3472 τὸν
1500 3419 1872 3488 σειρομάστην

216 3580 219 3581 ν
303 3519 568 3581 ὲντιίνας.
625 3515 687 3571 S.
732 3514 1117 3584 Hieronymus,
1175 3510 1337 3581 epist.
1389 3507 1495 3564 53:
1570 3507 1694 3579 Legi
1734 3509 1874 3562 enim

300 3615 618 3669 siromasten
681 3604 923 3672 Phineas,
973 3604 1341 3659 austeritatem
1405 3600 1610 3667 Heliae;
1668 3601 1760 3655 ubi
1819 3610 1877 3656 et

300 3708 420 3776 ipse
447 3719 543 3774 pro
570 3704 723 3757 hasta
745 3700 956 3755 videtur
986 3699 1313 3754 siromasten
1347 3696 1616 3764 accipere.
1643 3692 1868 3763 Ioseph.

300 3796 491 3863 Antiq.
525 3809 599 3858 tv,
631 3791 685 3852 6.
721 3791 883 3845 vertit
911 3789 1270 3857 romphwam:
1312 3782 1497 3839 Παίων
1524 3785 1591 3855 τῇ
1626 3785 1876 3856 ῥομφαίᾳ

301 3888 624 3943 ἀπέκτεινε·
672 3881 979 3954 Hesychius
1006 3880 1084 3935 ait
1132 3877 1501 3949 σσιρομάστην
1548 3874 1682 3933 esse
1736 3871 1876 3939 εἶδος

301 3978 533 4048 λόγχης.
586 3975 645 4031 S.
710 3974 859 4030 Hier.
888 3973 944 4028 in
1000 3987 1051 4027 c.
1112 3971 1149 4025 2
1189 3969 1416 4025 Malacb.
1474 3969 1871 4040 interpretatur

302 4068 680 4139 σειρομάστην
698 4066 997 4134 pugionem,
1028 4069 1087 4116 ut
1117 4070 1172 4116 et
1202 4060 1367 4116 Num.
1404 4076 1530 4126 xxv;
1563 4069 1619 4115 at
1649 4058 1717 4115 lll
1744 4060 1875 4130 Reg.

306 4161 395 4219 l8.
425 4169 481 4214 et
535 4158 573 4213 1.
612 4156 704 4222 lV,
738 4172 790 4211 c.
824 4155 911 4219 ll,
939 4156 1170 4209 hastam.
1208 4153 1406 4209 Suidas
1449 4170 1463 4208 :
1499 4151 1879 4225 Σειρομάστης

299 4248 453 4314 εἶδος
484 4252 760 4313 ἀκοντίου,
794 4248 987 4319 λόγχη.
1040 4245 1281 4302 Joannes
1332 4246 1559 4303 Tzetzes
1601 4265 1615 4302 :
1685 4249 1880 4301 Πολλοὶ

307 4343 413 4412 μὲν
435 4343 497 4395 τὸ
523 4341 772 4395 ἀκόντιον
804 4339 1034 4393 καλοῦσι
1077 4338 1452 4409 σειρομάστην
1518 4338 1709 4409 ὥσπερ
1776 4341 1879 4395 κάν

302 4435 376 4503 τῇ
402 4433 588 4492 Φινεὲς
627 4433 830 4485 νοεῖται
863 4430 1102 4502 ἱστορίᾳ,
1136 4442 1269 4494 etc.,
1334 4430 1545 4500 κυρίως
1601 4432 1659 4484 δὲ
1726 4431 1883 4503 σιδή-

1904 3193 1951 3251 C

1977 1947 2204 2018 quirunt
2233 1955 2288 2002 et
2313 1947 2726 2017 deprehendunt
2750 1966 2763 2014 ;
2784 1957 2844 2001 ut
2863 1946 3052 2002 fraude
3082 1957 3360 2014 comperta
3381 1947 3547 2000 multa

1976 2039 2293 2109 pecuniaria
2319 2039 2402 2095 vel
2430 2038 2745 2095 verberibus
2777 2039 3030 2094 dolorum
3053 2037 3290 2093 artifices
3320 2040 3552 2115 punian-

1977 2137 2090 2196 tur,
2121 2146 2185 2186 ac
2212 2132 2361 2202 regio
2375 2132 2501 2203 jure
2532 2130 2885 2187 detineantur
2912 2147 3123 2187 merces
3146 2140 3201 2186 et
3224 2130 3551 2203 addicantur

1980 2223 2137 2280 fisco.
2158 2224 2421 2281 Verutum
2450 2234 2634 2281 autem
2666 2223 2799 2282 illud
2832 2226 3052 2297 longius
3086 2235 3140 2281 et
3199 2226 3440 2291 acutius,
3487 2240 3554 2281 ex

1980 2316 2163 2386 aliqua
2190 2332 2314 2372 cum
2339 2318 2579 2388 pugione,
2606 2318 2730 2382 telo,
2758 2318 2912 2371 hasta
2979 2316 3358 2381 similitudine,
3386 2328 3556 2384 σειροι

1984 2409 2193 2480 μάστης
2223 2411 2303 2465 vel
2331 2410 2678 2478 σειρομάστις
2708 2407 2897 2464 audit:
2932 2413 3058 2479 quia
3081 2424 3210 2464 vero
3233 2412 3555 2483 praecipitem

1982 2513 2350 2556 mercatorum
2397 2502 2450 2554 in
2483 2501 2839 2570 exportandis
2888 2502 3161 2557 mercibus
3221 2503 3556 2571 diligentiam

1981 2593 2231 2663 reprimit
2254 2601 2308 2647 et
2326 2590 2543 2645 fraudes
2564 2601 2805 2657 coercet,
2826 2591 3049 2645 σαλίὸαν
3070 2593 3154 2647 vel
3174 2593 3424 2662 σαλιὸάρι
3443 2598 3555 2647 vul-

1983 2699 2084 2755 gus
2141 2682 2401 2752 appellat,
2453 2684 2660 2752 [renum
2715 2682 2990 2738 videlicet.
3032 2681 3195 2738 llisce
3260 2689 3559 2754 perspectis

1984 2775 2061 2830 nil
2094 2773 2426 2829 dillicultatis
2452 2781 2697 2828 remanet
2748 2772 3033 2829 imTzetze
3068 2776 3275 2845 absque
3294 2777 3559 2845 interpre-

1986 2868 2193 2921 talione
2215 2882 2245 2921 a
2268 2865 2506 2935 Rigaltio
2526 2864 2769 2919 Meursio
2791 2876 2844 2918 et
2871 2866 3151 2928 Gretsero,
3175 2864 3446 2931 relato,nil
3467 2870 3563 2922 ob;

1986 2954 2268 3011 scuritatis
2293 2955 2345 3008 in
2370 2953 2667 3024 Hesychia,
2691 2952 2764 3007 nil
2793 2953 2937 3020 quod
2964 2968 3170 3008 moram
3201 2956 3359 3009 faciat
3384 2957 3437 3011 in
3460 2958 3553 3013 (Σο.

1985 3046 2135 3100 diuo.
2156 3045 2465 3115 Hesychius
2503 3062 2516 3097 :
2550 3046 2923 3115 Σεερομάστης
2973 3045 3166 3109 σκεῦός
3185 3062 3238 3099 τι
3289 3048 3577 3120 σιδηροῦνί

1985 3140 2122 3210 ὅπερ
2144 3139 2193 3192 oi.
2222 3137 2841 3208 τιλῶναιπρδςέρευναν
2884 3138 3088 3208 ἔχουσι,
3135 3138 3305 3210 λαϐὴν
3349 3140 3564 3213 ξυλίνην

1983 3230 2251 3301 ἑχον.()ιιι·
2278 3230 2407 3303 illud
2440 3229 2651 3286 insana
2694 3239 2846 3301 gerat
2898 3232 3172 3298 tzausius,
3205 3232 3331 3288 alibi
3388 3237 3563 3293 discu-

1985 3322 2170 3377 timus.
2206 3318 2405 3391 Gesn]
3280 3306 3281 3309 “
3364 3304 3367 3309 λ

1994 3416 1997 3419 ⁷
2055 3408 2139 3463 Ib.
2189 3409 2523 3479 Ἀμηρὰλιος
2563 3419 2618 3465 et
2646 3412 2965 3485 dumpaqu
2987 3420 3268 3486 prwlectus
3291 3420 3474 3485 maris,
3498 3436 3565 3476 cx

1989 3505 2226 3561 Arabico
2248 3507 2422 3561 amira
2453 3522 2549 3563 seu
2578 3510 2803 3575 antirus,
2838 3510 3017 3582 inquit
3044 3511 3264 3582 Junius,
3289 3525 3345 3570 et
3377 3516 3571 3571 Graeco

1988 3597 2136 3661 ἅλιος
2167 3599 2432 3653 marinus.
2466 3598 2665 3656 Credat
2688 3603 2780 3672 qui
2812 3605 2956 3659 volet
2988 3622 3003 3660 :
3038 3620 3139 3676 ego
3161 3622 3444 3663 assensum
3467 3624 3566 3663 co-

1983 3687 2168 3747 hibeo.
2201 3690 2446 3747 Transiit
2466 3707 2568 3747 vos
2599 3694 2714 3751 haec
2747 3695 2811 3750 ad
2845 3696 3055 3761 Gallos,
3097 3698 3261 3753 Italos
3290 3710 3344 3753 et
3399 3701 3565 3760 alios.

1985 3782 2185 3852 quibus
2210 3785 2409 3838 amiral
2434 3794 2518 3841 est
2547 3786 2840 3856 praefectus
2888 3790 3057 3844 maris
3101 3806 3195 3845 seu
3243 3792 3563 3847 thalassiar-

1986 3873 2146 3930 chus.
2174 3874 2328 3940 Quod
2356 3889 2555 3930 nomen
2588 3878 2702 3932 sive
2740 3878 2984 3932 absolute
3008 3894 3109 3947 pro
3140 3880 3389 3949 principe
3421 3898 3556 3948 gen-

1976 3966 2060 4020 tis
2081 3965 2196 4021 sive
2221 3965 2610 4043 propraefccto
2658 3970 2825 4023 maris
2873 3970 3197 4039 accipiatur,
3252 3974 3478 4030 min-ilice
3529 3994 3557 4028 ιι

1988 4057 2199 4114 Latinis
2226 4059 2592 4128 scriptoribus
2612 4061 2880 4124 variatur,
2918 4063 3201 4117 utostendi
3242 4064 3459 4137 2441(
3483 4083 3560 4122 ιιι.

1987 4148 2032 4202 ιι
2057 4149 2124 4204 de
2155 4150 2214 4205 S.
2234 4149 2430 4216 Cruce,
2449 4169 2499 4206 c.
2522 4153 2612 4209 l2.
2630 4151 2877 4224 Ἀμηρᾶς
2894 4155 3145 4225 princeps
3169 4165 3271 4219 cst,
3297 4161 3558 4214 usitatum

1991 4255 2193 4296 nomen
2223 4242 2366 4312 apud
2394 4242 2806 4300 Mahometauos
2834 4246 3057 4313 Arabes,
3078 4256 3135 4301 ut
3162 4257 3216 4302 et
3249 4250 3523 4321 ἀμηραῖος
3542 4293 3579 4316 ,.

1993 4333 2243 4401 quamvis
2273 4343 2327 4389 et
2351 4336 2453 4390 boc
2479 4335 2580 4391 sub
2611 4350 2792 4391 amcra
2816 4336 3056 4392 minores
3101 4339 3267 4395 duces
3325 4343 3567 4397 denotet.

1992 4425 2387 4496 Sigebertusin
2446 4426 2763 4484 Chronico:
2823 4426 2891 4483 In
2958 4446 3117 4500 regno
3175 4432 3581 4489 Saracenorum.

307 4540 431 4593 ριον
464 4523 574 4577 τῶν
600 4522 853 4577 τελωνῶν
885 4521 1145 4592 ὑπάρχει,
1176 4522 1250 4585 ὡς
1290 4520 1461 4591 μέγας
1489 4522 1774 4585 ὀϐελίσκος
1799 4540 1875 4586 τις

1995 4528 2223 4584 quatuor
2256 4529 2505 4589 prwtores
2555 4523 2765 4585 statuit,
2799 4525 2888 4592 qui
2959 4525 3168 4579 omirwi
3223 4527 3563 4590 vocabantur,

305 4605 360 4682 ᾧ
393 4616 724 4685 πλήττοντις
756 4615 883 4678 τοὺς
909 4613 1145 4677 σάκκους
1171 4615 1241 4667 τὰ
1298 4613 1889 4683 κλεπτοτεὶωνούμενα

304 4706 500 4759 νοοῦσι
524 4708 619 4759 καὶ
667 4704 983 4776 κρατοῦσιν.
1029 4705 1252 4760 Videtur
1276 4708 1524 4760 omnium
1558 4708 1890 4761 commodis-

306 4798 462 4855 sime
493 4798 629 4852 verti
700 4788 853 4868 apud‘
889 4796 1267 4865 Curopalatam
1329 4797 1491 4851 telum
1561 4813 1655 4853 seu
1711 4800 1891 4869 pugio,

307 4889 764 4960 quandoquidem
797 4890 1111 4946 siromastes
1142 4888 1423 4943 ferebatur
1454 4904 1484 4942 a
1511 4905 1707 4959 magno
1737 4900 1895 4945 tzau-

305 4982 400 5038 sio
430 4997 499 5037 ex
530 4980 750 5037 sinistra
780 4992 932 5052 parte
978 4978 1146 5041 z'unce,
1182 4981 1269 5036 Ait
1305 4983 1546 5037 Codiuus
1583 4983 1727 5037 hunc
1760 4983 1897 5038 siro-

307 5084 527 5129 masteu
559 5074 721 5145 vulgo
747 5074 930 5128 vocari
992 5073 1242 5129 salibam.
1282 5071 1391 5127 Leo
1430 5074 1559 5143 imp.
1594 5073 1887 5130 Caustitut.

307 5166 347 5219 7
376 5182 390 5220 :
425 5160 522 5230 Εἰς
550 5164 613 5220 τὸ
650 5165 814 5237 ῥῖψαι
840 5162 1082 5235 μηκὸσεν
1130 5167 1417 5235 ριπτάριον
1450 5168 1547 5219 καὶ
1579 5166 1894 5235 ματζοόάρ-

304 5257 531 5321 ϐουλον,
560 5259 699 5329 ὅπερ
730 5252 957 5327 λέγεται
986 5258 1083 5310 νῦν
1118 5257 1315 5311 σαλίὸα
1349 5258 1384 5327 ἢ
1418 5258 1512 5310 καὶ
1545 5259 1895 5330 τζηκούριον.

302 5348 654 5404 Glossarium
687 5350 884 5425 scribit
926 5347 1432 5419 μαρτζομάϐουλον.
1484 5349 1798 5421 Anonymus
1829 5352 1897 5406 de

1994 4612 2103 4679 ipse
2120 4626 2237 4665 vero
2259 4615 2459 4666 amiras
2483 4613 2771 4666 vocabatur
2797 4613 2872 4667 vel
2898 4617 3349 4685 protosymbulus.

2065 4701 2151 4756 Ib.
2222 4704 2355 4756 Ἐπὶ
2409 4703 2528 4758 τῶν
2569 4704 2860 4771 δεήσεων.
2899 4705 2972 4760 Ita
2994 4722 3221 4761 omnino
3256 4710 3581 4778 legendum,-

1992 4803 2047 4849 et
2067 4794 2198 4848 illud
2217 4796 2309 4848 ἐπὶ
2330 4795 2436 4849 τῶν
2457 4796 2722 4850 δικάσεων
2750 4797 2936 4865 procul
2962 4799 3333 4867 relegandum.
3364 4803 3585 4858 Gemma.

2070 4887 2157 4941 Ib.
2225 4886 2612 4959 [Χειρόρτιον.
2681 4886 2866 4942 Simon
2938 4889 3587 4955 Portius:Chirotltecu,.

1995 4980 2242 5050 χερόκτι,
2276 4981 2518 5050 χερόρτι,
2551 4979 2873 5049 χειροθήκη.
2900 4979 3207 5050 Ἐγχειριον
3251 4985 3567 5053 διεσχισμέ-

1997 5089 2097 5142 νην
2122 5075 2200 5136 εἰς
2230 5071 2493 5125 δάκτυλον
2520 5072 2733 5125 vocavit
2750 5069 2968 5127 Nicetas
2988 5074 3042 5126 in
3068 5074 3258 5130 Alexio
3289 5075 3568 5131 Comneuo

1997 5164 2036 5217 l.
2064 5180 2122 5219 ιιι
2154 5185 2168 5220 :
2212 5166 2271 5218 Ἠ
2308 5164 2351 5218 δ’
2381 5165 2521 5234 αὐτὴ
2553 5165 2648 5217 καὶ
2669 5163 2831 5234 δορὰν
2877 5166 3259 5234 χρυσόπαστον
3297 5170 3569 5239 ὲγχείριον

1999 5257 2218 5325 ἔχουσα,
2248 5256 2636 5326 διεσχισμένην
2668 5255 2723 5318 ἐς
2751 5255 3039 5321 δάκτυλον,
3072 5260 3369 5329 κονητιναν
3415 5256 3565 5330 εἶχεν

2000 5347 2212 5419 ὀρνιθα,
2240 5351 2334 5399 καὶ
2362 5347 2581 5411 ἐξιοῦσα
2615 5346 2753 5417 πρὸς
2816 5348 2992 5419 θήραν
3036 5350 3314 5415 ὲπέκλωζέ
3365 5368 3424 5403 τε
3473 5355 3570 5405 καὶ

301 5439 458 5495 bello
486 5450 679 5493 saera:
711 5432 950 5501 Σαλιϐας
983 5435 1131 5507 εἶχον
1180 5428 1503 5507 τουρκικᾶς.
1536 5430 1733 5495 Junius
1768 5441 1872 5495 dici

2010 5437 2310 5501 ἔπεθώῦζε.
2341 5437 2596 5506 Vulgaris
2630 5449 2811 5494 textus
2869 5442 3029 5495 habet
3060 5458 3075 5494 :
3121 5441 3181 5493 Ἦ
3217 5443 3273 5495 δὲ
3313 5442 3452 5510 αὐτὴ
3508 5444 3571 5495 τὺ

300 5530 549 5584 σαλξσειν
599 5526 721 5585 esse
750 5539 939 5584 vocem
988 5529 1303 5585 Arabicam.
1343 5530 1412 5583 At
1468 5534 1746 5599 quomodo
1798 5535 1875 5590 sci

2007 5532 2315 5602 χειρόρτιον
2355 5532 2736 5601 χρυσόπαστον
2803 5533 3024 5604 ἔχουσα,
3077 5533 3463 5604 διεσχισμένην
3493 5537 3572 5599 εἰς

295 5635 437 5677 esse
467 5618 786 5681 Arabicam.
822 5634 944 5675 cum
976 5621 1185 5675 nesciat
1233 5620 1363 5690 quid
1419 5621 1733 5691 significet?
1779 5622 1897 5677 Non

292 5712 458 5769 enim
497 5710 587 5768 est
619 5713 878 5769 militaris
902 5713 1080 5775 clava,
1108 5723 1167 5767 ut
1200 5722 1325 5768 ante
1376 5714 1640 5767 diximus.
1682 5713 1890 5767 Gners.

390 5802 681 5878 [Indicant
704 5806 800 5876 qui
824 5804 1116 5863 Mcursium
1138 5815 1461 5874 serpuntur,
1497 5814 1552 5857 at
1592 5820 1700 5857 non
1734 5806 1895 5859 attin-

2007 5621 2289 5689 δάκτυλον,
2315 5625 2605 5694 κονητίναν
2635 5621 2780 5695 εἶχεν
2814 5624 3030 5694 ὖρνιθα.
3052 5624 3241 5694 Carpit
3270 5625 3356 5680 his
3391 5627 3571 5682 verbis

2004 5713 2226 5769 Nici-tas
2275 5715 2536 5779 indecens
2595 5716 2960 5785 imperatricis
3009 5716 3255 5772 factum:
3311 5722 3570 5786 probrum

2005 5817 2185 5862 tamen
2220 5822 2332 5878 quo
2370 5821 2515 5876 eam,
2553 5809 2698 5864 velut
2734 5824 2860 5863 uvas
2890 5810 3028 5880 ipsa,
3054 5811 3285 5879 populus
3336 5812 3575 5868 insccta-
