3952 6222
252 268 346 331 273
893 278 922 298 '

1335 260 1725 324 GBETSERI
1768 258 1859 317 ET
1893 255 2122 317 GOARI
2166 253 2397 312 ΝωτΕ-

3387 241 3490 304 9.71.

253 374 501 430 nubrimu
539 373 800 427 scribitur
832 381 1074 429 correcte
1110 373 1373 444 στηλειὸς,
1395 372 1538 442 quod
1573 367 1820 422 columel-

1940 382 2507 451 iecasionemquaarit.
2538 379 2753 444 Quanto
2794 377 3144 446 verisimilius
3201 375 3492 438 deduceret

261 469 361 522 lam
392 467 656 532 imitetur,
692 467 952 535 quamvis
987 469 1126 536 apud
1149 464 1683 535 Crispiuumsecuris
1704 477 1813 514 ma-

256 557 506 611 nubrium
546 555 830 617 στειλειός,
855 555 1113 619 στελειὸς,
1145 555 1378 618 στελεός,
1405 553 1664 612 στειλεόν,
1696 569 1811 604 στε-

251 647 362 701 λεόν
381 655 432 701 et
459 646 674 701 στελειά
703 647 996 702 scribatur.
1029 646 1246 700 Βουτίον
1277 650 1354 709 εἰς
1387 647 1444 698 τὸ
1475 645 1644 715 ἄκρον
1683 643 1811 714 quid

252 740 314 795 sit
337 738 726 808 inquirendum
762 755 776 792 :
809 739 971 792 butta:
995 739 1137 792 enim
1167 747 1219 792 et
1289 754 1455 806 σπιριιι,
1509 752 1571 790 ac
1610 738 1814 806 integra

251 846 441 900 quoque
469 846 593 882 vasa
621 831 846 889 vinaria.
874 829 940 883 de
971 831 1168 898 quibus
1191 827 1501 893 Grctscrus,
1526 829 1812 891 Meursius,

254 921 536 990 Rigaltius.
567 922 637 974 ab
666 921 769 974 hoc
799 917 998 988 insigni
1037 921 1383 974 removenda.
1419 920 1502 973 An
1537 935 1663 973 vero
1688 920 1816 988 βου-

248 1012 352 1064 τῐον
378 1012 536 1080 quasi
563 1013 788 1080 φουτίον
815 1010 1200 1064 diminutivum
1237 1011 1462 1078 φοῡτας,
1490 1012 1647 1077 cujus
1678 1012 1818 1064 inter

255 1103 421 1156 rarias
448 1104 649 1171 capitis
673 1102 1026 1171 praecedentis
1053 1103 1312 1156 lectiones
1337 1113 1416 1155 est
1447 1104 1672 1159 mentio.
1718 1117 1813 1154 cu-

247 1192 329 1261 jus
362 1193 507 1246 idem
533 1203 615 1247 est
637 1208 700 1248 ac
740 1195 943 1260 τούφας
977 1210 1192 1256 sensus,
1223 1195 1293 1247 ita
1328 1203 1383 1246 ut
1412 1203 1578 1262 caput
1605 1203 1658 1247 et
1700 1194 1818 1262 api-

249 1298 357 1338 cem
388 1286 669 1339 elaricule
692 1286 845 1340 istius
869 1287 1188 1341 crassiorem
1217 1298 1264 1339 ct
1291 1295 1596 1339 extremum
1615 1287 1816 1339 nodum

249 1375 635 1443 signiﬁcetur:
669 1380 862 1431 iterum
893 1377 1123 1447 βουτὶον,
1151 1377 1294 1445 quod
1321 1377 1497 1430 nodus
1521 1377 1607 1430 ille
1635 1377 1819 1429 oblon-

250 1467 358 1537 εἰοι-
380 1467 590 1521 buttam
621 1480 673 1522 et
703 1481 922 1540 vegetem
950 1486 1049 1526 sua
1078 1470 1249 1540 ﬁgura
1284 1470 1568 1524 imitetur?
1597 1471 1678 1522 An
1727 1470 1818 1524 de-

251 1559 404 1626 nique
437 1557 650 1627 βουτίον
682 1575 790 1613 non
823 1561 874 1614 in
901 1560 1176 1614 claviculm
1197 1561 1460 1629 superiori
1484 1559 1702 1622 vertice,
1727 1559 1821 1615 sed

250 1649 299 1702 in
331 1650 440 1702 imo
472 1659 718 1703 extremo
748 1652 1170 1720 inspiciendum,
1230 1653 1301 1705 ita
1355 1661 1414 1705 ut
1453 1653 1599 1705 velut
1652 1667 1710 1706 os
1765 1652 1816 1704 in

1921 478 1990 530 ab
2019 476 2341 530 Germanico
2382 479 2579 540 zaiagen
2605 473 2631 524 ?

1994 591 2072 650 Ib.
2133 589 2254 642 Τῶν
2320 589 2660 657 μουρτάτων.
2718 585 2993 656 Origiuem
3058 583 3216 652 hujus
3259 581 3496 636 nominis

1899 699 2035 746 .nou
2067 682 2340 744 explicant
2369 688 2645 734 auctores.

1999 818 2080 872 Ib.
2109 815 2231 871 Τῶν
2258 814 2576 876 τζακόγων.
2597 813 2802 868 Nomen
2821 813 2922 867 hoc
2947 828 3013 867 ex
3067 811 3288 866 llebrma
3317 811 3496 876 lingua

1928 911 2148 966 deducit
2175 909 2372 963 Junius
2405 910 2455 961 in
2485 908 2655 962 schol.
2683 923 2734 976 p.
2759 907 2888 966 504.
2924 904 3350 974 quidquitldicat
3369 903 3497 955 Grao

1927 1018 2107 1074 geras,
2131 1001 2167 1055 l.
2195 1017 2246 1054 iv
2279 1001 2409 1054 hist.
2443 1000 2776 1069 Byzantium.
2804 999 2894 1066 qui
2925 1013 3064 1066 quos
3097 1006 3306 1050 veteres
3348 1009 3500 1047 voea-

1928 1097 2058 1150 bant
2091 1093 2348 1156 Laconas,
2385 1107 2414 1145 a
2443 1091 2836 1146 recentioriluis
2857 1091 2973 1143 istis
2997 1088 3200 1142 Grmcis
3229 1087 3500 1139 Txaconas

1929 1185 2227 1254 appellatos
2261 1183 2472 1246 scribit,
2504 1183 2701 1251 exigua
2736 1197 2906 1249 eaque
2933 1179 3250 1249 quotidiana
3279 1178 3490 1230 litterav

1930 1293 2050 1331 rum
2087 1274 2482 1328 immutatione.
2517 1270 2624 1327 Nec
2647 1274 2981 1325 absterretur
3010 1271 3225 1332 Junius,
3251 1267 3503 1336 quattnis

1934 1366 2090 1423 hodie
2117 1379 2335 1434 quoque
2370 1363 2519 1432 regio
2545 1363 2926 1431 Peloponnesi.
2960 1363 3088 1414 olim
3116 1361 3374 1423 Laconia,
3416 1361 3502 1411 di.

1931 1467 2089 1513 catur
2123 1452 2415 1514 Tzaeonia,
2445 1461 2499 1507 et
2530 1453 2722 1506 incolae
2757 1452 3042 1520 (Pandunt.
3079 1448 3242 1513 Ture,
3269 1464 3320 1516 p.
3345 1448 3414 1500 30
3450 1455 3505 1498 et.

1931 1549 2194 1617 Turcogr.
2220 1549 2255 1600 l.
2287 1560 2379 1615 vn,
2404 1563 2453 1616 p.
2488 1545 2611 1614 489)
2667 1544 2909 1598 Zacones
2935 1559 3026 1596 seu
3049 1541 3366 1603 Tzaeones;
3399 1539 3511 1590 rul-

1931 1622 2108 1707 deque
2140 1639 2338 1693 usitata
2379 1639 2450 1694 sit
2477 1638 2680 1692 Graecis
2735 1632 3134 1688 recentioribus
3197 1631 3499 1683 litterarum

249 1741 550 1804 acetabulo,
582 1741 752 1795 imum
781 1743 910 1796 illud
933 1743 1278 1797 manubrium
1309 1743 1365 1795 ὲν
1403 1744 1602 1815 βουτίῳ
1634 1758 1730 1796 ceu
1764 1744 1816 1796 in

1940 1730 2012 1784 ΓΖ
2047 1732 2098 1783 in
2131 1730 2360 1784 aliarum
2413 1729 2596 1783 locum
2651 1725 3014 1786 substitutio;
3077 1723 3204 1774 hinc
3261 1719 3505 1783 τζακίζω

251 1833 552 1888 eraterculo
580 1841 632 1886 et
663 1833 872 1900 cupella
905 1833 1236 1896 includatur,
1265 1848 1374 1904 quo
1405 1844 1456 1888 et
1493 1833 1702 1888 ﬁrmius
1735 1842 1818 1886 te-

255 1935 438 1980 neatur
481 1925 636 1990 etei,
665 1925 809 1994 quod
867 1941 1042 1994 panno
1094 1941 1352 1982 coccxneo
1400 1927 1818 1996 superindutum

253 2019 320 2070 sit
372 2028 757 2072 ornamentum
791 2031 925 2071 auro
953 2019 1134 2072 addito
1182 2020 1444 2074 crescat?
1484 2019 1664 2072 Minus
1711 2019 1822 2073 dis-

253 2109 742 2176 plic--bitindutum
794 2108 926 2162 illttd
980 2110 1350 2175 manubrium,
1395 2111 1440 2165 si
1495 2126 1710 2166 summa
1764 2111 1817 2163 in

251 2210 399 2269 parte
429 2200 957 2268 caputdeauratum,
993 2201 1046 2254 in
1096 2201 1204 2255 ima
1255 2202 1622 2255 eraterculum
1677 2202 1822 2256 hunc

250 2294 503 2362 prob-rat.
534 2295 586 2343 in
618 2291 794 2346 media
823 2293 1038 2347 tandem
1092 2293 1233 2362 δέμα
1285 2293 1487 2362 ὁμοίως
1540 2310 1825 2364 κεχρυσωο

255 2384 434 2453 μένον,
467 2399 570 2436 non
591 2385 948 2454 'ligamentum
978 2385 1279 2454 quodlibet,
1305 2387 1400 2440 sed
1433 2367 1728 2450 vinculum,
1756 2387 1828 2440 si-

247 2491 318 2532 ve
347 2477 600 2530 lautianm
628 2488 874 2532 auratam
899 2478 1030 2532 illud
1057 2488 1250 2533 ornate
1275 2480 1608 2533 ambientem
1642 2489 1826 2534 osten-

249 2569 632 2634 tet.Baurt'Cew
657 2585 820 2640 porro
839 2579 920 2624 est
943 2572 1250 2641 immergere
1269 2573 1346 2625 Vel
1367 2571 1796 2628 immitterevide
1810 2599 1826 2612 -

248 2659 384 2715 licet
411 2661 463 2713 in
492 2676 603 2712 rem
639 2663 967 2728 profundam
999 2677 1013 2725 ;
1043 2677 1104 2714 ae
1140 2673 1422 2729 propterea
1479 2661 1826 2715 acetabulum

251 2765 502 2809 aureum,
555 2753 644 2804 cui
698 2753 986 2808 commissa
1048 2753 1210 2806 fuerit
1262 2762 1504 2806 extrema
1551 2753 1830 2808 claticulac

247 2857 404 2912 pars,
453 2843 670 2911 βουτίου
729 2860 836 2898 non
903 2847 1183 2898 immerito
1225 2859 1426 2899 nomen
1481 2855 1826 2913 asseqnetur.

322 2933 389 2988 Ρ.
412 2934 855 3004 ἳϐζΧρυσαφίω
887 2935 1098 2991 Simon.
1145 2936 1362 2991 Partitis
1390 2937 1684 3005 ;·Χρυσάφι
1712 2937 1828 2990 vice

1919 1838 2020 1892 pro
2049 1820 2273 1886 λακέζω,
2321 1819 2515 1884 lacero,
2548 1836 2752 1886 rumpo.
2781 1817 2957 1884 Quare
2995 1815 3089 1884 qui
3117 1811 3396 1866 'l'zaconcs
3439 1810 3508 1862 ab

1925 1913 2154 1967 Hebrmo
2215 1918 2366 1965 tzuclt
2385 1912 2564 1981 potius
2589 1925 2750 1979 quam
2784 1924 2814 1961 a
2838 1907 2999 1962 reteri
3023 1905 3295 1958 Laeonum
3315 1901 3504 1969 appel-

1925 2006 2130 2059 latione
2161 2004 2336 2058 dictos
2360 2004 2653 2066 existimat,
2686 2003 2731 2056 is
2760 2015 2977 2054 curnon
3014 1997 3232 2068 quidvis
3259 1994 3362 2048 sibi
3389 2008 3508 2064 per-

1925 2096 2151 2150 ‘suadeat
2181 2110 2403 2150 causam
2435 2093 2618 2148 dicere
2658 2107 2765 2148 non
2810 2100 3006 2161 potest.

2001 2211 2082 2263 Ib.
2118 2209 2472 2264 Orientalium
2510 2209 2820 2262 tltematum.
2849 2205 3037 2258 Exstat
3073 2201 3292 2256 libellus
3358 2185 3501 2252 Cen;

1931 2299 2153 2356 st'mtini
2190 2299 2636 2369 Porphyrogeniti
2662 2298 2794 2368 Περὶ
2830 2294 3086 2364 θεμάτων
3125 2291 3463 2351 ἀνατολικῶν
3487 2328 3503 2350 ,

1931 2408 2095 2461 quem
2115 2391 2300 2446 Graece
2331 2399 2383 2444 et
2411 2391 2598 2444 Latine
2625 2389 2793 2444 edidit
2821 2387 3116 2442 Vulcanius
3141 2387 3392 2445 Batavus.
3411 2399 3504 2436 nn-

1933 2487 2111 2549 tisriue
2137 2483 2423 2537 illustravit
2451 2498 2468 2548 ;
2494 2482 2545 2534 in
2581 2481 2758 2546 queis.
2785 2492 2982 2549 Prmter
3037 2488 3269 2532 caetera:
3315 2475 3509 2528 Varie-5

1933 2591 2043 2628 esse
2067 2574 2155 2626 τοῦ
2175 2575 2407 2643 θέματος
2444 2574 2854 2641 signiﬁcationes
2884 2586 3033 2624 nemo
3090 2571 3320 2637 ignorat.
3354 2567 3509 2619 Cios-

1933 2684 2007 2721 ste
2033 2675 2224 2720 veteres
2259 2667 2524 2719 interdum
2565 2666 2978 2731 interpretantur
3008 2663 3150 2730 θέμα
3171 2661 3508 2730 positionem,

1935 2776 2135 2820 casum,
2161 2759 2424 2812 interdum
2485 2756 2742 2826 θέματοῦ
2807 2756 3101 2824 ἀνθρώπου
3149 2751 3508 2806 constellatio-

1937 2867 2074 2911 nem.
2098 2852 2238 2921 quod
2257 2851 2391 2904 idem
2415 2858 2492 2902 est
2524 2866 2585 2907 ac
2604 2849 2816 2916 positio,
2854 2847 3122 2902 interdum
3155 2845 3290 2912 legio
3330 2841 3505 2905 τάξις,

1939 2941 2098 3012 θέμα.
2131 2941 2215 2996 Ea:
2241 2959 2342 3012 quo
2367 2943 2528 3012 liquet
2564 2941 2706 3011 θέμα
2742 2941 2876 2993 idem
2907 2955 3017 2993 esse
3063 2937 3198 3008 quod
3227 2934 3381 3001 τάξιν
3433 2941 3513 2986 vet

245 3028 570 3099 κρτσάφιον,
589 3029 884 3098 χρονσάφι.
903 3029 1146 3098 χρυσίον,
1168 3031 1389 3098 χρυσός,
1410 3045 1621 3081 aurum.
1653 3028 1828 3082 Meur—

1940 3038 2144 3105 τάγμα,
2165 3037 2262 3090 Ιισε
2285 3044 2360 3090 est
2379 3035 2656 3103 legionem.
2674 3033 3009 3087 Justinianus
3030 3035 3312 3098 imperator
3331 3029 3382 3078 in
3404 3025 3507 3079 No-

245 3120 365 3176 sius
386 3121 796 3189 corruptissime
813 3122 938 3190 legit
956 3117 1231 3192 χρυσάφη,
1250 3137 1518 3192 nusquam
1543 3123 1825 3177 usitatum.

246 3209 463 3267 Dicitur
498 3213 737 3281 χρυσάφι
770 3212 921 3281 ﬁlum
952 3229 1194 3277 aureum,
1224 3223 1278 3267 et
1309 3229 1504 3267 aurum
1540 3214 1828 3284 quodcun-

247 3318 357 3374 que
384 3304 538 3358 alteri
572 3303 649 3358 rei
675 3305 939 3371 additum,
973 3309 1129 3378 quasi
1166 3308 1482 3378 χρυσαπτόν
1510 3323 1524 3373 ;
1566 3309 1710 3378 quod
1746 3310 1832 3362 hic

247 3397 554 3451 etiamnum
586 3398 890 3453 clarissime
935 3401 1378 3470 deprehenditur.
1417 3401 1622 3473 Genu]

340 3485 440 3541 Ib.’
486 3489 683 3543 Mirqu
752 3498 834 3545 est
869 3494 1150 3560 quomodo
1179 3481 1378 3547 Junius
1406 3495 1495 3547 hic
1525 3494 1833 3563 βεστιάριεν

243 3579 642 3650 interpretatus
665 3583 730 3635 sit
757 3583 1087 3647 vestibulum,
1115 3593 1166 3637 et
1186 3583 1275 3637 τὸν
1297 3584 1835 3654 πρωτθὸεστιαρξτην

241 3674 539 3740 principem
568 3673 829 3730 vestibuli.
865 3673 1064 3729 Errant
1086 3677 1185 3729 viri
1203 3677 1364 3740 docti,
1397 3676 1447 3730 id
1476 3685 1560 3731 est.
1612 3675 1832 3744 Junius,

245 3771 312 3816 ut
337 3764 416 3816 ait
449 3763 738 3826 Meursius.
769 3769 859 3836 qui
881 3768 957 3820 ita
995 3759 1455 3837 interpretantur;
1482 3769 1574 3825 ubi
1635 3770 1835 3824 iterum

237 3853 548 3910 Iunianum
575 3856 824 3911 delirium
851 3859 982 3912 viris
1005 3859 1182 3915 doctis
1204 3860 1518 3916 ascribitur.
1554 3861 1659 3918 Sed
1700 3860 1833 3932 quid

237 3945 616 4002 vestiarium?
645 3946 843 4002 Suidas
871 3966 883 4001 :
912 3949 1225 4021 Beastﬁpto'.
1246 3952 1402 4022 napi:
1435 3950 1730 4022 Ῥωμαιοις
1749 3953 1838 4005 τό.-

236 4055 354 4100 πος
387 4038 520 4092 ἔνθα
543 4040 575 4108 ἡ
596 4038 870 4106 ἀναγκαία
889 4039 1176 4095 ἀπόκειται
1195 4043 1383 4114 ἐσθής*
1413 4041 1833 4112 Moscltopulus:

239 4129 456 4182 Βέστια
485 4132 636 4200 παρὰ
667 4131 964 4200 Ῥωμαίοις
993 4133 1210 4203 ἱμάτια,
1246 4136 1304 4201 ἐξ
1325 4129 1386 4188 οὗ
1410 4139 1504 4189 καὶ
1527 4135 1837 4208 βεστιάριον

235 4223 483 4291 κυρίως,
532 4224 587 4275 ὲν
619 4217 753 4292 ᾧτά
794 4224 1052 4296 βασιλικά
1117 4227 1392 4298 ἐνδύματα
1440 4229 1834 4297 φυλάσσονται.

239 4311 548 4366 Dicebatur
575 4315 815 4369 vestiarii
849 4330 1048 4386 praeses
1106 4317 1272 4372 etiam
1337 4319 1656 4374 abestiarius
1710 4337 1729 4384 ;
1781 4329 1838 4375 et

234 4406 574 4462 vestiarium
602 4410 910 4478 generalius
936 4412 1184 4480 ταμιεῖον
1219 4411 1524 4480 βασιλικόν,
1576 4414 1833 4467 aerarium

233 4500 694 4568 imperatorium,
722 4503 866 4572 apud
922 4502 1270 4568 Clioniatem,
1324 4503 1528 4558 citante
1571 4503 1834 4575 Rigaltio.

322 4593 388 4649 P.
420 4596 514 4649 27.
541 4595 971 4674 Tzaugratorum
995 4597 1087 4667 (ita
1114 4598 1317 4668 ubique
1336 4598 1838 4664 scribemlum,uon

235 4696 596 4754 tzangatores
628 4687 701 4756 )a
734 4689 996 4758 tzangris,
1029 4703 1189 4746 arcus
1219 4689 1504 4760 cujusdam
1536 4698 1752 4760 genere,
1781 4699 1842 4745 ut

233 4793 312 4832 ex
351 4776 732 4834 Cantacuzeno
765 4781 932 4850 liquet
965 4783 999 4836 l.
1035 4799 1074 4847 ι,
1098 4784 1186 4837 ubi
1219 4784 1286 4839 de
1311 4784 1565 4838 machina
1604 4785 1838 4851 quadam

233 4871 452 4926 bellica
483 4886 647 4941 agens
682 4875 814 4928 dicit
848 4875 900 4928 in
945 4876 1187 4946 quolibet
1237 4869 1668 4947 κατασῒρὼματι
1721 4874 1842 4944 ejus

232 4966 444 5034 (erant
497 4979 676 5022 autem
701 4969 986 5039 quinque)
1021 4970 1188 5025 fuisse
1238 4981 1363 5024 Octo
1392 4971 1502 5025 τῶν
1535 4973 1600 5022 ἐκ
1665 4969 1839 5034 τόξων

232 5058 570 5111 Δατινικῶν
590 5059 696 5114 τῶν
729 5059 1039 5129 λεγομένων
1058 5061 1350 5132 τζαγγρῶν
1389 5062 1663 5129 ἀφιέντων
1681 5060 1835 5130 βέλη.

234 5149 468 5204 Ibidem
496 5168 508 5205 τ
535 5152 643 5206 Καὶ
665 5153 772 5207 τῶν
805 5154 915 5206 ἀπὸ
944 5154 1054 5206 τῶν
1086 5153 1378 5222 τζαγγρῶν
1403 5155 1715 5222 ἀφιεμένων
1753 5152 1842 5222 βε-

232 5243 392 5295 λῶν.
430 5242 566 5296 Male
591 5261 718 5314 ergo
759 5244 953 5300 Junius
985 5263 1039 5316 p.
1070 5246 1176 5301 515
1209 5246 1341 5300 facit
1369 5261 1433 5300 ex
1483 5244 1843 5314 Izaugratori-

237 5335 367 5388 bus
395 5335 589 5388 milites
613 5338 936 5404 spatnorios,
963 5352 1088 5392 cum
1131 5337 1338 5392 fuerint
1366 5338 1632 5406 sagittarii
1657 5347 1710 5390 et
1755 5349 1843 5389 ar-

235 5427 585 5481 citenentes.
619 5427 753 5482 Male
784 5430 942 5483 etiam
975 5444 1174 5485 nomen
1202 5430 1382 5499 ipsum
1416 5430 1683 5484 deducit‘a
1712 5442 1841 5481 roce

238 5517 519 5572 orientali
557 5536 868 5591 saga,qu:e,
915 5521 1075 5593 247
1101 5533 1157 5578 ιιι
1205 5525 1402 5592 inquit,
1451 5521 1712 5590 signiﬁcat
1753 5536 1844 5574 co-

237 5612 428 5674 piam.
456 5612 675 5664 densum
708 5623 754 5666 et
787 5615 1075 5683 confertum
1098 5631 1232 5670 esse.
1285 5616 1571 5679 Nimirum,
1633 5614 1850 5683 quoties

239 5702 463 5760 Junius
493 5719 597 5767 non
631 5705 792 5761 habet
813 5708 955 5776 quod
996 5707 1163 5777 dicat,
1226 5724 1290 5765 ex
1355 5710 1574 5764 Oriente
1629 5709 1850 5764 dicendi

1935 3129 2080 3201 vellis
2106 3129 2412 3198 plerumque
2458 3127 2569 3182 Ita'c
2593 3127 2848 3196 τάγματα
2885 3134 3042 3180 vocat
3086 3121 3512 3191 στρατιωτικοὺς

1937 3223 2295 3290 καταλόγους.
2327 3219 2620 3290 Subjungit
2653 3238 2664 3274 :
2702 3219 2818 3283 Quo
2847 3219 2906 3289 ﬁt
2936 3225 2993 3269 ut
3018 3215 3168 3270 Hier.
3195 3213 3513 3280 Wolﬁonon

1895 3325 1906 3334 ‘
1935 3315 2219 3376 assentiar,
2243 3314 2335 3384 qui
2359 3313 2569 3380 θέματα
2592 3313 2888 3378 prouincias
2905 3311 3055 3363 vertit
3088 3309 3142 3361 in
3168 3305 3382 3359 Zonara
3410 3319 3428 3368 ;
3457 3313 3512 3356 ut

1935 3423 2030 3461 nec
2073 3405 2374 3459 Enimumlo
2407 3398 2754 3472 Boniﬁdio,et
2781 3401 2990 3455 doctori
3023 3400 3372 3458 innuminato,
3429 3395 3515 3449 cui

1936 3499 1992 3553 id
2012 3507 2279 3566 acceptum
2307 3497 2434 3571 fert,
2451 3497 2542 3565 qui
2565 3496 2999 3551 adnotationibus
3027 3495 3136 3548 suis
3155 3494 3207 3547 in
3221 3492 3313 3562 jus
3334 3491 3520 3546 Orien-

1940 3589 2045 3644 tale
2081 3589 2256 3642 locum
2282 3588 2435 3642 illum
2461 3604 2525 3643 ea:
2569 3589 2950 3642 constitutione
2979 3583 3182 3639 Isaacii
3228 3583 3512 3646 Comneni,

1938 3683 2093 3748 καὶὴ
2131 3681 2427 3750 σύμφωνος
2478 3680 2777 3743 κατάθεσις
2831 3679 2942 3732 τῶν
3000 3677 3140 3730 ὅλων
3192 3674 3515 3744 (lapatiuth

1937 3772 2252 3840 παρέστησε
2275 3774 2340 3842 τῇ
2369 3771 2616 3842 βασιλείᾳ
2639 3789 2764 3841 μου,
2791 3772 3174 3836 interpretatur
3201 3765 3514 3835 θεματικῶν

1937 3864 2336 3932 provincialium
2367 3879 2386 3917 :
2415 3880 2542 3932 quos
2575 3879 2668 3932 ego
2696 3863 2873 3930 potius
2904 3857 3222 3928 legionarios
3251 3856 3512 3910 verterint.

1937 3953 2088 4008 Inter
2121 3959 2379 4023 τάγματα
2406 3969 2523 4007 vero
2549 3955 2656 4007 sive
2685 3953 2916 4021 legiones
2945 3959 2998 4004 et
3017 3949 3232 4018 θέματα
3259 3947 3356 4001 Itoc
3398 3957 3518 4000 tan-

1940 4059 2048 4102 tum
2077 4047 2511 4116 cudi/ferentia,
2533 4047 2672 4116 quod
2696 4047 2791 4100 illa
2821 4046 3039 4115 ﬂorente
3070 4041 3289 4109 imperio
3327 4041 3520 4096 Roma-

1937 4154 2004 4193 no
2034 4147 2090 4191 ut
2106 4139 2269 4208 justae
2297 4138 2524 4209 legiones
2573 4140 2652 4192 ita
2691 4139 2847 4193 dicta?
2888 4141 3123 4210 fuerunt.
3173 4157 3291 4212 qute
3339 4145 3524 4206 postea

1938 4232 2215 4286 imminuta
2243 4243 2588 4302 truncatoqne
2614 4231 2851 4286 Heraclii
2872 4234 3190 4302 temporibus
3223 4235 3400 4288 eodem
3424 4235 3526 4285 im-

1943 4326 2088 4394 perio
2105 4324 2358 4394 Θεμάτων
2386 4325 2820 4394 appellationem,
2853 4325 3267 4380 desciscentibus
3299 4343 3331 4378 a
3364 4328 3522 4380 veteri

1945 4417 2292 4471 amplitudine
2318 4416 2628 4486 legionibus,
2659 4419 2764 4472 sint
2796 4431 3097 4472 consecuta.
3150 4417 3304 4484 Quod
3347 4417 3523 4487 ipsum

1946 4519 2178 4564 testatur
2217 4509 2306 4563 hic
2340 4519 2524 4562 noster
2550 4509 2739 4564 dicens
2774 4527 2788 4563 :
2841 4509 3004 4564 Ἀλλὰ
3061 4510 3374 4581 πρώηνκαὶ
3403 4511 3528 4562 κατ’

1945 4599 2124 4670 ἀρχὰς
2146 4600 2406 4668 τάγματά
2449 4601 2697 4656 τινακαὶ
2750 4600 3018 4666 λεγεῶνες
3082 4601 3335 4668 ὑπῆρχον
3397 4601 3530 4651 ἁνα-

1943 4693 2330 4764 γεγοαμμέναι
2366 4693 2485 4746 κατ’
2509 4693 2682 4756 ἔθνος.
2708 4691 2967 4762 Equibus
2999 4691 3303 4759 legionibus
3343 4704 3526 4743 recen-

1947 4793 2032 4838 set
2061 4785 2327 4853 legionem
2365 4775 2436 4838 iii
2453 4795 2768 4854 martyrum,
2801 4784 2868 4837 de
2892 4783 3089 4849 quibus
3115 4781 3350 4833 Basilius
3377 4795 3392 4834 :
3419 4778 3524 4829 Οὗ-

1947 4891 2032 4928 τοι
2056 4875 2271 4946 ἡλικίας
2296 4877 2446 4945 ἀκμῇ
2472 4874 2563 4926 καὶ
2594 4874 2824 4942 δυνάμει
2855 4872 2965 4924 τῶν
2990 4870 3110 4924 καθ’
3141 4871 3366 4932 ἑαυτοὺς
3385 4871 3527 4922 πάν-

1951 4985 2064 5020 των
2129 4967 2514 5035 διενεγκόντες,
2562 4966 2641 5025 εις
2676 4964 2800 5024 τοὺς
2863 4965 3292 5034 στρατιωτικοὺς
3349 4961 3526 5014 τελεῖν

1951 5059 2258 5129 ἐτάχθησαν
2291 5057 2652 5124 καταλόγους,
2683 5057 2788 5110 hoc
2829 5066 2934 5120 est,
2971 5070 3029 5111 ut
3059 5055 3226 5110 vertit
3273 5056 3523 5115 Budaus.

1950 5153 2007 5204 in
2032 5151 2268 5204 cohortes
2300 5160 2348 5203 et
2372 5165 2612 5202 numeros
2637 5148 2903 5217 legionum
2945 5147 3122 5203 allecti
3177 5156 3314 5200 sunt.
3370 5147 3528 5216 Apud

1951 5243 2256 5296 Cedrenum
2283 5257 2336 5310 p.
2373 5240 2476 5294 466
2497 5242 2549 5295 in
2583 5241 2934 5311 Copronymo
2965 5240 3235 5310 accipitur
3269 5240 3410 5309 θέμα
3431 5257 3530 5309 pro

1951 5336 2293 5404 praefectura,
2317 5334 2402 5386 ein
2436 5333 2615 5401 pﬂeg:
2669 5333 2794 5394 τοὺς
2829 5332 2937 5385 ὑπὸ
2965 5333 3105 5402 Οὲμα
3139 5332 3246 5385 τῶν
3308 5332 3531 5402 Spain-q-

1947 5427 2078 5480 σίων
2111 5425 2292 5488 littus.
2325 5424 2495 5480 Paulo
2536 5435 2680 5494 post,
2716 5424 2860 5478 ὥστε
2885 5427 2944 5479 ἐν
2968 5426 3076 5495 ὅλῳ
3111 5424 3186 5494 τῷ
3246 5424 3338 5477 ὑπ’
3370 5425 3534 5478 αὑτλν

1950 5519 2169 5587 Θέματι.
2221 5517 2401 5572 Edidit
2433 5517 2746 5590 Fridericus
2778 5517 3056 5585 Morellus,
3087 5517 3360 5587 professor
3380 5518 3535 5572 Puri-

1950 5611 2169 5676 siensis,
2203 5609 2446 5667 libellum
2482 5610 2960 5670 Graiae-Latinum
2986 5611 3054 5668 de
3082 5611 3528 5675 Occidentalibus

1950 5703 2331 5764 Thematibus.
