3952 6222
456 210 566 276 2⁸15

1525 220 1607 281 ΙΝ
1678 220 1980 285 LIBRUM
2025 222 2121 283 DE
2158 224 2487 290 OFFlClIS
2522 231 2629 292 (ΣΡ.

3552 232 3708 297 ’276

511 329 675 401 248
690 329 1031 401 P.27.Magni
1050 333 1813 402 myrtaita'.Juniusmurtatos
1829 346 1880 389 et
1898 350 2037 403 myr-
2064 345 2111 403 Α
2146 354 2263 394 rum
2298 341 2647 411 bnjusceloci
2679 361 2787 400 non
2810 344 2947 401 adeo
2970 344 3341 401 testimonium
3376 358 3541 416 quam
3557 362 3710 406 com-

452 435 623 478 tatam
678 424 745 477 ab
769 422 994 478 llebrmo
1031 425 1241 493 repetit,
1268 425 1455 478 eadem
1492 424 1753 479 felicitate
1771 441 1874 494 qua
1903 434 2019 480 tza-

446 530 610 570 cenes
628 530 692 569 ex
716 514 906 586 iisdem
925 514 1207 567 cunabulis
1240 514 1440 567 educit.
1468 514 1536 568 At
1555 514 1680 585 quis
1699 516 2022 586 myrtaites?

445 606 729 660 :uuliamus
754 584 1114 659 Glossarium.
1148 603 1261 656 Viri
1314 604 1476 670 docti,
1505 605 1554 659 id
1589 584 2021 673 estJunius,pu-

445 700 558 742 tant
587 692 750 760 fuisse
779 707 1027 760 magnum
1086 693 1389 762 praefectum
1414 694 1522 746 τῶν
1577 696 1919 764 μουρτάτων,
1955 694 2021 749 ds

441 783 625 844 quibus
641 784 800 849 paulo
835 795 953 837 ante
982 784 1236 837 diximus.
1292 785 1393 839 Sed
1443 786 1713 856 falluntur
1743 805 1764 853 ;
1798 803 1918 839 nam
1959 788 2012 839 in

440 871 615 922 eodem
646 870 846 925 Codino
905 882 980 925 est
1009 888 1061 941 p.
1116 873 1186 927 43
1216 889 1232 929 :
1266 873 1340 927 Τὸ
1406 874 1499 928 τοῦ
1538 876 1776 943 μεγάλου
1812 892 2017 945 μυρτα-

437 964 552 1013 imo
580 965 916 1033 ὑπηρέτημα
933 965 1337 1032 ἀνεπίγνωστόν
1357 966 1528 1021 ὲστι.1
1536 983 1619 1019 mo
1641 968 1918 1035 ρηεῙεειιιε
1935 984 2021 1021 σοι

439 1070 555 1105 rum
588 1057 1067 1126 στρατοπεδάρχης
1115 1058 1407 1113 dicebatur.
1461 1058 1609 1112 Idem
1651 1058 1906 1122 Codinus,
1954 1075 2011 1129 p.

440 1144 507 1194 ‘27
565 1163 578 1197 :
642 1144 721 1197 Τὰ
776 1145 871 1203 τοῦ
943 1148 1415 1219 στρατοπεδάρχου
1489 1150 1598 1201 τῶν
1667 1150 2009 1219 μουρτάτων,

435 1228 521 1286 οἷα
575 1236 642 1288 τὰ
713 1236 809 1288 τοῦ
882 1239 1357 1308 στρατοπεδάρχου
1407 1240 1519 1295 τῶν
1589 1240 2005 1309 τζαγγατόρων.

437 1323 680 1378 lterum:
714 1326 824 1378 Καὶ
854 1326 1009 1379 ὁτῶν
1044 1328 1367 1395 μουρτάτων
1432 1330 1919 1398 στρατοπεδάρχης
1951 1331 2008 1381 ὀ-

437 1414 627 1482 μοξως.
651 1413 842 1484 Itaque
868 1417 929 1469 de
956 1432 1133 1470 eorum
1167 1433 1344 1471 errore
1368 1420 1498 1472 satis
1516 1418 1698 1491 liquet.
1726 1418 2018 1475 llwcGlos-

432 1505 884 1576 sai‘iographusiu
912 1506 1155 1563 Iunium.
1181 1508 1383 1567 Gesn.

504 1616 585 1672 Ib.
627 1619 999 1688 Γαμματὶζον.
1031 1619 1250 1674 Retorta
1307 1620 1361 1674 in
1415 1629 1781 1676 transversum
1834 1620 2019 1677 baculi

2129 434 2450 487 inentarium
2472 436 2610 504 apud
2636 435 2878 492 Nicetam
2900 437 2954 491 in
2981 436 3226 496 Manuale
3248 437 3557 506 Comneno,
3584 441 3619 495 l.
3640 443 3705 509 2,

2130 526 2221 579 ubi
2250 528 2468 597 copiosa
2499 530 2683 586 classe
2730 533 2972 597 navium,
3021 532 3332 598 hominum,
3391 548 3705 601 armorum,

2125 621 2363 673 victuum
2399 620 2565 692 249
2591 622 2885 693 descripta,
2935 622 3095 677 Οὕτω
3122 624 3327 690 τοίνυν,
3360 623 3559 694 inquit,
3605 625 3714 678 καὶ

2125 708 2359 780 ὡςῷετο
2395 712 2681 776 καλῶς,τὰ
2712 713 2855 768 κατὰ
2880 714 2974 767 τὸν
3006 714 3295 771 Σικελικὸν
3326 715 3564 785 πόλεμον
3594 732 3715 771 πα-

2132 802 2616 872 ρασκευασάμενον
2660 803 2963 871 ἀνάγεσθαι
2996 806 3097 873 μὲν
3120 804 3334 860 κελεύει
3360 806 3452 859 τδν
3511 806 3715 859 στόλον

2124 891 2238 950 τοῖς
2255 890 2592 957 ὲρέταις’καὶ
2616 892 2935 957 κελευσταῖς
2964 893 3158 947 λύσασι
3192 894 3260 948 τὰ
3287 896 3581 966 καρχήσια.
3599 895 3716 960 ut-

2123 996 2228 1048 γαν
2256 980 2457 1034 δοῦκαν
2497 982 2907 1053 προϐαλόμενος
2938 983 3030 1041 τὸν
3059 984 3147 1038 ἐπ’
3173 984 3382 1055 ἀδελφῇ
3443 985 3710 1056 γαμϐρὸν

2124 1070 2218 1123 τὸν
2243 1073 2686 1141 Κοντοστέφανον
2726 1075 3018 1143 Στέφανον,
3048 1076 3307 1147 ἀπαίρειν
3339 1075 3396 1129 δὲ
3459 1078 3552 1129 καὶ
3598 1078 3712 1145 τὴν

2128 1160 2300 1232 πεζὴν
2324 1163 2582 1231 στρατιὰν
2609 1165 2701 1217 ὑπ’
2725 1166 2990 1237 ἀρχηγοῖς
3018 1167 3254 1240 ἑτέροις.
3308 1166 3448 1224 ἀλλὰ
3481 1167 3546 1239 δὴ
3598 1169 3707 1221 καὶ

2135 1254 2359 1326 Ἰωάννῃ
2380 1254 2457 1325 τῷ
2513 1258 2567 1308 Ἀ
2578 1256 2753 1329 ξούχῳ
2778 1259 2854 1330 τῷ
2880 1259 3101 1331 μεγάλῳ
3124 1260 3452 1332 δομεστίκφ.
3484 1257 3703 1331 Gosn.]

2180 1344 2260 1399 Ib.
2304 1345 2667 1402 Flammulum
2732 1351 2847 1404 sive
2918 1365 3161 1415 crucem,
3246 1361 3380 1418 etc.,
3430 1353 3563 1423 ῆτδ
3588 1354 3698 1407 τοῦ

2126 1435 2358 1505 στρατοῦ
2388 1439 2526 1507 μετὰ
2565 1440 2901 1508 πυροϐόλων.
2963 1440 3199 1498 Junius:
3272 1442 3387 1497 Aut
3432 1446 3701 1499 exercitus

2126 1528 2430 1595 ﬂammeum
2472 1545 2585 1582 cum
2617 1532 2801 1601 ignitis
2826 1533 2968 1587 telis.
3005 1532 3232 1603 Inepte;
3270 1535 3359 1590 cui
3393 1534 3551 1605 longe
3588 1535 3701 1590 ad-

2129 1618 2235 1677 huc
2259 1622 2494 1691 ineptior
2525 1625 2817 1693 explicatio
2845 1627 3069 1683 additur
3115 1645 3170 1700 p.
3198 1629 3347 1686 286:
3391 1629 3507 1686 [Ioc
3560 1632 3705 1688 alte-

432 1710 774 1763 extremitate
807 1709 859 1763 in
883 1718 1087 1764 rectum
1118 1710 1395 1778 angulum,
1455 1710 1635 1764 littera
1666 1710 1705 1762 Γ
1730 1718 1786 1764 et
1810 1710 2015 1764 δικανί-
2053 1697 2094 1753 Β
2124 1722 2239 1762 rum
2266 1720 2342 1764 est
2353 1712 2678 1779 ﬂammeum,
2702 1716 2842 1786 quod
2865 1697 3270 1788 archistratego,
3295 1727 3352 1773 ut
3373 1720 3699 1795 appellatur,

436 1814 557 1851 κιον
586 1800 937 1868 γαμματεζον
964 1802 1164 1854 elucet.
1210 1800 1349 1854 Sunt
1377 1807 1430 1853 et
1463 1801 1782 1869 pontificum
1833 1800 2014 1870 φενώ-

433 1884 524 1936 λια
561 1886 981 1954 γαμματίζοντα
1006 1886 1224 1951 casulae,
1273 1899 1331 1941 ut
1355 1889 1432 1943 ita
1457 1889 1661 1954 dicam,
1702 1902 2011 1959 gammatw,

436 1975 541 2030 illa:
572 1978 829 2032 nimirum
863 1993 983 2048 qme
1011 1991 1325 2047 gammaton
1375 1981 1743 2050 quaternariis
1793 1996 2011 2036 crucem

1539 2067 1624 2121 ἀι

435 2094 886 2164 componentibus
940 2101 1065 2149 totae
1118 2094 1624 2193 respergunturn‘i‘lﬁ

1641 2110 1703 2150 es
1726 2108 1835 2166 quo
1852 2093 2015 2148 πολυ-

435 2206 710 2275 σταυρίων
773 2208 1077 2263 sortiuntur
1127 2208 1578 2279 appellationem,
1626 2208 1839 2278 qualem
1903 2205 2012 2260 Lu-

435 2302 608 2356 dovici
638 2302 898 2358 Adeodati
924 2305 1056 2374 regii
1078 2306 1284 2360 nummi
1311 2312 1709 2374 promerentur,
1736 2312 1792 2356 et
1831 2302 2012 2356 littera

436 2393 477 2447 L
506 2394 710 2449 nomini
746 2410 847 2450 suo
876 2411 1052 2462 sacra,
1098 2408 1288 2466 quater
1309 2411 1374 2452 ac
1415 2409 1629 2464 semper
1649 2391 2012 2449 diversimode

435 2489 602 2555 picta,
635 2502 876 2553 crucem,
923 2488 1136 2557 insigne
1178 2488 1385 2543 Christi
1431 2487 1801 2558 γαμματιζον,
1835 2485 2011 2540 oculis

434 2578 723 2648 objiciunt.
750 2581 1041 2650 Στιχάριον
1064 2582 1152 2636 διὰ
1185 2582 1496 2652 γαμμάτων
1530 2582 1596 2647 ,ἱη
1655 2581 2010 2635 meditatione

432 2675 500 2726 de
535 2674 974 2742 patriarcharum
1005 2675 1304 2745 privilegiis
1329 2675 1475 2746 apud
1496 2673 1878 2729 Balsamonem
1903 2673 2012 2727 lce-

435 2775 551 2818 tum
585 2765 712 2819 hinc
751 2774 922 2834 patet.
944 2768 1207 2821 Constare
1238 2768 1401 2821 etiam
1458 2774 1634 2835 potest
1681 2765 2008 2834 ὶράμματα,

431 2859 498 2911 de
525 2860 722 2919 quibus
739 2859 1021 2913 Balsamon
1051 2860 1190 2914 idem
1239 2859 1305 2912 ad
1326 2857 1393 2912 27
1460 2872 1725 2911 canonem
1792 2854 2009 2909 Trulla-

434 2964 590 3012 num,
618 2964 740 3003 cum
771 2951 1058 3019 gammatis
1090 2964 1198 3004 non
1250 2936 1383 3004 esse,
1433 2945 1817 3004 confundenda
1850 2964 1864 3013 ;
1891 2948 2007 3002 haec

435 3038 581 3113 enim
615 3040 829 3095 nonnisi
872 3042 1046 3095 tertiae
1074 3041 1347 3110 uniusque
1380 3039 1565 3094 littera:
1601 3039 1851 3108 figuram,

433 3134 731 3201 quamlibet
755 3149 921 3202 opere
944 3133 1307 3205 Phrygionico
1331 3136 1413 3191 vel
1438 3133 1693 3208 penicillo
1720 3132 2002 3189 delinean-

433 3226 555 3283 dam
584 3227 864 3287 deuOIant.
893 3226 1045 3283 Cosa
1076 3225 1093 3298 1

1026 3386 1253 3444 CAPUT
1282 3374 1372 3444 'vu.

346 3528 349 3531 ν
437 3501 840 3569 Obsriuatioues
879 3516 927 3560 et
978 3507 1352 3575 explicationes
1406 3510 1459 3561 in
1506 3516 1664 3574 caput
1723 3506 1757 3560 5
1805 3503 2003 3562 Cadini

679 3578 817 3643 quod
846 3587 920 3629 est
953 3578 1016 3631 de
1047 3578 1349 3631 ministeriis
1407 3577 1723 3631 aulicorum.

502 3688 563 3744 Ρ.
589 3688 679 3751 28.
695 3689 1016 3763 [οὐδεμίαν
1032 3692 1370 3759 ὑπηρεσίαν
1394 3692 1664 3763 ἔχουσιν.
1692 3694 1843 3760 Quod
1871 3694 2000 3748 alibi

431 3783 656 3846 dictum,
689 3784 777 3838 hic
812 3783 1211 3838 observandum
1240 3799 1429 3840 rursus
1464 3800 1477 3837 :
1527 3783 1673 3838 aliud
1725 3784 2000 3852 ὸφφίκιον,

432 3876 578 3931 aliud
611 3875 846 3947 ἀξίωμα.
881 3875 993 3931 lloc
1024 3877 1257 3948 dignitas
1283 3886 1368 3931 est
1389 3875 1751 3941 solummodo,
1798 3887 1854 3937 et
1906 3879 2004 3934 ho-

433 3981 622 4025 norem
670 3975 1010 4037 promeretur
1043 3984 1057 4022 :
1090 3968 1222 4026 illud
1269 3968 1589 4036 obsequium
1646 3977 1885 4036 praestat.
1946 3978 2001 4025 et

434 4060 737 4113 nuercedem
764 4059 1204 4130 stipendiumque
1252 4060 1503 4130 requirit.
1564 4060 1819 4131 Despota,
1845 4062 2001 4118 seba-

429 4164 459 4204 s
484 4163 697 4208 ocrator
715 4160 767 4202 et
788 4149 967 4209 (ἔδιδον
992 4152 1139 4211 nullo
1156 4168 1377 4208 munere
1402 4152 1720 4223 fuiiguntur.
1751 4153 2000 4221 quianon

431 4245 710 4313 ρφψικίου,
742 4247 833 4300 sed
853 4243 1157 4312 ἀξιώματος
1185 4245 1392 4299 honore
1416 4244 1619 4301 ultimis
1668 4247 2001 4313 temporibds

432 4340 740 4405 gaudebant
770 4354 785 4400 ;
814 4338 953 4390 unde
980 4335 1339 4405 ἀξιωματικοί
1360 4337 1628 4408 sincerius
1649 4352 1811 4405 quam
1838 4338 2001 4406 ὀφφι-
2034 4334 2077 4389 D

434 4431 612 4484 κιάλοι
632 4428 908 4484 censendi.
943 4428 1021 4485 Ex
1048 4444 1149 4484 ms.
1190 4429 1353 4498 regiis
1379 4443 1548 4482 unum
1569 4427 1860 4496 ἀξιώματα
1898 4430 2007 4493 ἀπὸ

432 4524 539 4575 τῶν
567 4520 842 4590 ὀφφικίων
871 4520 1157 4575 manifesto
1185 4519 1394 4584 dividit,
1424 4528 1479 4576 et
1509 4520 1597 4575 illa
1635 4521 1852 4589 quidem
1884 4537 2007 4578 esse

432 4619 696 4685 dL'SPOIEB,
713 4612 1435 4679 sebastocratoris,C:es:tris,
1458 4612 1934 4682 panhypersebasti
1951 4622 2008 4669 et

438 4707 863 4778 protovestiarii.
888 4708 1034 4777 quod
1060 4722 1179 4761 sum
1210 4705 1459 4770 miratus,
1490 4704 1684 4761 asserit
1711 4723 1728 4772 ;
1754 4706 1858 4762 sub
1903 4707 2004 4762 do-

438 4804 665 4859 mestico
700 4802 909 4869 reliqua
934 4801 1075 4859 inter
1105 4799 1283 4855 olIicia
1317 4806 1582 4854 recenset.

510 4917 592 4970 Ib.
628 4916 1009 4989 [Ἠγεμονίειν
1040 4913 1309 4979 ⁵ίρείίὸειιηι
1339 4912 1707 4982 ριίΡῙεείιιναηι
1740 4913 2007 4982 interpre-

402 5076 407 5077 ί
437 5020 522 5063 tor
551 5028 564 5061 ε
596 5009 763 5063 oflicii
787 5008 989 5062 etenim
1024 5006 1256 5075 alicujus
1285 5020 1424 5058 onus
1458 5005 1792 5074 principibus
1821 5005 2010 5074 hujus-

438 5099 647 5154 cemodi
662 5098 977 5165 impositum
999 5113 1266 5167 nusquam
1286 5095 1666 5151 aitirmaveris.
1694 5096 1803 5150 Leo
1822 5103 2004 5152 const.

438 5196 593 5250 Tact.
625 5197 658 5251 4
690 5212 703 5249 :
752 5194 1064 5264 Στρατηγὸς
1117 5195 1299 5249 τοίνυν
1339 5192 1809 5263 προσαγορεύεται
1850 5195 1878 5247 ὁ
1908 5191 2003 5253 τοῦ

438 5286 638 5347 παντὸς
672 5283 907 5355 στρατοῦ
936 5285 1232 5351 κορυφαῖος
1256 5299 1315 5336 τε
1355 5283 1450 5336 καὶ
1481 5282 1724 5353 ἡγεμών,

511 5382 595 5437 Ib.
622 5381 709 5453 [Ὀ
740 5380 1319 5449 πανυπερσέϐαστος
1342 5378 1631 5447 οὐδεμίαν
1666 5378 2009 5445 ὑπηρεσίαν

437 5473 574 5543 ἔχει.
615 5459 712 5528 list
736 5474 880 5529 enim
910 5474 1157 5538 honoris,
1185 5487 1289 5525 non
1314 5471 1627 5535 ministerii,
1686 5471 1875 5533 titulus
1940 5472 2010 5533 ab

436 5564 624 5627 Alexio
649 5565 928 5619 Conmeno
964 5565 1301 5621 adiuvemus.

511 5658 591 5718 1b.
622 5657 875 5737 [Ὠσπερ
906 5661 936 5711 ό
960 5657 1148 5731 μέγας
1183 5655 1548 5729 δεμέστικος.
1573 5654 1759 5711 Exstat
1780 5653 1995 5730 pracla-

2119 1815 2167 1854 (ν.
2207 1800 2261 1865 6,
2282 1804 2525 1873 prceferri
2567 1805 2718 1871 solet,
2745 1806 3005 1877 siquidem
3044 1809 3129 1862 hic
3163 1808 3304 1881 alius
3343 1826 3501 1880 quam
3530 1814 3702 1880 impa-

2118 1903 2268 1948 rator
2304 1904 2381 1948 est
2415 1912 2435 1959 ;
2467 1900 2804 1967 quamobrem
2837 1902 3099 1956 exercitus
3154 1904 3460 1972 ﬂammeum
3508 1905 3701 1974 appel-

2116 1986 2280 2052 latur,
2315 1989 2365 2041 in
2388 2005 2489 2058 quo
2509 2006 2755 2060 expressa
2788 2001 2904 2046 erat
2934 1994 3312 2064 fulguratiouis
3338 2006 3387 2050 et
3429 1996 3698 2065 fulmina-

2119 2079 2276 2132 tionis
2298 2080 2514 2149 species.
2547 2080 2735 2152 Nugae.
2766 2081 3075 2151 Legendum
3097 2087 3240 2145 enim
3266 2086 3383 2154 ἦτοι
3406 2087 3497 2139 τὸν
3520 2103 3696 2140 σταυ-

2118 2169 2211 2237 ρὸν
2251 2171 2387 2239 μετὰ
2425 2171 2798 2239 πυρεκόόλων,
2843 2183 2901 2228 ιιι
2950 2173 3115 2229 habet
3169 2175 3341 2231 codex
3392 2175 3696 2235 Bavaricus

2114 2267 2169 2314 et
2197 2259 2623 2317 Lautherianus.
2662 2261 2779 2319 Hoc
2806 2265 2953 2319 enim
3012 2265 3181 2321 dicit:
3226 2267 3364 2331 Τοὺς
3416 2268 3696 2338 ἄρχοντας

2112 2348 2187 2412 ὡς
2232 2350 2475 2418 κεφαλάς
2519 2352 2789 2421 praeferre,
2844 2356 3053 2427 erigere
3105 2365 3159 2413 et
3214 2367 3456 2414 statuere
3491 2361 3691 2418 solitos

2114 2452 2420 2497 consuetum
2451 2447 2754 2513 ﬂammeum
2784 2463 2879 2503 seu
2904 2448 3154 2504 uexillum
3183 2450 3383 2521 regium
3433 2452 3516 2507 vel
3559 2468 3689 2506 cru-

2114 2552 2223 2590 cem
2247 2536 2545 2591 radiantem
2576 2554 2671 2594 seu
2717 2542 2900 2613 radios
2941 2543 3113 2597 instar
3156 2545 3291 2614 ignis
3334 2546 3683 2599 emittentem.

2114 2629 2217 2685 Sed
2239 2629 2436 2687 Junius
2467 2648 2534 2686 ex
2557 2633 2660 2689 hoc
2681 2637 2969 2706 scripturae
2999 2639 3322 2708 compendio
3356 2655 3515 2708 στρον
3552 2638 3689 2693 fecit

2113 2724 2360 2793 στρατόν,
2401 2734 2454 2777 ct
2476 2738 2541 2778 ex
2566 2725 2707 2796 ἦτοι,
2739 2727 2886 2796 quod
2919 2728 2973 2782 iu
3006 2729 3260 2783 omnibus
3294 2728 3499 2784 nostris
3527 2728 3688 2783 codi-

2111 2816 2265 2870 cibus
2290 2818 2504 2885 legitur,
2525 2819 2559 2888 ἢ
2587 2819 2890 2889 :6,a.ljecto
2915 2821 3079 2876 etiam
3106 2820 3337 2876 articulo
3387 2820 3504 2877 τοῦ.
3556 2821 3689 2887 Qua.

2111 2908 2382 2962 consilio?
2404 2909 2525 2964 licet
2554 2910 2767 2965 tandem
2796 2910 2848 2964 in
2870 2910 3241 2968 additiOnibus
3262 2912 3405 2968 hanc
3423 2912 3681 2967 codicum

1901 3001 2005 3093 alia
2035 3026 2076 3085 ο
2114 3009 2426 3053 nostrorum
2446 3015 2760 3070 germanam
2784 3001 3199 3073 lectionemipse
3239 3018 3457 3074 quoque
3504 3017 3686 3057 anno-

2111 3098 2162 3145 ta
2174 3091 2260 3154 rit,
2280 3090 2371 3143 sed
2386 3093 2505 3145 sine
2526 3092 2921 3161 approbatione
2942 3105 2996 3148 et
3014 3094 3409 3164 explicatione.
3467 3094 3679 3151 Caus.

2187 3178 2326 3236 Ibid.
2362 3180 2813 3253 [Φλὰμπουρον.
2867 3182 2985 3238 Non
3014 3184 3237 3241 dubium
3261 3184 3392 3253 quin
3426 3184 3673 3255 φλάμου-

2109 3270 2199 3325 λον
2233 3273 2303 3325 sit
2330 3273 2641 3343 legendum,
2672 3286 2728 3328 ut
2769 3290 2830 3327 ex
2875 3275 3065 3344 positis
3105 3278 3249 3345 apud
3298 3274 3585 3346 Rigaltium
3619 3284 3680 3330 et

2108 3360 2406 3433 Meursium
2430 3364 2691 3434 exemplis
2713 3376 2963 3421 constat:
2997 3366 3110 3421 haec
3134 3374 3313 3421 tamen
3343 3376 3429 3422 est
3481 3367 3680 3436 lingua

2109 3455 2410 3525 corruptio,
2454 3465 2512 3511 ut
2569 3458 2757 3512 addito
2809 3476 2849 3510 π
2896 3474 2962 3513 ex
2993 3473 3056 3512 ea
3082 3473 3243 3527 quam
3285 3458 3446 3513 habet
3498 3459 3566 3512 ad
3635 3476 3682 3525 μ.

2042 3588 2047 3595 .
2115 3547 2371 3603 alliuitate
2408 3551 2574 3605 etiam
2613 3549 2643 3602 λ
2672 3551 2725 3604 ἱη
2770 3567 2801 3620 ρ
2847 3560 3107 3615 mutetur,
3160 3567 3325 3621 quam
3375 3551 3681 3605 litterarum

2115 3639 2569 3708 permutationem
2604 3640 3097 3698 demonstravimus
3138 3641 3417 3698 hodiernis
3451 3641 3684 3695 familia-

2109 3731 2345 3783 rem.An
2388 3734 2457 3785 ita
2498 3748 2628 3788 vero
2675 3735 2887 3789 cunctis
2948 3734 3173 3806 σύνηθες
3227 3733 3505 3803 βασιλικόν
3571 3733 3682 3787 hoc

2110 3820 2434 3890 φλάμουλον,
2488 3832 2545 3877 ut
2595 3824 2649 3879 in
2680 3824 2911 3895 singulis
2945 3824 3287 3890 cohortibus,
3347 3823 3678 3894 legionibus,

2108 3912 2312 3967 scholis
2348 3927 2515 3968 unum
2560 3923 2764 3989 tantum
2784 3915 3177 3985 explicaretur.
3219 3929 3283 3971 ac
3322 3916 3485 3969 unius
3527 3914 3680 3968 colo-

2111 4006 2187 4060 ris
2206 4015 2259 4059 et
2292 4009 2474 4074 figura:
2496 4018 2641 4062 esset
2682 4008 2736 4062 in
2770 4007 3069 4062 omnibus?
3102 4007 3175 4061 ita
3210 4006 3450 4078 przecipit
3482 4005 3590 4061 Leo
3621 4006 3676 4059 in
3756 4038 3757 4045 η

2109 4096 2349 4152 Tactieis
2378 4107 2553 4153 const.
2582 4098 2636 4164 6,
2670 4099 2795 4171 licet
2819 4100 2871 4153 in
2891 4099 3163 4154 similibus
3196 4100 3407 4154 vexillis
3430 4100 3675 4153 colorum

2109 4191 2423 4245 varietatem
2464 4207 2571 4246 non
2630 4171 2988 4246 omittendam
3015 4191 3279 4247 suadeat:
3331 4191 3675 4262 Προστάσσο-

2112 4300 2212 4351 μεν
2235 4283 2295 4352 δὴ
2327 4285 2416 4336 καὶ
2446 4286 2541 4348 τὰς
2575 4285 2815 4353 κεφαλὰς
2840 4285 2945 4338 τῶν
2970 4284 3176 4355 βάνδων
3202 4285 3433 4338 ἑκάστου
3465 4284 3675 4351 τάγμα-
3730 4314 3734 4316 ~

2107 4387 2197 4432 τος
2228 4373 2526 4440 ὁμοχρόους
2567 4372 2830 4441 γίνεσθαι,
2861 4374 2954 4425 καὶ
2984 4373 3053 4425 τὰ
3095 4373 3379 4444 φλάμουλα
3438 4374 3671 4439 ἑκάστης

2106 4461 2350 4532 τούρμας
2397 4462 2733 4533 ἢδρούγγου
2792 4464 3032 4534 ὶδιόχροα
3088 4460 3229 4518 εἶναι
3262 4480 3276 4495 ·
3330 4465 3417 4516 ἵνα
3466 4464 3524 4515 δὲ
3578 4464 3671 4515 καὶ

2109 4555 2230 4607 καθ’
2256 4554 2483 4607 ἕκαστον
2510 4555 2694 4623 τάγμα
2745 4555 2980 4617 εὐκόλως
3044 4556 3387 4627 ἐπιγινώσκει
3428 4554 3488 4607 τὸ
3541 4555 3672 4607 ῖδιον

2109 4646 2319 4715 βάνδον,
2355 4646 2435 4697 δεῖ
2482 4646 2646 4714 ἔτερα
2673 4646 2785 4713 εἴδη
2817 4648 2911 4699 καὶ
2935 4649 3135 4715 σημεῖα
3174 4645 3521 4717 προστιθέναι
3552 4648 3672 4707 ταῖς

2105 4737 2369 4806 κεφαλαῖς
2394 4738 2501 4789 τῶν
2538 4737 2765 4806 βάνδων,
2795 4738 2887 4790 τοῦ
2938 4737 3297 4805 γινώσκεσθαι
3358 4738 3522 4803 αὐτὰ,
3579 4740 3673 4792 καὶ

2106 4832 2248 4881 κατὰ
2273 4829 2369 4891 τὰς
2402 4828 2647 4897 τούρμας
2701 4830 2796 4882 καὶ
2856 4829 2996 4882 κατὰ
3051 4829 3178 4891 τοὺς
3227 4829 3522 4899 δρούγγους
3579 4828 3671 4880 καὶ

2106 4921 2248 4974 κατὰ
2277 4922 2373 4983 τὰς
2400 4920 2613 4988 βάνδις.
2649 4921 2891 4995 Bandum
2919 4937 2947 4975 a
2992 4921 3211 4976 llamulo
3265 4922 3611 4976 discriminat
3652 4936 3667 4975 :

2109 5012 2236 5066 illud
2262 5010 2405 5065 enim
2438 5012 2733 5081 quadrum,
2761 5012 2862 5066 hoc
2895 5012 3131 5081 longius,
3164 5012 3353 5065 fissum
3388 5012 3440 5063 in
3496 5010 3672 5063 medio

2107 5120 2168 5157 ac
2201 5107 2253 5156 in
2290 5118 2519 5159 acumen
2552 5103 2828 5162 desinens.
2869 5117 2975 5170 quo
3009 5101 3282 5156 ﬂammato
3338 5104 3453 5155 sive
3501 5117 3671 5166 πυριο

2110 5197 2238 5265 μίδα
2265 5212 2481 5251 sursum
2523 5196 2682 5247 latam
2718 5194 2981 5257 imitetur,
3034 5203 3087 5247 et
3136 5193 3464 5247 Francorum
3525 5191 3675 5244 llam-

2108 5300 2232 5341 meo
2273 5285 2590 5353 oriﬂumme,
2639 5282 3028 5352 Francicisque
3086 5282 3316 5348 vexillis,
3374 5279 3671 5343 bamuéres,

2108 5392 2307 5432 nomen
2341 5379 2602 5445 imponat.

2180 5468 2321 5522 Ibid.
2382 5468 2524 5541 [Τέν
2588 5470 2857 5537 σταυρὸν
2907 5465 3057 5537 μετὰ
3092 5467 3501 5535 πυρεκὸόλων.
3552 5461 3677 5517 Haec

2112 5571 2239 5617 sunt
2276 5563 2459 5630 (Ipolis
2496 5562 2754 5631 insignia,
2784 5579 2916 5617 crux
2972 5577 3137 5616 aurea
3194 5560 3247 5613 in
3286 5556 3526 5613 coccinei
3583 5570 3677 5610 co-

2115 5655 2243 5717 loris
2277 5669 2434 5712 scum
2472 5658 2671 5728 posita,
2708 5672 2769 5708 ac
2813 5657 2863 5708 in
2901 5654 3090 5729 spatiis
3118 5656 3164 5707 ii.
3180 5662 3260 5708 ter
3287 5650 3464 5707 crucis
3494 5664 3677 5706 ramos
