3952 6222
387 155 492 222 270

1457 155 1540 216 IN
1587 155 1888 215 LIBRUM
1961 154 2058 213 DE
2102 155 2432 220 OFFlCllS
2471 163 2574 223 (ΖΡ.

3535 163 3648 226 280

387 273 492 338 let;
529 272 631 326 nisi
663 269 835 326 mavis
861 269 1088 326 reddere
1123 267 1302 325 locum
1375 270 1427 324 in
1462 285 1572 340 quo
1620 272 1746 342 equi
1815 272 2031 327 δίεν-Α
2070 270 2349 328 Persarum
2397 278 2476 330 vel
2528 275 2850 330 Parthorum
2920 279 3085 347 fuisse
3166 286 3432 349 gestamen
3483 285 3662 348 magni

383 373 611 420 nuntur.
644 364 843 419 GRETS.

447 456 584 512 Ibid.
613 455 939 527 [Stratorum
973 457 1118 512 locus
1154 467 1208 512 et
1238 457 1403 513 statio
1434 466 1519 512 est
1549 457 1957 528 στρατορίκιον,

379 565 487 606 non
521 552 564 604 is
597 560 704 620 quo
765 551 839 604 illi
879 552 1166 606 sublevant
1201 553 1584 620 imperatorem
1642 552 1694 605 in
1727 566 1958 619 equum,

380 643 636 710 πέζευμα
666 644 777 712 jam
822 645 892 698 ab
925 654 1150 698 auctore
1184 659 1466 699 vocatum.

451 734 535 788 Ib.
559 733 935 806 [Ep/tippiaria
955 736 1083 802 pila,
1102 753 1207 804 qua
1230 740 1570 804 apprehensa
1595 736 1777 790 exsilit
1793 751 1964 806 eques

378 825 434 880 in
461 841 686 894 equum,
719 825 1158 893 εεικομπὼσιον,
1189 827 1331 891 quod
1367 829 1438 879 sil
1463 828 1700 896 cp‘bippii
1725 828 1961 896 κόμπος,

375 919 444 972 de
481 933 590 986 quo
627 933 809 985 supra.
845 919 1255 972 Adnumeratur
1290 934 1420 972 vero
1473 920 1759 988 ephippia,
1821 929 1875 971 ut
1906 921 1958 971 in

299 1000 307 1006 ’
379 1011 604 1063 comitis
655 1025 919 1078 equorum
955 1009 1046 1078 jus
1107 1018 1370 1072 transeat,
1404 1025 1469 1063 eo
1504 1010 1647 1076 quod
1707 1025 1773 1062 ex
1820 1025 1960 1062 auro

381 1099 579 1167 lapillis
601 1109 798 1156 ornato
827 1101 1018 1155 conﬁci
1047 1101 1268 1155 soleret.
1303 1103 1437 1170 Περὶ
1465 1101 1574 1153 τῶν
1606 1101 1824 1169 τρυφῶν
1875 1101 1959 1154 di-

381 1204 529 1248 ctum
559 1203 643 1248 est
672 1193 1032 1265 alibi.Goan.]

455 1284 538 1340 Ib.
573 1285 716 1355 Lego
743 1290 960 1353 τρυφῶν
990 1303 1086 1356 pro
1141 1287 1478 1355 φορούντων,
1511 1290 1595 1342 vel
1626 1289 1862 1358 φουτῶν,
1894 1291 1962 1344 de

382 1393 490 1445 quo
518 1377 630 1446 jam
662 1395 826 1442 supra
857 1380 1012 1444 satis,
1046 1395 1096 1433 c.
1127 1381 1182 1434 4.

457 1469 536 1523 Ib.
577 1471 649 1526 De
673 1471 981 1543 Tbeoplrtlo
1008 1475 1136 1542 imp.
1166 1477 1436 1530 acerrimo
1466 1475 1802 1531 iconoclasta
1844 1475 1960 1545 lege

380 1561 706 1628 Cedrenum,
735 1565 1023 1629 Zonaram,
1051 1567 1374 1635 Manassem,
1399 1570 1640 1638 Glycam.
1663 1568 1870 1624 (ἔθετε.

459 1655 602 1710 Ibid.
635 1655 958 1726 [Θεόφιλόν
985 1674 1157 1727 φησι.
1200 1661 1483 1726 DilTusius,
1518 1671 1573 1715 at
1627 1663 1681 1715 in
1723 1663 1968 1717 eamdem

385 1756 621 1796 utentem
655 1757 846 1800 narrat
875 1748 1162 1802 historiam
1196 1749 1483 1806 Cedrenus
1516 1771 1528 1805 :
1575 1753 1846 1807 diversam
1881 1754 1975 1805 lia-

383 1835 473 1889 lzet
507 1835 614 1923 ideo
642 1837 1038 1894 Grammaticus
1062 1841 1113 1897 in
1135 1841 1452 1910 Thcopbilo.
1486 1844 1743 1900 Conferet
1765 1855 1975 1900 utrum-

386 1943 494 1996 que
528 1929 720 1994 lector,
763 1932 855 1985 ubi
892 1934 981 1989 hic
1021 1936 1197 1990 lucem
1231 1940 1528 2006 aspexerit.
1563 1937 1759 2008 Gesn]

456 2024 516 2077 P.
553 2023 642 2076 5i.
677 2023 1008 2080 Rucbarium
1044 2030 1384 2084 vestiarium.
1409 2031 1612 2089 Gncrs.

462 2116 601 2170 Ibid.
643 2115 989 2189 [Vestiarium
1027 2131 1132 2186 est,
1196 2123 1337 2177 sicut
1397 2135 1452 2178 et
1505 2125 1853 2195 βεπιάριοντ
1911 2136 1973 2180 ιιι

385 2211 740 2266 nihilominus
774 2212 1174 2268 subindicatum
1207 2216 1274 2269 ab
1299 2213 1530 2271 auctore
1557 2218 1850 2274 discrimen
1879 2220 1972 2273 in-

381 2312 468 2352 ter
528 2303 820 2370 utru'mque
877 2305 1251 2369 observemus,
1309 2308 1600 2362 dicendum
1655 2314 1976 2381 ρουχαρεῖον

383 2407 506 2446 esse
527 2395 984 2451 cubiculariorum
1009 2400 1265 2452 conclave
1290 2402 1353 2455 ad
1387 2418 1601 2458 sacrum
1628 2404 1966 2458 cubiculum.

385 2482 548 2538 Favet
573 2488 812 2554 synodus
839 2489 1146 2544 Florentino
1183 2493 1386 2547 ultimis
1414 2509 1551 2562 pene
1588 2497 1793 2560 verbis,
1825 2512 1945 2565 quae

383 2589 492 2628 non
553 2579 604 2629 in
660 2593 818 2633 sacro
852 2581 1126 2647 cubiculo,
1161 2584 1252 2639 sed
1283 2587 1335 2639 in
1393 2587 1637 2642 conclavi
1687 2589 1968 2652 viciniore,

383 2671 444 2722 ιν
467 2669 542 2740 τῷ
568 2673 872 2743 ῥουχαρεῐῳ
889 2676 982 2728 τοῦ
1013 2677 1294 2746 βασιλέως,
1319 2681 1534 2736 Graecos
1554 2683 1838 2751 pontifices
1895 2695 1974 2738 to-

385 2773 477 2814 mo
499 2763 718 2816 uniouis
743 2765 1152 2823 subscribentcs
1174 2771 1503 2826 manifestat.
1530 2773 1726 2844 Coum]

379 2871 384 2876 '
634 2856 1055 2938 Endeqspatha,
1089 2865 1254 2918 ensis.
1309 2862 1631 2932 Spatbarius
1665 2869 1862 2938 ensifer
1890 2871 1972 2924 vel
2003 2895 2045 2951 ο

387 2945 618 3010 satelles,
681 2950 1109 3017 σωματοφύλαξ.
1169 2954 1700 3024 Protospatbarius,
1761 2961 1970 3028 primus

389 3037 533 3090 inter
569 3039 894 3106 spatliarios,
932 3044 1544 3110 Spatbarocandidatus.
1583 3052 1974 3122 Σπαθαροκου-

389 3130 777 3208 σι-κουλάριος,
831 3137 1138 3196 spat/rarius
1197 3141 1580 3198 cubicularius.
1640 3145 1959 3215 Spathatus,

391 3223 582 3288 spatha
621 3225 886 3278 munitus.
923 3227 1135 3280 Σπαϐία
1169 3231 1400 3295 spatula.
1465 3232 1538 3288 De
1597 3236 1797 3303 quibus
1847 3235 1971 3291 vide

390 3310 692 3366 Meursium
719 3321 772 3367 et
813 3313 1105 3385 Rigaltium
1141 3319 1194 3372 in
1241 3319 1561 3378 Glossariis.
1599 3324 1674 3378 Ex
1739 3326 1972 3395 dialogis

393 3402 454 3457 S.
491 3403 738 3474 Gregorii
772 3423 878 3462 non
917 3409 1138 3479 ignotus
1161 3423 1244 3467 est
1284 3416 1601 3483 spatharius
1661 3419 1804 3488 regis
1860 3419 1969 3474 To-

392 3495 524 3550 tilaa.
558 3497 624 3551 Et
660 3500 802 3569 apud
831 3501 1131 3558 nonnullos
1170 3505 1478 3563 Germanos
1538 3510 1971 3566 instrumentum

391 3587 671 3657 quoddam
705 3590 997 3646 fossorium
1025 3595 1106 3647 ein
1131 3599 1306 3662 spatii.

463 3679 625 3750 252
652 3681 711 3737 P.
745 3683 830 3738 3|.
877 3684 1152 3754 Τζαγγῖα.
1185 3687 1377 3745 Melius
1423 3689 1676 3761 τζαγκῐα,
1707 3694 1970 3764 ﬂag/nat,

393 3785 616 3829 tzaucte.
663 3774 886 3844 Proprie
919 3781 1086 3834 calcei
1126 3781 1466 3851 imperatorii
1497 3805 1510 3848 ;
1556 3796 1609 3841 et
1638 3788 1967 3856 calcearius,

391 3866 484 3933 qui
507 3881 600 3921 cas
638 3870 979 3935 conficiebat,
1013 3872 1258 3941 τξαγγάς
1287 3877 1368 3930 vel
1398 3879 1579 3946 potius
1616 3879 1858 3949 τζαγκάς
1891 3883 1974 3937 di-

391 3960 636 4024 cebatur,
667 3976 772 4015 non
805 3974 859 4017 ut
891 3964 980 4020 alii
1001 3969 1588 4042 ειιιοι-(ιετζάγγαριος,
1610 3991 1704 4028 seu
1738 3975 1972 4045 τζαγκὰ-

396 4068 531 4119 ριος.
575 4053 651 4106 Ita
671 4053 813 4107 enim
837 4056 921 4110 hic
945 4057 1230 4127 legendum
1252 4073 1480 4130 est,non
1507 4068 1878 4138 τζαγμάριος,
1907 4079 1968 4124 ιιι

391 4143 557 4198 edidit
582 4144 800 4211 Junius,
821 4149 904 4203 cui
926 4157 1124 4206 tzauca:
1151 4165 1205 4209 et
1230 4158 1438 4212 tzancia
1471 4176 1576 4212 non
1604 4161 1836 4228 placent,
1859 4179 1974 4218 ma-

391 4238 475 4307 gis
512 4238 750 4292 arrident
786 4250 990 4311 tzaggte
1013 4253 1065 4297 et
1095 4249 1601 4316 tzaggiamtbabcat
1624 4256 1968 4312 occasioaem
2005 4226 2050 4284 ο

391 4343 592 4383 nomen
625 4329 726 4385 hoc
765 4332 1070 4388 deducendi
1099 4325 1164 4391 ex
1201 4339 1426 4395 Arabica
1463 4342 1669 4410 lingua.
1707 4343 1811 4412 Sed
1870 4363 1970 4412 po-

391 4423 501 4475 tior
530 4434 611 4477 est
641 4425 780 4493 apud
809 4442 893 4481 me
927 4428 1059 4484 lides
1087 4431 1339 4485 codicum
1377 4411 1734 4489 Lautberiaii’i
1766 4445 1820 4491 et
1861 4411 1972 4492 Ba-

390 4519 701 4573 varicorum
763 4528 816 4574 et
881 4519 1158 4579 Simeonis
1222 4528 1468 4596 magistri
1550 4529 1850 4585 ciliciorum
1917 4535 1971 4586 in

295 4674 305 4684 .
391 4607 665 4664 Pantlecte
697 4609 920 4666 Turcie.
948 4613 1069 4677 199,
1103 4615 1195 4684 qui
1226 4616 1458 4685 τζαγκία
1491 4626 1543 4672 et
1583 4621 1830 4688 τζάγκας
1869 4639 1970 4677 ηο-

388 4700 476 4754 bis
521 4701 815 4766 exhibent;
873 4705 1086 4757 tametsi
1149 4709 1318 4757 altera
1375 4706 1536 4760 lectio
1587 4707 1674 4761 illa
1708 4709 1964 4776 τζάγγαι,

389 4791 625 4862 τζαγγῑα
659 4791 996 4863 τζαγγάριος
1030 4797 1349 4864 simpliciter
1370 4799 1519 4868 rejici
1543 4817 1642 4855 nec
1672 4813 1848 4871 potest
1876 4820 1973 4857 nec

391 4889 570 4940 debet.
629 4885 904 4941 Scribitur
959 4891 1121 4941 etiam
1185 4889 1551 4960 τζαγκάρηςε
1621 4893 1747 4948 hinc
1805 4897 1969 4964 τέχνη

391 4979 769 5049 τζπγγαρική,
803 4996 890 5031 ars
925 4982 1128 5035 sutorio
1169 5021 1181 5034 .
1224 4982 1464 5037 Transiit
1513 4985 1616 5039 hoc
1669 5003 1862 5040 ut'nncn
1906 4988 1972 5041 ad

393 5072 639 5126 Latinos.
711 5072 1016 5126 Trebellius
1076 5073 1286 5129 Pollio:
1347 5073 1588 5128 lane/ms
1653 5075 1717 5129 de
1771 5079 1970 5129 nostris

397 5163 665 5220 Parthicis
695 5168 846 5233 paria
886 5168 1012 5219 tria.
1063 5166 1163 5220 [ibi
1207 5167 1615 5224 Casaubomis:
1691 5170 1972 5223 Barbarici

398 5258 742 5313 calccautenti
817 5275 977 5328 genus
1040 5267 1257 5327 tzangas
1326 5273 1599 5314 vocarunt.
1666 5260 1768 5315 Sed
1834 5265 1974 5316 varie

395 5350 645 5402 scribitur
691 5352 784 5402 ltoc
847 5350 1076 5403 verbum.
1137 5349 1201 5402 In
1276 5353 1452 5404 codice
1511 5353 1872 5406 T/tcodosiano
1909 5357 1974 5408 de

397 5441 579 5492 habitu
613 5440 754 5493 intra
790 5443 963 5492 urbem
1002 5439 1100 5508 leg.
1129 5437 1163 5490 ‘2
1191 5448 1428 5508 tzangm;
1464 5441 1516 5491 in
1563 5443 1717 5492 tertia
1745 5452 1967 5494 !,:th(t’.

402 5527 601 5581 (Ir-(rcis
637 5531 874 5596 τζὰγγαι
903 5540 993 5582 aut
1035 5527 1292 5596 τζαγγὶν,
1343 5541 1389 5582 et
1419 5529 1752 5598 τζαγγάριος
1784 5533 1970 5583 Ιιιενιιιιι

408 5621 606 5690 artifrx
633 5616 769 5690 apud
803 5623 1040 5678 sztzrm
1075 5624 1126 5675 in
1149 5621 1508 5712 Ei’tiliadibus.
1551 5623 1743 5674 Acruni
1773 5638 1970 5691 :anga‘.

2071 359 2227 429 pretii
2271 381 2336 419 ea:
2394 368 2637 424 boc,loco
2674 379 2724 422 et
2748 369 3010 424 similibus
3061 383 3302 440 apparet.
3378 371 3436 424 In
3501 371 3655 426 fastis

2071 455 2275 536 Graecis
2305 459 2557 529 leguntur
2585 462 2699 515 lucc
2729 463 2798 516 de
2821 477 2944 530 rege
2966 463 3284 526 Lazarum:
3315 464 3397 515 Τὰ
3419 464 3658 530 τζαγγία.

2069 547 2238 628 αὐτοῦ
2266 546 2333 617 ἦν
2366 553 2472 604 ἀπὸ
2499 552 2602 620 τῆς
2649 552 2834 622 χώρας
2883 554 3050 608 αὐτοῦ
3089 557 3341 624 ρουσαῖα.
3407 555 3662 624 Περσικῷ

2072 641 2314 709 σχήματι
2352 642 2542 710 ἔχοντα
2585 647 2966 716 μαργαρίτας.
3000 647 3254 717 Synodus
3301 647 3663 700 Aurelianen-

2071 733 2146 785 sis
2194 750 2319 788 can.
2367 735 2476 789 ‘22:
2515 736 2776 789 Monac/to
2819 738 3058 790 orarium
3107 740 3160 790 in
3201 721 3526 792 monasterio
3583 736 3662 792 vel

2076 843 2270 880 cantas
2303 828 2491 881 habere
2521 845 2624 880 non
2662 831 2840 885 liceat.
2887 831 3085 886 GnE'rs.

2143 920 2281 973 Ibid.
2314 919 2608 990 [Tfan-la,
2635 922 2906 976 Meursius
2940 932 3160 992 tzangm,
3183 923 3272 978 alii
3305 924 3664 978 calceamenta

2073 1011 2376 1065 barbarica.
2439 1013 2607 1079 Cujus
2668 1014 2854 1067 forma)
2923 1015 3127 1069 fuerint
3197 1030 3306 1069 non
3359 1024 3660 1080 cxpormnt.

2072 1104 2187 1157 illis
2223 1105 2522 1158 etiamnum
2581 1106 2742 1158 hodie
2780 1115 3029 1182 utuntur“
3068 1107 3122 1160 in
3181 1107 3399 1160 Oriente
3433 1105 3538 1182 vici
3598 1116 3650 1158 et

2079 1195 2335 1250 rnulieres
2393 1197 2749 1264 promiscue;
2789 1178 3030 1268 suntque
3084 1197 3338 1253 cothurni
3389 1213 3453 1251 ex
3508 1197 3659 1252 varie

2075 1287 2338 1340 coloratis
2375 1289 2609 1354 pellibus
2643 1291 2830 1343 tibiam
2860 1291 3106 1358 adusque
3136 1306 3272 1361 genu
3309 1292 3540 1358 pressim
3594 1299 3649 1344 et

2077 1380 2314 1442 strictim
2341 1383 2611 1436 tibialium
2643 1399 2794 1437 more
2832 1385 3150 1448 vestientes,
3192 1401 3262 1454 qu
3277 1384 3385 1438 iles
3412 1383 3523 1453 jam
3556 1399 3656 1438 suo

2079 1480 2322 1538 tempore
2377 1473 2607 1528 usitatos
2662 1475 2926 1528 describit
2988 1475 3285 1544 Prompins
3339 1476 3406 1529 de
3462 1475 3653 1562 rutilio.

2009 1568 2050 1624 Β
2079 1561 2374 1618 Justiniani
2411 1567 2447 1618 Ι.
2482 1582 2541 1620 ιιι
2571 1585 2582 1621 :
2631 1567 2994 1635 ’Υποδήματσι
3059 1570 3222 1636 μέχρι
3253 1567 3332 1629 εἰς
3371 1565 3503 1633 γόνυ
3533 1557 3656 1636 (pot.-

2083 1656 2233 1708 νικοῦ
2271 1657 2583 1726 χρώματος,
2622 1659 2656 1712 ἃ
2690 1659 2754 1725 δὴ
2780 1659 3004 1730 βασιὶέα
3047 1659 3206 1726 μόνον
3255 1657 3546 1726 Ῥωμαίων
3599 1674 3656 1709 τε

2083 1748 2176 1800 καὶ
2205 1750 2435 1820 Περσῶν
2482 1752 2800 1804 ὑπῡδεῖσηαι
2849 1753 3031 1821 θέμις.
3078 1751 3214 1806 Hinc
3245 1752 3452 1807 Arabes
3511 1751 3658 1821 Elpi-

2085 1838 2236 1893 dium
2298 1841 2680 1904 imperatorem
2738 1844 2789 1897 in
2851 1843 3032 1898 Sicilia
3093 1844 3460 1898 renuntiaturi
3514 1844 3655 1918 apud

2085 1931 2473 2001 Theophanem
2509 1934 2560 1987 in
2635 1935 2785 1989 lrcne
2813 1943 2864 1988 et
2925 1935 3119 1990 Const.
3156 1936 3472 2006 περιέθει)το
3509 1936 3658 2005 αὑτῴ

2081 2025 2341 2092 τξαγγξον
2371 2027 2464 2080 καὶ
2506 2027 2794 2093 στέφανον.
2833 2029 2906 2081 Ex
2972 2029 3078 2096 his,
3117 2045 3240 2098 qua:
3293 2029 3564 2084 Meursius
3603 2037 3658 2083 et

2079 2132 2142 2172 ex
2171 2135 2235 2174 eo
2265 2119 2554 2176 Gretserus
2581 2120 2648 2176 de
2674 2123 2864 2188 zangis
2925 2123 3222 2192 congessit,
3279 2123 3440 2192 plana
3492 2122 3659 2178 relin-

2048 2218 2052 2222 '
2079 2223 2324 2282 quuutur
2348 2224 2394 2268 et
2418 2217 2722 2284 perspicua.
2747 2215 2947 2289 Go.\n.]

2152 2305 2232 2359 Ib.
2271 2307 2404 2375 Equi
2438 2310 2693 2377 sagmarii
2725 2309 2927 2363 Graecis
2975 2309 3194 2378 quidem
3225 2309 3340 2363 noti
3371 2317 3425 2362 et
3466 2309 3658 2363 usitati

2091 2407 2240 2465 sunt,
2275 2400 2368 2453 sed
2397 2401 2556 2454 educi
2594 2415 2698 2453 non
2728 2409 2961 2470 possunt
2991 2416 3054 2454 ex
3091 2402 3177 2454 illa
3209 2401 3399 2455 Couiini
3431 2402 3662 2455 lectione

2081 2493 2448 2560 τζαγμάριοε,
2489 2496 2614 2564 quia
2645 2510 2788 2549 vana
2837 2504 2952 2548 est:
3018 2494 3449 2550 substituendum
3507 2495 3657 2547 enim

2081 2583 2420 2652 τζαγγάριος
2455 2587 2536 2638 vel
2621 2585 2980 2654 τζαγκάριθς.
3017 2584 3080 2639 Et
3115 2586 3344 2655 utprior
3388 2586 3656 2654 scriptura

2083 2676 2430 2738 retineretur,
2463 2691 2570 2729 non
2602 2677 2924 2745 sagmarius,
2958 2683 3015 2728 ut
3040 2673 3258 2740 Junius,
3319 2675 3412 2731 sed
3471 2677 3659 2745 potius

2085 2769 2412 2838 nugatorias
2455 2770 2773 2822 vertendum
2804 2779 2984 2823 esset:
3018 2783 3142 2821 nam
3175 2768 3478 2834 sagmarius
3507 2765 3661 2822 Grat-

2082 2861 2162 2915 cis
2199 2877 2306 2914 non
2331 2869 2414 2915 est
2440 2871 2612 2925 sutor,
2641 2876 2762 2914 cum
2787 2876 2816 2914 a
2843 2870 3087 2928 sagmate
3117 2861 3399 2914 formetur.
3435 2860 3528 2912 Est
3553 2874 3658 2911 au-

2080 2964 2188 3010 tem
2219 2957 2406 3025 σάγμα
2450 2955 2534 3008 vel
2580 2955 2720 3024 θήκη
2750 2955 2844 3007 τοῦ
2889 2955 3079 3026 ὅπλου,
3138 2955 3288 3007 theca
3315 2968 3408 3008 seu
3462 2952 3660 3022 uagina

2076 3063 2378 3110 armorum,
2414 3046 2496 3099 vel
2559 3063 2691 3100 onus
2735 3048 2965 3116 Juureuli
3010 3048 3319 3100 sarcinarii.
3363 3045 3496 3100 Hinc
3530 3061 3662 3113 sag-

2076 3138 2247 3191 maria
2264 3143 2504 3205 jumenta
2541 3137 2624 3190 vel
2657 3137 2988 3203 sagmataria
3024 3136 3104 3189 vel
3139 3137 3376 3190 cantaria
3415 3135 3654 3192 Gra‘cis.

2075 3245 2196 3298 quae
2235 3229 2446 3284 nostris
2473 3229 2796 3291 clitellario;
2836 3227 2902 3282 ad
2941 3243 3175 3296 quorum
3212 3227 3458 3281 ultitnum
3511 3226 3658 3279 allu-

2074 3324 2152 3378 dit
2193 3337 2296 3376 τοι
2327 3321 2645 3377 Germanica
2687 3337 3019 3386 suum-rosa,
3048 3337 3145 3376 seu
3179 3331 3240 3374 ut
3275 3320 3388 3382 alii,
3422 3335 3660 3374 cantator

2073 3431 2212 3476 γοα,
2254 3423 2305 3468 et
2331 3428 2506 3476 suum.
2538 3413 2587 3466 id
2621 3411 2884 3466 nimirum
2913 3411 3064 3481 quod
3122 3409 3436 3479 huiusmodi
3470 3423 3656 3476 equus

2073 3517 2267 3577 gestat.
2307 3506 2502 3561 Suidas
2530 3522 2544 3559 :
2576 3505 2870 3574 Σαγμάρια
2916 3504 2978 3556 τὸ
3036 3501 3166 3572 παρ’
3193 3504 3326 3572 ἡμῖν
3354 3501 3656 3569 λεγόμενον

2072 3601 2312 3664 τοῦλδον,
2332 3601 2400 3653 τὰ
2439 3596 2782 3667 βαστάζοντα
2812 3601 2908 3667 τὴν
2928 3595 3244 3666 ἀποσκευὴν
3297 3594 3392 3647 καὶ
3419 3593 3521 3662 τὴν
3549 3608 3656 3655 με-

2073 3689 2510 3761 τακομιδὴν’τῶν
2531 3687 2880 3757 ἃπιτηδέίων.
2926 3687 3226 3742 Mauricius
3261 3686 3405 3755 apud
3461 3683 3655 3751 Rigal-

2077 3784 2248 3838 tium:
2287 3781 2519 3844 Τοῡλδος
2554 3781 2677 3850 ἤτοι
2707 3781 2776 3832 τὰ
2831 3781 3136 3849 σαγμὰρια.
3173 3777 3340 3833 Idem.
3381 3777 3414 3830 Ι.
3443 3792 3480 3838 t,
3509 3791 3556 3830 c.
3588 3773 3654 3839 6,

2075 3877 2290 3932 dixerat
2309 3874 2515 3936 ἵππους
2540 3873 2980 3942 σαγματαρίους.
3002 3869 3095 3926 Sic
3115 3869 3356 3924 Isidorus
3382 3868 3654 3922 caballum

2075 3967 2401 4038 sagmarium
2427 3975 2481 4020 et
2512 3964 3093 4034 mulam'sagmariam.
3151 3961 3407 4031 Vegetius
3464 3961 3500 4014 l.
3544 3975 3604 4014 tit
3635 3976 3654 4014 :

2076 4059 2482 4129 Impedimenta,
2507 4058 2784 4128 sagittarii,
2808 4056 3023 4110 calones
3055 4055 3391 4122 vehiculoque
3441 4056 3492 4107 in
3541 4069 3658 4105 tne-

2074 4155 2163 4207 dio
2225 4153 2562 4207 collocentur.
2636 4150 2748 4204 Nec
2801 4148 3008 4203 Latinis
3079 4149 3246 4217 ignoti
3315 4160 3438 4203 Sttn'.
3517 4145 3653 4213 equi

2077 4244 2331 4313 sagmani,
2370 4253 2422 4295 ut
2457 4251 2603 4311 patet
2633 4256 2700 4295 ex
2735 4240 2792 4294 S.
2849 4238 3128 4292 Bernardo
3171 4239 3208 4292 l.
3270 4252 3330 4292 ιιι
3388 4235 3546 4305 253
3579 4234 3656 4287 de

2075 4335 2408 4389 considerat.
2449 4349 2497 4388 c.
2529 4333 2578 4392 7.
2609 4333 2700 4386 ubi
2736 4332 2960 4386 Vossius
2995 4331 3270 4400 sogmarii,
3303 4329 3430 4384 loco
3458 4329 3657 4394 vulga-

2077 4436 2144 4480 tze
2203 4427 2452 4480 lectionis
2505 4424 2959 4486 satnmarii..Etsi
3005 4424 3058 4475 in
3112 4421 3316 4475 Latinis
3349 4419 3651 4482 suntmarii,

2075 4519 2352 4583 soumarii,
2408 4517 2682 4570 scmmarii
2741 4516 2905 4568 lectio
2950 4515 3114 4567 etiam
3181 4511 3395 4566 delendi
3453 4511 3652 4579 possit,

2077 4613 2202 4683 quia
2239 4611 2493 4681 sagmarii
2528 4625 2722 4663 nomen
2759 4609 2906 4664 varie
2934 4606 3070 4660 varii
3100 4615 3464 4670 corruperunt
3493 4613 3545 4657 et
3578 4604 3651 4656 ad

2077 4703 2412 4758 idiotismum
2456 4716 2614 4754 suum
2651 4700 2998 4753 inﬂexerunt.
3053 4695 3191 4771 iliuc
3248 4697 3300 4748 iu
3364 4694 3542 4746 libello
3580 4693 3656 4746 de

2081 4793 2361 4846 miraculis
2391 4787 2744 4854 SfUdalrici,
2778 4804 2877 4842 nee
2907 4788 3193 4857 ineleganti
3228 4795 3280 4840 et
3330 4789 3470 4839 Satis
3507 4784 3654 4837 auli-

2076 4863 2205 4953 quo,
2240 4883 2416 4952 inquit
2444 4881 2803 4936 Casaubonns
2839 4880 2890 4932 in
2919 4879 3310 4948 Lampridium,
3346 4877 3655 4931 obtulerunt

2077 4978 2139 5030 de
2171 4993 2287 5029 cera
2322 4986 2573 5046 quantum
2601 4993 2734 5028 unus
2761 4975 2914 5044 fortis
2959 4975 3264 5028 saumarius
3296 4985 3506 5042 portare
3541 4979 3658 5039 ’ρο-

2080 5070 2198 5122 tuit.
2231 5067 2456 5120 Deducit
2482 5067 2619 5120 idem
2651 5068 3010 5121 Casaubonns
3037 5067 3338 5133 sagmarios
3363 5083 3388 5118 a
3414 5075 3657 5134 saginata

2078 5174 2131 5214 et
2165 5165 2348 5224 recte;
2382 5171 2433 5216 et
2468 5177 2650 5228 sagina
2679 5159 2754 5212 ait
2791 5175 2912 5213 esse
2945 5158 2994 5211 id
3023 5159 3159 5228 quod
3187 5158 3428 5226 jumento
3483 5161 3662 5226 impo-

2080 5257 2248 5320 nitur,
2309 5264 2362 5306 ut
2397 5253 2605 5304 mollius
2655 5251 2807 5303 cella!
2857 5259 2903 5303 et
2960 5253 3074 5302 sine
3121 5266 3260 5302 noxa
3309 5267 3426 5302 sua.
3461 5249 3655 5316 Ili/fert

2078 5365 2258 5418 sagum
2293 5364 2321 5396 (ι
2345 5344 2499 5408 sella;
2538 5360 2656 5396 naut
2689 5359 2871 5411 sagina
2907 5343 3111 5411 praprie
3127 5351 3200 5394 est
3228 5341 3368 5411 quod
3393 5341 3655 5409 jumcntis

2079 5457 2236 5495 onera
2271 5437 2627 5506 bajulantibus
2687 5437 3016 5503 imponitur;
3070 5435 3200 5487 sella
3256 5452 3506 5526 eqtt‘orum
3566 5447 3652 5487 est

2085 5530 2160 5581 rel
2193 5529 2415 5579 aliorum
2442 5525 2971 5593 animalium,quibus
2999 5525 3152 5577 homo
3185 5525 3406 5578 vellitur.
3439 5525 3650 5578 Dicitur

2084 5622 2246 5676 etiam
2281 5620 2420 5692 σαγή
2453 5630 2503 5674 et
2535 5605 2928 5690 sagmn,lquod
2970 5618 3244 5689 significat
3301 5631 3464 5673 omne
3522 5627 3658 5688 ope-
