3952 6222
375 205 481 266 ‘28l

1493 209 1573 269 IN
1620 210 1922 270 LIBRUM
1965 209 2062 270 DE
2104 213 2425 275 OFFlCllS
2459 218 2569 277 GP.

3518 211 3622 275 284

449 317 590 372 Ibid.
631 322 1117 388 Κουρσευόντων.
1162 325 1506 393 Κουρσεύειν
1538 337 1625 380 est
1687 325 1946 392 praedari,

2078 338 2238 383 tutcm
2275 331 2498 397 φυτίλιοι
2531 328 2828 389 censenda,
2863 335 3112 395 reparata
3168 342 3230 380 ex
3292 324 3474 394 Regiis
3498 344 3624 381 vera

373 413 583 478 pru'das
610 430 778 480 agere.
817 414 1050 468 Possunt
1095 425 1273 471 tamen
1304 419 1390 472 hic
1415 434 1510 486 per
1537 418 1946 488 κουρσεὺοντας

375 503 539 555 etiam
577 504 652 556 illi
696 505 923 575 intelligi
967 509 1057 577 qui
1116 511 1168 562 in
1232 511 1422 566 hostes
1492 525 1647 567 extra
1697 515 1944 568 ordinem

378 596 735 648 excursiones
768 595 997 650 faciunt.
1045 601 1212 653 Paulo
1241 612 1360 668 post
1409 604 1477 655 τὰ
1537 605 1948 672 κουρσευόμενοι

381 683 540 752 255
563 697 687 738 sunt
710 689 900 752 spolia,
933 693 1146 756 prtmlte.
1173 691 1234 744 Et
1262 693 1401 747 inlra
1445 712 1492 747 e.
1527 695 1591 748 l6
1624 697 1950 749 diciturdmb

378 775 474 827 τοῦ
505 779 740 847 κο·.’ρσου
767 781 884 834 dari
937 799 1061 851 pars
1093 786 1280 852 quinta
1335 787 1650 852 imperatori
1688 806 1701 841 :
1767 790 1950 858 inepte

380 864 575 921 Junius
595 885 660 921 ea:
687 887 864 936 cursu,
901 885 1049 927 verte
1094 891 1158 927 ea:
1189 877 1394 942 spoliis.
1427 878 1625 943 Quinta
1653 896 1778 947 pars
1807 883 1954 935 cedit

384 963 696 1016 rationibus
742 980 835 1017 St‘tl
875 969 1067 1020 aerario
1095 970 1259 1036 regis,
1295 973 1652 1042 πενταμοιρίσι
1679 989 1810 1041 ;pro
1843 989 1952 1041 quo

385 1055 555 1107 codex
587 1056 952 1112 vitiolibrarii
999 1064 1394 1130 πανταμοιρία.
1457 1063 1590 1116 Vide
1645 1065 1845 1130 Rigalt.
1896 1067 1950 1119 iu

388 1145 564 1199 Gloss.
599 1147 660 1198 V.
707 1149 953 1220 Κούρση,
991 1153 1081 1205 ιιὺί
1143 1152 1366 1207 Iunium
1419 1157 1767 1223 reprehendit
1807 1159 1952 1225 quod

387 1239 494 1289 ἀπὸ
525 1241 631 1292 τῶν
664 1245 1130 1311 κουρσευομένων,
1167 1262 1218 1314 p.
1252 1247 1338 1307 59,
1376 1264 1425 1303 c.
1461 1249 1512 1314 5,
1555 1250 1715 1302 vertit
1749 1267 1780 1304 α
1837 1267 1958 1302 cur-

388 1333 609 1393 soribus,
640 1337 767 1410 quia
803 1339 1120 1391 vertendum
1147 1350 1264 1394 erat
1292 1357 1356 1393 ex
1409 1343 1616 1408 spoliis,
1657 1359 1722 1395 ex
1752 1343 1957 1412 praeda.

390 1423 526 1477 lliuc
553 1426 894 1495 κουρσεύειν,
927 1439 978 1483 et
1007 1441 1064 1484 ut
1091 1431 1144 1484 in
1191 1432 1605 1487 Tmen-Graecia
1628 1435 1958 1504 κουρσεύουν

388 1517 639 1583 pra’dari,
676 1519 937 1585 populari,
979 1523 1055 1577 sic
1081 1538 1132 1591 p.
1167 1524 1232 1578 57
1273 1525 1553 1594 δεφὲνσωρ
1570 1525 1681 1578 τῶν
1697 1543 1960 1594 κουρσευ-

389 1607 558 1660 ὄντων
592 1613 793 1664 rectius
823 1611 1070 1668 redditur
1118 1617 1366 1681 defensor
1415 1634 1596 1673 eorum
1658 1621 1749 1690 qui
1807 1632 1960 1676 extra

391 1701 628 1760 ordinem
659 1703 713 1758 in
743 1704 914 1759 hostes
941 1711 1302 1774 procurrendo
1335 1710 1464 1764 dant
1510 1712 1761 1779 impetum
1785 1724 1834 1766 et
1859 1730 1959 1767 an-

392 1803 441 1846 te
457 1810 631 1848 omnes
653 1797 932 1853 dimicant.
967 1799 1229 1857 Cursores
1261 1803 1403 1857 enim
1437 1819 1534 1859 seu
1569 1806 1964 1875 κουρσεύοντες

395 1896 523 1940 sunt
561 1889 837 1958 πρόμαχοι
860 1893 907 1942 ol
947 1896 1342 1963 προτρέχοντες
1364 1898 1460 1966 τῆς
1507 1898 1872 1965 παρατάξεως
1904 1901 1962 1952 ἐν

395 1979 460 2046 τῇ
489 1980 732 2050 συμόολῇ
767 1981 859 2033 τοῦ
887 1981 1123 2052 πολέμου
1159 1989 1251 2038 καὶ
1279 1989 1388 2050 τοῖς
1411 1989 1708 2056 φεύγουσιν
1742 1991 1962 2059 ἐχθροῖς

393 2069 561 2133 ὀξέως
590 2071 992 2140 ἐπιτιθέμενοι,
1056 2085 1115 2127 ιιι
1151 2075 1225 2128 ait
1267 2076 1320 2128 in
1382 2077 1496 2131 suis
1558 2077 1797 2135 Tacticis
1852 2081 1964 2136 Leo

396 2160 710 2228 imperator.
749 2160 876 2216 Item
906 2178 1161 2219 cursores
1191 2176 1319 2220 sunt
1347 2167 1576 2238 ἐνεδροι,
1603 2181 1658 2224 ιιι
1684 2171 1825 2226 idem
1859 2171 1964 2226 im.-

399 2261 621 2316 perator
651 2251 849 2315 docet;
885 2253 1058 2321 deque
1097 2254 1182 2309 his
1212 2255 1451 2325 loquitur
1481 2250 1828 2329 Europalata,
1857 2279 1963 2317 non

399 2349 576 2394 autem
618 2344 684 2394 de
706 2344 1046 2409 cursoribus,
1075 2360 1214 2414 quos
1245 2347 1421 2403 Graeci
1479 2350 1726 2420 δρομεῖς,
1786 2353 1964 2418 Latini

399 2431 612 2498 proprie
642 2448 880 2486 cursores
911 2436 1222 2491 nominaut.
1269 2439 1444 2494 Etiam
1506 2442 1713 2500 Latinis
1774 2448 1966 2504 mediae

397 2523 574 2576 aetatis
605 2525 835 2577 cursarii
861 2534 988 2578 sunt
1023 2528 1307 2596 pradones
1342 2539 1397 2585 et
1429 2533 1639 2600 piratae,
1667 2538 1759 2605 qui
1793 2547 1966 2592 terras

398 2623 452 2668 et
479 2617 646 2670 maria
675 2619 977 2685 praedarum
1002 2622 1172 2690 gratia
1207 2637 1565 2693 percurrunt.

473 2703 545 2758 De
560 2709 917 2774 pentamteria
941 2710 1251 2779 imperatori
1264 2729 1329 2768 ex
1349 2715 1538 2782 spoliis
1560 2715 1735 2772 danda
1751 2717 1969 2787 elegans

399 2807 577 2854 exstat
607 2800 757 2856 locus
795 2801 845 2854 iu
869 2801 1106 2858 Historia
1134 2803 1364 2862 Joannis
1391 2807 1764 2866 Cautacuzeni
1795 2829 1809 2868 :
1843 2828 1968 2868 nam

401 2905 526 2944 eum
557 2889 623 2945 de
654 2891 795 2946 bello
818 2893 885 2947 ab
925 2895 1244 2951 Andronico
1308 2899 1644 2966 imperatore
1707 2901 1972 2960 adversus

2052 436 2421 490 germanoque
2454 421 2692 475 lectione
2723 420 2989 473 discimus
3011 433 3130 472 esse
3158 418 3268 470 τῶν
3330 435 3623 488 κουρσευο-

2057 512 2236 581 μένων
2265 512 2425 576 ζώων
2454 513 2632 566 πάντα
2662 514 2731 564 τὰ
2759 511 3004 574 ποικίλα,
3052 511 3402 563 animantium
3443 513 3624 578 pra-da

2054 614 2329 671 captorum
2381 621 2704 674 quacunque
2755 604 2877 669 pilis
2925 613 2974 656 et
3027 601 3199 655 colore
3248 612 3374 656 sunt
3427 603 3574 654 varia
3607 617 3626 656 :

2054 699 2262 765 qumvis
2293 697 2436 752 enim
2467 696 2760 751 discoloria
2785 695 2951 749 etiam
2978 694 3138 747 hodie
3158 703 3352 747 vocant
3384 693 3627 753 ποικὶλσι.

2055 791 2359 857 eademque
2391 790 2440 841 iu
2471 787 2883 857 protostratoris
2905 795 3106 841 sortem
3141 801 3202 838 ex
3234 785 3413 854 praeda
3445 787 3628 838 obtin-

2056 890 2323 949 guut'ceu
2350 882 2470 949 ejus
2502 880 2744 948 φυτίλια.

2133 971 2213 1024 Ib.
2280 972 2385 1041 [Τὰ
2413 973 2861 1039 προστάγματα.
2929 969 3273 1039 Ἐντάλματα
3322 978 3478 1022 vocat
3535 967 3632 1021 lus

2059 1062 2173 1118 GR.
2205 1075 2253 1115 et
2289 1063 2589 1128 διατάξεις.
2617 1061 2816 1132 Gosn.]

2130 1155 2294 1225 256
2335 1153 2392 1209 P.
2421 1155 2508 1209 52.
2552 1154 2947 1224 Cbrysobullas.
2979 1153 3169 1208 Griece
3201 1151 3269 1204 τὰ
3304 1150 3630 1220 χρυσόεουλ-

2059 1245 2129 1298 λα
2161 1255 2215 1298 et
2246 1243 2617 1311 χρυσόὸουλα,
2653 1259 2817 1295 aurea
2845 1241 3014 1296 bulla.
3053 1247 3095 1296 A
3133 1242 3310 1312 sigillo
3334 1257 3531 1294 nomen
3564 1241 3632 1292 ad

2061 1335 2300 1404 integras
2335 1336 2544 1391 litteras
2573 1337 2744 1390 venit.
2796 1333 2938 1389 Hinc
2994 1336 3157 1390 etiam
3207 1336 3634 1390 constitutiones

2061 1427 2380 1496 pontificum
2405 1429 2770 1483 Romanorum
2795 1425 2955 1482 bulla:
2968 1426 3252 1491 dicuntur,
3275 1434 3328 1480 et
3345 1427 3633 1479 bullarium

2061 1520 2202 1574 liber
2232 1520 2284 1573 in
2321 1535 2431 1588 quo
2481 1520 2588 1574 illa:
2642 1519 2836 1574 littera:
2890 1534 2987 1574 seu
3042 1519 3205 1574 bulla:
3257 1519 3632 1573 continentur.

2065 1609 2224 1664 Bulla
2253 1612 2468 1680 proprie
2496 1621 2578 1666 est
2604 1611 2893 1665 orbiculus
2917 1625 3015 1665 seu
3045 1617 3425 1664 ornamentum
3457 1609 3638 1663 circu-

2067 1700 2200 1754 laris
2229 1699 2436 1764 formae,
2472 1713 2709 1766 superne
2739 1701 2987 1755 clausum
3015 1707 3069 1753 et
3105 1699 3256 1753 intus
3287 1697 3468 1752 cordis
3497 1697 3636 1766 lign-

2062 1804 2181 1844 ram
2209 1791 2432 1846 habens.
2460 1789 2601 1844 Olim
2660 1790 2906 1859 pueritia:
2939 1789 3343 1860 appendobatur
3377 1799 3635 1858 tanquam

2063 1881 2358 1936 omnletum
2400 1891 2589 1938 contra
2625 1873 3041 1938 fascinationes.
3077 1883 3160 1937 Ab
3195 1881 3298 1936 hac
3335 1883 3634 1937 orbiculari

2065 1971 2238 2039 ﬁgura
2281 1974 2442 2028 bullae
2480 1974 2806 2030 translatum
2840 1985 2924 2029 est
2952 1989 3149 2028 nomen
3179 1975 3245 2028 ad
3273 1973 3474 2043 sigilla,
3511 1989 3636 2042 qua:

2065 2065 2265 2122 litteris
2285 2067 2711 2136 appenduntur;
2745 2075 2873 2123 sunt
2898 2067 3043 2122 enim
3088 2065 3380 2122 circularis
3443 2067 3634 2135 ﬁgurae

2063 2166 2118 2212 et
2145 2158 2272 2228 quia
2293 2157 2570 2213 nonnullis
2599 2158 2792 2213 litteris
2809 2158 3217 2228 appendebatur
3277 2174 3441 2212 aurea
3465 2157 3633 2221 bulla,

2065 2251 2393 2322 quibusdam
2428 2250 2692 2320 plumbea,
2718 2250 3044 2320 quibusdam
3064 2267 3233 2312 cerea,
3273 2251 3402 2304 hinc
3436 2250 3636 2304 factum

2064 2353 2148 2411 est
2184 2351 2242 2394 ut
2280 2341 2412 2410 ipsa?
2437 2340 2602 2395 etiam
2636 2341 2826 2396 littera:
2849 2340 2918 2394 ab
2951 2342 3053 2394 hoc
3078 2340 3257 2411 sigillo
3293 2349 3632 2394 vocarentur

2069 2433 2225 2486 bulla:
2255 2447 2434 2488 aurea:
2461 2433 2540 2486 vel
2575 2432 2734 2486 bullae
2791 2431 3057 2501 plumbeae
3091 2433 3170 2485 vel
3223 2431 3384 2485 bullae
3442 2446 3636 2492 verere,

2068 2523 2326 2594 nimirum
2351 2524 2748 2593 χρυσόὸουλλα,
2777 2523 3141 2594 κηρόόουλλα,
3179 2539 3208 2576 a
3230 2521 3634 2593 χρυσόόουλλςν

2066 2624 2119 2668 et
2149 2615 2531 2684 κηρόὸουλλον.
2577 2615 2942 2687 Chrysobullte
2992 2631 3266 2672 summam
3329 2615 3635 2670 auctorita-

2071 2715 2180 2762 tem
2217 2707 2562 2774 obtinebant,
2591 2708 2921 2777 subseripta:
2951 2723 3116 2764 manu
3184 2708 3525 2777 imperatoris
3549 2705 3642 2758 διὰ

2070 2796 2439 2869 κιννάϐαρεως
2461 2799 2735 2853 cinnabari
2760 2801 2878 2869 (seu
2924 2799 3178 2868 rubrica).
3204 2797 3347 2865 Quin
3370 2808 3421 2853 et
3448 2813 3645 2852 cruces

2073 2885 2350 2943 interdum
2379 2890 2673 2945 addebant.
2717 2891 3001 2946 Pltranzes
3029 2893 3064 2945 ι.
3095 2906 3181 2955 ιιι,
3211 2891 3280 2946 4:
3342 2889 3648 2958 Imperator

403 2981 641 3035 Albanos
673 2993 826 3052 εεειο
852 2986 1174 3055 parmisque
1214 2989 1334 3046 sine
1362 3006 1592 3046 numero
1617 2994 1808 3062 spoliis
1836 2996 1965 3066 agi“
1993 3008 2039 3076 ο
2072 2994 2230 3030 manu
2260 2995 2354 3032 sua
2370 2996 2428 3034 eo
2450 2981 2652 3035 vidente
2681 2991 2784 3035 tres
2809 2998 2984 3038 cruces
3047 2982 3327 3036 cinnabari
3366 2983 3428 3036 in
3471 2981 3648 3048 fronte

406 3071 486 3124 sic
519 3081 712 3141 praeter
733 3085 925 3129 cratera
951 3077 1145 3132 scribit
1171 3094 1185 3131 ε
1223 3079 1424 3142 Ἐθους
1443 3082 1498 3133 δὲ
1525 3082 1680 3147 ὄντος
1703 3085 1970 3155 πρότερον

2078 3069 2234 3124 bulla:
2265 3071 2332 3124 ad
2360 3071 2813 3140 conﬁrmationem
2861 3090 2957 3143 pro
2989 3075 3366 3128 consuetudine
3391 3074 3646 3142 exprimit

406 3164 470 3232 τῇ
503 3165 750 3234 στρατιᾷ,
781 3166 999 3219 ἐπειδάν
1033 3185 1178 3231 τινος
1227 3172 1546 3241 κρατήσωσι
1573 3173 1722 3239 λείας
1758 3175 1789 3246 ἢ
1818 3176 1972 3231 πλεί-

405 3256 580 3325 ονοςῆ
615 3256 920 3324 ἐλάττονος,
987 3258 1085 3330 τὴν
1137 3261 1396 3334 πέμπτην
1457 3267 1654 3337 μοῖραν
1713 3269 1976 3340 παρέχειν

409 3349 679 3418 ἀριστεῖον
700 3349 926 3418 βισιλεῖ,
960 3355 1053 3407 καὶ
1092 3355 1208 3423 μετ’
1236 3357 1445 3411 ἐκεῖνον
1473 3359 1552 3428 τῷ
1590 3361 1826 3433 μεγάλῳ
1884 3364 1976 3417 δο-

414 3439 652 3509 μεστίκῳ
688 3442 808 3510 ῐσηι
835 3438 921 3495 οἶα
941 3443 1004 3512 δὴ
1035 3445 1132 3514 τῆς
1169 3447 1466 3519 συμπάσης
1490 3453 1783 3524 ἡγουμένῳ
1814 3473 1978 3527 στρα-

411 3530 553 3590 τιᾶς,
588 3530 708 3582 τότε
738 3532 892 3586 οὐδὲν
925 3535 1143 3592 ἐποίουν
1198 3539 1308 3590 τῶν
1369 3541 1667 3608 εἰωθότων,
1725 3545 1844 3598 οὐδέ
1893 3563 1978 3610 τις

411 3620 647 3689 ἠνώχλει
675 3623 867 3685 αὐτοὺς
899 3627 1028 3696 περὶ
1054 3628 1152 3696 τῆς
1184 3631 1444 3698 πέμπτης
1480 3632 1700 3702 μοίρας,
1735 3635 1851 3688 ἀλλ’
1873 3635 1982 3691 ὦσ-

416 3728 522 3780 περ
545 3711 603 3776 ἐξ
625 3713 868 3766 ἀεννάων
927 3719 1189 3787 ποταμῶν
1238 3721 1364 3791 ὲξῆν
1425 3723 1664 3795 ἑκάστῳ,
1715 3724 1858 3778 ὅσων
1914 3727 1980 3781 ἂν

417 3803 676 3870 βούλοιτο,
701 3806 892 3876 κύριος
926 3811 1200 3878 γενέσθαι.
1235 3811 1361 3868 Ηωο
1394 3813 1836 3871 Cantacuzenus.

490 3897 584 3951 Ib.’
610 3898 750 3954 Dicit
783 3901 1024 3958 Codinus
1074 3914 1525 3972 protostratorem
1563 3924 1625 3961 ex
1654 3909 1832 3980 praeda
1891 3925 1981 3964 ca-

419 4003 546 4054 pere
578 3990 753 4044 πάντα
798 3994 865 4052 τὰ
924 3995 1168 4059 ποικίλα,
1213 4012 1343 4066 qua:
1382 3999 1688 4068 appellatur
1738 4001 1980 4069 φυτίλια.

418 4079 548 4145 Quae
579 4083 650 4140 sit
691 4085 832 4136 ratio
865 4085 1026 4155 hujus
1058 4088 1320 4154 nominis,
1357 4092 1598 4163 npndum
1622 4107 1653 4146 a
1687 4094 1819 4148 viris
1882 4095 1982 4148 do-

420 4173 519 4225 ctis
542 4174 866 4238 explicatum
889 4186 970 4231 est
996 4196 1008 4231 :
1042 4193 1165 4232 nam
1193 4182 1334 4251 quod
1364 4180 1563 4238 Junius
1588 4184 1766 4253 [utilia
1800 4186 1981 4251 vertit,

421 4261 474 4318 id
511 4279 804 4329 paucorum
843 4269 1233 4336 approbatione
1295 4271 1442 4327 fecit.
1479 4275 1616 4328 Sunt
1657 4276 1750 4344 qui
1799 4276 1983 4344 suspi-

394 4365 610 4428 hcentur
635 4357 919 4425 legemlqu
967 4360 1202 4429 βιτά).ια,
1236 4365 1338 4419 hoc
1363 4375 1445 4420 est
1477 4339 1750 4420 victualia.
1773 4339 1979 4425 (ἴητε.
2012 4339 2057 4395 D

497 4442 638 4497 Ibid.
671 4443 835 4516 [Vere
865 4448 1042 4516 [utilia
1070 4462 1267 4507 suntet
1297 4455 1577 4522 pueriliter
1599 4472 1627 4508 a
1653 4457 1984 4525 quibusdam

423 4535 631 4604 ingesta
664 4540 806 4594 circa
836 4541 892 4594 τὸ
935 4543 1205 4610 φυτίλιον,
1234 4547 1378 4614 quod
1419 4547 1624 4600 Graecis
1667 4552 1989 4604 recentiori-

422 4626 542 4692 bus,
575 4631 712 4683 sicut
740 4641 794 4685 et
830 4633 1024 4690 Turcis
1060 4636 1121 4688 τὸ
1179 4635 1301 4698 titil,
1362 4639 1505 4704 quod
1571 4638 1750 4708 primo
1812 4639 1985 4695 rcl‘ert

420 4720 755 4790 ellychnimn,
789 4725 980 4779 deinde
1003 4727 1178 4796 funem
1208 4729 1450 4797 pyritem,
1484 4744 1594 4798 quo
1623 4731 1824 4798 milites
1874 4743 1988 4787 tor-

421 4814 620 4868 tuentis
645 4816 997 4882 explodendis
1050 4819 1257 4874 diutius
1316 4831 1536 4874 servant
1573 4822 1772 4890 ignem,
1803 4823 1985 4889 mer/te

421 4903 786 4973 .l‘arquebuse,
814 4910 1006 4964 ultimo
1033 4911 1400 4968 vulnerarium
1465 4915 1762 4981 paniculum
1794 4930 1824 4970 a
1872 4918 1989 4971 clri-

423 4997 604 5064 rurgis
643 4999 708 5052 ad
728 5000 952 5057 vulnera
979 5003 1254 5070 probanda
1288 5047 1303 5062 .
1330 5005 1642 5074 Spoliorum
1666 5009 1847 5077 itaque
1865 5025 1989 5079 par-

425 5100 529 5142 tem
562 5094 946 5160 protostratori
980 5097 1316 5166 assignatam
1347 5099 1617 5153 vocabant
1651 5100 1854 5156 milites
1882 5119 1986 5169 φυ-

421 5181 592 5246 τίλια,
621 5186 777 5252 quasi
819 5187 885 5239 ad
914 5186 1055 5240 linea
1099 5191 1181 5244 vel
1215 5193 1444 5260 pyritem
1471 5193 1837 5260 comparanda
1875 5193 1989 5248 leve

424 5273 836 5330 adminiculum.
869 5279 960 5332 Sic
989 5280 1292 5336 olliciorum
1331 5285 1551 5352 praemia
1585 5284 1760 5338 Graeci
1822 5285 1985 5340 iidem

425 5367 707 5438 μαντῐλια,
743 5369 1007 5426 Gallicum
1043 5373 1232 5441 vulgus
1260 5375 1635 5442 clrirotltecas,
1680 5378 1987 5443 puellarum

423 5460 660 5515 sciculas
686 5471 791 5518 etc.
819 5464 1029 5529 dicunt,
1063 5477 1122 5519 ut
1177 5469 1314 5537 grati
1370 5469 1548 5540 potius
1582 5470 1750 5523 animi
1800 5486 1992 5525 tuonu-

427 5563 666 5608 mentum
693 5572 854 5625 quam
889 5559 1058 5613 drbiti
1105 5560 1491 5616 mcrcedcm'et
1527 5562 1653 5616 vilia
1711 5576 1990 5617 mercena-

426 5646 630 5702 riorum
658 5651 919 5725 obsequia
949 5666 1302 5726 compcnsata
1331 5656 1666 5726 exprimant.
1728 5656 1986 5721 Quaenam

2076 3163 2373 3234 bullamque
2397 3181 2611 3219 auream
2667 3166 2838 3236 legato
2865 3167 2919 3220 in
2977 3182 3164 3220 manus
3218 3167 3406 3222 tradit.
3465 3165 3643 3219 Etiam

2078 3257 2239 3312 hodie
2269 3256 2490 3322 litteris,
2524 3259 3255 3327 prtesertim'contractuum,
3318 3259 3516 3328 apponi
3541 3273 3640 3314 so-

2077 3350 2147 3405 lct
2183 3350 2421 3413 thecula,
2445 3351 2736 3420 aliquando
2760 3346 2958 3422 lignea,
2989 3352 3286 3421 aliquando
3308 3367 3375 3408 ex
3420 3353 3646 3416 lamina,

2077 3447 2371 3517 aliquando
2390 3461 2458 3501 ex
2487 3461 2621 3517 pura
2647 3461 2792 3509 cera,
2834 3445 2890 3498 in
2944 3443 3108 3513 cujus
3154 3444 3337 3500 medio
3397 3444 3640 3512 sigillum

2079 3539 2312 3609 exprimi
2349 3539 2508 3594 solet.
2558 3537 2919 3593 liatcthecula
2971 3552 3124 3606 aeque
3157 3546 3306 3592 recte
3361 3536 3648 3590 vocabitur

2081 3631 2224 3685 bulla
2256 3646 2319 3685 ac
2345 3631 2501 3684 theca
2535 3629 2622 3683 illa
2672 3630 3061 3697 imperatorum
3110 3627 3455 3682 Graecorum.
3507 3625 3650 3680 Hinc

2083 3721 2386 3793 βουλλεύειν
2443 3721 2648 3774 bullarc
2676 3721 2757 3773 Vel
2794 3721 3096 3790 generatim
3158 3719 3371 3774 litteras
3406 3719 3638 3788 signare,

2083 3814 2198 3870 sive
2238 3814 2342 3868 hoc
2403 3827 2498 3882 per
2545 3811 2751 3868 bullam
2811 3811 2904 3865 ﬁat
2946 3812 3061 3866 sive
3106 3812 3310 3881 absque
3355 3811 3539 3874 bulla;
3597 3819 3644 3863 et

2085 3891 2484 3976 βουλλωτήρὶον
2525 3903 2790 3974 sigillum,
2823 3903 3027 3966 l'orma,
3056 3903 3110 3956 in
3137 3918 3244 3972 qua
3275 3903 3432 3956 bullae
3461 3902 3651 3971 expri-

2084 4005 2327 4052 muntur.
2360 3993 2605 4048 Incertus
2647 4001 2843 4048 auctor
2868 3993 3008 4060 apud
3067 3991 3447 4063 Etymologum
3475 4012 3489 4045 :
3521 3991 3647 4043 Ὥσ-

2083 4105 2193 4157 περ
2243 4089 2324 4150 εἰς
2378 4086 2438 4139 τὸ
2483 4084 2886 4155 βουλ).ωτὴριον
2909 4083 3254 4153 τυπούμενος
3309 4085 3337 4136 ὁ
3393 4083 3652 4152 μόλυϐδος

2083 4181 2254 4235 τύπον
2287 4177 2436 4230 ποιεῖ
2460 4176 2553 4228 καὶ
2615 4177 2802 4230 εἰκόνα
2863 4175 3142 4238 ἀποτελεῖ.
3198 4173 3265 4230 Et
3308 4175 3427 4231 sine
3483 4175 3652 4229 dubio

2087 4273 2248 4328 bullze
2274 4273 2640 4341 imperatoriae
2666 4267 3012 4339 imperatoris
3039 4266 3328 4337 imaginem
3354 4281 3654 4337 repraesen-

2091 4367 2296 4422 tabant.
2328 4365 2532 4421 GRBTS.

2162 4459 2304 4518 Ibid.
2359 4458 2467 4530 [Nil
2500 4458 2853 4513 communius
2901 4471 3066 4525 quam
3125 4455 3488 4526 χρυσόϐωλον
3537 4454 3654 4506 sive

2089 4550 2480 4620 χρυσόδουλλον
2494 4550 2825 4618 imperatoris
2846 4549 3169 4610 mandatum,
3196 4548 3643 4606 constitutionem,

2090 4643 2346 4712 diploma,
2406 4642 2743 4709 rescriptum,
2805 4640 3232 4710 chirographum,
3284 4638 3658 4693 codicillos-si-

2091 4733 2370 4804 gniﬁcare.
2406 4732 2475 4786 At
2513 4747 2622 4785 non
2653 4746 2718 4785 ex
2749 4743 2815 4784 eo
2841 4729 2985 4798 quod
3011 4730 3194 4784 aureis
3219 4730 3413 4784 litteris
3446 4727 3657 4782 scribe-

2092 4835 2264 4888 retur,
2298 4832 2356 4877 ut
2416 4823 2598 4878 innuit
2647 4821 2937 4886 Meursius,
2971 4821 3063 4876 sed
3124 4821 3267 4890 quod
3296 4820 3472 4891 sigillo
3535 4820 3656 4872 sive

2096 4918 2244 4970 bulla
2278 4930 2468 4979 aurea,
2493 4914 2638 4982 quod
2706 4914 2758 4966 in
2825 4913 2907 4967 eis
2956 4914 3246 4982 scriptum,
3311 4913 3652 4966 muniretur:

2091 5025 2402 5082 quanquam
2435 5008 2560 5064 olim
2580 5008 2742 5062 etiam
2765 5007 2948 5061 aureis
3002 5006 3197 5060 litteris
3227 5006 3512 5075 scripsisse
3543 5021 3654 5060 non

2091 5101 2467 5172 denegandum
2514 5097 2853 5169 Luitprando
2903 5097 3153 5152 dicenti:
3214 5097 3647 5166 Χρυσοὸούλιον,

2093 5197 2146 5250 id
2179 5205 2253 5249 est
2275 5192 2548 5259 epistolam
2569 5206 2702 5244 auro
2733 5191 3020 5258 signatura,
3058 5188 3185 5241 mihi
3213 5189 3463 5242 dederunt
3508 5188 3656 5241 vobis

2094 5285 2251 5356 (regi)
2277 5281 2636 5350 deferendam.
2666 5279 2920 5332 Tulerunt
2953 5287 3130 5332 autem
3185 5288 3234 5332 et
3266 5279 3400 5332 alias
3451 5279 3657 5332 litteras

2093 5377 2584 5447 argentosignalas,
2620 5389 2649 5426 a
2706 5370 3023 5441 curopalate
3087 5370 3434 5440 imperatoris
3487 5368 3660 5422 fratre

2094 5471 2160 5524 ad
2199 5469 2500 5522 Romanum
2537 5465 2845 5535 pontilicem
2914 5464 3130 5526 missas.
3209 5462 3472 5530 Deinceps
3523 5475 3659 5514 vero

2094 5560 2293 5618 litteris
2323 5573 2600 5627 purpureo
2633 5557 2846 5626 liquore
2877 5555 3060 5610 ductis
3103 5554 3444 5622 subsignavit
3477 5553 3654 5619 impe-

2073 5664 2269 5710 rator.
2337 5649 2430 5707 llis
2476 5649 2806 5707 testimoniis
2853 5658 3144 5718 ultumun
3205 5647 3399 5712 liquet.
3452 5641 3659 5704 Νιεειιε
