3952 6222
278 214 391 277 255

1399 218 1785 278 GRETSERI
1823 219 1919 279 ET
1963 220 2196 284 GOAItl
2239 225 2480 288 NOTAE.

3441 230 3546 292 t£86

283 334 338 386 in
380 331 626 385 Manue'e
650 331 840 386 Comn.
883 334 919 386 l.
954 317 1006 388 tv
1039 354 1052 389 :
1112 334 1492 407 Ἐρυθροδάνῳ
1527 339 1859 409 ἐνσημανοὲν

1978 345 2275 398 constituto
2307 353 2360 399 et
2391 345 2638 412 imposita
2683 343 2782 397 Sibi
2815 356 3018 396 corona
3046 340 3322 394 utentibus
3355 343 3542 408 ῥητῶν

280 425 471 490 areius
498 425 878 493 γραμμάτιον.
910 427 1190 480 cinnabnri
1213 430 1480 497 signatum
1505 433 1681 484 emisit
1714 434 1860 486 codi-

278 515 487 569 tillunt.
519 515 749 568 Inferius
780 531 794 569 :
829 515 942 584 Τῆς
988 517 1281 586 βασιλικῆς
1311 519 1490 588 βαφῆς
1546 521 1858 590 δελτάριον,

284 608 446 676 regii,
486 608 535 658 id
563 617 641 660 est
680 609 962 675 purpurei.
1021 610 1215 664 coloris
1245 611 1454 666 tabular.
1491 611 1552 666 L.
1588 629 1660 667 vn
1697 631 1712 666 :
1770 615 1860 682 Τῷ

280 699 501 768 ἐρυθρῷ
524 700 622 770 τῆς
655 699 935 769 βασιλείου
966 700 1146 770 βαφῆς
1177 705 1252 765 ὼς
1280 704 1475 771 αἵματι
1535 704 1860 776 ἀναθάλψας

279 792 556 854 ὲζὼωσεν.
584 794 815 847 Cedreni
843 794 895 849 in
955 793 1176 849 Tiberio
1251 813 1314 850 t:
1387 797 1858 866 Ἀσφαλισάμενος

280 882 371 935 διὰ
401 884 696 950 σφραγϊδος
733 885 945 953 χρυσῆς
974 885 1070 938 τοῦ
1102 886 1176 954 μὴ
1205 888 1482 956 πολεμίως
1502 888 1857 958 ἐπέρχεσθαι.

283 973 473 1028 Basilii
504 977 556 1029 in
591 976 862 1047 porphyra
923 979 1032 1032 nati
1079 997 1094 1034 :
1128 980 1240 1032 Kal.
1279 979 1421 1032 ὥστε
1474 981 1694 1050 ἀσφαλῆ
1757 985 1857 1034 καὶ

281 1066 629 1131 ἀμετάθετον
657 1064 800 1121 εἶναι
854 1071 955 1139 τὴν
1011 1071 1302 1140 παροῦσαν
1356 1073 1624 1138 διάταξιν,
1679 1075 1856 1144 οἰκείᾳ

281 1159 433 1226 χειρὶ
494 1161 1007 1230 ὑποσημηνάμενοι,
1083 1169 1257 1234 χρυσῇ
1320 1166 1575 1233 σφραγῖδι
1648 1166 1858 1235 ταύτην

279 1250 798 1320 ὑποσφραγισθῆναι
831 1253 1232 1322 διωρισάμεθα.
1276 1255 1563 1324 Nicephori
1592 1256 1853 1309 Botania-

279 1351 391 1392 tm:
430 1341 541 1393 Καὶ
580 1343 687 1412 γὰρ
719 1344 1254 1414 ἔπισφραγίξουσαη
1311 1346 1562 1417 βασιλεία
1621 1364 1721 1415 μου
1788 1347 1858 1400 τὰ

278 1432 590 1501 κεκριμένα
622 1433 804 1498 καλῶς
821 1437 918 1489 καὶ
945 1438 1376 1506 οἰκονομηθέντα
1409 1439 1724 1502 συνοδικῶς,
1761 1443 1860 1493 καὶ

279 1523 342 1574 τὸ
373 1523 550 1592 παρὸν
583 1523 801 1588 ἐξέθετο
845 1527 1248 1595 χρυσόσουλλον
1277 1528 1358 1591 είς
1405 1529 1746 1599 ὲπικύρωσίν
1797 1548 1858 1586 τε

277 1615 377 1666 καὶ
400 1617 754 1685 στερεότητα,
807 1617 1284 1690 ὕποσημηναμένη
1319 1618 1377 1673 ὲν
1433 1622 1580 1690 αὐτῷ
1611 1622 1679 1676 δι’
1730 1625 1857 1692 ἔρυ-

279 1705 430 1772 θρῶν
460 1708 830 1777 γραμμάτων,
857 1711 954 1764 καὶ
977 1711 1063 1762 διὰ
1096 1689 1303 1764 τούτων
1327 1711 1425 1780 τὴν
1460 1689 1725 1784 ἀληθειαν
1754 1689 1858 1783 (ρα-
1890 1689 1932 1743 Β

280 1799 596 1867 νερωτέραν
632 1800 1072 1871 ὑπαγορεύουσα,
1111 1805 1361 1871 κορώνην
1407 1805 1598 1874 ὥσπερ
1630 1806 1694 1874 δή
1738 1825 1858 1862 τινα

279 1889 496 1958 χρυσῆν
524 1891 623 1960 τὴν
653 1892 871 1963 άληθῶς
903 1896 1176 1964 σφραγῖδα
1195 1897 1372 1967 τούτῳ
1423 1884 1857 1967 ἀπαιωρήσασα,

279 1985 341 2035 τὸ
362 1984 637 2053 ἡμέτερον
666 1985 890 2049 εὐσεϐὲς
919 1991 1013 2041 καὶ
1041 1987 1444 2057 θεοπρὸὗλητον
1466 1989 1862 2058 ὑπεσημήνατο

277 2074 503 2138 κράτος.
524 2073 699 2129 Alexii
714 2075 1002 2141 Comneni,
1025 2077 1116 2147 qui
1136 2090 1186 2130 et
1201 2091 1425 2131 aureum
1447 2077 1607 2148 257
1626 2078 1858 2146 sigillum

277 2179 420 2220 cera:
459 2168 512 2220 in
537 2155 788 2235 pressum
820 2176 1069 2236 testatur,
1101 2169 1247 2225 Nov.
1267 2170 1303 2225 2
1335 2179 1469 2224 ιοηι.
1498 2171 1532 2223 2
1556 2170 1700 2224 Juris
1729 2170 1860 2224 GR:

279 2258 407 2311 Κᾶν
441 2259 534 2311 διὰ
558 2260 935 2329 κινναϐάρεως
958 2262 1461 2333 ὑποσεσημασμένη
1492 2263 1738 2333 τυγχάνῃ
1769 2264 1860 2314 ἀνι

274 2354 555 2423 τιγραφὴ,
583 2353 687 2406 κᾶν
717 2357 818 2424 τὴν
851 2354 1220 2425 κηρόόουλλον
1267 2357 1540 2427 σφραγῖδα
1597 2358 1856 2426 φέρηται.

281 2447 541 2517 Ejusdem
570 2447 760 2504 No.4:
806 2449 897 2512 Ὠς
943 2449 1010 2502 ἂν
1043 2449 1249 2519 είδησις
1293 2451 1428 2502 πᾶσι
1486 2449 1710 2518 γένηται
1771 2449 1862 2501 διὰ

277 2540 632 2608 γραμμάτων
654 2539 748 2591 τοῦ
769 2538 1036 2610 βασιλέως
1060 2539 1330 2610 ἑρυθρῶν,
1359 2540 1455 2592 καὶ
1491 2541 1524 2608 ἡ
1563 2540 1649 2592 διὰ
1681 2537 1857 2610 κηροῦ

280 2634 522 2699 σφραγὶς
565 2632 952 2700 (προσετέθη).
989 2630 1240 2700 Sigillum
1261 2647 1478 2688 cereum
1515 2647 1679 2685 aurea
1711 2631 1858 2687 bulla

281 2723 617 2790 impressum
649 2739 677 2778 e
701 2724 880 2778 serico
908 2723 1198 2793 pendebat.
1227 2721 1562 2792 Nicephorus
1592 2721 1855 2776 Botonia-

277 2827 360 2871 tes
383 2817 494 2886 jam
529 2816 733 2872 relatus
765 2825 817 2871 et
849 2830 1154 2888 anonymus
1174 2817 1300 2870 alibi
1340 2817 1572 2871 citatus:
1599 2815 1858 2886 Μανουὴλ

276 2905 398 2978 εἶχε
427 2910 488 2961 τὸ
519 2908 752 2980 σύνηθες
808 2909 1136 2978 κανίκλωμα
1169 2909 1381 2962 καὶτοῦ
1432 2907 1698 2979 βασιλέως
1721 2925 1858 2978 γρα-

1963 438 2380 508 appellationem
2416 435 2595 490 fecere
2645 451 3015 498 communem,
3049 449 3111 486 ex
3146 449 3255 501 quo
3287 435 3539 488 (Senseri-

1962 531 2097 582 chus
2127 545 2246 581 eam
2281 529 2381 582 sibi
2417 527 2692 596 propriam
2731 525 2879 580 fecit.
2911 525 3312 593 Theophanes:
3358 525 3415 575 Ὀ
3444 525 3542 576 Γε-

1962 620 2177 689 ζέριχος
2201 619 2280 687 τῷ
2310 616 2663 686 Οὐανδαλικῷ
2695 617 2893 686 πλήθει
2928 617 3096 678 πολὺς
3121 617 3415 684 γενόμενος
3444 619 3541 669 καὶ

1964 713 2108 782 ρἧα
2165 711 2408 772 καλέσας
2454 710 2669 763 ἑαυτόν.
2737 707 2970 762 Secutus
3029 708 3278 762 Odoat-er
3309 709 3407 778 τὴν
3436 709 3534 760 τοῦ

1963 804 2133 871 ῥηγὸς
2195 803 2485 872 περιέθετο
2541 801 2726 867 ἑαυτῷ
2755 799 3153 868 προσηγορίαν.
3201 800 3277 851 Ab
3310 800 3393 849 his
3448 800 3536 850 alii

1963 905 2126 961 atque
2183 894 2317 957 alii,
2378 894 2488 945 τῶν
2545 891 2764 946 Οὕννων
2794 900 2864 965 _et
2918 894 3018 959 τῆς
3065 891 3344 957 Φραγγίας
3387 891 3531 957 apud

1962 987 2231 1042 Zonaratn
2271 989 2440 1056 ῥῆγες
2467 987 2632 1040 dicti:
2681 986 2815 1038 nulli
2843 1000 3005 1053 quam
3039 985 3234 1037 Carolo
3272 983 3340 1035 Μ.
3381 983 3536 1051 βασι-

1960 1083 2084 1143 λεὺς
2124 1082 2346 1151 Ῥώμης
2375 1097 2402 1134 a
2439 1081 2686 1136 Cedreno
2741 1081 2794 1134 in
2834 1081 2988 1133 lrene
3041 1080 3206 1140 dicto,
3265 1077 3533 1145 βασιλέως

1959 1191 2161 1229 nomen
2191 1190 2482 1229 commune
2512 1175 2736 1231 factum.
2763 1188 2860 1226 nec
2898 1172 2996 1239 ipsi
3028 1171 3336 1223 Occidentis
3365 1169 3536 1232 impc-

1961 1270 2155 1333 ratori,
2220 1283 2382 1338 quem
2435 1268 2589 1320 Anna
2648 1266 2927 1320 Contnena
2981 1265 3127 1333 ρῆγα
3195 1259 3534 1329 Ἀλαμανίας

1961 1360 2141 1414 solum
2177 1357 2426 1426 agnoscit
2452 1359 2608 1411 Alex.
2662 1356 2699 1409 l.
2735 1373 2818 1410 ιιι.
2864 1355 3105 1410 Proinde
3145 1354 3289 1422 quod
3320 1351 3538 1403 Nicetas

1961 1450 2256 1503 Androoici
2292 1449 2333 1503 l.
2381 1467 2395 1503 ι
2436 1449 2620 1502 Βειιιιη
2677 1446 2983 1516 ﬂungariae
3043 1447 3210 1515 ῥῆγα,
3241 1445 3538 1512 imperato-

1965 1557 2189 1610 remque
2214 1540 2528 1595 Occidentis
2585 1540 2637 1593 iu
2675 1540 2866 1593 Alexio
2889 1540 2922 1592 5
2948 1547 3101 1591 vocet
3139 1537 3334 1589 iterum
3375 1533 3532 1584 Ἀλα-

1968 1633 2163 1700 μανίας
2193 1631 2354 1702 ρἧα,
2399 1619 2474 1684 nil
2518 1647 2748 1694 mirum;
2789 1631 2879 1684 cui
2909 1632 3052 1684 sicut
3079 1639 3132 1681 et
3165 1627 3285 1680 aliis
3329 1625 3532 1678 Graecis

1965 1728 2142 1784 solum
2181 1727 2422 1784 Orientis
2473 1728 2555 1782 vel
2589 1729 2876 1782 Persarum
2938 1726 3238 1794 principem
3304 1720 3531 1788 βασιλέα

1963 1822 2200 1877 salutare
2223 1833 2458 1893 gratum.
2484 1821 2742 1891 Oppressi
2775 1830 2952 1874 tamen
2981 1818 3340 1888 Bttlgarorum
3364 1811 3533 1866 armis

1964 1919 2179 1970 tandem
2216 1915 2458 1984 conjugii
2505 1914 2766 1982 pacisque
2803 1912 3008 1966 lmdere
3058 1909 3196 1963 inito
3223 1907 3530 1976 principem

1963 2021 2149 2061 eorum
2198 2005 2424 2074 βασιλέα
2455 2013 2649 2059 vocant
2674 2005 2816 2073 apud
2855 1998 3249 2070 Luitprandum
3283 2011 3336 2049 tn
3370 1993 3536 2063 Lega-

1965 2099 2133 2154 tione.
2163 2094 2360 2169 Gosn.]
2509 2149 2512 2153 .

2033 2187 2178 2243 Ibid.
2208 2188 2484 2244 Sultanos.
2514 2185 2888 2242 Leunclavius
2938 2184 2991 2238 in
3025 2180 3382 2236 Onomastico
3415 2177 3535 2231 Mu-

1963 2278 2344 2335 sulmannico:
2383 2277 2748 2334 SullanAlem
2789 2276 3037 2328 dominus
3069 2273 3273 2327 mundi.
3309 2271 3399 2327 Sic
3435 2287 3533 2336 ap-

1962 2370 2159 2441 pellare
2185 2368 2347 2423 Turci
2376 2371 2661 2439 principem
2711 2383 2866 2420 suum
2903 2356 3070 2419 solent
3099 2382 3111 2416 :
3144 2365 3283 2426 quod
3313 2362 3533 2414 combu-

1964 2462 2070 2515 lum
2114 2463 2399 2530 signiﬁcat,
2445 2471 2502 2513 ut
2538 2459 2805 2515 Cedrenus
2851 2459 2953 2519 ait,
2991 2453 3412 2522 παντοκράτορα
3438 2450 3534 2502 καὶ

1965 2551 2190 2624 βασιλέα
2234 2551 2522 2620 βασιλέων,
2582 2551 2957 2615 imperatorem
3006 2545 3243 2596 omnium
3279 2552 3325 2594 et
3361 2555 3534 2607 regem

1962 2656 2167 2710 regum.
2206 2645 2248 2692 Α
2301 2639 2488 2693 Turcis
2517 2638 2634 2706 jam
2674 2637 2826 2706 vulgo
2853 2651 2948 2698 pro
2983 2632 3192 2685 domino
3217 2636 3533 2696 usurpatur,

1961 2746 2008 2789 et
2035 2750 2224 2788 nomen
2247 2734 2343 2786 hoc
2371 2732 2613 2799 princeps
2639 2745 2819 2784 eorum
2855 2726 3009 2780 habet
3040 2723 3160 2777 κατ’
3192 2719 3406 2788 ἐξοχὴν,
3439 2731 3533 2770 ceu

1961 2825 2105 2882 solus
2131 2835 2181 2880 et
2202 2825 2466 2879 maximus
2497 2824 2766 2877 dominus.
2795 2820 3002 2875 Gens.

2033 2914 2300 2989 [Arabum
2323 2915 2565 2984 ἀμηρᾶς,
2589 2912 2890 2967 Turcarum
2918 2907 3188 2980 principes
3207 2903 3534 2964 σουλτάνους

276 3003 389 3070 ςὴν
418 3001 704 3072 ιΜανουὴλ
737 3003 791 3054 ὲν
839 3000 1064 3071 Χριστῷ
1090 3001 1207 3070 Θεῷ
1256 3001 1447 3064 πιστὸς
1505 3000 1789 3071 βασιλεὺς,
1829 3019 1848 3053 s

1971 3009 2184 3084 propria
2263 3007 2511 3080 gentium
2575 3005 2793 3059 illarum
2845 3004 3028 3070 lingua
3074 2999 3250 3055 Graeci
3303 2997 3526 3049 dixere:

279 3097 378 3148 καὶ
393 3095 644 3150 κάτωθεν
670 3095 1088 3166 ἀπῃωρημένην
1128 3093 1355 3163 βοῦλλαν
1385 3094 1596 3164 χρυσῆν
1619 3093 1708 3147 διὰ
1765 3111 1861 3162 με-

278 3188 455 3256 τὶξης
475 3187 676 3253 ὀξείας,
708 3205 733 3242 e
763 3188 932 3242 serico
953 3186 1180 3241 violaceo
1195 3187 1393 3240 bullam
1420 3202 1724 3254 appensam,
1754 3184 1861 3240 boc

276 3294 362 3338 est
398 3282 658 3351 sigillum.
689 3280 906 3334 Nicctas
942 3279 1205 3333 Manuelis
1235 3279 1305 3332 l.t
1335 3296 1348 3331 :
1377 3279 1617 3348 Γράμμα
1637 3277 1862 3347 ἐρυθρο-

276 3378 561 3445 σήμαντον
597 3373 855 3444 σφραγῖδί
882 3390 941 3425 τε
992 3372 1224 3443 χρυσεία
1257 3371 1350 3424 καὶ
1382 3370 1598 3440 σηρικῷ
1657 3370 1859 3437 νήματι

275 3467 536 3536 ἔμπεδον,
574 3465 779 3535 κόγχης
816 3464 1235 3535 άναδεδευμένῳ
1287 3461 1512 3531 αἵματι,
1547 3460 1626 3530 τῷ
1671 3460 1860 3532 κλήρῳ

277 3559 378 3612 τοῦ
418 3558 656 3628 μεγάλου
715 3557 822 3612 νεὼ
877 3556 1179 3610 ἐπιδίδωσι.
1218 3554 1290 3609 Ex
1351 3555 1436 3609 his
1493 3552 1862 3624 ἢρυθροδανη-

281 3655 428 3724 μὲνη
472 3653 747 3723 βασίλειος
778 3649 986 3721 γραφὴ,
1027 3658 1349 3717 purpuratus
1373 3645 1649 3700 codicillus
1683 3647 1858 3716 regius

277 3745 430 3815 apud
460 3743 717 3798 eumdem
750 3740 1055 3797 secundum
1103 3740 1263 3794 aliam
1300 3740 1589 3794 lectionem
1624 3755 1641 3804 ;
1714 3740 1858 3808 apud

277 3839 619 3893 Conmenam
661 3833 1079 3905 χρυσοὸοόλλιος
1138 3834 1350 3904 γραψή,
1425 3831 1860 3904 χρυσοόοὐλλιος

281 3932 447 3999 λόγος
467 3928 876 3999 γεγραμμένος,
896 3925 1040 3998 apud
1066 3928 1506 3982 Cantacuzenum
1529 3943 1630 3997 χρυ
1641 3925 1862 3979 σῶον).-

277 4023 371 4074 ὶον
401 4019 701 4085 δικαίωμα,
738 4018 878 4088 apud
939 4017 1214 4074 Zonaram
1267 4019 1546 4090 ἔγγραφον
1589 4020 1862 4087 χρυσοσή-

282 4127 511 4178 μαντον,
539 4110 682 4180 apud
702 4108 942 4164 NiCetam
970 4109 1170 4164 iterum
1194 4107 1473 4178 βασιλικὸν
1498 4107 1858 4178 ὲρυθρόδανον

279 4208 331 4257 in
363 4204 684 4259 Andronico
751 4204 787 4257 1.
811 4218 872 4266 ιι,
923 4213 976 4256 et
1033 4201 1088 4255 itt
1138 4200 1402 4255 Balduino
1447 4198 1861 4270 ὲρυθρόγραφον

277 4300 524 4367 γράμμα
555 4308 606 4350 et
635 4295 831 4351 similia
865 4295 1091 4364 liquent.
1112 4293 1363 4346 Alexiutn
1391 4291 1690 4347 secundum
1719 4300 1860 4343 atra-

283 4402 476 4443 mento
511 4391 788 4444 communi
855 4388 1134 4459 nigrisque
1167 4385 1364 4440 litteris
1433 4384 1602 4440 semel
1658 4398 1856 4437 nomen

279 4496 564 4542 exarasse,
585 4481 777 4536 litteris
799 4480 863 4535 ad
886 4480 1150 4550 synodum
1173 4478 1377 4541 missis,
1407 4477 1573 4532 refert
1598 4476 1818 4532 Nicetas
1846 4494 1859 4529 :

281 4573 504 4626 Βιϐλίαν
541 4571 869 4636 λακωνίζων
916 4571 1198 4640 ξυντίθησι
1231 4570 1369 4641 πρὸς
1399 4570 1498 4640 τὴν
1527 4569 1682 4638 ἱερὰν
1739 4569 1866 4622 σύν-

279 4666 423 4726 οδον,
457 4665 740 4717 καὶτοῦτο
786 4664 1291 4733 ὑποσημηνάμενος
1343 4662 1592 4717 κάτωθεν
1614 4661 1702 4714 διὰ
1757 4664 1862 4732 μέ-

283 4756 446 4817 lavo;
473 4758 548 4825 τῷ
569 4758 755 4825 οἰκείῳ
785 4756 1031 4825 ὀνόματι,
1059 4757 1150 4808 ἐπὶ
1179 4755 1370 4824 κοινῆς
1425 4751 1746 4824 ἀκροάσεώς
1793 4769 1854 4804 τε

282 4849 389 4896 καὶ
410 4846 646 4916 σκέψεως
669 4847 1011 4899 ἀναδίδωσιν.
1041 4846 1390 4901 Andronicus
1415 4845 1600 4900 senior
1621 4844 1856 4912 imperio

281 4937 536 4990 nuntium
601 4938 828 4990 omnino
897 4938 1232 4992 remissurus
1290 4936 1403 4989 ἄνω
1460 4937 1562 5005 μὲν
1627 4935 1861 5006 ἐρυθρὸν

283 5025 569 5096 προῦθηκε
598 5027 691 5079 τὸν
708 5026 804 5078 τοῦ
845 5027 991 5080 θείου
1039 5026 1279 5097 σταυροῦ
1307 5025 1502 5090 τύπον,
1554 5041 1680 5084 mox
1714 5026 1862 5079 velut

285 5121 491 5186 scripta
517 5119 698 5172 tabula
736 5118 979 5187 privatus
1025 5118 1268 5173 redditus
1319 5117 1476 5171 κάτω
1509 5117 1564 5170 δὲ
1628 5117 1860 5187 μέλανα.

286 5211 459 5266 ϐοΑιι.

366 5303 422 5356 Ρ.
441 5303 524 5358 32.
547 5303 732 5376 [Πρός
762 5319 825 5356 τε
842 5301 1056 5372 ρἦας.
1078 5302 1236 5358 Solos
1258 5301 1632 5357 Romanorum
1671 5303 1861 5358 Persa-

287 5408 518 5463 rumque
549 5396 826 5467 principes
847 5397 1103 5466 βασιλέας
1137 5405 1356 5450 vocatos
1396 5410 1423 5448 a
1458 5393 1665 5450 Graecis
1691 5395 1863 5448 histo-

291 5487 441 5549 ricis,
507 5500 779 5559 quotquot
837 5489 1108 5558 reliquere
1159 5497 1511 5543 monumenta
1574 5502 1862 5541 common-

295 5589 495 5646 stt-int;
530 5597 708 5651 eoque
760 5581 1003 5643 nomine,
1028 5596 1167 5649 quos
1201 5581 1564 5647 imperatores
1590 5578 1857 5646 dicimus,

295 5659 509 5730 volucre
566 5674 942 5749 signiﬁcatus:
1012 5675 1132 5733 aliis
1176 5689 1439 5745 supremo
1501 5672 1644 5744 jurc,
1690 5688 1857 5744 regno

1963 3109 2254 3172 eapropter
2290 3099 2382 3153 ubi
2447 3093 2844 3166 legimus‘apud
2893 3091 3134 3147 Nicetam
3159 3089 3403 3158 ἁμηρᾶς,
3428 3084 3534 3139 alia

1962 3195 2128 3251 lectio
2188 3191 2519 3254 σουλτάνους
2567 3189 2747 3259 ponit.
2780 3185 2974 3240 Sultau
3005 3196 3189 3237 autem
3232 3179 3530 3233 Turcicutn

1962 3293 2264 3362 principem
2301 3289 2548 3344 denotat.

2033 3383 2111 3437 ΙΙ).
2179 3379 2528 3452 [Τοπάρχας.
2582 3376 2883 3430 Paucarum
2931 3370 3149 3425 urbium
3209 3375 3309 3422 aut
3373 3363 3533 3418 unius

1963 3475 2259 3546 provinciae
2292 3472 2545 3542 princeps
2576 3477 2662 3524 est
2687 3466 2993 3535 τοπάρχης.
3020 3458 3378 3530 Toparcbias.
3399 3469 3538 3546 qua-

1963 3545 2042 3623 les
2070 3580 2169 3620 nos
2194 3563 2429 3617 ducatus
2464 3561 2548 3616 vel
2606 3559 2924 3619 comitatus,
2950 3552 3213 3609 describit
3247 3548 3413 3618 258
3441 3545 3536 3599 Ni-

1961 3667 2111 3714 cetas
2139 3656 2312 3711 Alesii
2334 3671 2416 3720 ttt,
2448 3655 2507 3721 '5,
2561 3652 2766 3707 veteris
2789 3647 3047 3704 editionis
3069 3660 3122 3713 p.
3151 3642 3273 3707 566,
3298 3655 3422 3694 cum
3447 3651 3537 3690 sa-

1963 3754 2134 3819 trapis
2169 3747 2455 3805 confundit
2479 3763 2532 3817 p.
2555 3745 2680 3800 578.
2708 3744 2937 3807 Exinde,
2963 3757 3014 3809 p.
3036 3737 3161 3796 586,
3187 3731 3528 3786 Bonifacium

1963 3841 2354 3898 Montisferrati
2406 3837 2806 3897 marchionem,
2865 3829 3192 3884 Balduinutn
3240 3819 3533 3878 Flandriaa,

1965 3933 2256 3989 lleuricunt
2291 3932 2346 3987 S.
2375 3929 2527 3985 Pauli
2558 3937 2611 3982 et
2644 3923 2978 3978 Ludovicutn
3003 3913 3337 3971 Blesensium
3363 3907 3536 3964 comi-

1965 4035 2045 4079 tes
2077 4021 2356 4090 τοπάρχας
2381 4019 2534 4080 τινας
2581 4016 2824 4084 εὐγενεῖς
2856 4008 3084 4066 scribit;
3119 4016 3356 4074 quorum
3394 4014 3530 4066 prae.

1964 4127 2216 4173 cessores
2270 4109 2780 4180 Hierosolymilante
2823 4099 3186 4175 profectionis
3220 4092 3534 4155 antesignaa

1965 4226 2066 4266 nos
2098 4210 2382 4278 τοπάρχας
2412 4212 2467 4260 et
2489 4205 2770 4272 κόμητας,
2806 4213 2913 4252 non
2947 4210 3054 4249 uno
3079 4191 3202 4246 ltbri
3237 4186 3383 4242 tertii
3410 4184 3537 4237 loco

1964 4307 2360 4356 memoraverat
2387 4297 2540 4352 Anna
2564 4295 2866 4350 Comnena.

2046 4392 2131 4446 Ib.
2179 4389 2536 4463 [Λοτοθέτου
2615 4381 2992 4450 ὑπηρέτημα.
3071 4374 3144 4431 De
3221 4373 3542 4463 memoratis

1965 4461 2241 4540 referebat
2264 4477 2330 4533 ad
2356 4479 2766 4546 imperatorem.
2789 4469 2897 4524 Leo
2925 4464 3330 4522 Grammaticus
3361 4465 3412 4516 iu
3442 4461 3542 4514 Mi.

1965 4571 2153 4627 chaele
2191 4566 2481 4637 Theophili
2507 4582 2522 4620 :
2556 4562 2881 4620 Θεόκτιστος
2938 4553 3233 4622 λογοθέτης
3265 4550 3435 4622 ἐλθὼν
3457 4554 3539 4611 εἰς

1963 4664 2032 4718 τὰ
2064 4663 2408 4732 ἀσηκρήτεια
2470 4656 2685 4726 κρατῶν
2742 4653 2838 4714 τὰς
2898 4646 3202 4715 ἀναφορᾶς,
3249 4656 3304 4697 et
3357 4642 3537 4732 infra:

1977 4753 2308 4820 Ἐκελεύσθη
2368 4747 2488 4819 μετ’
2544 4747 2714 4816 ὀργῆς
2765 4740 2976 4801 ἀνοῖξαι
2999 4737 3098 4796 τὰς
3128 4734 3408 4802 ἀναφορὰς
3445 4731 3540 4783 καὶ

1965 4845 2303 4913 ἀναγνῶναι.
2325 4841 2626 4895 Crescente
2651 4846 2869 4904 quoque
2891 4827 3180 4897 logothetae
3208 4822 3539 4878 auctoritate

1969 4936 2216 4991 decrevit
2233 4931 2464 4989 caniclei
2488 4928 2753 4994 dignitas,
2780 4933 2850 4976 οι·
2873 4931 2929 4974 ιιι
2962 4919 3049 4974 ille
3082 4915 3349 4983 rescripta
3375 4916 3539 4982 chry-

1967 5029 2294 5096 sobullaquc
2326 5021 2597 5093 principis
2657 5017 2954 5074 emitteret,
2992 5023 3256 5079 purpura,
3281 5020 3387 5075 qua
3422 5005 3538 5059 sola

1969 5121 2332 5188 subsignabat
2390 5116 2719 5183 imperator,
2771 5109 2824 5164 ei
2884 5105 3218 5162 commissa:
3284 5099 3542 5154 canicleo

1966 5212 2216 5264 restituta
2285 5206 2500 5274 legitur,
2555 5199 2816 5255 Manuelis
2885 5196 2921 5250 ι.
2964 5212 3021 5249 ιιι
3058 5194 3200 5262 apud
3268 5189 3537 5248 Nicetam.

1969 5299 2158 5357 Fidem
2185 5301 2410 5367 insuper
2440 5297 2550 5350 Deo
2576 5303 2628 5363 et
2652 5289 2853 5361 populo
2886 5304 2944 5342 se
2970 5295 3313 5342 servaturum
3344 5285 3395 5338 in
3420 5283 3543 5349 eius

1968 5397 2224 5451 manibus
2248 5367 2608 5462 pollicebatur
2652 5387 2906 5457 princeps
2960 5391 3206 5436 reccnter
3231 5379 3541 5442 institutus,

1967 5498 2247 5559 proutsuo
2287 5485 2408 5539 loco
2429 5483 2693 5539 referetur
2737 5471 2938 5548 Go.\n.]

2041 5579 2097 5632 Ρ.
2131 5579 2218 5632 53.
2253 5576 2554 5630 Domestici.
2582 5571 2769 5628 Diﬂ'ert
2816 5571 2960 5624 istea
3010 5565 3311 5622 domestico
3341 5581 3543 5619 mcnsru

1971 5683 2024 5730 ct
2053 5673 2118 5728 ab
2148 5672 2268 5730 aliis
2291 5670 2624 5742 domesticis.
2645 5667 2717 5724 ita
2748 5665 3044 5722 vocabatur
3074 5661 3222 5734 παρὰ
3256 5660 3314 5716 τὸ
3378 5659 3541 5730 thny
3571 5733 3580 5738 _
