3952 6222
447 313 550 384 291

1542 318 1622 383 IN
1671 321 1977 384 LIBRUM
2019 322 2115 383 os
2159 317 2486 384 ornans
2545 283 2649 386 cr.

3613 326 3716 390 292

448 436 617 490 fuisse
643 433 869 501 scribat;
897 433 1064 488 fuisse
1095 435 1242 490 enim
1265 437 1574 506 prmfei-tum
1595 442 1772 496 aerarii
1795 457 2026 511 genera-
2056 442 2103 502 Α
2133 441 2267 496 riten
2299 443 2393 496 hoc
2421 458 2594 513 posse,
2659 442 2752 498 sed
2806 442 2947 497 inter
2999 457 3192 497 omnes
3239 445 3712 512 protovestiaiitcn

448 525 538 578 lis.
570 525 673 579 Sed
702 526 860 578 liceat
887 525 1099 579 Codiuo
1119 528 1253 582 cina
1286 532 2024 603 reprehensionemquzedam

446 617 718 684 ignorare,
737 618 1178 686 quandoquidem
1201 619 1656 677 illenrsiusomnia
1674 625 1795 680 scil.
1819 628 2022 683 Gus'rs.

521 705 604 761 Ib.
653 708 957 780 [Κελιιίον.
995 710 1066 764 Ut
1108 715 1382 777 monachi,
1442 715 1513 767 ita
1555 728 1604 770 et
1660 719 1921 788 episcopi,
1970 722 2022 775 in

440 799 642 864 quibus
679 812 1033 855 versarentur
1067 804 1231 868 mdes,
1274 820 1540 862 vocavere
1587 810 1797 864 κε).).ἱα.
1832 812 2022 868 lsaacii

439 891 629 961 Angcli
669 891 890 946 Novella
915 893 1183 950 JurisGr.
1221 913 1270 965 p.
1315 899 1449 954 179.:
1499 904 1912 976 ’Δπεστάλησαν
1940 908 2021 969 εἷς

436 985 504 1037 τὰ
529 987 586 1036 ὲν
608 979 690 1048 οἷς
720 988 1021 1056 καταμένει
1061 991 1252 1044 κελλία
1275 993 1302 1044 ὁ
1335 993 1597 1056 Κυζίκου.
1629 996 1694 1048 Et
1727 996 1901 1052 infra:
1931 993 2021 1051 Ei-

439 1097 540 1132 πον
588 1082 662 1151 μὴ
718 1085 972 1153 ὲιξευρεῐν
1032 1087 1197 1140 αὑτδν
1255 1087 1313 1138 ὲν
1369 1093 1479 1152 τοῖς
1537 1089 1705 1144 αὑτοῦ
1763 1093 2016 1157 κελλιοις.

438 1169 790 1236 Patriarclne,
825 1185 934 1228 ute
983 1179 1332 1232 monasteriis
1383 1183 1670 1251 assumpli,
1729 1185 1891 1239 etiam
1960 1187 2014 1241 in

436 1265 769 1332 patriarchio
807 1267 1016 1329 cellam,
1065 1271 1124 1321 τὸ
1179 1271 1411 1336 κελ).ἰον,
1481 1283 1618 1328 teste
1679 1275 2016 1348 Euchologio

439 1364 647 1416 nostro,
704 1368 1046 1424 repererunt.
1107 1359 1326 1429 Ipsique
1384 1364 1601 1418 tandem
1656 1365 2014 1436 imperatores

432 1446 929 1500 ecclesiasticarum
957 1465 1165 1502 morum
1192 1453 1400 1515 manili,
1441 1455 1509 1509 de
1535 1473 1644 1527 quo
1669 1469 1794 1512 nota
1835 1461 2008 1528 prima

432 1537 486 1589 in
516 1536 861 1606 Curopalataa
889 1540 1176 1595 historiam
1233 1545 1477 1610 disserit,
1509 1547 1562 1601 in
1612 1550 1812 1617 palatio
1843 1567 2012 1621 angu-

427 1638 565 1682 stam
625 1631 728 1683 sibi
792 1634 1091 1688 condidere
1145 1637 1368 1701 cellam,
1439 1641 1491 1693 in
1551 1657 1712 1710 quam
1771 1648 2006 1701 tumultu

429 1721 787 1788 negotim'um.
832 1725 1000 1793 erepti
1063 1742 1122 1779 se
1182 1730 1521 1797 reciperent.
1575 1734 1630 1787 In
1695 1735 2006 1803 huiusmodi

428 1814 726 1880 penetrale,
760 1825 901 1869 retro
919 1819 1230 1872 cubiculum
1254 1821 1483 1876 interius
1503 1827 1761 1893 positum,
1785 1831 2014 1886 secessit

427 1903 497 1958 ab
529 1906 720 1960 amicis
759 1910 999 1964 monitus
1050 1912 1393 1968 Andronicus
1426 1919 1632 1982 senior,
1670 1935 1736 1975 ne
1766 1923 1897 1990 quid
1953 1924 2007 1979 in

425 2011 549 2049 eum
584 1998 911 2053 molirentur
938 2001 1172 2068 iunioris
1207 2003 1450 2061 fautores
1507 2009 1560 2062 in
1611 2013 1884 2069 exteriore
1913 2018 2011 2070 tri-

426 2085 591 2140 clinio
622 2097 867 2148 stantes:
896 2091 1118 2144 Τούτων
1156 2093 1398 2158 ἀκούσας
1441 2099 1468 2149 ὁ
1495 2097 1751 2167 βασιλεὺς
1806 2103 2005 2175 ἀνέστη

425 2195 484 2231 τε
522 2181 722 2234 αὐτίκα.
741 2181 837 2234 τοῦ
871 2182 1063 2252 Θρόνου
1098 2186 1191 2238 καὶ
1223 2189 1359 2257 πρὸς
1410 2190 1502 2242 τὸν
1537 2193 1816 2263 ἐνδότερον
1866 2197 2006 2251 οἰκι-

426 2285 559 2320 σκον
597 2270 816 2341 ἐχώρει,
859 2273 951 2324 τὸν
1009 2275 1131 2327 νέον
1172 2276 1400 2346 βασιλέα.
1463 2284 1578 2343 τοῖς
1626 2286 2006 2357 ἀκροωμένοις

423 2361 540 2430 ἅμα
572 2365 727 2434 παρὰ
761 2365 850 2417 τὸν
877 2365 984 2430 ἔξω
1031 2370 1372 2426 καταλιπών.
1403 2371 1479 2428 Ita
1503 2375 2002 2447 Cantacuzeuus,l.

421 2469 459 2512 ι.
489 2471 537 2509 c.
580 2456 684 2520 l5;
721 2465 775 2510 at
813 2475 864 2512 c.
899 2459 931 2513 5
961 2476 1066 2513 non
1104 2462 1285 2518 minus
1319 2476 1606 2534 angustam
1638 2485 1801 2540 quam
1835 2489 2003 2544 angu-

417 2545 855 2616 starn'dcpingit,
900 2550 1039 2602 adeo
1095 2561 1154 2604 ut
1211 2550 1433 2620 juvenis
1466 2557 1762 2625 imperator
1813 2563 2000 2617 clauim

415 2637 511 2690 τοῦ
559 2638 812 2692 οἰκίσκον
843 2639 943 2710 τὴν
988 2640 1180 2712 Θύραν,
1213 2638 1338 2712 ἐνῷ
1369 2648 1616 2718 καθῆστο
1673 2655 1921 2724 συνήθως
1972 2661 2000 2714 ὁ

416 2730 691 2799 βασιλεύς.
724 2736 1039 2789 stemmatis
1069 2737 1120 2789 in
1147 2740 1324 2806 capite
1352 2742 1513 2808 positi
1545 2744 1752 2814 lapides
1786 2750 1852 2805 ad
1904 2767 1999 2807 suo

413 2820 765 2887 perliminare
799 2825 1018 2878 nescius
1045 2827 1297 2882 alliserit.
1338 2828 1410 2883 De
1434 2834 1658 2890 cel/lotis
1692 2839 1806 2894 sive
1843 2842 1998 2897 cubi-

409 2911 638 2965 culariis
663 2929 690 2963 a
724 2914 857 2967 cella
890 2916 1048 2970 dictis
1081 2920 1194 2985 agit
1231 2917 1526 2987 Phranzes,
1563 2943 1621 2990 tt,
1658 2929 1708 2982 l.

2131 531 2346 603 πρῶτον
2390 535 2625 604 primum
2658 543 2986 589 anteomnes
3026 550 3146 589 esse
3167 534 3252 588 cui
3280 535 3590 602 imperaturi
3616 540 3714 590 ali-

2129 625 2257 693 quid
2287 625 2338 678 iu
2362 628 2631 694 parastasi
2653 625 2995 694 proponeudi
3009 627 3100 694 jus
3119 635 3171 679 et
3191 625 3419 680 facultas
3439 639 3710 697 suppetat.

2211 713 2316 768 Sed
2344 724 2398 767 ut
2423 717 2487 768 ad
2509 716 3010 784 apocrisiariunivel
3032 715 3426 792 apocrisarium
3449 718 3652 771 dictum
3678 735 3707 773 a

2130 807 2402 875 responsis
2426 817 2876 871 revertamur,est
2895 808 3264 861 internuntius
3280 824 3601 877 responsum
3627 810 3705 864 fe-

2125 911 2250 950 rcns
2269 907 2362 950 aut
2389 896 2684 964 accipiens,
2713 906 2866 952 etest
2889 896 3112 966 legatus
3134 897 3214 950 vel
3235 907 3555 964 procurator
3571 913 3703 952 con-

2127 983 2340 1036 liciendi
2375 984 2608 1054 alicujus
2640 984 2840 1053 negotii
2865 999 3028 1040 causa
3047 985 3267 1039 missus.
3294 984 3347 1038 In
3378 986 3622 1053 epistolis
3645 989 3701 1042 S.

2121 1073 2415 1145 Gregorius
2434 1074 2660 1144 Magnus
2680 1089 2728 1130 et
2757 1078 2846 1131 alii
2869 1075 3102 1131 Romani
3122 1077 3403 1145 pontifices
3428 1079 3705 1145 apocrisa-

2121 1168 2321 1220 riorum
2341 1178 2394 1222 ct
2421 1172 2806 1238 responsalium
2835 1171 3035 1238 passim
3072 1169 3392 1224 meminere.
3424 1170 3700 1237 Origineni

2121 1257 2284 1312 habet
2319 1275 2420 1313 vox
2454 1259 2672 1314 ἀπὸτοῦ
2700 1261 3093 1329 ἀποκρίνομαι,
3115 1260 3261 1330 quod
3293 1272 3373 1314 est
3397 1277 3703 1328 responsum

2117 1350 2266 1402 dare.
2303 1347 2473 1405 liodie
2508 1363 2663 1421 reges
2693 1360 2746 1405 et
2787 1353 3066 1421 principes
3092 1354 3142 1404 in
3177 1353 3301 1405 aula
3333 1352 3609 1420 pontificis
3649 1361 3704 1406 et

2117 1442 2348 1496 aliorum
2383 1459 2566 1514 regum
2595 1459 2725 1498 suos
2753 1444 2953 1498 habent
2987 1445 3209 1513 legatos,
3233 1445 3326 1514 qui
3351 1461 3536 1498 revera
3575 1456 3702 1499 sunt

2116 1537 2455 1604 apocrisarii,
2526 1538 2807 1607 responsis
2863 1537 3102 1592 ferendis
3137 1548 3192 1594 et
3225 1537 3558 1608 accipiendis
3604 1538 3702 1591 de-

2113 1626 2321 1684 stinati.
2350 1628 2488 1684 Olim
2518 1631 2760 1684 Ecclesia
2810 1630 3052 1684 Rotnana
3081 1631 3133 1684 in
3162 1629 3443 1700 Cpolitana
3470 1629 3700 1684 habebat

2116 1735 2278 1774 suum
2339 1722 2758 1790 apocrisiariqu
2789 1737 2884 1776 seu
2922 1724 3318 1791 respousalem,
3355 1722 3446 1791 qui
3479 1724 3533 1775 in
3574 1722 3697 1774 aula

2049 1785 2088 1838 Β
2121 1785 2467 1878 imperatoris
2523 1812 2768 1866 residens
2826 1827 2912 1865 res
2953 1785 3211 1866 Ecclesiae
3273 1812 3540 1878 curabat,
3590 1827 3699 1880 quo

2121 1915 2347 1954 munere
2399 1900 2528 1954 olim
2585 1901 2639 1954 in
2673 1901 2796 1954 aula
2836 1899 3129 1954 Justiniani
3189 1901 3406 1954 functus
3454 1911 3537 1954 est
3571 1909 3696 1953 ante

2119 1991 2492 2060 pontificatum
2515 1989 2571 2046 S.
2599 1990 2899 2063 Gregorius
2922 1991 3170 2062 Magnus.
3196 1991 3258 2045 Et
3287 1993 3338 2045 in
3364 1992 3487 2046 aula
3511 2008 3699 2062 regum

2116 2080 2364 2138 Francis:
2388 2095 2682 2154 perpetuus
2705 2096 2821 2140 erat
2843 2085 3258 2154 aporrisiarius,
3285 2086 3335 2139 id
3357 2096 3441 2141 est
3468 2101 3700 2154 respou-

2115 2175 2248 2231 salis
2269 2178 2610 2247 negotiorum
2627 2178 3152 2234 ecciesiasticornm.
3171 2177 3517 2242 llincmarus,
3533 2178 3698 2247 epist.

2113 2267 2168 2330 ὅ,
2194 2284 2243 2322 c.
2291 2268 2355 2322 l3
2380 2279 2434 2322 ct
2470 2267 2569 2324 Mt
2601 2268 2826 2333 Quando
2845 2268 3240 2336 {Constantinus
3275 2283 3497 2338 magnus
3530 2268 3702 2333 impe-

2112 2372 2262 2414 rator
2283 2359 2616 2416 Christianus
2638 2361 2852 2428 effectus
2880 2370 3092 2429 propter
3110 2376 3337 2412 amorem
3365 2370 3412 2411 et
3443 2361 3698 2412 honorem

2111 2452 2209 2509 SS.
2264 2455 2625 2520 apostolorum
2663 2455 2808 2506 Petri
2826 2465 2874 2506 et
2907 2451 3090 2518 Pauli,
3121 2467 3338 2521 quorum
3358 2453 3597 2505 doctrina
3629 2469 3697 2506 ac

2110 2545 2404 2596 ministerio
2433 2551 2501 2596 ad
2527 2543 2725 2596 Christi
2753 2543 2984 2612 gratiam
3001 2542 3338 2610 baptismatis
3369 2541 3697 2595 sacramenti

2106 2633 2359 2699 pervenit,
2394 2631 2564 2684 locum
2597 2640 2647 2684 et
2671 2633 2842 2683 sedem
2878 2640 3054 2694 suam,
3097 2631 3278 2685 urbem
3320 2632 3524 2684 scilicet
3576 2629 3694 2684 Ro-

2107 2738 2340 2788 manam,
2376 2739 2527 2792 papa:
2571 2720 2826 2777 Silrestro
2852 2723 3023 2776 edicto
3062 2723 3321 2793 privilegii
3359 2724 3600 2785 tradidit,
3641 2734 3693 2776 et

2104 2817 2278 2868 sedem
2329 2832 2482 2868 suam
2525 2815 2576 2868 in
2605 2816 2814 2868 civitate
2845 2830 2963 2878 sua,
2997 2830 3112 2884 qua:
3160 2826 3316 2868 antea
3366 2815 3694 2884 Byzantium

2105 2907 2410 2972 vocabatur,
2444 2908 2668 2961 nominis
2703 2908 2786 2962 sui
2815 2908 3080 2961 civitatem
3115 2909 3423 2976 amplianda
3449 2909 3694 2976 a'diﬁca-

481 3003 642 3072 262
680 3003 737 3058 P.
764 3006 852 3059 35.
882 3007 1032 3080 [Ἵνα
1061 3010 1478 3085 δημηγορήσῃ.
1504 3016 1677 3077 Verba
1712 3022 1890 3081 fecere
1922 3029 1988 3085 de

2100 2999 2186 3062 vit,
2211 3009 2259 3052 ct
2291 3001 2368 3053 sic
2404 2999 2735 3068 responsales
2780 3010 2889 3052 tam
2938 2998 3188 3054 Romana:
3239 3002 3375 3056 sedis
3417 3019 3574 3071 quam
3636 3015 3693 3057 et

407 3095 574 3149 rebus
599 3097 773 3152 sacris
811 3099 876 3152 ad
905 3113 1157 3157 senatum
1216 3116 1266 3160 et
1318 3112 1576 3176 populum
1628 3113 1988 3185 imperatores

405 3184 600 3238 Graeci.
634 3185 1028 3257 Theophanes,
1059 3193 1362 3264 Cedrenus,
1396 3197 1636 3258 Zonaras
1677 3184 1784 3260 tam
1838 3214 1984 3279 gravi

405 3279 596 3332 morbo
649 3279 912 3348 jactatutu
946 3282 1183 3340 Leonem
1241 3288 1553 3358 Sapientem
1605 3295 1870 3366 referunt,
1908 3304 1986 3367 ὡς

406 3368 815 3465 ρῇᾀδυῌνηθῆναι
847 3375 1203 3445 διαλεχθῆναι
1229 3382 1293 3451 τῇ
1336 3384 1627 3458 συγκλήτῳ
1654 3390 1754 3461 τὴν
1780 3394 1986 3465 συνήθη

401 3461 662 3528 διάλεξιν,
689 3464 722 3532 ἢ
756 3466 1006 3519 καλιῐται
1054 3469 1341 3526 σιλέντιον.
1372 3472 1725 3535 Rccnduntur
1757 3485 1824 3537 ab
1853 3461 1992 3539 arui;

399 3567 468 3607 co
493 3553 787 3621 Combelis,
821 3573 964 3622 quos
994 3560 1061 3615 de
1097 3563 1333 3632 Christo,
1363 3567 1427 3621 de
1458 3568 1516 3624 B.
1566 3572 1628 3628 V.
1665 3575 1728 3628 de
1783 3581 1991 3636 sanctis

399 3642 584 3710 plures
616 3658 838 3714 vegetus
880 3651 1259 3717 pronuntiavit
1321 3671 1628 3717 sermones.
1681 3663 1991 3724 Alexander

402 3734 561 3804 hujus
591 3737 793 3794 Leonis
845 3741 1032 3810 frater,
1086 3745 1353 3801 referente
1406 3751 1682 3819 Ccdreno,
1733 3756 1851 3826 ἅμα
1893 3761 1992 3812 Νο-

396 3829 579 3899 κολάῳ
603 3831 893 3898 καθεσθεὶς
923 3839 981 3888 ὲν
1007 3842 1070 3909 τῇ
1096 3838 1428 3914 Μαγναύρᾳ,
1457 3846 1730 3902 σιλεντῑου
1765 3856 1993 3923 γενομέο

397 3923 643 3991 νου,τὴν
683 3923 963 3995 ΕὑΘυμίου
1027 3930 1350 4001 καθαίρεσιν
1398 3937 1716 4007 ἐποιήσατο.
1777 3943 1989 4001 Mannel
2060 3985 2062 3987 -

392 4010 732 4076 Comnenus,
755 4019 940 4073 t‘ticeta
970 4022 1233 4091 scriptore
1251 4024 1302 4078 in
1329 4028 1449 4096 ejus
1468 4027 1612 4094 Vita,
1639 4032 1674 4088 Ι.
1701 4049 1795 4101 vn,
1822 4053 1989 4108 κιτηο

395 4105 694 4175 χητηρίους
724 4111 880 4163 ὣδινε
917 4111 1132 4180 λόγους,
1179 4114 1278 4179 οὓς
1335 4136 1468 4184 φασι
1519 4122 1878 4192 σιλέντια,καὶ
1909 4105 1991 4194 sic;

395 4198 583 4267 κοινὴν
605 4199 909 4253 ἀνέπτυσεν
944 4203 1144 4273 ἀκοήν.
1178 4206 1250 4261 De
1285 4206 1462 4263 Leone
1486 4212 1750 4269 Armenio
1786 4220 1994 4275 dixerat

397 4289 552 4356 prius
583 4289 763 4344 brevis
793 4300 848 4345 et
877 4294 1104 4350 mutilus
1132 4298 1484 4354 continuator
1517 4301 1889 4374 Theophanis,
1924 4311 1984 4363 τὸ

394 4380 541 4450 πρωϊ
575 4382 836 4450 ἐποίησεν
864 4385 1129 4440 σιλέντιον
1149 4388 1176 4440 ὀ
1205 4391 1320 4453 υἱὸς
1346 4392 1444 4460 τῆς
1489 4395 1767 4463 ἀ).ηοεία,.
1803 4399 1976 4454 Idcir-

391 4487 456 4523 co
487 4471 709 4524 domum
741 4472 918 4543 ignem
954 4475 1377 4545 imperatoribus
1405 4482 1738 4542 Christianis
1784 4495 1976 4559 pra-la-

387 4574 506 4616 lutn
541 4565 739 4618 asserit
789 4565 1080 4623 Balsamon
1115 4572 1261 4640 quod
1313 4574 1534 4643 λαμπὰς
1587 4579 1975 4638 διδασκαλικοῦ

389 4654 541 4704 ἔστιν
561 4653 893 4724 ἀξιώματος,
924 4668 978 4712 et
1007 4661 1413 4732 αὐτοκράτορες
1437 4670 1822 4737 κατηχητικῶς
1845 4675 1974 4744 ὀμι-

389 4742 542 4794 λοῦσι
573 4745 647 4814 τῷ
682 4747 1066 4818 Χριστωνύμῳ
1095 4750 1229 4820 λαῷ.

445 4831 531 4886 1b.
558 4831 958 4906 [Εὑεργετήσῃ
985 4841 1288 4908 όφρὶκιον.
1306 4840 1381 4898 ita
1399 4845 1713 4902 Comuenus
1730 4851 1972 4918 Alexius,

390 4937 529 4980 teste
565 4927 671 4980 lilia
704 4929 825 4997 ejus
854 4929 990 4986 Vitae
1022 4933 1061 4988 l.
1084 4948 1122 4999 t,
1143 4935 1200 4987 τὸ
1235 4938 1405 5007 γέρας
1431 4939 1672 4993 ἀπέλαϐε
1706 4948 1854 5013 παρὰ
1877 4946 1971 4998 τοῦ

385 5018 790 5090 αὐτοκράτορος
820 5023 1023 5090 τὴντοῦ
1049 5028 1314 5082 σεσειστοῦ
1336 5031 1491 5095 ἀξίαν
1518 5033 1780 5096 σεΰαστὸς
1801 5038 1974 5110 ἀναῤ-

388 5109 576 5179 ρτιθεὶς
625 5113 689 5165 ἐκ
711 5116 882 5185 μέσης
907 5117 1236 5189 συγκλήτου.
1262 5121 1458 5194 Go.\n.]

458 5202 545 5258 Ib.
593 5206 1010 5274 Apocrisiarius.
1048 5211 1140 5266 Est
1194 5216 1280 5269 hic
1318 5218 1546 5284 legatus,
1599 5221 1690 5288 qui
1743 5221 1969 5278 alterius

388 5294 509 5347 loco
534 5296 847 5367 imperatori
878 5301 1084 5370 aliquid
1122 5307 1412 5374 proponit;
1443 5311 1587 5378 quod
1621 5321 1799 5367 tanu-n
1828 5331 1967 5367 non-

389 5387 494 5441 nisi
523 5405 616 5458 per
654 5395 1159 5463 protovestiariten,
1194 5409 1249 5452 et
1309 5399 1410 5453 hoc
1457 5405 1682 5458 absente
1719 5421 1815 5476 per
1856 5423 1970 5462 ma-

388 5493 552 5546 gnum
589 5482 1027 5551 hetaeriarcham,
1053 5498 1105 5543 et
1136 5490 1237 5544 hoc
1265 5491 1451 5546 itidem
1479 5495 1701 5550 absente
1731 5515 1827 5566 per
1857 5501 1969 5570 pri-

387 5570 672 5626 micerium
707 5578 845 5630 auia:
889 5579 1004 5633 fieri
1062 5591 1292 5651 poterat.
1343 5583 1490 5639 Cave
1526 5599 1706 5642 autem
1765 5607 1832 5644 ne
1893 5592 1964 5647 ob

384 5663 795 5733 arnbiguitatcm
822 5670 994 5726 Gr':eci
1023 5683 1204 5730 textus
1229 5677 1463 5744 primum
1489 5685 1960 5747 proterrestiaritcu

378 5770 556 5813 crees.
590 5756 706 5815 Non
728 5764 872 5818 enirn
899 5767 986 5823 hic
1016 5785 1212 5826 sensus
1228 5780 1331 5837 CSI,
1358 5773 1586 5838 primum
1617 5777 1964 5829 Drotorcstiu-

2090 3093 2322 3145 aliarum
2359 3094 2748 3162 prtecipuarum
2772 3093 2974 3147 sedium
2998 3095 3051 3147 in
3085 3095 3289 3162 palatio
3310 3111 3404 3164 pro
3438 3095 3689 3149 ecclesia-

2090 3185 2240 3237 sticis
2277 3187 2496 3254 negotiis
2531 3185 2899 3249 excubabant;
2931 3186 3220 3255 aliquando
3275 3202 3366 3254 per
3391 3187 3691 3254 episcopos:

2093 3279 2384 3346 aliquando
2417 3295 2534 3331 vero
2567 3294 2660 3347 per
2722 3280 2975 3332 diaconos
3038 3279 3331 3346 apostolica
3386 3281 3533 3333 sedes
3581 3280 3692 3334 hoc

2092 3370 2258 3440 ofﬁc-io
2290 3370 2643 3441 fungebatur,-
2665 3387 2767 3440 quo
2789 3371 2967 3439 ofﬁcio
2989 3370 3051 3424 Β.
3079 3370 3361 3440 Gregorius
3399 3373 3450 3425 in
3469 3374 3690 3437 diaconi

2092 3465 2276 3518 ordine
2303 3465 2516 3532 functus
2551 3464 2654 3533 fuit
2681 3481 2699 3530 ;
2731 3465 2892 3534 263
2923 3475 2969 3518 et
3000 3481 3064 3519 ex
3089 3466 3208 3518 aliis
3230 3467 3511 3535 prtccipuis
3543 3468 3692 3519 sedi-

2093 3557 2187 3609 bus
2223 3573 2314 3626 per
2341 3558 2593 3609 diaconos
2629 3558 2681 3609 id
2720 3558 2956 3624 ofﬁcium
2989 3558 3392 3627 exsequebatur,
3420 3561 3554 3612 sicut
3586 3575 3692 3610 sa-

2094 3650 2172 3703 cri
2199 3667 2422 3703 canones
2443 3651 2653 3719 jubent.
2707 3649 2774 3702 Et
2811 3651 2864 3702 in
2895 3651 2972 3703 his
3020 3649 3308 3720 Cisalpinis
3353 3650 3684 3722 regionibus,

2095 3749 2372 3809 postquam
2430 3739 2756 3791 illudouicus
2790 3741 3168 3807 prtedicatione
3228 3738 3286 3794 S.
3349 3739 3574 3810 Remigii
3603 3743 3686 3793 ad

2094 3831 2360 3887 Christum
2415 3848 2692 3885 conversus
2729 3844 2777 3885 et
2825 3832 2887 3884 ab
2922 3834 3033 3902 ipso
3067 3850 3186 3886 cum
3227 3833 3395 3886 tribus
3440 3834 3683 3888 millibus

2095 3925 2430 3978 Francorum
2465 3925 2516 3977 in
2561 3925 2736 3995 rigillo
2761 3924 2818 3979 S.
2869 3923 3092 3980 Paschtc
3124 3927 3418 3996 baptizatus
3450 3929 3682 3994 exstitit,

2094 4035 2186 4088 per
2213 4019 2565 4072 successiones
2640 4035 2817 4088 regum
2879 4017 2936 4075 S.
2972 4021 3199 4089 episcopi
3249 4037 3314 4074 ea:
3351 4024 3462 4076 suis
3531 4022 3680 4074 sedi-

2095 4113 2189 4165 bus
2213 4122 2261 4165 ct
2296 4122 2525 4181 tempore
2552 4113 2868 4182 competenti
2917 4111 3175 4180 palatium
3219 4116 3488 4167 visitantes
3519 4116 3681 4167 iicis-

2095 4207 2194 4259 sint
2223 4206 2357 4257 hanc
2387 4205 2908 4258 administrationem
2929 4208 3321 4274 disposuerunt.
3380 4207 3440 4259 Et
3481 4223 3529 4261 c.
3569 4207 3634 4260 16
3657 4225 3678 4262 :

2096 4297 2492 4365 Apocrisiarius
2541 4306 2738 4357 autent,
2795 4315 2945 4367 quem
3007 4310 3269 4352 nostrates
3335 4301 3680 4367 capellanuut

2081 4390 2160 4444 uel
2196 4388 2390 4457 palatii
2418 4390 2685 4441 custodem
2713 4389 3000 4459 appellant,
3044 4407 3247 4443 onmem
3266 4392 3458 4443 clerum
3477 4393 3677 4457 palatii

2079 4482 2170 4534 sub
2197 4497 2325 4534 cura
2350 4491 2397 4534 et
2424 4481 2772 4549 dispositione
2808 4499 2904 4533 sua
2955 4487 3184 4552 regebat.
3222 4483 3362 4534 Intra
3393 4498 3442 4534 c.
3490 4483 3576 4542 l9,
3614 4493 3677 4536 ct

2076 4573 2178 4629 20:
2217 4572 2263 4626 E
2287 4574 2472 4644 quibus
2503 4575 2763 4640 pra'cipue
2788 4574 2912 4639 duo,
2935 4575 2987 4628 id
3020 4583 3096 4628 est
3141 4574 3544 4642 apocrisiarius,
3571 4576 3668 4642 qui

2077 4677 2295 4718 vocatur
2323 4665 2465 4734 apud
2499 4681 2590 4718 nos
2645 4665 2950 4734 capellanus
2991 4665 3066 4717 uel
3119 4665 3309 4732 palatii
3341 4673 3539 4724 custos,
3603 4671 3670 4716 tie

2076 4755 2318 4811 amnibus
2341 4758 2562 4826 negotiis
2589 4757 2956 4810 ecclesiasticis
2986 4756 3061 4811 vel
3092 4757 3347 4809 ministris
3382 4754 3663 4818 Ecclesiu',

2073 4859 2122 4904 et
2159 4867 2331 4903 comes
2363 4850 2552 4918 palatii
2607 4851 2667 4902 de
2695 4852 2934 4903 omnibus
2996 4849 3344 4903 sa'cularibus
3377 4850 3552 4900 causis
3584 4850 3667 4901 ιιι-ι

2069 4942 2288 5010 iudiciis
2316 4943 2642 5010 suscipiendi
2667 4959 2851 4995 curam
2879 4941 3422 4994 insttmterhabcbant
3448 4957 3466 5004 ;
3492 4952 3666 4992 utnec

2071 5035 2418 5090 ecclesiastici
2439 5051 2529 5088 nec
2559 5034 2837 5090 steculares
2865 5034 3012 5103 prius
3049 5033 3300 5087 domuum
3340 5049 3508 5101 regem
3542 5035 3670 5085 abs-

2072 5146 2172 5200 que
2213 5147 2395 5184 eorum
2423 5130 2664 5183 consultu
2689 5131 2979 5198 inquieto-re
3013 5145 3215 5181 necasse
3237 5129 3504 5188 haberent,
3532 5142 3669 5192 quo-

2073 5239 2236 5289 usque
2261 5222 2338 5274 illi
2371 5223 2714 5289 pra'riderent
2740 5225 2783 5273 si
2809 5219 3090 5274 necessitas
3120 5232 3249 5273 esset
3275 5231 3330 5272 ut
3349 5235 3511 5271 causa
3535 5229 3668 5271 ante

2072 5331 2238 5383 regem
2272 5316 2457 5366 merito
2487 5315 2659 5366 uenire
2688 5317 2910 5376 deberet,
2939 5315 2983 5365 si
3006 5330 3123 5365 vero
3145 5322 3344 5364 secreta
3376 5322 3509 5363 esset
3531 5329 3669 5362 can-

2067 5425 2150 5470 sa,
2167 5423 2321 5477 quant
2347 5408 2490 5468 prius
2509 5418 2810 5475 congrueret
2833 5407 3107 5474 regiquam
3128 5406 3369 5473 cuiquam
3390 5403 3549 5456 alteri
3581 5403 3674 5454 di-

2069 5500 2678 5564 cerc,eumdemjdicendi
2693 5501 2860 5553 locum
2880 5503 3042 5551 eidem
3073 5500 3173 5565 ipsi
3191 5495 3550 5563 prtepararcnt
3580 5496 3668 5546 in-

2071 5590 2318 5642 traducto
2333 5592 2480 5657 prius
2516 5605 2654 5657 rege,
2677 5600 2732 5642 ut
2761 5590 2857 5641 hoc
2879 5591 3035 5649 iuxta
3073 5590 3282 5640 modum
3305 5603 3544 5654 persona:
3578 5586 3662 5638 rel

2071 5683 2446 5736 honorabiliter
2463 5684 2538 5737 vel
2557 5683 2815 5752 patienter
2829 5685 2903 5737 t'el
2923 5686 3081 5737 etiam
3107 5682 3515 5737 misericorditer
3527 5695 3622 5734 sus
3634 5713 3658 5721 ς

2075 5777 2284 5840 ciperet.
2324 5776 2715 5843 Apocrisiarius
2777 5775 2984 5844 quidem
3014 5782 3076 5829 dc
3107 5777 3248 5828 omni
3286 5775 3654 5831 ecclesiasltoa
