3952 6222
439 298 544 360 εὶθό

1501 291 1576 350 IN
1638 289 1941 350 UERUM
2003 286 2099 348 DE
2148 285 2484 347 OFFICHS
2525 285 2638 344 CP;

3591 284 3689 349 €96

447 405 630 463 σιλείις
673 399 762 452 τὸν
803 397 1098 451 ἀκόλουθον
1145 396 1366 467 Μιχαὴλ
1413 396 1918 465 πεταπεμψάμενος
1964 395 2020 454 ἐς

2135 393 2250 448 11111.
2287 392 2360 456 Id,
2390 393 2444 446 ni
2480 409 2565 447 me
2592 391 2729 446 fallit
2755 405 2971 455 sensus,
3003 405 3236 461 arguunt
3271 400 3480 448 veteres
3537 398 3695 451 satel-

458 493 699 561 ’ῐΰηρίαν
726 488 1020 555 ἐκπέμπει,
1055 488 1110 548 ὃς
1140 488 1253 538 ἐκεῖ
1285 487 1576 553 γενόμενος
1607 487 1699 538 καὶ
1730 486 1854 548 τοὺς
1908 485 2015 535 διε-

445 582 865 652 σπαρμένουςὲν
903 581 966 648 τῇ
994 577 1201 644 Χαλδίᾳ
1237 580 1329 630 καὶ
1376 575 1582 645 ἰὗηρῖᾳ
1608 577 1890 643 Φρὲιγγους
1926 575 2020 627 καὶ

445 675 774 743 Βαράγγους
802 673 1005 740 ἀγάγῃ.
1043 668 1176 722 Exin
1234 667 1428 721 Franci
1464 669 1565 721 sub
1595 668 1782 720 eodem
1821 667 2018 719 vexillo

439 783 563 819 cum
605 763 868 832 Barangis
907 761 1202 814 militantes
1231 775 1293 812 ac
1329 758 1532 812 eisdem
1560 759 1730 809 armis
1764 749 2018 809 instructi

443 859 586 910 inter
631 856 906 924 Barangos
945 852 1202 907 reccnsiti
1251 865 1418 914 penes
1446 848 1690 902 Nieetant
1751 847 1804 900 111
1829 848 2019 902 Alexio

443 965 486 1002 It
517 965 528 999 :
569 948 678 1000 Kai.
711 928 1058 1013 γνωςθὲντες
1086 945 1235 1012 παρὰ
1254 959 1400 1002 τινος
1427 943 1603 992 ἐκεῖσε
1650 941 2020 1010 φυλάσσοντος

443 1042 656 1110 (γένους
681 1032 838 1100 οὗτος
860 1037 954 1088 τοῦ
983 1034 1363 1102 πελεκοφόροι)
1399 1032 1688 1101 Κελτικοῦ)
1713 1031 2023 1103 συλλαμϐά-

442 1149 646 1186 νονται.
681 1129 882 1200 Cosa]

510 1223 593 1276 Ib.
627 1222 789 1277 Celtic
811 1238 972 1291 porro
1005 1236 1201 1275 nomen
1237 1222 1373 1276 adeo
1400 1218 1792 1276 recentioribus
1820 1215 2022 1272 Graecis

441 1315 623 1369 arrisit
655 1325 714 1367 ut
755 1313 807 1367 id
835 1315 996 1366 etiam
1055 1315 1120 1367 ad
1178 1313 1523 1383 imperatoris
1607 1312 1870 1366 conclave
1918 1318 2028 1362 tra-

442 1405 718 1470 duxerint,
755 1413 813 1458 ut
840 1405 1022 1458 videre
1045 1415 1128 1460 εει
1164 1405 1250 1458 hic
1291 1419 1342 1460 et
1403 1405 1530 1459 alibi
1600 1403 1798 1472 saepius
1879 1399 2020 1470 apud

440 1496 735 1570 Qotlinum.
771 1493 978 1550 Gners.

521 1586 662 1640 Ibid.
687 1585 988 1656 [Excubias
1017 1595 1237 1656 agentes
1258 1586 1487 1655 Barangi
1523 1586 1586 1640 ad
1619 1585 1758 1640 sacri
1788 1583 2021 1639 cubiculi

443 1678 591 1732 l‘ores
626 1676 874 1745 vigilant.
940 1676 1046 1732 Eos
1113 1678 1239 1732 inde
1297 1680 1493 1747 repulit
1546 1677 1914 1743 Andronicus,
1955 1687 2014 1731 ut
2051 1683 2089 1736 Β

446 1771 690 1824 molosso
730 1769 816 1822 cui
859 1770 1174 1842 confidebat
1205 1774 1457 1841 corporis
1512 1771 1828 1840 praesidium
1893 1786 2015 1840 per-

445 1865 704 1918 lnittol‘cl:
739 1864 800 1916 0E
835 1861 935 1932 μὲν
967 1863 1074 1932 γὰρ
1105 1863 1603 1930 σωματοφύλακες,
1641 1865 1735 1940 ait
1800 1861 2019 1916 Nicctas

444 1959 651 2030 ineius
689 1959 813 2014 Vita
855 1959 893 2013 i.
923 1974 983 2023 11,
1029 1957 1124 2010 καὶ
1170 1954 1459 2027 δωροφόροι
1508 1952 1708 2007 ᾰποΘέν
1771 1971 1872 2006 που
1923 1955 2018 2006 τοῦ

446 2053 729 2120 βασιλικοῦ
760 2050 1019 2110 κοιτῶνος
1075 2048 1267 2110 νυκτὸς
1317 2045 1750 2117 καθηυνάζοντο,
1780 2049 1806 2100 ὁ
1849 2046 1904 2100 δέ
1955 2063 2019 2114 γε

445 2145 593 2197 κύων
622 2144 754 2214 πρὸς
787 2145 905 2206 ταῖς
970 2141 1164 2211 θύραις
1198 2141 1428 2194 ἐδέδετο.
1499 2140 1753 2194 Excubiis
1806 2135 2020 2193 liberati

378 2229 382 2232 ’
443 2235 732 2289 stationem
756 2234 878 2288 loco
901 2233 1048 2287 dicto
1072 2231 1330 2286 Excubita
1362 2230 1677 2299 deputatam
1727 2231 2021 2294 habebant,

445 2327 518 2380 ait
547 2325 790 2380 Zonaras
833 2326 884 2378 in
926 2324 1135 2379 Joanne
1177 2325 1480 2377 Conmeno:
1517 2323 1578 2376 01
1609 2322 1889 2393 Βαραγγοι
1923 2323 2023 2392 τὴν

443 2419 500 2470 ὲν
524 2419 638 2479 τοῖς
683 2415 1027 2480 Ἐξκουεῐτου
1049 2413 1388 2482 διειληφότες
1441 2413 1582 2478 ὁδὸν,
1622 2414 1863 2484 ἔνθαπερ
1895 2413 2022 2466 τού-

443 2524 554 2572 τοις
593 2507 686 2559 καὶ
721 2505 1118 2575 ήκατοίκησις.
1147 2501 1303 2559 Unde
1338 2505 1580 2574 antiquis
1635 2506 2024 2558 excubitoribus

443 2600 655 2654 vocatis
721 2599 998 2668 Barangos
1057 2599 1394 2654 successisse
1453 2615 1560 2652 non
1654 2597 2022 2653 diliitendum.

443 2692 636 2747 Claves
667 2693 880 2746 urbium
925 2692 988 2744 ad
1021 2710 1157 2757 quas
1188 2691 1496 2746 divertebat
1530 2691 1849 2758 imperator,
1901 2706 2024 2746 cns-

445 2785 606 2837 [odim
660 2801 773 2837 sum.
809 2785 1166 2838 demandatus
1240 2784 1519 2839 tenebant.
1582 2782 2023 2850 Cantacuzentts,

446 2875 604 2936 ".15:
667 2875 748 2926 Τὰ
808 2875 1034 2946 κλεῖθρα
1078 2875 1180 2944 τῆς
1236 2875 1443 2936 πόλεως
1465 2874 1591 2936 τοὺς
1641 2875 1738 2936 τὰς
1795 2873 2080 2938 πελέκυς,

445 2965 668 3032 ἔχοντας
700 2967 1028 3035 Βαράγγους
1061 2967 1330 3028 κελεύσας
1363 2966 1594 3032 ἀγαγεῖν
1633 2967 1880 3034 (τούτους
1917 2967 2021 3035 γὰρ

446 3053 567 3113 ἔθος
595 3054 665 3106 τὰ
700 3054 930 3122 κλεῖθρα
961 3055 1071 3106 τῶν
1097 3055 1306 3107 πόλεων
1333 3053 1460 3107 ἔνθα
1491 3052 1557 3107 ἂν
1585 3053 1893 3125 ἀποδημοίη
1925 3054 2021 3126 βα-

447 3145 917 3215 σιλεὺςκατέχειν)
954 3146 1169 3216 Ἀρήγῳ
1205 3146 1456 3198 ἐκέλευσε
1486 3145 1880 3215 παραδιδόναι.
1911 3147 2025 3201 Cur

445 3250 576 3289 vero
615 3235 842 3305 Bai-angi
867 3237 1182 3290 dicerentur
1202 3237 1359 3307 Angli
1392 3239 1765 3304 excubitores,
1786 3239 2024 3294 diximus

447 3330 512 3382 ad
549 3330 933 3397 Curopalatam
970 3329 1113 3382 notis
1146 3329 1348 3398 p.808.
1373 3329 1572 3402 Go.tn.]

519 3420 604 3477 Ib.
675 3421 989 3476 Stationarii
1041 3424 1263 3477 milites.
1339 3424 1688 3493 Παραμοναὶ,
1750 3426 1901 3497 παρὰ
1962 3426 2024 3478 τδ

447 3515 815 3584 παραμένειν.
868 3517 1024 3584 quasi
1092 3515 1476 3570 :nansionarii.
1542 3515 1777 3571 Vertunt
1842 3527 2022 3570 tamen

359 3611 362 3614 “
447 3605 590 3670 docti
630 3604 1002 3670 stationarios,
1067 3605 1330 3673 quiahaec
1350 3621 1454 3660 vox
1493 3607 1669 3675 aptius
1693 3608 1946 3675 exprimit
1973 3608 2022 3662 id

453 3697 599 3764 quod
644 3696 842 3749 milites
877 3695 953 3748 illi
981 3704 1135 3749 eram
1166 3736 1178 3758 .
1201 3710 1363 3764 quam
1395 3699 1565 3750 dictio
1599 3699 2022 3751 mamionarius.

449 3783 522 3836 De
587 3784 833 3837 excubiis
897 3783 1082 3852 palatii
1151 3796 1203 3839 et
1274 3786 1428 3839 urbis
1484 3787 1668 3840 itidem
1727 3786 2024 3856 Cpolitanm

449 3873 678 3940 lepidam
749 3874 1040 3929 historiam
1113 3876 1360 3929 invenies
1417 3877 1556 3946 apud
1629 3875 2023 3946 Luitprandutu

459 3964 787 4022 ficincnsem
831 3968 865 4022 l.
901 3983 914 4022 I
973 3967 1171 4021 Rerum
1199 3983 1294 4038 per
1321 3965 1587 4068 Europam
1635 3977 1927 4039 gestarum.
1973 3982 2026 4022 c.

445 4058 499 4120 5,
529 4058 656 4112 n.4.
693 4058 927 4130 Gut-15.]
1450 4058 1484 4068 ⁷
1544 4077 1548 4082 ·

518 4147 658 4203 Ibid.
705 4149 870 4220 [Festi
915 4152 1273 4220 pervigilium,
1315 4154 1456 4222 quod
1515 4154 1881 4208 celebritatem
1924 4169 2030 4204 πα·

450 4239 657 4310 ραμένῃ
691 4254 918 4307 maneat,
947 4245 1346 4297 recentioribus
1381 4253 1464 4298 est
1504 4247 1812 4315 παραμονή.
1848 4245 2026 4298 Satel-

2125 486 2281 538 litum
2399 485 2700 539 nicturmet
2760 487 3110 538 auctoritates
3211 483 3427 539 iamiam
3527 483 3692 539 Iecur.

2118 577 2269 632 Cum
2303 575 2318 648 ]

2198 666 2826 740 2661bid.l’alaticia.
2852 665 3046 722 Junius
3075 668 3428 736 ἀπελατέκια,
3457 676 3508 722 et
3541 669 3699 722 inter-

2122 765 2684 828 pret-.ttttrpra'tmtgas
2722 759 2901 812 hastas
2934 762 3038 813 sive
3092 769 3294 823 contos,
3318 762 3698 832 quospsarissas

2121 861 2303 903 cacant
2330 849 2656 904 Macedones.
2680 851 2780 904 Sed
2803 851 3087 921 legendum
3112 851 3420 906 πιλατίκια.
3443 849 3700 905 Probabi-

2123 942 2228 997 lius
2256 952 2624 997 commentum
2657 944 2870 1008 fuisset,
2902 946 2945 997 si
2970 947 3068 997 hoc
3101 960 3299 999 nomen
3319 945 3387 998 ab
3407 944 3700 998 ἀπελαύνω

2123 1034 2460 1099 dcdtmsset,
2495 1037 2653 1106 quasi
2681 1037 2866 1092 hastas
2915 1037 3199 1105 abigendis
3255 1039 3573 1096 hotninibus
3638 1039 3700 1093 ac

2126 1125 2223 1179 vise
2263 1126 2523 1180 faciendae
2549 1126 2790 1181 idoneas.
2827 1125 3062 1201 Cas-rs]

2399 485 2624 554 pictum
2647 492 2700 539 et
2760 487 3110 538 auctoritates
3205 483 3427 553 iamiam

2197 1235 2342 1292 Ibid.
2375 1230 2690 1309 [militum
2718 1241 2974 1295 militaria
3017 1245 3123 1312 pila
3178 1244 3379 1313 quibus
3423 1248 3700 1311 vexillula,

2126 1330 2241 1384 sive
2270 1330 2433 1384 exilia
2467 1331 2684 1396 vexilla,
2714 1343 2838 1390 sunt
2873 1334 3062 1390 affixa.
3103 1335 3253 1392 Hanc
3303 1339 3698 1406 expositionem

2125 1432 2319 1478 auctor
2348 1425 2590 1492 suggerit
2625 1436 2888 1492 sequente
2938 1428 3118 1496 capite
3177 1445 3231 1498 p.
3303 1430 3380 1485 5'5
3458 1441 3512 1484 et
3535 1432 3696 1499 p.5‘.

2126 1515 2232 1572 Alii
2313 1515 2496 1570 clavas
2550 1527 2837 1586 argenteas
2925 1528 2980 1573 et
3066 1535 3261 1577 aureas
3359 1523 3700 1592 principibus

2128 1605 2366 1677 praeferri
2383 1610 2571 1665 solitas
2595 1620 2894 1678 exponunt.
2927 1612 3127 1684 60am]

2196 1722 2278 1777 Ib.
2313 1723 2540 1791 Cappas.
2576 1725 2843 1794 Cappasia
2874 1740 2904 1780 a
2938 1742 3105 1796 cappa
3164 1727 3400 1784 formant
3455 1729 3701 1798 iuniores

2123 1813 2314 1868 Graci.
2348 1814 2636 1870 Germanis
2660 1816 2764 1869 ein-
2795 1815 3016 1882 kappen,
3063 1831 3164 1886 pro
3218 1818 3454 1885 tegmine
3478 1818 3699 1886 capitis.

2122 1904 2231 1962 Nec
2257 1907 2447 1961 dubito
2470 1923 2656 1962 vocem
2698 1924 2866 1976 cappa
2893 1923 2992 1978 pro
3023 1911 3166 1978 pileo
3181 1910 3445 1978 originem
3495 1911 3702 1965 ducere

2124 2013 2154 2052 a
2183 1997 2376 2051 Latino
2396 2009 2574 2068 caput.
2612 2001 2920 2069 Aliquando
2970 2016 3137 2070 cappa
3210 2011 3396 2056 assuta
3423 2013 3506 2057 est
3535 2003 3699 2065 vesti,

2125 2098 2184 2144 ut
2207 2098 2429 2159 apparet
2463 2091 2518 2144 in
2545 2093 2788 2146 vestibus
2823 2093 3161 2158 monasticis,
3189 2102 3243 2146 et
3267 2094 3364 2146 toti
3423 2094 3562 2148 vesti
3605 2109 3704 2146 no-

2127 2196 2252 2235 men
2285 2182 2422 2236 indit
2449 2199 2468 2251 ε
2491 2183 2786 2252 aliquando
2809 2199 2837 2237 a
2874 2186 3196 2240 vestimento
3223 2185 3490 2255 seiuncta,
3530 2184 3707 2240 instar

2126 2275 2496 2329 communium
2534 2275 2822 2344 pileorum.
2855 2275 3063 2333 (ἴητε.

2199 2385 2342 2439 Ibid.
2377 2385 2557 2440 Pileus
2590 2387 2811 2457 quidem
2842 2398 2926 2444 est
2959 2391 3252 2457 καπάσιον,
3307 2401 3358 2446 at
3383 2407 3480 2446 nec
3533 2408 3704 2462 cappa

2129 2494 2227 2534 nec
2255 2477 2506 2541 cucullio,
2541 2481 2634 2533 sed
2663 2481 2754 2549 qui
2783 2496 2908 2536 oras
2940 2481 3373 2553 circumquaque
3416 2487 3702 2554 expandit.

2131 2569 2314 2624 Simon
2349 2571 2564 2628 Portius
2592 2586 2658 2626 ex
2683 2588 2778 2628 ore
2795 2577 3107 2632 attestantis
3140 2577 3308 2647 vulgi;
3343 2578 3512 2631 Καπα
3529 2597 3570 2630 τι
3596 2595 3703 2630 κα-

2131 2661 2242 2727 σία,
2278 2662 2538 2728 πέταςος,
2557 2665 2793 2734 πίλημα,
2819 2677 2928 2721 etc.
2963 2667 3209 2730 ϐαίη-118,
3234 2671 3434 2732 causia,
3464 2679 3705 2738 petasus,

2130 2755 2318 2823 pileus,
2349 2763 2456 2809 etc.
2493 2754 2623 2809 Vide
2681 2765 2928 2826 petasum
2973 2761 3078 2814 dici
3140 2762 3231 2830 qui
3279 2765 3537 2829 expansis
3592 2766 3709 2819 oris

2133 2843 2368 2909 pradicet
2420 2845 2783 2914 undeqttaque
2855 2849 3126 2903 umbram.
3185 2849 3506 2920 Huiusmodi
3575 2869 3711 2908 vero

2131 2931 2301 2988 fuisse
2328 2935 2379 2986 in
2415 2951 2516 2988 usu
2550 2937 2827 2992 nonnullis
2856 2938 2982 2994 hinc
3008 2952 3155 2995 retro
3216 2944 3450 3009 saeculis,
3505 2945 3710 2999 docent

2128 3024 2683 3094 cardinaliumpetasi
2755 3038 2810 3083 et
2862 3030 3088 3102 antiqua
3142 3033 3415 3103 pictorum
3475 3012 3710 3090 herbuot

2129 3126 2498 3170 monumenta.
2537 3116 2736 3190 GOAR.]

2197 3226 2279 3280 Ib.
2340 3227 2567 3283 Loricas
2618 3231 2872 3288 7.).i6ava.
2938 3235 3008 3288 Τὸ
3070 3238 3346 3305 κλίϐανον,
3404 3242 3710 3310 κλιϐάνων,

2128 3318 2425 3386 clibanum,
2455 3322 2642 3380 lorica.
2673 3325 2778 3380 Leo
2802 3326 3097 3384 Constitut.
3161 3350 3235 3388 vr.
3271 3336 3328 3386 ΕΞ
3374 3337 3602 3390 δυνατὴν
3649 3343 3711 3395 δὲ

2128 3415 2224 3468 καὶ
2258 3415 2520 3484 θώρακας
2548 3416 2716 3484 ἔχειν,
2749 3421 2944 3484 οἵτινες
2976 3424 3268 3479 καλοῦνται
3299 3425 3388 3480 νῦν
3421 3429 3706 3488 κλιῦἀνια.

2132 3504 2262 3560 Vide
2283 3507 2599 3576 Rigaltium.
2632 3512 2939 3567 Alexander
2973 3514 3214 3572 Severus
3245 3521 3386 3587 apud
3451 3521 3710 3593 Lampri-

2126 3597 2273 3651 dium
2293 3615 2305 3650 :
2325 3599 2808 3669 Cntnphrartarios,
2824 3623 2950 3674 quos
2969 3607 3146 3661 Persa"
3160 3609 3479 3667 clibanarios
3499 3631 3545 3666 vt
3562 3628 3714 3682 cant,

2133 3689 2308 3742 decem
2342 3693 2511 3745 millia
2549 3695 2600 3746 in
2664 3695 2797 3748 bello
2851 3689 3228 3768 interemimus,
3293 3721 3473 3757 eorum
3535 3710 3710 3761 armis

2131 3791 2340 3833 nostros
2405 3785 2750 3840 armavimus.
2785 3789 3130 3852 Ammianus,
3189 3793 3222 3845 1.
3251 3810 3334 3847 xw
3375 3811 3386 3848 :
3421 3795 3711 3868 Sparsique

2128 3873 2458 3935 cataphracti
2481 3875 2694 3941 equites.
2729 3893 2855 3944 quos
2885 3881 3204 3936 clibanarios
3228 3884 3474 3940 dictitant
3499 3887 3708 3952 I’ersa’.

2127 3957 2398 4009 (horarum
2431 3962 2621 4011 muniti
2660 3961 2969 4029 tegminibus
3003 3976 3050 4018 et
3089 3966 3266 4020 limbis
3303 3969 3488 4036 ferreis
3516 3975 3706 4038 cincti,

2127 4057 2183 4100 ut
2218 4049 2505 4103 Praxitelis
2539 4067 2697 4104 manu
2712 4054 2876 4120 polita
2916 4060 3152 4111 crederes
3179 4059 3601 4128 sintut'acra,non
3633 4066 3712 4118 1ιὶ-

2127 4155 2227 4192 ros.
2260 4142 2464 4195 tisi-trs.

2201 4233 2343 4286 Ibid.
2373 4233 2504 4303 [L00
2531 4235 2764 4290 Constit.
2796 4239 2828 4292 5
2870 4256 2883 4291 :
2930 4237 3198 4294 Κλιόἀνια
3235 4241 3488 4312 σιδηρᾶῆ
3523 4245 3615 4297 καὶ
3649 4245 3715 4309 ἐξ

449 4333 568 4387 lites
605 4348 818 4398 quoque
838 4334 1132 4404 principem
1159 4336 1362 4405 ubique
1424 4348 1686 4389 manentes
1705 4346 1756 4390 et
1801 4353 2022 4406 exspec-

2136 4327 2326 4395 ἐτέρας
2362 4327 2512 4396 ὕλης.
2552 4327 2691 4381 Sunt
2726 4331 2909 4398 itaque
2941 4332 3020 4384 vel
3056 4332 3230 4386 bellici
3266 4337 3558 4399 thoraces,
3619 4340 3711 4388 Vel

447 4433 647 4488 tantes,
675 4424 1110 4494 παραμένοντες.
1163 4433 1216 4479 οι
1273 4442 1394 4478 eum
1456 4427 1650 4480 adesse
1717 4439 2020 4494 monentes,

448 4514 782 4582 σιταραμονῶν
805 4515 1217 4582 appellationem
1244 4527 1584 4588 meruerunt.

521 4604 602 4656 Ib.
635 4594 1088 4675 ΓΑλογιιξριιοά
1113 4608 1424 4660 irrationale
1451 4610 1815 4678 quodcunque
1853 4611 2022 4680 signi-

450 4696 668 4760 ﬁcabat,
706 4714 846 4751 nunc
871 4701 987 4768 equi
1024 4700 1304 4768 speciatim
1333 4709 1412 4752 est
1444 4698 1703 4752 indicium
1729 4702 1938 4767 ἄλογον,
1967 4710 2024 4754 ιιι

452 4790 594 4842 inter
619 4789 956 4844 irrationalia
993 4791 1498 4845 communissimus.
1526 4788 1627 4844 Ubi
1651 4791 1842 4845 auctor
1859 4792 2023 4844 ἵππον

451 4888 695 4934 correcte
720 4881 928 4946 scribit,
960 4883 1210 4937 lectionis
1240 4882 1531 4937 diversitas
1563 4881 1874 4952 frequenter
1902 4887 2026 4940 ἄλο-

450 4987 548 5038 γον
575 4972 818 5040 reposuit
848 4972 900 5024 itt
936 4973 1337 5041 superioribus.

507 5060 645 5115 Ibid.
681 5061 994 5132 [φέροντες
1011 5063 1114 5129 τὰς
1135 5065 1694 5134 σπάθαςβιεεοιτιε,
1720 5066 1755 5120 1.
1775 5049 1888 5120 vni:
1905 5065 2026 5118 Τῶν

451 5150 508 5201 δὲ
541 5151 669 5217 περὶ
693 5150 922 5220 βασιλέα
965 5151 1364 5224 πελεκοφόρων
1409 5156 1504 5208 καὶ
1538 5157 1898 5223 στρατιωτῶν
1933 5158 2024 5209 καὶ

453 5238 775 5310 ξιφηφόρων
823 5241 1258 5312 καταδαρθάνειν
1300 5246 1627 5314 μελλόντων.
1685 5248 2022 5316 Σερατιῶται

450 5333 532 5385 hic
568 5333 902 5403 παραμοναε.
925 5334 1080 5388 Anna
1119 5336 1422 5399 Comuena,
1457 5339 1494 5392 l.
1535 5355 1571 5393 ιι
1605 5341 1670 5392 ad
1725 5353 2021 5394 extremam

450 5426 678 5480 calcent:
711 5425 1047 5495 Συναγαγὼν
1076 5430 1206 5490 τοὺς
1262 5430 1358 5480 ἐπὶ
1391 5429 1500 5481 τῶν
1521 5429 1692 5500 ὤμων
1751 5431 1822 5484 τὰ
1887 5430 2018 5502 ξίφη

452 5517 864 5584 κραδαίνοντας.
913 5517 1190 5572 Satellites
1261 5520 1384 5573 illos
1445 5520 1712 5591 bicapulis
1772 5525 2020 5585 ensibus,

456 5606 654 5676 ineptis
675 5609 768 5678 qui
789 5611 855 5664 ﬁl
881 5611 1027 5664 latus
1051 5611 1458 5680 appendanlnr,
1484 5614 1791 5681 exindeque
1815 5615 1882 5667 ad
1907 5630 2022 5667 ma-

450 5713 580 5756 num
621 5711 672 5756 et
701 5717 864 5772 supra
897 5705 1154 5759 humeros
1214 5704 1487 5775 gerendis,
1524 5716 1762 5760 armatos
1787 5718 2010 5775 putave-

2130 4419 2564 4486 superinduenda
2603 4423 2916 4476 thoracibus
2947 4437 3236 4492 saga,qum
3259 4425 3446 4476 ἐπάνω
3471 4426 3711 4479 κλίϐανα

2131 4510 2262 4561 dicit
2291 4508 2507 4564 Nicetas
2527 4512 2806 4576 Illanuelis,
2852 4516 2889 4567 Ι.
2917 4532 2990 4568 ιί.
3035 4513 3134 4569 llic
3183 4529 3390 4570 vestem
3456 4519 3715 4573 leonibus

2129 4604 2352 4672 pictam,
2392 4621 2496 4656 non
2527 4620 2882 4668 armaturam.
2916 4611 3140 4678 quilibet
3168 4610 3441 4679 intelligit.
3505 4610 3712 4684 Gesn]

2200 4694 2283 4749 Ib.
2323 4697 2632 4750 Cortinorii.
2667 4703 2709 4749 A
2759 4711 2901 4755 rorte
2957 4718 3051 4755 sru
3097 4713 3260 4762 curte,
3294 4720 3471 4766 scena,
3525 4705 3711 4757 taber-

2133 4787 2318 4840 naculo
2351 4803 2443 4843 seu
2471 4790 2731 4845 tentorio:
2765 4792 2864 4845 hoc
2886 4793 3028 4845 enim
3064 4802 3147 4847 est
3173 4794 3360 4864 κὸρτη.
3395 4793 3570 4848 Etiam
3607 4811 3712 4861 pro

2132 4879 2338 4949 integra
2377 4881 2495 4934 aula
2547 4883 2892 4952 imperatoris
2953 4892 3047 4938 aut
3075 4885 3218 4954 regis
3266 4885 3550 4955 accipitur,
3591 4903 3706 4940 non
3771 4945 3784 4960 .

2131 4979 2342 5022 tanlutn
2379 4987 2475 5040 pro
2500 4988 2661 5027 scena
2689 4989 2783 5028 seu
2811 4977 3070 5032 tentorio.
3113 4975 3248 5030 Hinc
3282 4979 3528 5040 cortesia,
3563 4979 3713 5032 auli-

2131 5079 2190 5118 ca
2228 5065 2525 5117 urbanitas.
2561 5063 2856 5119 Cortesitch
2892 5067 3086 5132 aulice,
3121 5070 3349 5123 urbane.
3403 5069 3459 5124 In
3491 5069 3712 5140 legibus

2129 5155 2499 5210 Alemannicis
2550 5166 2632 5211 est
2714 5157 2900 5213 titulus
2965 5161 3027 5213 de
3055 5177 3114 5213 eo
3150 5162 3250 5231 qui
3281 5164 3334 5216 in
3367 5173 3513 5216 certe
3565 5166 3715 5232 regis

2129 5247 2332 5314 furtum
2390 5247 2731 5310 commiserit,
2801 5257 2852 5300 et
2902 5251 2965 5302 de
3024 5266 3082 5303 eo
3105 5251 3196 5320 qui
3266 5252 3320 5304 in
3344 5259 3488 5303 curte
3547 5250 3712 5302 duris

2129 5338 2387 5389 hominem
2422 5337 2692 5390 occiderit.
2719 5337 3000 5407 Signiﬁcat
3024 5351 3070 5394 el
3083 5342 3186 5394 iam
3211 5341 3416 5403 villam,
3438 5350 3682 5394 castrum
3695 5379 3719 5407 ,

2103 5419 2405 5500 ~oppidum.
2429 5428 2763 5484 Flodoardtts
2789 5449 2801 5484 :
2831 5431 3057 5497 Quidam
3086 5434 3357 5504 presbyter
3385 5436 3450 5488 de
3476 5433 3716 5488 Bacenis

2130 5536 2312 5586 curre;
2338 5525 2413 5577 sic
2443 5523 2580 5575 enim
2617 5523 2742 5576 villa
2781 5537 3017 5577 vocatur.
3047 5524 3376 5598 godcl'r-idus
3400 5525 3720 5580 monachus

2132 5617 2186 5669 in
2221 5616 2539 5667 Annalibus:
2570 5614 2632 5669 In
2664 5619 2892 5684 quadam
2917 5617 3055 5668 curti
3079 5618 3455 5670 monachorum
3478 5616 3541 5669 de
3575 5614 3719 5668 Eve-

2122 5725 2180 5762 ra
2209 5710 2396 5761 tat-um.
2429 5706 2483 5760 ln
2553 5707 2848 5778 diplotnate
2880 5699 3160 5764 Ludovici:
3212 5709 3415 5764 Curtim
3468 5717 3719 5761 nostram
