3952 6222
270 201 371 269 297

1356 204 1741 264 GliETSERI
1792 207 1881 263 ΕΤ
1924 206 2158 265 GOARI
2206 208 2441 267 NOTAE.

3406 215 3513 281 298

267 317 520 385 Turegum
554 317 607 368 in
646 317 847 371 ducatu
898 318 1268 379 Alamannica;
1327 319 1415 369 ubi
1474 317 1682 371 clarum
1739 332 1833 385 pro
1864 324 1913 383 Α
1942 318 2105 371 refert
2137 317 2460 383 Simoeatta,
2511 328 2563 371 et
2618 317 2895 376 Ccdrcnns
2948 322 2999 374 in
3035 320 3347 380 Iustiniano
3378 346 3517 399 προσ

262 427 387 479 pago
431 412 509 462 rei
536 410 727 478 oppido
762 408 1038 478 usurpari.
1076 410 1277 465 Caus.

328 502 445 555 Ibid
484 501 859 573 [Κορτινάριοι
882 501 1267 567 Quinamtsint,
1290 510 1481 555 auctor
1508 502 1731 570 exponit
1762 501 1838 554 in-

262 596 436 649 ferius.
474 592 677 664 6mm]

324 686 526 739 Suntet
545 686 863 757 κορτελινοι.
890 684 1031 740 Cave
1045 684 1345 741 confundas
1358 699 1481 740 eum
1504 686 1835 751 cortiuariis,

260 791 440 833 monet
494 778 860 841 Glossarium,
899 778 1028 847 quia
1093 777 1184 832 isti
1236 778 1563 833 honoratum
1637 792 1835 834 munus

256 873 495 935 obibant,
522 871 595 925 illi
616 871 741 925 vile.
767 869 978 925 Glossaa
998 869 1160 940 267
1178 868 1470 937 Basilicas:
1491 870 1833 939 Κορτελίνοι,

254 964 488 1025 εὐτελεῖς
522 962 765 1032 Θυρωροὶ
796 960 891 1014 τοῦ
944 961 1307 1031 πραιτωρίου.
1340 960 1579 1017 Observa
1605 959 1829 1018 Junium

255 1056 363 1121 hic,
384 1055 502 1107 ἀλλ’
534 1054 629 1108 οὖν
651 1054 807 1106 κάτω
843 1052 1115 1117 ἵστανται,
1162 1047 1258 1105 οὗν
1307 1053 1559 1122 accipere
1608 1069 1709 1122 pro
1743 1053 1827 1117 οὓς

253 1144 572 1213 (ἰίοἰιιιιιετὸ
621 1160 649 1195 ν
695 1157 815 1197 esse
865 1141 1104 1211 ineptam
1161 1156 1465 1212 paragogen
1511 1146 1831 1200 recentiori:

248 1238 513 1301 Gracia;
554 1235 717 1304 idque
777 1234 1068 1289 conﬁrmat
1110 1250 1176 1290 ex
1212 1233 1334 1289 aliis
1389 1234 1603 1291 duobus
1635 1235 1829 1292 Codini

254 1329 403 1394 locis,
436 1328 527 1381 ubi
554 1333 702 1395 putat
731 1323 824 1378 οὖν
858 1340 956 1394 pro
974 1324 1036 1377 οὔ
1064 1326 1258 1395 accipi.
1287 1324 1489 1381 Veruru
1515 1340 1615 1380 nos
1647 1327 1829 1395 potius

247 1418 524 1474 credimus
553 1418 765 1473 duobus
797 1417 905 1471 illis
939 1416 1095 1478 locis.
1155 1432 1207 1473 e.
1242 1417 1308 1471 11
1339 1428 1464 1473 etc.
1493 1419 1555 1471 17
1579 1418 1638 1471 τὸ
1660 1431 1830 1473 vesse

248 1518 619 1565 assutnentum
640 1508 799 1578 inepti
821 1508 1050 1570 librarii,
1068 1509 1462 1579 legendumque
1482 1510 1563 1573 οὐ,
1589 1525 1694 1564 non
1709 1509 1826 1563 οὒνι

243 1616 307 1657 co
343 1613 533 1656 autem
571 1600 693 1655 loco
731 1599 800 1654 de
826 1615 933 1670 quo
961 1601 1050 1655 hic
1066 1599 1476 1671 loquimur,o§v
1501 1611 1651 1657 recte
1678 1602 1826 1669 poni,

1866 460 1873 463 _
1957 409 2180 477 σκήνιον
2212 412 2309 480 τῆς
2334 410 2641 478 βασιλικῆς,
2670 412 2802 465 tnihi
2831 415 3046 480 penitus
3088 424 3173 469 est
3200 419 3515 475 indubinm:

1948 507 2032 554 est
2080 499 2224 552 enim
2276 500 2421 568 quod
2462 499 2706 556 Zonaras
2748 504 3117 571 τριὸουνάλιον
3171 508 3223 561 in
3268 510 3517 579 ejusdem

1950 587 2074 642 Vita
2107 590 2361 659 appellat.
2384 589 2765 647 Tribunalium
2792 605 2972 650 autem
3005 598 3122 653 sive
3161 600 3396 654 tribunal
3428 618 3520 657 reo

1942 673 2092 741 gittm
2154 676 2286 742 quid
2348 677 2497 732 aliud
2539 692 2709 745 quam
2755 684 3046 752 πρόκυιιις,
3106 689 3171 741 tle
3221 706 3325 756 qua
3360 694 3518 748 nobis

1945 778 2127 819 sermo
2151 766 2173 818 ?
2199 766 2394 838 G0tn.]

2012 855 2154 910 Ibid.
2206 858 2537 916 Bardariowe
2582 877 2609 915 a
2645 862 2910 919 Bardario
2968 865 3196 923 ﬂumine
3256 871 3507 927 Macedo.

1942 946 2069 1013 nite,
2104 950 2262 1018 cujus
2295 953 2544 1007 meminit
2577 953 2902 1012 Wilhelmus
2938 957 3138 1028 Tyrius
3193 960 3328 1016 Belli
3368 966 3513 1019 sacri

1942 1052 2006 1184 ἓ,
2040 1039 2107 1092 15
2140 1050 2196 1095 et
2231 1041 2320 1109 H,
2366 1043 2436 1098 de
2472 1047 2673 1114 quibus
2702 1050 2865 1117 paulo
2904 1058 3032 1120 post
3060 1052 3219 1122 plura
3245 1053 3512 1110 Codinns.

1989 1144 2143 1184 aurs.

1989 1144 2143 1184 BETS.

2014 1220 2161 1277 Ibid.
2202 1216 2513 1296 [Persarum
2575 1231 2861 1299 antiquum
2913 1246 3090 1303 genus
3141 1250 3173 1290 a
3213 1234 3518 1309 Theophila

1942 1311 2270 1377 imperatore
2324 1316 2472 1372 circa
2532 1318 2857 1376 Bai-uarium
2907 1324 3239 1382 Macedoniae
3263 1328 3514 1398 nmium,

1954 1401 2124 1466 Ἆξιόν
2164 1407 2317 1474 prius
2372 1407 2604 1475 dictum,
2632 1427 2697 1467 ex
2737 1412 2973 1481 Zonara,
3003 1421 3331 1476 translatum
3353 1439 3381 1476 a
3410 1424 3516 1478 ilu-

1939 1492 2028 1547 vio
2064 1508 2261 1551 nomen
2290 1502 2519 1569 accepit.
2581 1504 2790 1561 Auctor
2819 1508 2979 1564 infra.
3025 1510 3138 1567 Leo
3169 1513 3509 1573 Grammati-

1942 1599 2039 1639 cus
2100 1585 2151 1640 in
2216 1587 2555 1661 Theophilo:
2595 1594 2783 1666 Τούτῳ
2849 1602 3192 1671 προσέφυγεν
3245 1606 3512 1675 Θεόφοόος

245 1710 424 1764 neque
449 1709 545 1763 pro
574 1694 824 1764 negativa
854 1692 1116 1762 particula
1148 1694 1210 1746 οὐ
1273 1694 1551 1761 usurpari.
1613 1692 1817 1748 Gnsrs.

1952 1676 2140 1746 Ιέρσης
2166 1678 2282 1747 ἅμα
2311 1683 2388 1752 τῷ
2418 1688 2583 1754 πατρὶ
2610 1688 2776 1743 αὐτοῦ
2818 1692 2956 1760 μετὰ
2984 1694 3209 1764 Περσῶν
3255 1696 3514 1767 χιλιάδων

311 1788 396 1841 Ib.
430 1784 579 1859 [Τῆς
609 1786 995 1855 προκύψεως.
1032 1783 1290 1852 Videant,
1319 1786 1496 1855 inquit
1525 1786 1815 1851 Meursius,

245 1896 311 1934 an
342 1888 497 1933 recte
540 1877 910 1931 adorationem
966 1885 1021 1931 et
1069 1878 1369 1929 oratorium
1405 1877 1505 1931 viri
1535 1878 1681 1932 docti
1709 1879 1822 1933 sint

247 1973 616 2040 interpretati.
643 1967 948 2038 Nusquam,
976 1967 1204 2023 Mcursi.
1241 1966 1337 2022 Est
1362 1969 1512 2023 enim
1549 1968 1822 2038 inprofa-

247 2064 356 2127 nis,
417 2062 650 2117 theatris
679 2071 733 2115 et
761 2059 1115 2129 spectaculis,
1136 2059 1432 2128 πρόκυψις.
1472 2060 1547 2113 En
1572 2060 1822 2117 Genuen-

242 2157 389 2210 sium
446 2154 804 2221 magistratus
877 2166 1002 2207 cum
1055 2153 1374 2221 proceribus
1424 2162 1612 2209 astans
1636 2168 1820 2208 coram

245 2249 582 2316 imperatore
637 2247 717 2309 et;
777 2247 869 2298 τὸν
918 2247 1113 2316 καιρὸν
1170 2249 1270 2316 τῆς
1311 2246 1640 2316 προκύψεως
1678 2262 1728 2301 c.
1764 2249 1819 2302 7.

240 2341 526 2396 Orationis
554 2338 742 2393 forsan
781 2338 1072 2407 tempore?
1111 2338 1218 2392 imo
1255 2354 1384 2394 vero
1416 2341 1629 2408 prandii
1658 2340 1820 2411 μέχρι

238 2437 337 2504 τῆς
394 2430 697 2502 τραπέζης.
748 2430 804 2485 ln
856 2430 1089 2486 ecclesia
1145 2431 1233 2485 vel
1280 2431 1527 2487 sacello?
1588 2429 1822 2486 Tantum

240 2527 440 2580 abest:
504 2524 559 2577 in
589 2523 851 2587 triclinio,
886 2522 977 2577 ubi
1009 2536 1133 2577 eum
1191 2524 1345 2578 curia
1398 2533 1710 2591 veneratur,
1744 2526 1824 2588 εἰς

239 2620 342 2688 τὴν
376 2619 746 2688 παράστασιν.
776 2616 918 2687 Ergo
949 2616 1086 2671 nihil
1116 2617 1382 2672 semotius
1413 2620 1479 2671 ab
1510 2618 1753 2673 oratorio
1771 2628 1825 2674 et

238 2714 569 2767 adoratione
586 2726 751 2781 quam
814 2709 1112 2782 πρόκυψις.
1154 2709 1233 2763 En
1264 2710 1460 2765 iterum
1490 2713 1634 2780 apud
1662 2713 1824 2766 Com-

235 2804 376 2861 neni
405 2803 568 2858 tiliam
603 2804 654 2855 1.
691 2809 782 2857 νιιι
815 2802 1044 2856 Alexius
1099 2808 1257 2869 pater
1283 2801 1416 2870 περὶ
1449 2801 1520 2853 τὰ
1542 2801 1825 2873 κρήδεμνα

239 2895 540 2964 προκύψας
570 2894 754 2964 ὁμιλεῖ
779 2896 892 2954 τοῖς
920 2893 1159 2957 Σκύθαις
1192 2911 1206 2949 :
1241 2898 1328 2948 Ea:
1360 2894 1606 2951 uiantium
1640 2895 1823 2963 pinnis

237 2988 541 3041 inclinatus
575 2986 789 3054 Scythis
838 2985 1202 3056 colloquitur:
1237 2986 1366 3055 quid
1405 2994 1524 3040 oret
1569 2995 1664 3039 ant
1694 2984 1820 3055 quid
1854 3014 1897 3072 α

236 3078 464 3139 adoret,
520 3077 710 3130 nullus
740 3075 1020 3145 agnoscit.
1062 3075 1271 3130 Eodem
1318 3075 1459 3131 libro
1523 3075 1826 3146 imperator

233 3172 392 3226 idem
451 3169 562 3224 ἀπὸ
622 3167 720 3221 τοῦ
782 3168 998 3237 τείχους
1040 3166 1373 3236 προκύπτει,
1432 3168 1648 3235 egregie
1696 3182 1828 3220 sane

233 3264 573 3328 distractus,
626 3262 719 3330 qui
760 3260 828 3315 de
858 3258 1111 3314 oratione
1140 3274 1249 3313 non
1272 3267 1357 3313 est
1381 3258 1675 3313 sollicitus.
1696 3258 1828 3315 Lae-

233 3362 427 3409 terum
458 3352 590 3424 quid
617 3364 875 3421 germane
902 3332 1181 3421 πρόκυψις
1210 3349 1599 3416 indicet,haud
1633 3352 1826 3405 reticet

234 3444 503 3500 Nicetes:
573 3444 770 3511 probet
799 3442 893 3511 qui
952 3441 1140 3498 Graeca
1178 3458 1286 3497 non
1326 3442 1543 3512 ignorat
1576 3443 1826 3497 auctoris

230 3537 429 3593 (ἶνεσί
459 3545 718 3590 mentem.
738 3536 796 3590 ln
821 3536 1017 3589 Alexio
1036 3535 1089 3591 1.
1117 3549 1159 3599 ι,
1188 3535 1383 3605 Ἐστη,
1405 3535 1607 3603 inquit,
1639 3535 1827 3587 ἐπάνω

230 3631 423 3682 τόπου
481 3626 688 3697 ὑψηλοῦ
744 3626 1013 3697 ἐξαίφνης
1061 3626 1285 3695 φανεὶς,
1329 3626 1567 3697 ποιήσας
1592 3626 1693 3696 τὴν
1727 3624 1824 3679 νῦν

224 3719 550 3791 λεγομένην
577 3718 875 3790 πρόκυψιν,
923 3718 991 3774 de
1013 3718 1136 3775 loco
1170 3718 1431 3773 nimirum
1458 3718 1826 3774 eminentiora

222 3813 748 3883 prospectationem,
780 3825 847 3866 eo
872 3810 1018 3880 quod
1054 3810 1175 3880 ejus
1201 3811 1438 3867 thronus
1472 3811 1822 3881 suppedaneo

219 3922 292 3960 ac
336 3906 598 3973 pluribus
654 3904 918 3973 gradibus
972 3904 1219 3961 elevatus
1246 3919 1367 3959 eum
1399 3904 1824 3959 velutacclinem

220 4000 294 4052 tle
331 3998 564 4051 excelso
589 3995 848 4065 pepulum
876 3994 1012 4051 inira
1045 3996 1290 4066 positum
1326 3996 1596 4064 respicere
1626 4008 1825 4050 conce-

218 4089 417 4144 deret.
472 4087 629 4143 llaud
672 4096 940 4143 memorat
999 4088 1245 4159 quidem,
1301 4090 1584 4158 aptissime
1642 4097 1823 4143 tamen

221 4178 522 4249 προκυψίν
551 4179 819 4234 describit
839 4178 1111 4249 Gregoras
1141 4179 1208 4233 ad
1236 4189 1540 4234 extremam
1577 4180 1823 4235 historiae

217 4275 470 4329 calcem.
520 4273 691 4344 Δῆλόν
749 4276 868 4327 ἐστι
902 4278 1016 4339 τοῖς
1048 4275 1255 4329 ἆπασιν
1294 4278 1370 4339 ὡς
1402 4279 1457 4331 αἱ
1495 4275 1591 4330 τοῦ
1619 4277 1820 4330 ἐπιπέ-

1926 1771 2449 1839 τεσσαρεσκαίδεκα,
2473 1776 2567 1840 οὒς
2589 1778 2859 1850 διένειμεν
2890 1782 3045 1847 οὗτος
3070 1786 3128 1839 ἐν
3155 1788 3266 1850 τοῖς
3302 1787 3510 1859 θέμασι

1929 1861 2365 1950 κατασκηνώσεις
2411 1866 2508 1919 καὶ
2566 1871 2648 1933 εἰς
2675 1873 2919 1943 τούρμας
2950 1876 3427 1950 ἀποκαταστήσας,
3459 1883 3510 1936 οἶ

1928 1946 2090 2017 μέχρι
2120 1950 2212 2001 τοῦ
2245 1952 2338 2006 νῦν
2362 1954 2607 2024 λέγονται
2639 1962 2871 2032 τοῦρμαι
2906 1966 3155 2037 Περσῶν.

1994 2039 2253 2111 2681b.
2291 2045 2814 2124 Ὀρθρινόςιῦμνος.
2838 2057 3044 2116 Laudes
3070 2068 3346 2124 matutina:
3364 2072 3509 2130 circa

1926 2131 2230 2234 diluculum
2291 2138 2672 2210 decantaudae,
2723 2161 2843 2216 quae
2899 2163 2953 2206 et
2990 2154 3185 2226 ὄρθρος
3219 2178 3234 2215 :
3266 2163 3336 2218 de
3382 2166 3508 2234 qui-

1928 2224 2030 2280 bus
2098 2227 2421 2301 Euchologii
2499 2247 2659 2292 notae.
2742 2243 3011 2301 (instet-um
3096 2224 3264 2307 cilicii
3336 2224 3507 2316 diiini

1930 2317 2081 2375 horae
2150 2336 2518 2383 recensentur
2588 2346 2655 2386 eo
2733 2337 2877 2403 quod
2930 2354 2958 2392 a
3020 2341 3204 2408 palatii
3283 2348 3507 2407 clericis

1929 2408 2088 2464 statis
2116 2409 2268 2467 horis
2298 2423 2348 2467 ct
2384 2418 2723 2485 temporibus
2761 2426 3227 2490 persolverentur.

1999 2500 2059 2555 P.
2094 2502 2181 2557 58.
2210 2503 2505 2576 [Enna-nr,
2531 2511 2663 2579 ἣτις
2684 2513 2887 2581 κόρτη.
2918 2517 3055 2586 Apte
3081 2521 3342 2579 describit
3363 2539 3505 2581 ano-

1931 2609 2128 2690 nymus
2189 2600 2333 2670 apud
2405 2601 2885 2678 Rigaltiumz'l'ﬁ;
2958 2609 3244 2685 βασιλικῆς
3299 2620 3507 2690 σκηνῆς

1931 2687 2073 2741 κατὰ
2128 2690 2291 2758 μέσον
2326 2696 2685 2765 πηγνυμένης
2708 2698 2938 2767 γυρόυεν
2981 2700 3079 2771 τῆς
3110 2703 3313 2777 κὸρτης
3349 2687 3506 2773 κενος

1930 2778 2274 2850 ἀφοριζέσθω
2316 2784 2511 2853 χῶρος,
2539 2785 2722 2850 ἱκανὸς
2747 2784 2946 2857 χωρεῖν
2971 2791 3066 2845 καὶ
3091 2794 3212 2857 τοὺς
3257 2797 3316 2848 ὲν
3348 2801 3507 2853 νυκτὶ

1933 2873 2353 2941 παραμένοντας
2374 2878 2470 2929 καὶ
2500 2878 2627 2941 τοὺς
2660 2880 2719 2933 ἐν
2745 2880 2930 2952 ᾑμέρᾳ
2955 2889 3391 2957 συνερχομένους
3422 2892 3505 2955 εἰς

1932 2964 2029 3030 τὴν
2063 2963 2287 3033 κόρτην.

2004 3054 2150 3112 Ibid.
2174 3057 2272 3128 [Ὀ
2298 3061 2509 3127 μέντοι
2538 3063 2750 3132 κόμης.
2791 3065 3079 3125 Cedrenus
3115 3071 3171 3124 in
3194 3070 3503 3143 Nicephoro

1931 3148 2263 3220 Logotheta:
2311 3154 2367 3206 '0
2398 3155 2618 3228 Μιχαὴλ
2644 3159 2745 3230 τὴν
2780 3160 2875 3215 τοῦ
2900 3163 3146 3234 κόμητος
3171 3166 3498 3241 τῆςκόρτης

1928 3243 2027 3308 τὴν
2050 3246 2230 3315 ἀρχὴν
2254 3248 2644 3317 ἐγχειρίζεται,
2678 3255 3029 3309 tentoriorum
3059 3273 3229 3312 comes
3263 3260 3500 3315 institui-

1930 3344 2036 3388 tur.
2061 3337 2172 3405 Τῆς
2192 3342 2393 3407 κόρτης
2421 3342 2751 3397 meminerat
2769 3344 3206 3404 Cedrenusidem
3237 3350 3290 3404 in
3318 3351 3502 3408 Leone

1926 3426 2301 3497 Copronymi:
2340 3430 2601 3486 ’Δπέὅαλε
2636 3434 2735 3501 τὴν
2774 3436 2998 3507 κόρτην,
3036 3442 3264 3494 tentoria
3293 3447 3498 3503 amisit.
3553 3451 3559 3457 ’

1927 3518 2125 3591 Gem]

2002 3610 2087 3666 Ib.
2120 3612 2295 3669 Πανία
2358 3621 2549 3685 panni.
2582 3618 2799 3677 Extrito
2835 3625 3011 3679 altero
3040 3640 3072 3678 η
3099 3635 3152 3679 et
3174 3636 3384 3681 mutato
3410 3644 3500 3697 ge.

1930 3722 2081 3762 nere.
2117 3707 2207 3764 Sic
2238 3712 2494 3779 antipana
2524 3715 2688 3783 panni
2713 3717 2950 3785 oppositi
2971 3732 3068 3786 pro
3083 3719 3276 3773 πανίον
3304 3720 3503 3789 legitur

1927 3799 2095 3854 etiam
2127 3805 2303 3856 πανόν
2324 3813 2377 3858 et
2401 3805 2591 3866 πανός.

2000 3894 2268 3963 Σκουφίας
2298 3896 2546 3952 Italicum
2574 3915 2587 3962 ;
2615 3910 2667 3954 et
2700 3910 2786 3956 est
2816 3904 3040 3970 pr0prie
3071 3905 3215 3974 quod
3238 3905 3499 3967 Germani

1927 3994 2127 4039 vocant
2156 3987 2240 4039 ein
2270 3986 2501 4054 hauben,
2557 3991 2709 4056 uitta,
2739 4003 2950 4048 certum
2987 4005 3243 4068 tegumen
3279 4001 3496 4071 capitis.

1926 4075 2131 4133 (Iners.

2000 4169 2145 4224 Ibid.
2185 4173 2453 4244 [Pileolus
2485 4176 2715 4230 interior
2735 4193 3014 4235 summum
3048 4184 3301 4240 verticem
3337 4202 3501 4258 super

1928 4276 2092 4316 aures
2151 4264 2206 4316 in
2240 4281 2434 4335 gyrum
2462 4270 2718 4324 ambiens
2742 4276 3102 4344 εεισκουφία,
3139 4279 3337 4333 calotta
3370 4281 3501 4350 qui-

216 4367 317 4419 ὅου
353 4367 427 4418 ἐκ
456 4365 756 4436 διαμέτρου
791 4369 1098 4437 ἀκρότητες
1123 4370 1232 4421 τῶν
1265 4368 1572 4438 βασιλικῶν
1603 4371 1818 4441 τρικλί-

1952 4358 2182 4423 iusdam,
2209 4360 2296 4413 cui
2352 4362 2671 4429 grandiores
2707 4368 2877 4434 petasi
2932 4347 3411 4441 superponuntur,
3443 4386 3502 4431 ut

216 4477 334 4513 νων
363 4460 688 4530 ἀμφότεραι
723 4462 1078 4527 ὑπέρκεινται
1132 4480 1237 4517 που
1267 4463 1361 4515 τοῦ
1394 4464 1597 4532 μεταξὺ
1629 4465 1822 4518 ἐπιπέ-

212 4556 314 4608 δου
351 4556 492 4625 ἄχρι
520 4559 617 4612 καὶ
642 4559 700 4621 ἐς
734 4557 919 4625 τρίτον
963 4558 1270 4627 σπιθαμῆς,
1322 4560 1414 4611 καὶ
1448 4559 1687 4628 μάλιστα
1711 4561 1819 4630 ὅπη

213 4648 322 4701 καὶ
358 4650 394 4701 ὁ
420 4648 703 4719 βασιλικὸς
736 4649 942 4719 ἕστηκε
989 4650 1198 4719 ορόνος,
1235 4652 1455 4714 ἵν’ῐσως
1495 4653 1597 4726 ἔχῃ
1628 4672 1680 4707 τι
1717 4657 1821 4709 κάν

212 4738 421 4809 τούτῳ
450 4740 611 4793 πλέον
636 4740 961 4794 τῶνᾶλλων
994 4743 1021 4793 ὁ
1056 4739 1313 4809 βασιλεὺς
1355 4742 1649 4812 ἱστάμενος
1679 4742 1735 4799 ἔν
1761 4761 1819 4797 τε

212 4832 356 4891 ταῖς
414 4830 582 4899 ἱεραῖς
636 4829 960 4899 ὑμνῳδίαις,
1012 4832 1107 4884 καὶ
1139 4834 1228 4884 ὅτε
1257 4832 1563 4900 διαλέγοιτο
1593 4836 1685 4887 νῦν
1721 4836 1820 4905 μὲν

213 4927 343 4986 τοῖς
363 4922 635 4991 ὑπηκόοις
650 4922 744 4977 νῦν
759 4924 817 4977 δὲ
842 4924 1022 4989 τοῖςὲε
1047 4924 1217 4979 ἐθνῶν
1242 4927 1558 4995 πρέσϐεσιν.
1586 4928 1821 4993 Ἐξεϊναί

209 5031 283 5083 γε
320 5013 448 5082 μὴν
470 5013 551 5065 ἐπ’
574 5014 793 5084 ἐκείνης
814 5014 916 5085 τῆς
947 5016 1189 5078 στάσεως
1217 5016 1393 5069 οὐδενὶ
1424 5017 1533 5070 τῶν
1562 5019 1820 5072 ἁπάντων

204 5109 299 5177 τῷ
342 5107 568 5177 βασιλεῖ
601 5109 983 5177 συνίστασθαι,
1021 5109 1162 5178 πλὴν
1194 5109 1294 5179 τῆς
1325 5109 1565 5176 συζύγου
1590 5114 1686 5165 καὶ
1708 5110 1819 5164 τῶν

207 5201 411 5252 υἱέων
439 5202 529 5252 καὶ
570 5202 684 5256 τῶν
738 5201 1013 5270 ἀδελφῶν,
1050 5201 1356 5274 προσθείην
1384 5202 1455 5255 -δ’
1485 5203 1553 5257 ἂν
1580 5206 1679 5257 καὶ
1705 5205 1817 5257 τῶν

208 5290 668 5361 πιτραδέλφων.
717 5292 967 5351 Observa
1017 5294 1240 5351 Graecos
1272 5296 1597 5364 hodiernos,
1629 5306 1687 5352 ut
1721 5299 1819 5351 ali-

206 5394 410 5450 quem
428 5380 647 5450 jubeant
666 5398 696 5438 e
720 5383 955 5440 fenestra
973 5385 1053 5439 vel
1070 5386 1268 5441 exedra
1289 5387 1622 5456 prospicere.
1642 5390 1821 5444 dicere

207 5473 383 5541 κύψε
442 5474 519 5530 vel
569 5476 767 5546 σκύψε.
815 5480 899 5531 An
954 5478 1230 5549 πρόκυψις
1270 5481 1341 5536 sit
1366 5480 1497 5535 illud
1538 5483 1822 5552 περίδοξον

208 5566 583 5635 προσκήνιον
619 5568 917 5641 βασιλικῆς
950 5571 1147 5642 αὐλῆς,
1174 5572 1227 5626 in
1254 5588 1366 5643 quo
1392 5574 1701 5629 moriturus
1728 5575 1770 5628 Τ
1779 5579 1815 5629 i-

205 5659 444 5716 berius
472 5661 535 5717 ad
561 5672 814 5717 senatum
842 5666 1145 5718 orationem
1184 5664 1395 5733 habuit,
1434 5676 1491 5721 ut
1521 5666 1725 5723 initio'i
1745 5709 1758 5723 .
1796 5685 1810 5724 t

571 5758 842 5820 PATROL.
891 5758 1006 5823 Gn.
1045 5756 1282 5821 CLVll.

1924 4450 2206 4522 subjungit
2236 4462 2429 4509 auctor
2461 4459 2726 4527 σκουφίας
2748 4462 2904 4530 ¹μετὰ
2941 4466 3251 4523 καπασίων.

2002 4544 2085 4598 Ib.
2125 4545 2442 4618 [Turcicum
2481 4562 2681 4622 papula
2711 4555 2839 4611 fecit
2867 4554 3114 4613 Graecum
3144 4563 3498 4628 παπούτςιον.

1926 4637 2143 4694 Portius
2182 4656 2307 4695 cum
2368 4645 2531 4715 vulgo
2583 4632 2761 4701 recidit
2818 4652 3157 4722 παραποδὲη,
3202 4656 3488 4713 σάνδαλον.

1927 4733 2203 4803 ὑπόδημα,
2238 4738 2653 4794 calceamentum
2679 4752 2785 4796 etc.
2814 4744 2975 4810 idque
3001 4746 3218 4801 solitum
3246 4758 3299 4803 ct
3330 4756 3496 4806 usita-

1926 4834 2060 4881 tum.
2092 4829 2287 4901 ()0tn.]

2000 4922 2077 4974 Ib.
2106 4939 2156 4977 ν.
2183 4923 2270 4976 10.
2302 4927 2643 4995 Angurotnm
2663 4939 2941 4997 gestamen
2964 4935 3167 5005 capitis
3196 4916 3495 5007 seuipileus

1928 5010 2724 5084 Bardariotnrum,cucumeris
2745 5021 2974 5079 formam
3006 5029 3327 5095 praeferens:
3369 5048 3494 5087 nam

1927 5108 2220 5177 ἀγγούριον
2277 5111 2371 5163 καὶ
2400 5104 2668 5181 ἄγγουρος
2727 5114 2933 5172 Grarcis
2968 5135 3295 5177 cucumerem
3326 5125 3499 5193 signi-

1927 5201 2069 5254 ﬁcat.
2092 5201 2199 5257 Nec
2217 5205 3003 5279 assentiturMeursius.luuin,
3037 5206 3127 5284 q'ui
3163 5217 3233 5271 ab
3260 5220 3497 5288 auguriis

1923 5296 2160 5348 deducit.
2189 5296 2385 5353 Gners.

1997 5387 2137 5442 Ibid.
2175 5388 2388 5461 [Simon
2421 5394 2636 5449 Portius
2666 5384 2686 5450 ἰ
2734 5399 2989 5499 Ἀγγοῖῦρι
3026 5404 3229 5468 σίκυον,
3285 5404 3498 5473 σίκυος.

1924 5497 2190 5547 curuutcr,
2223 5489 2485 5545 cucumis.
2553 5489 2951 5557 'Ayxoupturbg',
3008 5494 3080 5548 ita
3136 5498 3334 5552 scribit
3382 5499 3494 5565 ille,

1926 5574 2179 5646 oblongus
2214 5587 2260 5629 et
2293 5580 2360 5630 ad
2398 5582 2625 5648 formam
2654 5588 2974 5639 cucumeris.
3011 5586 3208 5661 Gesn]

1992 5669 2070 5724 Ib.
2122 5670 2309 5741 Δῶρον
2375 5684 2428 5728 ct
2487 5673 2658 5744 λῶρος
2722 5677 2893 5733 torum
2926 5682 3201 5739 aLatiuo.
3258 5678 3496 5755 Μαγκλὰ

3034 5778 3109 5839 10
