3952 6222
426 262 535 328 ἳ99
822 258 831 273 ’
1530 251 1613 309 ΙΝ
1658 248 1956 309 LIBRUM
1996 248 2093 308 DF.

2138 244 2471 306 OFFICI‘IS
2517 246 2625 305 Ci’.
3598 236 3701 299 300

431 381 548 431 διον
610 369 1016 433 ntaniclavium,
1074 362 1346 417 manualis
1385 362 1554 415 clara.
1589 360 1643 413 lu
1677 362 1867 414 codice
1902 372 2009 411 uno
2045 375 2090 430 Α
2120 373 2237 411 eum
2298 357 2549 410 aditurus
2606 367 2787 407 canem
2816 359 2906 405 aut
2967 365 3111 403 avem
3150 347 3384 416 o/ferret,
3450 345 3701 415 facillim

433 472 601 525 Boico
630 477 679 521 et
713 466 891 517 altero
918 456 1290 512 Lantheriano
1312 457 1509 509 desunt
1539 453 1630 507 illa
1663 454 1773 522 ’ἠως
1814 451 2019 521 βακτη-

436 566 554 633 pta;
582 562 611 626 ἦ
646 556 894 628 ῥάϐδους.
932 550 1220 606 Etclarum
1253 548 1466 602 videtur
1488 561 1609 601 esse
1643 545 1738 598 τοῦ
1770 544 2018 615 μαγκλα-

431 656 548 706 ϐίου
566 648 1012 706 declarationem,
1032 643 1078 698 si
1099 657 1203 695 non
1222 642 1289 695 ab
1310 652 1553 703 auctore,
1573 646 1720 692 certe
1746 638 1813 690 ab
1836 636 2020 704 aliquo

433 744 682 797 librario.
708 739 843 793 llinc
872 734 1269 807 μαγκ).α6ῖται,
1287 731 1380 801 qui
1401 728 1713 783 manuarias
1739 728 1919 783 clavas
1947 725 2022 779 le-

433 842 579 889 runt.
607 831 811 885 Gnta'rs.

495 926 638 979 Ibid.
662 917 1019 994 [Μαγγλάϐια
1044 925 1236 971 auctor
1255 912 1479 967 adnotat
1500 924 1620 964 esse
1639 908 1870 977 λὼρους,
1893 906 2025 978 ῥάσ-

434 1023 580 1082 δονς,
602 1014 927 1087 βακτηρίας,
956 1024 1139 1064 nervos
1164 1005 1420 1060 videlicet
1446 1002 1693 1066 bubulos,
1714 1001 1913 1069 virgas,
1937 998 2027 1067 fu-

441 1125 567 1172 stes,
602 1107 856 1165 sontibus
887 1104 1198 1174 quibusque
1224 1097 1537 1169 puniendis.
1574 1092 1761 1163 Plaga:
1813 1106 2031 1162 quoque

437 1204 617 1258 neri-is
640 1209 691 1253 et
720 1196 955 1251 fustibus
987 1190 1297 1259 bujusmodi
1332 1187 1551 1242 inﬂictas
1612 1194 1744 1239 sunt
1779 1181 2025 1253 μαγγλά-

436 1297 548 1347 6ια.
562 1293 669 1350 Leo
684 1287 1087 1343 Grammaticus
1104 1285 1158 1337 in
1174 1279 1480 1349 Theopliilo
1503 1277 1628 1331 ιΤδν
1649 1274 2027 1345 στρατηλάτην

436 1391 547 1447 τοῖς
603 1385 939 1453 προσήκουσι
973 1375 1333 1447 μαγγλαὸίοις
1389 1371 1749 1439 ἐσωφρόνισε.
1802 1351 2047 1422 Νἰοειῑιιέ

438 1484 491 1536 in
518 1477 733 1532 Manuel
775 1476 809 1528 I.
849 1488 935 1526 tv:
977 1470 1079 1522 Τὸν
1117 1467 1175 1522 δὲ
1207 1464 1506 1531 Πουπὰκην
1538 1466 1565 1516 ὁ
1598 1461 1851 1531 βασιλεὺς
1901 1458 2029 1511 συλ-

439 1573 620 1625 λαϐὼν
656 1569 855 1633 ἐξαινε,
885 1562 1204 1635 μαγγ).ἀ6ια
1231 1560 1352 1620 δοὺς
1384 1556 1553 1609 πολλὰ
1606 1554 1840 1623 δημόσια
1889 1550 2032 1605 κοιτὰ

439 1684 499 1719 τε
537 1663 631 1715 τοῦ
668 1662 837 1714 νώτου
865 1655 1087 1709 καὶτῶν
1145 1651 1335 1720 ὤμων.
1394 1647 1561 1702 Miror
1594 1645 1762 1717 (quod
1792 1652 1847 1698 et
1880 1658 2030 1700 nunc

442 1759 495 1811 in
526 1754 729 1808 Turcia
765 1764 917 1805 more
955 1741 1257 1814 receptum)
1292 1737 1599 1796 verberatis
1649 1734 1855 1790 nullam
1903 1734 2030 1787 inde
2056 1715 2104 1775 Β

446 1853 692 1905 inustam
756 1840 1067 1899 infamiam.
1119 1839 1391 1890 Petronas
1441 1830 1587 1886 enim
1643 1826 1933 1897 Theophili
1961 1841 2027 1879 ex

444 1956 616 1998 uxore
641 1940 831 2001 frater,
862 1930 1113 1989 criminis
1143 1928 1454 1988 convictus,
1483 1921 1835 1992 imperatoris
1857 1918 2020 1989 jussu

445 2034 685 2094 ὲκδυθεὶς
737 2031 795 2083 ὲν
822 2032 888 2098 τῇ
934 2025 1072 2095 μέσῃ
1133 2022 1234 2091 τῆς
1284 2018 1406 2073 ὁδοῦ
1456 2016 1721 2070 τύπτεται
1767 2013 1835 2066 τὰ
1867 2010 2013 2063 νῶτα

450 2125 734 2197 σφοδρῶς,
822 2131 1061 2186 moxque
1114 2116 1182 2167 ad
1238 2112 1504 2182 palatium
1563 2116 1621 2163 et.
1677 2100 2031 2175 imperatoris

446 2193 869 2275 contubernium
926 2207 1242 2263 revertitur.
1286 2202 1362 2256 [ta
1390 2201 1502 2257 Leo
1528 2195 1941 2253 Grammaticus
1974 2193 2028 2246 in

449 2310 775 2380 Theophilo.
810 2301 1099 2373 Ejusmodi
1149 2298 1321 2369 plagae
1371 2291 1622 2350 ἀλλακτά
1671 2288 2027 2380 dicebantur,

447 2378 901 2466 duodenarioque
957 2404 1190 2448 numero
1242 2386 1495 2444 solebant
1532 2382 1727 2453 inﬂigi.
1755 2378 2033 2433 Blaatares

447 2512 496 2550 c.
530 2496 595 2547 i3
635 2489 729 2545 τοῦ
762 2491 799 2541 Ε
842 2484 1106 2555 στοιχείου
1134 2498 1147 2534 :
1176 2479 1383 2535 δώδεκα
1414 2473 1659 2531 ἀλλακτὰ
1685 2468 2032 2538 λαμϐανέτω.

445 2585 749 2639 Cltoniates
776 2580 829 2634 in
880 2575 1240 2631 Andronico:
1277 2566 1674 2622 Δι“ιὰλλακτῶν
1739 2559 2030 2615 ἐπαίδευσε

446 2678 674 2730 δώδεκα.
722 2673 966 2727 Observo
1040 2668 1266 2735 insuper
1328 2659 1684 2715 Bardariotas
1753 2648 2035 2715 istos,de

448 2771 645 2839 quibus
685 2778 892 2828 sermo,
924 2758 1256 2830 ῥαϐδούχους
1287 2771 1319 2806 a
1355 2752 1585 2821 fustibus
1638 2744 1866 2816 gestatis
1917 2739 2026 2795 dici

449 2835 589 2930 apud
633 2859 877 2911 Nicctam
910 2848 1214 2905 Andronici
1248 2846 1283 2897 ‘2
1308 2861 1322 2897 :
1351 2847 1415 2897 Oi
1447 2844 1516 2896 τὰ
1542 2835 1891 2908 ὑσγινοϐαφῆ
1921 2849 2029 2930 τρο-

454 2926 670 3023 points;
727 2946 892 3017 239
940 2944 988 2996 οἱ
1022 2938 1335 3019 ῥαϐδοῦχοι.
1400 2931 1809 3005 Mutinam
1860 2926 2032 3023 etiam

455 3015 573 3114 lego
626 3042 679 3095 in
729 3015 1014 3106 Anonymo
1046 3016 1173 3102 ττερὶ
1216 3027 1521 3084 καταστάσ.
1574 3024 1706 3079 ἀπλ.
1747 3015 2042 3114 adaquilo-

454 3089 641 3192 migrent
661 3132 755 3199 τῆς
779 3089 978 3198 mpii},-
999 3089 1133 3195 regii
1160 3120 1399 3185 tentorii,
1415 3120 1481 3174 ad
1506 3117 1650 3188 quod
1672 3110 2034 3171 excubabant,
2061 3089 2107 3153 (ἶ

455 3234 688 3293 partem,
721 3220 1013 3273 stationem
1043 3215 1098 3269 in
1129 3213 1371 3268 exercitu
1389 3211 1670 3266 habuisse.
1701 3204 2031 3259 Praefectum

456 3331 645 3373 eorum
678 3315 876 3385 χάρτης
900 3311 1117 3379 κόμητα
1141 3307 1283 3374 apud
1311 3305 1621 3361 Cedrenum
1649 3303 1701 3355 in
1724 3297 2033 3366 Nicephoro

458 3410 479 3460 i
515 3408 721 3460 dictum
752 3401 1029 3466 existimo,
1079 3398 1175 3467 qui
1208 3396 1412 3451 deinde
1448 3392 1831 3465 μαγγλαόἰτης
1867 3389 2033 3441 Itono-

457 3497 634 3550 rarius
662 3489 925 3558 carnifex,
958 3498 1302 3556 nuncupatus
1333 3484 1509 3539 eidem
1535 3481 1785 3537 Cedreno
1809 3479 1863 3532 in
1891 3478 2035 3533 Con-

458 3585 699 3641 stantino
722 3579 919 3636 Leonis
949 3576 1012 3642 F,
1039 3579 1102 3647 τῇ
1136 3572 1229 3627 τοῦ
1281 3572 1681 3644 μαγκλαὸίτου,
1702 3571 1775 3623 ita
1818 3568 2033 3634 scribit,

461 3678 589 3749 ἀξίᾳ
636 3673 907 3743 τιμηθείς.
962 3671 1034 3723 At
1063 3684 1133 3724 ne
1166 3668 1292 3738 quis
1324 3666 1432 3719 ἀπὸ
1460 3665 1559 3733 τῆς
1596 3662 1690 3716 τοῦ
1726 3660 2036 3733 μαγγλαϐί-

460 3787 552 3823 του
588 3768 744 3831 ἀξίας
782 3762 1154 3819 carniﬁcinam
1201 3766 1355 3830 putet
1399 3757 1656 3819 alienam,
1701 3769 1770 3808 en
1813 3752 2031 3821 utapnd

457 3860 889 3919 Grammaticum
943 3854 1183 3909 Leonem
1229 3850 1505 3921 θυμωθεὶς
1536 3850 1563 3901 ὁ
1597 3846 1849 3917 βασιλεὺς
1896 3844 2039 3897 καὶὸ

461 3951 736 4011 Βασίλειος
789 3944 1178 3999 ἀποστέλλουσι
1227 3939 1603 4010 μαγγλαὸίτην
1674 3937 1764 3990 τὸν
1816 3936 2039 4005 Μαυρο-

465 4044 727 4111 οεόδωρον
774 4039 914 4107 ξίφει
942 4024 1154 4091 ἀνεΧείν
1191 4035 1282 4088 τὸν
1337 4033 1592 4105 μοναχόν,
1627 4042 1686 4087 ιιι
1740 4028 1894 4101 quid,
1932 4028 2038 4083 nisi

463 4142 524 4187 ut
547 4132 731 4185 otticio
761 4127 1116 4197 fungeretur?

538 4223 621 4278 1b.
656 4220 1128 4294 [Πριμμικήριονο
1155 4218 1257 4283 Qui
1335 4216 1716 4289 μαγγλαδέτης
1757 4225 1813 4271 ει
1864 4216 2043 4285 κόμης

464 4318 689 4386 κόρτης,
716 4316 782 4368 de
814 4327 924 4381 quo
956 4322 1082 4366 nom
1117 4309 1422 4379 superiore.
1451 4307 1649 4380 Cosa]

534 4411 596 4465 P.
628 4410 716 4464 39.
747 4405 1171 4474 Σκυλλόμαγγος
1211 4419 1402 4473 mango
1433 4418 1648 4456 canum.
1682 4399 1889 4456 Glossaa
1928 4398 2036 4453 La-
2070 4432 2112 4488 υ

460 4501 843 4561 tino-Graecae:
881 4514 1070 4567 mango
1120 4496 1473 4565 κυνοτρὸφος.
1527 4492 1726 4549 Junius
1778 4493 2035 4547 libentius

460 4598 663 4665 legeret
688 4589 1182 4660 σκυλλομαγγόνων
1205 4628 1219 4653 ,
1256 4589 1453 4657 quibus
1489 4596 1718 4656 praeerat
1748 4588 1774 4638 ὁ
1826 4602 2037 4656 πρωτο-

462 4688 723 4757 κυνηγός,
751 4685 1005 4753 magister
1044 4699 1142 4737 seu
1170 4682 1409 4749 princeps
1446 4690 1775 4733 venatorum.
1810 4678 1944 4733 Nam
1978 4689 2037 4733 ut

464 4780 646 4845 lzodic,
670 4777 771 4830 ‘sic
803 4783 856 4828 et
888 4773 1018 4827 olim
1056 4770 1274 4839 regibus
1310 4777 1364 4822 ct
1412 4767 1757 4836 principibus
1815 4768 2037 4821 venatio

463 4884 610 4923 ettrre
645 4875 785 4939 erat,
824 4864 1009 4919 forsan
1072 4862 1273 4923 nimiae,
1326 4858 1519 4913 saltem
1556 4859 1828 4913 interdum
1862 4877 1875 4913 :
1911 4874 2033 4913 nam

460 4959 682 5032 quando
726 4957 1015 5025 Bulgaros,
1050 4952 1302 5022 Scythas,
1338 4950 1677 5011 Patzinacas.
1709 4953 2033 5018 Saracenos,

415 5108 421 5119 ι
463 5049 505 5102 Τ
513 5063 671 5104 urcas
707 5046 982 5117 principes
1033 5043 1307 5114 Cpolitani
1340 5042 1523 5097 venari
1585 5042 1877 5119 debebant,
1930 5043 2035 5113 ipsi

462 5141 806 5195 venabantur
832 5151 1045 5199 cervos.
1080 5151 1266 5208 apros,
1295 5150 1457 5198 ursos
1480 5142 1533 5189 et
1562 5134 1760 5188 similia
1782 5138 2036 5191 animan-

466 5234 561 5297 tia,
628 5245 735 5285 non
790 5231 913 5285 sine
963 5228 1169 5296 ingenti
1225 5228 1494 5296 impensa,
1551 5241 1671 5295 qua:
1727 5230 2037 5283 necessario

464 5321 710 5377 facienda
743 5331 860 5375 erat
892 5328 1001 5372 tam
1035 5318 1089 5371 in
1127 5318 1378 5372 homines
1413 5331 1579 5388 quam
1612 5324 1667 5372 in
1703 5334 1892 5374 canes.
1933 5318 2035 5379 Ubi

460 5415 684 5470 modum
712 5413 938 5467 minime
968 5410 1213 5466 omnium
1247 5411 1422 5468 tenuit
1447 5412 1795 5470 Andronicus
1837 5414 2039 5470 Palico-

458 5506 618 5576 logus
648 5505 844 5559 Junior
876 5508 1206 5573 impentor,
1245 5503 1313 5558 de
1353 5518 1464 5573 quo
1518 5503 1793 5576 Gregoras
1836 5508 1941 5564 sub
1971 5509 2036 5563 ti-

457 5613 582 5653 nem
614 5613 725 5652 suaa
758 5596 1050 5653 Historiae:
1105 5594 1274 5649 Canes
1306 5605 1356 5649 et
1396 5613 1515 5652 aves
1546 5599 1810 5653 uenaticas
1843 5616 2033 5672 magno

457 5691 632 5744 alebat
655 5706 909 5757 numero;
946 5691 1129 5760 quibus
1182 5690 1259 5743 ita
1292 5699 1405 5745 erat
1452 5689 1683 5758 deditus,
1725 5700 1779 5744 ut
1812 5693 1856 5746 si
1912 5698 2029 5759 quis

2133 464 2343 518 compos
2378 449 2482 501 voti
2524 448 2849 500 redderetur.
2912 442 3043 507 Qua:
3096 440 3273 493 omnia
3312 436 3705 492 Cantacuzenus

2129 551 2245 607 post
2287 540 2402 610 ejus
2434 539 2631 592 obitum
2663 537 2730 589 iis
2788 535 2879 604 qui
2939 531 3183 601 petebant
3243 530 3537 594 distribuit,
3595 545 3705 581 cum

2136 632 2551 701 magnitudinem
2578 637 2885 697 sumptuum
2922 633 3213 694 reputaret,
3268 632 3318 676 et
3384 639 3492 676 rem
3546 624 3709 690 ipsam

2133 723 2352 792 imperio
2389 738 2497 776 non
2528 722 2680 776 modo
2727 720 2995 784 inutilem,
3026 719 3115 770 sed
3155 717 3314 769 etiam
3366 714 3714 784 periculosam

2126 815 2397 883 judicaret
2422 831 2440 868 :
2482 830 2605 868 nam
2632 809 2936 883 quindecim
2970 825 3254 863 aureorum
3293 808 3462 861 millia
3488 810 3716 875 impera-

2128 908 2259 961 torii
2290 907 2406 975 ﬁsci
2449 914 2821 975 procuratores
2880 902 3027 955 ultra
3060 910 3279 954 veterem
3311 916 3506 953 morem
3546 902 3600 954 in
3630 918 3716 955 eas

2137 1013 2217 1052 res
2258 1014 2489 1068 expensa
2541 979 2854 1049 retulerunt.
2891 990 3196 1045 Numerum
3224 1005 3421 1044 canum
3454 999 3506 1044 et
3532 994 3715 1045 avium

2137 1090 2515 1144 venaticarum
2545 1084 2843 1141 Andronici
2860 1084 3130 1152 expressit
3151 1080 3427 1136 Pbranzes
3447 1082 3483 1138 l.
3510 1099 3527 1136 ι
3558 1083 3718 1136 Chro-

2135 1184 2238 1236 nici
2262 1198 2312 1237 c.
2348 1181 2415 1235 ‘12
2440 1199 2453 1234 :
2484 1179 2610 1233 Fuit
2634 1178 2966 1230 Andronicus
2987 1175 3278 1230 venationis
3304 1176 3679 1243 cupidissimus
3704 1192 3719 1231 ;

2136 1275 2310 1329 aiebat
2371 1288 2527 1326 canes
2593 1269 2822 1338 amplius
2885 1267 3029 1322 mille
3087 1267 3540 1337 quadringentos,
3605 1285 3721 1322 aves

2134 1370 2240 1424 sive
2286 1368 2564 1435 accipitres
2635 1379 2797 1437 supr/'11
2855 1361 2998 1417 mille
3070 1363 3529 1431 quadringentos;
3595 1379 3723 1433 quos

2137 1458 2224 1529 qui
2276 1467 2543 1522 curarent,
2582 1453 2961 1526 propemodum
3003 1452 3228 1507 totidem
3279 1454 3723 1507 numerabantur.

2140 1551 2348 1606 Gnsrs.

2213 1641 2356 1697 Ibid.
2407 1639 2671 1713 [Σκύλλος
2700 1640 2848 1695 canis
2898 1648 3001 1705 est,
3059 1653 3167 1693 non
3206 1637 3484 1694 bodiernis
3540 1640 3721 1706 modo,

2132 1733 2227 1787 sed
2264 1739 2319 1787 et
2346 1732 2613 1803 antiquis,
2642 1747 2766 1787 cum
2799 1732 3037 1802 Scyllam
3071 1730 3311 1799 puellam
3347 1732 3400 1785 in
3457 1730 3598 1785 freto
3638 1730 3727 1786 Si-

2133 1825 2261 1880 culo
2308 1840 2339 1879 ιι
2373 1825 2606 1880 canibus
2662 1825 2896 1879 obsitum
2950 1824 3191 1878 σκύλλαν
3226 1839 3429 1891 canem,
3468 1825 3727 1894 feminam

2132 1916 2435 1986 mythologi
2470 1917 2809 1970 vocaverint.
2862 1915 3095 1984 Μάγγος
3128 1922 3256 1970 nota
3317 1930 3442 1981 vox,
3493 1930 3561 1970 ex
3620 1933 3728 1987 qua

2134 2024 2261 2064 cum
2289 2008 2469 2079 priore
2499 2006 2941 2078 σκυλλομάγγος.
2995 2008 3262 2062 Enmdem
3295 2009 3533 2063 arbitror
3564 2023 3731 2079 quem

2139 2099 2449 2171 Scyliorum
2504 2099 2636 2169 (τῶν
2671 2098 2965 2168 σκυλλίων)
3018 2100 3301 2154 custodem
3360 2100 3733 2171 Luitprandus

2140 2193 2332 2248 scribit
2397 2192 2557 2247 initio
2606 2191 2956 2262 Legationis:
3005 2192 3165 2262 cujus
3225 2192 3351 2248 ﬁdei
3387 2195 3557 2264 (quod
3616 2210 3731 2250 non

2134 2285 2387 2354 advertit)
2410 2284 2601 2354 ipsein
2629 2293 2999 2353 contemptum
3028 2284 3130 2339 fuit
3155 2284 3504 2340 commissus.
3529 2284 3735 2359 Cosa]

2216 2376 2301 2432 Ib.
2336 2377 2411 2430 Τὸ
2441 2378 2710 2431 διϐέλλιον
2740 2377 2936 2445 duplex
2963 2392 3058 2432 seu
3091 2378 3361 2447 geminum
3412 2378 3601 2435 velum.
3636 2383 3735 2435 Ju-

2138 2469 2265 2526 nius
2324 2470 2526 2538 ubique
2558 2469 2859 2524 inscienter
2911 2469 3091 2523 divum
3132 2468 3327 2533 velum,
3388 2483 3453 2523 ex
3513 2470 3736 2527 Latinis

2136 2562 2285 2616 divus
2318 2569 2372 2615 et
2396 2560 2602 2625 velum;
2626 2572 2682 2614 et
2713 2560 3029 2615 inscientius
3058 2559 3240 2614 adhuc
3271 2560 3436 2630 hujus
3463 2576 3577 2617 suae
3614 2564 3739 2633 opi-

2142 2654 2381 2709 nationis
2393 2664 2446 2708 et
2468 2653 2848 2722 originationis
2877 2654 3142 2707 rationem
3164 2654 3361 2708 reddit.
3382 2653 3735 2725 Legatquem

2140 2761 2299 2817 nugae
2330 2746 2623 2801 delectant.
2687 2743 2892 2799 Vocula
2948 2745 3021 2809 δι,
3090 2753 3148 2798 ιιι
3177 2745 3233 2798 in
3265 2745 3412 2810 aliis,
3440 2746 3514 2801 ita
3551 2760 3607 2801 et
3641 2749 3736 2803 hic

2140 2838 2452 2910 geminandi
2479 2845 2608 2891 nota
2638 2846 2746 2892 est.
2776 2837 2906 2891 Erat
2928 2838 3029 2891 hoc
3051 2836 3324 2891 divellium
3351 2853 3448 2893 seu
3473 2840 3735 2894 divelium

2139 2931 2400 2985 vexillum
2437 2929 2813 2999 imperatoris,
2843 2929 3061 2996 gemino
3094 2934 3215 2986 velo
3246 2940 3531 2998 constans,
3566 2933 3738 3002 quasi

2138 3023 2288 3079 dicas
2323 3022 2576 3088 divelum,
2612 3022 2757 3092 quod
2792 3021 3110 3090 imperatori
3141 3036 3361 3093 semper
3404 3040 3437 3080 a
3490 3027 3741 3082 scuterio

2141 3124 2236 3171 seu
2265 3115 2528 3170 scutit‘ero
2568 3113 2981 3185 praeferebatur.
3020 3114 3229 3171 Gnsrs.

2208 3207 2357 3262 Ibid.
2395 3207 2692 3279 [Meursius
2756 3208 3008 3263 vexillum
3065 3210 3408 3279 imperatoris
3464 3212 3743 3280 bifidum,

2133 3299 2427 3355 Grctserus
2449 3298 2701 3353 vexillum
2726 3300 3071 3369 imperatoris
3090 3303 3297 3372 gemino
3323 3304 3436 3358 velo
3455 3313 3742 3359 constans.

2138 3391 2233 3445 Ille
2262 3393 2460 3446 iterum
2489 3408 2503 3445 :
2546 3390 2660 3445 Viri
2685 3392 2849 3457 docti,
2881 3390 3105 3447 Junium
3140 3393 3416 3465 intelligit,
3441 3395 3608 3466 27o
3655 3398 3749 3451 hic

2136 3501 2337 3557 quoque
2398 3487 2811 3556 interpretantur
2835 3487 3015 3541 divum
3064 3488 3232 3543 velum
3260 3505 3280 3547 :
3310 3492 3401 3545 sed
3435 3493 3747 3561 falluntur.

2138 3578 2238 3635 ilic
2274 3595 2465 3635 rursus
2494 3597 2508 3632 :
2545 3579 2740 3634 Junius
2776 3581 2965 3652 ubique
2994 3583 3280 3638 inscienter
3307 3585 3482 3639 divum
3536 3588 3747 3641 velum.

2138 3674 2204 3727 At
2235 3688 2336 3727 nec
2365 3672 2570 3727 fallitur
2610 3688 2710 3727 nec
2746 3673 3045 3729 inscienter
3067 3672 3263 3732 Junius
3299 3676 3563 3747 loquitur,
3620 3678 3749 3743 cui,

2139 3777 2205 3817 eo
2240 3765 2408 3818 tutius
2427 3779 2535 3833 quo
2557 3765 2851 3829 eruditius,
2883 3767 3259 3834 patrocinatur
3291 3768 3655 3838 Dempsterus
3684 3772 3751 3825 in

2142 3856 2335 3910 ultima
2366 3856 2737 3911 Romanarum
2771 3857 3027 3926 antiquit.
3062 3858 3231 3915 calce.
3262 3858 3346 3913 Ea:
3371 3876 3492 3929 quo,
3528 3861 3749 3930 inquit.

2142 3948 2356 4001 nomina
2384 3949 2577 4001 ducum
2600 3947 2810 4002 vexillis
2840 3950 3177 4018 prwscripta,
3226 3962 3355 4016 puto
3398 3952 3653 4021 effectum
3687 3965 3749 4009 ut

2142 4040 2493 4092 adorarentur
2527 4040 2701 4109 signa.
2739 4038 2868 4094 Ideo
2898 4041 3131 4094 salutari
3167 4043 3392 4096 concilio
3419 4043 3754 4100 Constanti-

2144 4148 2243 4185 nus
2272 4146 2479 4187 crucem
2502 4133 2643 4185 inter
2666 4133 2817 4202 signa
2852 4134 3154 4201 collocavit,
3190 4145 3246 4188 ut
3276 4137 3503 4189 adorari
3533 4148 3754 4202 posset.

2146 4221 2497 4291 Hieronymus
2523 4223 2679 4289 epist.
2707 4222 2779 4275 ad
2806 4220 3010 4275 La'tam
3041 4224 3106 4277 de
3137 4225 3305 4279 instit.
3334 4226 3487 4293 ﬁliae:
3525 4224 3761 4281 Vexilla

2144 4314 2378 4367 militum
2426 4314 2601 4367 crucis
2660 4314 2895 4384 insignia
2948 4324 3090 4369 sunt.
3150 4315 3484 4371 Claudianus
3518 4319 3555 4371 Ι.
3614 4320 3659 4373 2
3698 4322 3762 4374 in

2147 4406 2409 4475 Ru/ﬁnum
2431 4423 2449 4460 :
2484 4410 2752 4475 Augustus
2775 4408 3072 4461 veneranda
3113 4411 3260 4477 prior
3288 4411 3481 4465 vexilla
3504 4413 3764 4469 salutat.

2141 4501 2208 4554 Et
2239 4500 2277 4552 ι.
2310 4498 2373 4552 de
2395 4499 2525 4552 bello
2554 4498 2769 4553 Getico:
2806 4499 2978 4553 Turba
2994 4501 3243 4555 salutatis
3268 4503 3564 4571 effunditur
3579 4506 3767 4560 obvia

2141 4587 2323 4658 signis.
2373 4585 2632 4640 Vexillum
2673 4588 2814 4641 istud
2868 4587 3114 4642 labarum
3151 4592 3325 4646 audit.
3381 4591 3769 4661 Cumpalates

2140 4678 2402 4732 διόἐλλινιν
2461 4687 2652 4743 uocat,
2712 4679 2888 4733 divum
2945 4681 3138 4735 velum.
3201 4682 3525 4737 Prudentius
3574 4685 3619 4739 ι.
3701 4690 3768 4741 in

2141 4769 2518 4840 Symmachum
2542 4787 2561 4825 :
2620 4768 2862 4825 Christus
2896 4789 3218 4842 purpureum
3259 4786 3521 4844 gemmato
3557 4785 3771 4833 textus

2142 4864 2196 4916 in
2227 4878 2357 4916 auro
2380 4861 2638 4933 Signabat
2667 4863 2937 4918 labarum.
2974 4863 3055 4919 Ea
3088 4883 3251 4922 causa
3299 4870 3459 4922 etiam
3517 4886 3620 4924 cur
3657 4891 3775 4942 per

2141 4955 2292 5024 signa
2319 4955 2563 5022 iurarent
2594 4956 2812 5010 utiliter.
2867 4954 2993 5011 Haec
3034 4956 3134 5013 nos
3188 4974 3253 5014 ex
3292 4959 3629 5031 Dempstero
3701 4967 3771 5021 in

2140 5045 2253 5099 divi
2308 5048 2565 5119 sacrique
2616 5048 2719 5103 veli
2775 5050 3167 5119 patrocinium,
3233 5066 3302 5107 ne
3359 5058 3774 5128 proscriptum

2141 5137 2290 5193 Junii
2318 5139 2622 5195 doctrinam
2657 5149 2862 5197 temere
2901 5140 3213 5196 videremur
3262 5143 3581 5202 defendere.
3652 5152 3778 5207 ln-

2142 5242 2225 5284 ter
2251 5231 2444 5287 iconas
2467 5233 2707 5287 concilio
2744 5231 3069 5289 Florentino
3099 5232 3363 5291 Romanae
3385 5224 3669 5295 editionis
3710 5252 3785 5297 et.

2140 5322 2321 5394 Regia:
2345 5324 2643 5390 admixtus,
2672 5325 2741 5379 ad
2771 5325 3124 5394 imperatoris
3155 5327 3471 5384 Graecorum
3507 5329 3565 5384 in
3636 5334 3784 5388 tri-

2140 5416 2277 5471 remi
2301 5416 2544 5472 sedentis
2575 5416 2718 5472 latus
2744 5417 3001 5472 vexillum
3029 5428 3111 5474 est
3138 5419 3376 5488 longius,
3402 5429 3460 5474 at
3490 5437 3603 5477 non
3656 5425 3781 5480 bi-

2145 5507 2339 5573 tidum,
2372 5507 2462 5563 cui
2491 5523 2628 5563 crnx
2657 5509 2871 5578 appicta
2897 5517 2981 5565 est
3006 5527 3019 5563 :
3053 5524 3122 5565 an
3146 5494 3256 5566 non
3292 5516 3475 5581 potius
3497 5514 3571 5569 ob
3605 5532 3799 5575 cru-

2138 5622 2255 5664 cem
2291 5617 2345 5664 et
2368 5607 2686 5679 religionem
2717 5609 2898 5665 divum
2938 5609 3103 5665 velum
3152 5626 3315 5680 quam
3346 5614 3629 5682 geminum
3672 5634 3798 5673 ve-

2141 5703 2244 5755 lum
2267 5695 2301 5754 ιθ
