3952 6222
232 230 333 296 an:
1325 234 1711 293 GltE'l‘SEill
1762 230 1856 292 ΕΤ
1894 229 2125 288 GOAltl
2180 230 2417 289 NUTAE.
3392 233 3498 297 302

283 343 345 397 Ρ.
384 342 475 398 40.
500 339 598 414 ['0
616 339 907 411 κοιὲστωρ.
944 341 1119 396 Etiam
1148 341 1386 396 labentis
1419 342 1634 410 imperii
1672 351 1807 395 tem-
1840 349 1885 405 Α
1918 339 2184 407 singulari
2235 353 2466 392 numero
2540 338 2794 407 legimus.
2851 338 3244 395 Constantinus
3305 341 3499 398 Them.

215 449 343 500 pore
366 433 597 503 plurima
625 432 865 501 pollebat
891 445 1136 503 quaestor
1170 440 1526 487 auctoritate.
1591 431 1787 501 Eclnga

216 523 412 578 Leonis
434 533 491 577 et
522 522 862 577 Constantini
893 523 981 576 AA
1010 523 1090 575 tit.
1120 523 1185 576 5:
1220 524 1281 574 '0
1310 521 1606 591 nataisttop
1637 522 1757 587 ἐξου
1777 552 1791 562 ο

219 616 340 670 σίαν
384 616 478 668 ἐπὶ
528 618 658 679 τοὺς
722 615 821 683 τῆς
854 614 1104 687 μεγάλης
1133 608 1338 684 ταύτῄς
1388 614 1795 685 ἐπιδημοῦντας

216 709 425 772 πόλεως
456 707 514 773 ἐξ
566 706 967 779 οἱασδηποτοῠν
1000 709 1209 779 χώρας,
1245 705 1356 761 εἴτε
1414 706 1616 777 ἄνδρας
1682 702 1793 759 εἴτε

216 805 483 869 γυναῖκας
529 801 642 854 εἴτε
684 801 986 871 κληρωτοὺς
1023 800 1055 870 ἧ
1096 796 1369 871 μοναχοῦς
1403 799 1435 870 ἢ
1469 790 1800 877 ἁσκηΐρίαςν,

215 897 321 948 εἴτε
357 895 471 947 τῶν
529 892 635 957 ἔξω
694 894 905 946 πόλεων
962 893 1321 963 συνηγόρους,
1386 894 1434 945 εἰ
1483 894 1576 947 καὶ
1634 888 1803 960 ἄλλης

216 984 435 1039 οἱασοῦν
466 984 639 1055 τύχης
685 998 745 1037 τε
798 985 893 1038 καὶ
944 980 1124 1049 ἁξῖας,
1178 983 1274 1037 καὶ
1333 983 1802 1055 περιεργάζεσθαι

215 1079 359 1139 τίνες
376 1094 438 1129 τε
463 1076 571 1130 εἷεν
601 1078 695 1129 καὶ
717 1076 880 1129 πόθεν
903 1077 1094 1147 ἥκοιεν
1115 1079 1209 1131 καὶ
1235 1078 1327 1130 ἐπὶ
1351 1077 1480 1148 ποίᾳ
1511 1078 1803 1146 προφάσει.

214 1169 375 1223 Plura
408 1162 755 1238 persequitur
789 1169 917 1223 illud
956 1162 1120 1236 caput
1150 1169 1212 1222 ad
1268 1184 1473 1224 moram
1507 1169 1806 1223 alienorum

217 1261 426 1316 inurhe
462 1261 764 1315 faciendam
804 1263 1128 1331 spectantia.
1161 1261 1491 1317 Cnnsulatnr
1511 1262 1659 1318 Iuris
1687 1258 1807 1318 GR.

216 1364 348 1405 tom.
390 1368 451 1416 ll,
489 1369 541 1421 p.
586 1353 675 1417 87,
709 1354 777 1409 90
813 1364 862 1407 et
899 1353 990 1409 99.

288 1443 373 1499 Ib.
399 1444 705 1517 ['Oyé-pac
727 1446 1179 1515 διερμηνευτής.
1209 1448 1338 1513 Qum
1370 1446 1470 1502 sibi
1496 1447 1810 1519 prmstiterit

214 1538 386 1592 cilicia
431 1556 656 1609 magnus
687 1541 1027 1609 interpretes,
1063 1540 1429 1611 Luitprandus
1478 1542 1530 1595 itt
1567 1558 1663 1598 sua
1701 1536 1805 1594 Lc-

217 1633 433 1701 gttione
465 1626 736 1686 edisserit.
782 1630 986 1705 Cum]

290 1722 440 1777 Ibid.
502 1714 847 1799 Δραγόμενοι
906 1727 1015 1779 sive
1078 1725 1415 1796 δραγομὰνοι
1475 1712 1802 1797 interpretes

219 1814 533 1885 linguarum
564 1814 922 1881 exotiearum,
954 1818 1143 1887 quales
1168 1810 1222 1871 in
1258 1819 1393 1874 aulis
1423 1820 1605 1889 magni
1660 1835 1812 1890 reges

221 1908 444 1971 habent,
485 1919 545 1962 ut
592 1910 999 1979 peregrinarum
1054 1904 1290 1981 gentium
1364 1913 1657 1982 legationes
1724 1912 1808 1967 in-

221 2011 613 2071 terpretentur.
651 2001 748 2057 Est
780 2018 844 2057 ex
875 2001 1173 2058 Chaldaieo
1212 2005 1484 2075 tltargum,
1522 2007 1811 2061 metatltesi

220 2094 869 2165 primarumlitterarum,
912 2096 1056 2164 quod
1111 2106 1193 2150 est
1235 2098 1811 2165 interpretamentum:

220 2197 269 2242 et
330 2197 625 2259 metargem
684 2202 784 2243 seu
845 2196 1133 2258 turgeman
1196 2189 1565 2259 interpretes,
1619 2190 1815 2260 δραγο-

222 2280 486 2348 μανίζειν
520 2267 875 2349 interpretem
908 2295 1089 2351 agere.
1129 2279 1408 2352 Hodieque
1433 2283 1524 2352 qui
1581 2282 1696 2335 loca
1724 2299 1812 2337 sa-

220 2385 309 2426 cra
351 2372 656 2427 Palaestina:
705 2372 958 2438 lustrant,
1015 2388 1143 2429 suos
1194 2374 1519 2444 interpretes
1568 2375 1809 2430 drussel-

221 2479 459 2518 mannos
491 2472 715 2519 vocant.

292 2554 385 2610 Ib.
427 2556 551 2611 Sive
582 2558 646 2610 de
674 2559 859 2615 armis.
898 2557 974 2614 lta
1013 2561 1359 2626 vertendum,
1394 2576 1500 2615 non
1533 2572 1593 2615 ut
1616 2559 1817 2615 Junius

222 2636 428 2718 ubique
477 2651 543 2704 de
602 2652 869 2718 curribus,
924 2650 1051 2722 quia
1109 2644 1315 2710 Crazcis
1371 2655 1522 2724 ἅρμα
1569 2656 1817 2725 ἅρματος

224 2743 315 2793 καὶ
344 2740 409 2792 τὰ
439 2742 665 2811 ἅρματα
698 2759 849 2796 arma
885 2751 1033 2809 sunt,
1073 2753 1131 2797 ut
1188 2745 1374 2800 multis
1420 2745 1681 2814 exemplis
1713 2744 1811 2799 do—

222 2844 357 2889 cent
418 2834 684 2905 Rigaltius
737 2844 795 2891 et
854 2833 1129 2892 Meursius
1188 2837 1242 2892 in
1306 2835 1620 2893 Glossariis.
1685 2832 1820 2892 llinc

224 2928 730 2998 ἁρμιμενταρεῖον,
778 2916 1264 3000 ἀρμαῖιενταρεῖα,
1311 2927 1670 2999 ἀρματὼριον
1731 2944 1818 2981 ar-

227 3019 669 3085 mamentarium,
702 3020 943 3090 ἁρμάτοι
974 3022 1195 3084 armati,
1245 3020 1596 3091 ἀρματοῦραι
1628 3035 1813 3074 arma-
1842 3033 1887 3091 ο

228 3121 388 3176 turre,
414 3108 717 3183 ἁρματοῦν,
743 3113 1076 3186 ἁρματὸνειν
1100 3130 1331 3168 armare.
1356 3112 1500 3180 Quin
1545 3123 1597 3168 et
1626 3113 1817 3169 vocula

227 3204 513 3275 ἁρμάριον
550 3215 603 3259 ct
634 3205 866 3275 ἀρμάρη
894 3206 1144 3274 Utuntur,
1192 3203 1336 3277 quod
1366 3215 1450 3259 est
1499 3216 1818 3275 prompt-ua-

226 3297 375 3351 rium
403 3312 499 3352 seu
535 3300 799 3367 ταμιεῖον.
822 3298 1026 3354 Csars.

300 3388 456 3442 Ibid.
493 3388 828 3461 [Κούρσων.
865 3391 1106 3461 Πραῖδαν
1142 3401 1297 3448 vocat
1334 3392 1442 3448 Leo
1492 3394 1544 3447 in
1581 3394 1818 3450 Tacticis

232 3480 491 3549 pluribus
521 3482 740 3537 constit.
778 3482 843 3536 Π
902 3482 1056 3549 locis,
1100 3484 1429 3538 incursiones
1474 3485 1717 3541 videlicet
1768 3496 1821 3541 et

229 3564 676 3645 deprtedationes.
732 3575 932 3649 Gem]

304 3665 371 3719 Ρ.
409 3665 501 3720 ιι.
566 3662 1003 3724 Protonotarius.
1069 3662 1168 3723 llic
1226 3654 1522 3737 palatinum
1584 3658 1820 3725 ofﬁciunt

233 3759 532 3828 significat,
563 3760 990 3815 ecclesiasticum
1048 3776 1178 3816 vero
1208 3762 1261 3814 in
1323 3750 1559 3816 secunda
1594 3761 1824 3830 peutade

233 3852 555 3907 ofﬁcialium
605 3851 806 3924 Magna:
835 3851 1110 3908 EccleSiae.
1157 3853 1397 3923 Uterque
1426 3854 1608 3923 plures
1637 3854 1740 3909 sub
1764 3870 1822 3908 se

237 3943 479 3999 habebat
511 3942 871 4014 notarios,qui
904 3938 1032 3998 olim
1096 3944 1447 3999 celebrabant
1480 3945 1553 4005 25
1573 3946 1825 4002 Octobris

238 4036 444 4091 festum
480 4034 580 4089 SS.
622 4046 920 4107 martyrum
959 4022 1220 4092 Marciani
1271 4047 1325 4091 et
1359 4036 1602 4107 Martyri,
1655 4054 1818 4107 quos,

239 4138 299 4181 ut
351 4144 419 4183 ex
461 4127 621 4199 271
656 4126 861 4181 Menaeo
916 4126 1106 4198 liquet,
1168 4128 1402 4182 notarios
1456 4126 1820 4197 appellabant.

240 4218 457 4274 Notarii
493 4220 657 4289 igitur
686 4220 823 4274 duos
855 4219 988 4274 istos
1016 4221 1281 4287 notarios,
1336 4218 1441 4275 sub
1494 4214 1822 4278 Constantio

244 4311 449 4366 Ariano
511 4311 837 4382 imperatore
889 4327 985 4382 pro
1044 4312 1147 4366 fide
1201 4313 1502 4368 orthodoxa
1567 4312 1819 4377 occisos,

1903 427 2223 484 OrieutJO:
2255 429 2512 500 Κάστρον
2535 431 2682 483 ἐστὶν
2697 430 3068 501 ὀχυρώτατον.
3098 432 3503 502 Καστροφύλαξ

1914 520 2214 574 castrorum
2240 530 2439 581 custos,
2471 523 2909 589 καςτροκτίστης
2932 533 3232 575 castrorum
3256 533 3497 583 metator,

1904 612 2299 682 κιστροκτισία
2363 622 2660 665 castrorum
2720 614 2934 667 metatio
2964 665 2978 689 ,
3013 610 3341 687 καστρέπιον
3387 623 3502 669 sive

1911 706 2241 775 καοτρίσιον
2276 716 2559 760 castrense.
2604 706 2800 762 iisdem
2854 707 2908 761 in
2949 723 3046 762 usu
3105 723 3231 764 sunt
3272 713 3504 763 κάστελο

1921 800 2027 863 λοι,
2101 790 2461 865 καστέλλιον,
2516 798 2758 867 καστέλη
2812 814 2913 866 pro
2957 790 3193 854 castellis
3216 822 3337 857 ,seu
3388 822 3504 855 mn-

1914 874 2202 947 nitionibus
2249 900 2303 946 ct
2334 907 2433 961 pro
2489 891 2699 962 oppido.
2754 891 2896 945 Hinc
2948 894 3243 948 castelliani
3304 898 3501 950 InilJt's

1912 987 2157 1042 castellis
2232 988 2497 1055 impositi.
2572 982 2969 1051 Καστελλοῦν
3028 990 3205 1043 locum
3266 993 3499 1060 aliquem

1917 1078 2153 1131 munire.
2190 1077 2398 1132 Gnn'rs.

1992 1171 2129 1224 Ibid.
2151 1168 2418 1241 [Kdorpa
2444 1173 2685 1225 civitates
2708 1174 2960 1228 montibus
2990 1177 3219 1228 munitas
3250 1178 3505 1245 illlcrpt‘r~

1917 1258 2346 1315 tarc.Ccdreuus
2368 1260 2417 1313 in
2442 1252 2707 1316 Michaele
2738 1262 3087 1334 Papltlagone
3115 1282 3127 1318 :
3159 1268 3507 1334 Παγκράτιος

1916 1350 1971 1402 δὲ
2008 1351 2034 1399 ὁ
2074 1349 2663 1419 Ἂϐασγὸς,Ῥωμανδν
2702 1353 2791 1403 τὸν
2823 1353 3051 1423 βασιλέα
3085 1355 3249 1423 δῆθεν
3276 1357 3507 1408 ἐκδικῶν

1916 1442 1989 1503 ὡς
2022 1441 2164 1494 Οεῖον
2187 1441 2281 1509 τῆς
2312 1443 2573 1510 γυναικὸς
2601 1443 2790 1507 αὑτοῦ,
2822 1446 2921 1513 τήν
2944 1462 3001 1496 τε
3025 1445 3161 1514 πρὸς
3198 1436 3507 1514 Ῥωμαίους

1919 1534 2149 1603 εἰρήνην
2196 1536 2468 1587 ἀπείπατο
2501 1540 2593 1589 καὶ
2638 1537 2952 1605 τὰ⁹πρώην
3020 1537 3241 1590 δοθέντα
3290 1538 3505 1608 κάπροι

1848 1665 1896 1728 Β
1925 1630 2018 1681 καὶ
2046 1628 2281 1699 φρούρια
2309 1629 2670 1698 ἀνεκτήσατο.
2708 1628 2948 1691 Barium,
3000 1630 3265 1697 Capuam,
3329 1630 3501 1684 Bene-

1924 1732 2141 1775 ventum
2178 1730 2469 1775 vocaverat
2500 1721 2552 1774 in
2616 1722 2992 1789 superioribus
3030 1723 3263 1792 κάστρχ.
3326 1722 3499 1792 Hujus

1918 1808 2117 1869 mentis
2146 1813 2321 1869 fuerat
2351 1815 2418 1867 ab
2448 1814 2672 1883 antiquo
2698 1815 2845 1869 circa
2909 1830 3095 1868 vocem
3159 1817 3297 1869 hanc
3326 1815 3494 1869 Justi-

1919 1908 2116 1962 nianus
2144 1907 2276 1961 Nov.
2314 1907 2446 1960 ηδε
2486 1907 2594 1959 Καὶ
2624 1909 2749 1966 τοὺς
2782 1909 2837 1961 ἐν
2869 1910 2988 1969 ταῖς
3016 1909 3309 1977 ἐπαρχίαις
3335 1909 3496 1969 ὄντας

1918 2001 2187 2069 ἄρχοντας
2224 1999 2545 2063 πολιτικούς
2583 2017 2643 2051 τε
2687 2000 2780 2052 καὶ
2813 2002 3247 2070 στρατιωτικοὺς
3288 2002 3343 2053 ἐν
3377 2004 3500 2064 ταῖς

1920 2093 2139 2144 πόλεσιν
2161 2092 2280 2162 ἢτοι
2306 2092 2587 2162 κάπροις.
2618 2090 2816 2164 ϐοΑιι.]

1994 2182 2052 2236 Ρ.
2086 2184 2176 2236 bit.
2208 2182 2499 2254 Catergon,
2547 2183 2694 2253 quod
2728 2195 2812 2239 est
2876 2186 3128 2248 triremis,
3183 2195 3240 2239 ut
3301 2187 3351 2239 in
3384 2187 3501 2255 ipso

1918 2277 2126 2330 Codino
2159 2279 2473 2345 exponitur,
2506 2292 2572 2331 ex
2638 2277 2836 2331 Arabia
2892 2294 2920 2333 a
2976 2278 3143 2333 Iunio
3177 2280 3499 2334 advocatur.

1920 2367 2137 2439 Ubique
2194 2370 2454 2423 nimirum
2516 2371 2598 2425 sui
2649 2371 2926 2425 Arahismi
2999 2374 3305 2441 speeimina
3369 2372 3500 2428 edit.

1919 2461 2028 2517 Cur
2059 2478 2164 2518 non
2199 2478 2265 2518 ex
2296 2463 2438 2516 κατά
2468 2471 2523 2517 et
2569 2462 2730 2532 ἔργον
2762 2466 3123 2530 compositum
3154 2464 3265 2517 sit?

1993 2555 2077 2611 Ib.
2122 2556 2588 2629 Λογγαριαστὴν
2643 2557 2781 2611 aula:
2817 2558 2892 2610 ait
2942 2556 3140 2610 Junius
3176 2572 3296 2610 esse
3350 2556 3503 2610 illum

1921 2650 2014 2718 qui
2040 2647 2209 2704 Gallis
2228 2657 2314 2705 est
2338 2665 2559 2719 magnus
2584 2648 3055 2713 contrarotufator,
3076 2663 3104 2701 a
3126 2647 3506 2718 λογάριάζειν,

1924 2740 2072 2813 quod
2105 2752 2188 2799 est
2223 2752 2554 2812 computare.
2712 2816 2717 2823 .

1992 2835 2079 2893 Ib.
2109 2835 2644 2906 Μεγαλοαλογῖται.
2698 2835 2895 2897 IIunius
2947 2836 3337 2907 interpretatur
3397 2854 3509 2891 ma-

1924 2932 2041 3002 gnis
2076 2932 2223 3000 equis
2261 2939 2484 2994 utentes,
2514 2932 2721 3000 magnis
2762 2931 2909 3000 cquis
2942 2940 3257 3000 pugnantes.
3304 2930 3507 2986 Csars.

1996 3019 2141 3075 Ibid.
2172 3018 2595 3093 [Cataphraetos
2624 3022 2837 3091 equites
2868 3023 3147 3087 existimo,
3167 3016 3258 3092 qui
3282 3040 3513 3079 numero

1924 3121 1980 3167 et
2030 3112 2268 3182 pondere
2322 3128 2604 3171 armorum
2655 3130 2852 3184 graves
2901 3116 3115 3187 magnis
3168 3127 3222 3171 et
3272 3116 3508 3174 fortibus

1933 3204 2093 3279 equis
2138 3220 2276 3273 opus
2308 3206 2595 3261 haberent.

2006 3297 2151 3373 Ibid.
2191 3296 2631 3369 [Τρικάϐαλλοι.
2688 3299 3060 3358 Trimarcisios
3115 3305 3324 3375 antiqui
3372 3305 3512 3363 Galli

1932 3388 2220 3452 dixissent,
2250 3388 2340 3456 qui
2371 3389 2548 3445 tribus
2587 3390 2787 3462 singuli
2826 3402 3057 3448 utuntur
3093 3397 3270 3466 equis.
3308 3395 3510 3454 Pensm

1931 3480 2049 3535 nias
2080 3479 2265 3535 Gallos
2300 3491 2356 3535 ut
2379 3482 2452 3537 ita
2487 3482 2667 3538 dicam
2691 3486 3093 3555 τρικαὸάλλους
3122 3488 3258 3543 duce
3289 3488 3501 3544 Brenno

1930 3572 1982 3626 in
2020 3573 2241 3629 Grazcos
2277 3564 2474 3631 euntEs
2521 3577 2840 3648 descripsit,
2872 3580 2913 3633 l.
2957 3596 3031 3634 x:
3070 3579 3267 3644 Fuere,
3308 3581 3513 3649 inquit,

1928 3682 2089 3737 supra
2110 3668 2385 3734 sexaginta
2414 3672 2647 3738 equitum
2672 3670 2841 3724 millia
2859 3672 3088 3741 amplius
3112 3673 3253 3725 mille
3277 3673 3514 3724 ducenti.

1934 3760 2074 3812 Nam
2125 3759 2360 3829 singulos
2420 3760 2615 3830 equites
2667 3760 2770 3813 duo
2800 3760 2993 3828 {amuli
3058 3761 3407 3830 sequebantur
3460 3762 3516 3813 in

1930 3854 2094 3922 cquis,
2128 3866 2175 3907 ct
2205 3857 2304 3920 ipsi
2353 3855 2673 3922 equestrium
2700 3854 2898 3906 artium
2936 3854 3162 3907 maxime
3195 3856 3372 3923 gnari.
3435 3854 3509 3909 IIi

1929 3946 2294 4015 pra‘liantibus
2329 3944 2556 3997 dominis
2588 3946 2640 3997 in
2668 3953 2905 3997 extrema
2938 3946 3051 3997 acie
3099 3947 3440 4001 consistentes
3463 3948 3516 4000 ei

1930 4048 2081 4089 erant
2104 4038 2244 4101 usui,
2270 4048 2322 4089 ut
2345 4036 2390 4090 si
2412 4036 2546 4104 forte
2565 4053 2723 4105 equus
2740 4047 2868 4090 esset
2889 4036 3140 4100 amissus,
3160 4040 3340 4092 statim
3362 4056 3517 4093 suum

1928 4128 2318 4191 submitterent,
2348 4129 2393 4181 si
2426 4131 2503 4181 rir
2547 4129 2887 4196 concidisset,
2912 4147 3092 4185 servus
3120 4132 3173 4185 in
3198 4133 3309 4201 ejus
3340 4133 3516 4191 locum

1931 4224 2226 4277 succederet
2252 4238 2268 4276 :
2305 4224 2491 4293 quodsi
2528 4235 2811 4292 utrumque
2831 4224 2953 4277 belli
2976 4226 3200 4295 impetus
3222 4228 3514 4292 evertisset,

1920 4320 2038 4384 jam
2078 4327 2268 4383 prwsto
2309 4326 2421 4370 erat
2456 4319 2666 4381 tertias,
2702 4319 2792 4387 qui
2829 4335 2925 4388 pro
2979 4323 3202 4374 mortuis
3238 4319 3412 4374 locum
3443 4332 3519 4375 tc-

244 4402 445 4459 merito
476 4404 897 4471 venerabantur,
936 4400 1079 4458 sicut
1120 4403 1315 4458 medici
1346 4406 1446 4462 SS.
1477 4406 1731 4461 Cosmam
1790 4414 1843 4459 et
1879 4407 1919 4461 D
1951 4421 2112 4464 ncret.
2140 4410 2316 4480 Atque
2343 4411 2483 4463 hanc
2507 4410 2907 4465 institutionem
2937 4426 3068 4467 voce
3101 4414 3271 4482 patria
3299 4416 3519 4468 trimur-

250 4495 571 4550 Damianum
602 4493 865 4550 medicos.
900 4493 1006 4550 Sed
1046 4511 1307 4566 processu
1357 4499 1616 4566 temporis
1646 4512 1840 4568 super-

247 4589 541 4643 seminavit
578 4588 838 4643 inimicus
872 4590 1034 4644 homo
1101 4588 1333 4644 zizania.
1370 4589 1512 4645 festo
1552 4606 1838 4661 propemo-

251 4684 382 4736 dum
426 4685 478 4735 in
540 4681 903 4736 Bacchanalia
959 4682 1043 4736 vel
1088 4681 1413 4751 Lupercalia
1466 4699 1649 4738 verso.
1708 4683 1839 4747 Qua:

251 4775 539 4844 aliquando
572 4773 766 4842 ﬁebant
802 4775 853 4827 in
889 4772 989 4829 SS.
1024 4777 1358 4829 notariorum
1381 4776 1514 4844 festo
1537 4792 1570 4829 a
1616 4777 1839 4829 notariis

253 4886 444 4937 pueros
507 4868 837 4934 docentibus,
896 4883 1017 4920 cum
1078 4868 1295 4920 scenicis
1371 4869 1609 4937 personis
1666 4869 1840 4938 forum

253 4960 588 5025 abeuntibus,
624 4971 745 5014 ante
779 4959 986 5030 aliquot
1024 4975 1191 5013 annos
1232 4951 1567 5014 exoleverunt
1614 4963 1841 5015 sanctis-

252 5055 379 5108 simi
432 5054 568 5108 illius
623 5052 827 5106 domini
860 5050 1020 5107 Luca:
1076 5054 1406 5121 patriarcha:
1469 5053 1702 5107 decreto.
1764 5054 1840 5105 ita

254 5146 544 5202 Balsamon
575 5146 641 5200 ad
670 5146 742 5201 δί
766 5160 1032 5200 canonem
1064 5145 1410 5199 Tru‘lanum.
1445 5145 1643 5200 Eadem
1675 5146 1844 5201 ferme

257 5240 504 5294 invenies
556 5249 597 5294 t.
644 5236 715 5291 111
771 5231 923 5292 Iuris
982 5236 1515 5306 Graeco-Romanip.
1555 5237 1682 5291 225.
1741 5224 1846 5290 No-

258 5332 393 5386 tarii
435 5346 560 5402 ergo
587 5344 792 5400 pueros
851 5329 1017 5383 etiam
1072 5329 1362 5384 docebant.
1428 5328 1527 5382 Vix
1587 5330 1721 5384 fides
1778 5333 1844 5382 de

258 5423 522 5495 palatinis
566 5432 622 5478 et
672 5420 1110 5486 ecclesiasticis;
1143 5435 1314 5491 quare
1367 5421 1432 5475 ad
1500 5420 1639 5475 alios
1694 5430 1844 5474 nota-

260 5519 379 5574 rios
403 5517 633 5573 cilicium
660 5530 860 5587 pueros
893 5515 1121 5571 docendi
1152 5515 1498 5571 referendum
1530 5515 1661 5569 erit.

334 5611 420 5667 Ib.
452 5608 788 5668 Vocabulum
835 5609 1050 5678 κάστρα
1091 5610 1392 5679 generatim
1449 5609 1536 5664 hic
1577 5607 1846 5677 significat

263 5704 605 5774 muni'iones,
644 5705 761 5761 sive
788 5703 973 5774 oppidi
1008 5702 1124 5761 sive
1158 5702 1369 5761 fossati.
1400 5702 1575 5757 Etiam
1608 5702 1845 5772 κάστρον

1945 4503 2135 4571 cisiam
2172 4502 2496 4559 nominant;
2530 4516 2731 4566 equum
2766 4503 2911 4554 enim
2947 4518 3179 4556 marcum
3213 4505 3517 4571 appellant.

1943 4592 2105 4661 272
2144 4592 2332 4648 Livius
2372 4592 2623 4646 eumdem
2675 4592 3034 4647 Numidarum
3090 4608 3295 4647 morem
3344 4594 3513 4650 fur-Sa

1943 4685 2129 4749 refert,
2175 4685 2211 4739 1.
2238 4700 2369 4740 xxnr
2396 4701 2410 4739 :
2450 4685 2654 4750 Quibus
2687 4684 3013 4738 desultorum
3040 4684 3093 4736 in
3131 4684 3340 4737 modum
3370 4686 3518 4737 binos

1946 4774 2277 4833 trahentibus
2308 4791 2464 4845 equos
2501 4776 2638 4829 inter
2676 4774 2993 4826 acerrimam
3026 4787 3160 4838 sirpe
3182 4789 3414 4841 pugnam
3464 4776 3519 4826 in

1946 4876 2200 4921 recentem
2243 4883 2431 4937 equum
2489 4881 2554 4919 ex
2616 4863 2755 4932 fesso
2804 4862 3128 4916 transultare
3194 4880 3304 4917 mos
3358 4877 3517 4918 erat:

1948 4972 2095 5017 tanta
2130 4960 2380 5014 velocitas
2441 4958 2594 5025 ipsis,
2644 4966 2751 5008 tam
2800 4955 2973 5010 docile
3023 4973 3281 5024 equorum
3331 4973 3513 5026 genus.

1950 5051 2023 5105 I)e
2071 5050 2280 5115 Quadis
2334 5061 2387 5104 et
2433 5048 2697 5102 Sarmatis
2749 5047 2889 5103 idem
2935 5059 3119 5103 narrat
3174 5047 3519 5103 Marcellinus

1948 5144 1983 5196 l.
2022 5156 2154 5199 xvn.
3148 5212 3151 5215 γ

2017 5235 2077 5288 P.
2108 5234 2198 5293 42.
2233 5231 2637 5303 [Δικαϐἁλλοι.
2672 5232 2821 5299 Quos
2850 5233 3178 5303 ἀμφίππους
3208 5231 3403 5287 Pollux
3430 5232 3514 5285 di-

1947 5338 2112 5392 ceret,
2139 5329 2227 5396 qui
2262 5327 2409 5380 binos
2444 5342 2601 5395 equos
2632 5327 2913 5391 habebant,
2940 5342 3167 5397 quarunt
3197 5327 3335 5379 alter
3363 5326 3517 5383 alteri

1948 5418 2357 5487 adjungcbatur.
2379 5418 2678 5489 Hesychius
2697 5438 2709 5473 :
2729 5418 3035 5489 Ἀμίππους
3056 5429 3109 5471 et
3129 5419 3358 5486 ἄζυγας.
3391 5416 3518 5472 Sui-

1949 5511 2065 5565 das:
2091 5511 2364 5580 Ἃμιπποι
2379 5513 2427 5564 οι
2451 5513 2547 5566 σὺν
2566 5513 2753 5576 ἵπποις
2771 5512 3215 5582 στρατευόμνεοι.
3240 5513 3334 5565 καὶ
3348 5513 3375 5565 ὁ
3394 5513 3524 5567 ἑπε-

1948 5603 2161 5657 λαύνων
2180 5603 2379 5667 αὐτοὺς
2402 5605 2497 5658 τοῦ
2520 5606 2621 5676 μὲν
2644 5606 2922 5674 ἐποχεῖται
2947 5604 3037 5657 τὸν
3080 5604 3138 5657 δὲ
3163 5606 3521 5685 παρξλκεται.

1950 5703 1991 5757 Α
2028 5699 2291 5758 Romanis
2326 5700 2566 5770 antiquis
2586 5700 2640 5755 in
2682 5698 2901 5755 Graecos
2927 5712 3045 5754 mos
3077 5700 3181 5755 istc
3212 5699 3527 5757 desultoriis
