3952 6222
394 253 498 312 303

1490 249 1569 305 ΙΝ
1615 248 1920 308 LIBRUM
1964 247 2060 306 DE
2095 250 2420 342 OEFICIIS
2455 251 2566 309 (ΖΡ.

3537 241 3640 304 304

393 383 455 417 ex
491 365 648 433 cquis
685 363 959 434 pugnandi
1013 361 1308 424 derit-arat.
1343 359 1410 416 de
1473 361 1670 431 quibus
1720 361 1916 417 Festus
1947 381 1958 417 :
1992 370 2036 424 Α
2067 338 2386 433 ὑπήρεσέαι,
2413 374 2467 417 ut
2497 372 2710 418 constet
2745 363 2941 417 oratio.
2980 361 3198 418 Certum
3233 371 3314 418 est
3336 370 3517 416 autem
3546 357 3646 414 Co-

399 456 627 510 Paribus
657 457 824 525 equis,
859 455 913 508 id
943 464 1018 508 est
1055 455 1280 516 duobus.
1317 454 1544 509 Romani
1579 455 1860 510 utebantur
1911 457 1964 528 in

392 549 596 618 praelia,
627 557 681 600 ut
707 548 934 600 sudante
970 548 1139 601 altero
1177 548 1469 602 transirent
1506 550 1557 602 in
1613 550 1834 603 siccant.
1891 547 1966 601 De

399 638 788 692 mormcaltallis
813 649 994 692 actum
1015 639 1342 708 jandudum.
1383 638 1580 710 ϐολὴ]

463 730 545 782 Ib.
581 731 654 782 De
689 730 922 784 Arabica
957 730 1168 799 origine
1219 731 1470 785 vocabuli
1531 731 1965 786 Blachernarnm

395 823 754 877 suavissimas
797 839 968 894 nugas
1029 825 1139 891 agit
1197 821 1413 879 Junius.
1481 823 1700 889 Quanto
1759 825 1966 879 rectius

393 930 584 972 auctor
621 917 786 971 libelli
842 917 907 972 de
950 918 1015 971 tt
1079 917 1396 986 regionibus
1432 918 1584 971 urbis
1616 915 1916 985 Cpolitanat
1949 917 1961 968 !

395 1010 810 1064 Hinc/ternorum
851 1008 1146 1078 (subttrbii)
1213 1024 1398 1061 nomen
1455 1026 1485 1060 a
1537 1007 1767 1077 quedam
1821 1023 1878 1060 eo
1913 1005 1966 1058 in

393 1103 506 1154 loco
537 1109 783 1170 regnante
811 1101 1035 1154 inditum
1068 1101 1230 1170 fuisse
1279 1116 1342 1153 ex
1398 1099 1650 1170 Dionysio
1700 1099 1967 1168 Byzantio

396 1193 587 1247 Gillins
649 1203 908 1246 autumat.
973 1191 1200 1247 Iacebat.
1265 1193 1330 1245 ad
1399 1191 1552 1245 littus
1611 1194 1820 1257 maris,
1876 1192 1967 1244 ubi

393 1289 553 1342 etiam
601 1286 709 1340 Leo
767 1286 994 1354 Magnus
1045 1286 1288 1354 Dciparte
1338 1285 1600 1354 templum
1661 1285 1965 1350 exstruxit,

392 1379 533 1434 aliud
563 1378 631 1432 ab
664 1379 757 1431 illo
794 1375 1112 1442 Pulcherim,
1145 1375 1212 1429 tle
1234 1391 1340 1444 quo
1373 1374 1715 1445 Nicephorus
1747 1375 1831 1442 15,
1874 1378 1965 1432 24.

459 1471 521 1525 Ρ.
561 1470 650 1523 45.
679 1469 919 1536 Drunga.
965 1467 1055 1522 Sic
1112 1466 1242 1536 Iegq
1265 1483 1331 1522 ex
1368 1483 1504 1523 mss.
1540 1467 1838 1523 codicibus.
1871 1467 1970 1523 Ju-

390 1564 514 1615 nius
545 1561 807 1630 drungas,
835 1559 1018 1614 mallet
1056 1567 1236 1614 tamen
1266 1563 1523 1629 drungus.
1556 1558 1755 1614 Gnsrs.

459 1652 542 1706 Ib.
575 1651 1135 1724 [Καστροεεύλακες.
1173 1652 1472 1722 ’Ἄρχοντες
1497 1651 1884 1721 στρατιωτικοὶ
1913 1653 1969 1704 ἐν

387 1750 506 1808 ταῖς
552 1747 771 1798 πόλεσιν
806 1747 922 1816 ἤτοι
952 1742 1594 1814 xdorpngustinianus
1620 1758 1794 1812 nuper
1827 1743 1964 1798 cita~

391 1852 497 1894 tus.
526 1839 754 1911 Go.ttt.]'

460 1930 541 1985 1b.
595 1930 820 1986 Videtur
879 1932 1165 2002 legendum
1223 1938 1317 1985 aut
1369 1930 1586 1985 πάντων
1629 1936 1723 1984 aut
1786 1930 1960 1982 πᾶσαι

2071 457 2259 510 tlinum
2296 457 2478 508 omnia
2506 455 2680 511 otiicia
2707 465 2762 510 et
2792 455 3115 518 ministeria,
3141 467 3263 521 qua:
3284 453 3416 506 olim
3447 453 3499 504 in
3529 453 3645 506 aula

2069 547 2349 616 Cpolitana
2380 557 2556 612 erant,
2583 562 2690 600 non
2724 546 3106 615 percensuisse
3135 543 3233 614 (a),
3259 546 3353 600 sed
3387 559 3449 598 ea
3484 545 3649 614 potis—

2077 637 2276 690 simum
2315 653 2432 705 qua!
2471 652 2570 691 suo
2605 645 2850 704 tempore
2890 637 3145 706 vigebant
3176 653 3190 690 :
3225 651 3349 688 nam
3384 635 3510 688 olim
3543 635 3649 688 alia

2070 736 2232 798 atque
2265 729 2367 782 alia
2399 739 2576 791 erant,
2607 736 2665 782 ut
2689 724 2893 783 Graeca:
2927 727 3168 782 historiae
3222 727 3389 782 lectio
3424 742 3524 781 nos
3548 725 3645 780 do-

2072 831 2178 876 cet.
2230 822 2385 890 Apud
2420 820 2840 874 Constantinum
2907 818 3438 890 Porphyrogenitum
3488 818 3526 872 Ι.
3580 817 3650 872 de

2073 914 2508 968 administrando
2541 913 2770 982 imperio
2802 928 2852 968 c.
2883 911 2946 967 51
2983 921 3178 980 praeter
3203 908 3576 980 protocarabos
3595 916 3650 963 et

2073 1007 2209 1061 alios
2237 1007 2483 1062 invenies
2505 1007 2596 1060 τὸν
2617 1007 2708 1060 ἐπὶ
2737 1005 2838 1075 τῆς
2861 1005 3061 1075 φιάλης
3082 1020 3176 1059 seu
3202 1003 3293 1057 τὸν
3316 1005 3415 1073 τῆς
3443 1002 3646 1072 φιάλης

2072 1100 2161 1166 qui
2195 1111 2310 1153 erat
2356 1099 2518 1167 jndex
2557 1101 2727 1153 turbae
2787 1099 3023 1152 nautica:
3053 1097 3358 1150 dromorum
3390 1111 3484 1150 seu
3517 1092 3648 1147 dra-

2073 1193 2370 1246 moniorum
2406 1193 2793 1262 imper-iulium,
2825 1193 3024 1262 jusque
3055 1191 3272 1245 dicebat
3327 1188 3524 1244 sedens
3585 1187 3644 1242 in

2073 1287 2190 1339 loco
2219 1285 2520 1352 dromonis,
2560 1287 2650 1355 qtti
2693 1285 2880 1340 Phiala
2911 1283 3237 1354 appellatur.
3282 1279 3428 1336 Idem
3481 1279 3650 1334 Codi-

2071 1391 2178 1431 nus
2211 1378 2344 1432 nihil
2373 1377 2594 1447 scripsit
2619 1379 2684 1432 de
2715 1377 3036 1432 otiicialibus
3061 1381 3318 1445 Augusta:
3351 1388 3448 1429 seu
3476 1372 3651 1441 impe-

2073 1467 2332 1536 ratricis;
2369 1479 2420 1524 ct
2451 1480 2656 1535 tamen,
2693 1481 2751 1523 ut
2797 1470 2900 1524 hoc
2933 1483 3048 1523 aevo
3103 1463 3542 1536 imperatricibus
3589 1471 3652 1516 et

2073 1562 2280 1632 reginis
2312 1562 2398 1616 sui
2423 1570 2549 1618 sunt
2581 1561 2860 1628 olliciales,
2894 1563 2970 1615 ita
2996 1570 3052 1616 et
3107 1558 3413 1628 antiquitus
3465 1563 3645 1610 erant.

2074 1652 2212 1708 llinc
2237 1653 2378 1724 apud
2436 1655 2597 1708 modo
2649 1653 2990 1708 nominatum
3050 1649 3469 1704 Constantinum
3500 1663 3550 1702 c.
3577 1645 3644 1700 51

2078 1746 2329 1801 invenies
2360 1745 2452 1798 τὸν
2473 1747 2567 1798 ἐπὶ
2598 1745 2698 1813 τῆς
2727 1743 3010 1814 τραπέζης
3047 1743 3150 1810 τῆς
3179 1738 3520 1806 Αὑγούστης,
3548 1733 3650 1804 qui

2072 1835 2231 1889 etiam
2264 1845 2380 1888 erat
2406 1835 2569 1904 judex
2601 1836 2946 1905 Agrariorum
2981 1831 3204 1902 (navigii
3231 1829 3280 1883 id
3305 1825 3519 1899 genus),
3541 1827 3653 1878 Au-

2073 1935 2257 1996 gustae.
2287 1926 2488 1981 GRETS.

453 2046 524 2109 (α)
563 2046 740 2097 (ξι-οῖς..
777 2053 929 2104 eram,
967 2045 1320 2109 perrensuisse,
1357 2050 1466 2096 sine
1495 2046 1708 2109 negandi
1751 2046 1958 2106 particul

2077 2046 2317 2096 nendose.
2355 2045 2490 2095 Εοιτ.

399 2176 600 2191 ινα-αισ--νυ

615 2179 728 2188 ..η-.-

803 2182 818 2185 ..
837 2183 902 2188 .___.
919 2183 928 2186 _
943 2180 1075 2188 ._......_.._
1097 2181 1202 2188 -.κ--.ην
1217 2181 1293 2187 —-_.
1307 2181 1580 2190 ...ο-Ψ...-

1515 2297 1868 2385 LIBER
1967 2299 2534 2389 TERTIUS.

935 2573 1096 2649 273
1137 2571 1365 2632 CAPUT
1407 2575 1447 2630 ι.

393 2696 796 2752 Observationes
837 2702 884 2746 et
922 2693 1300 2827 expligatirones
1357 2691 1409 2742 in
1451 2698 1608 2759 caput
1647 2691 1698 2755 6,
1728 2692 1865 2760 quod
1895 2701 1968 2746 est

1099 2779 1124 2814 e
1185 2777 1332 2815 erus.

1099 2779 1124 2814 8
1163 2777 1332 2815 181⁸113.

461 2857 526 2917 Ρ,
565 2855 653 2909 45.
701 2850 985 2906 Ἐντεῦθεν
1020 2852 1075 2904 αἱ
1111 2851 1318 2920 ἑορταί,
1374 2860 1480 2906 etc.
1533 2851 1588 2904 In
1626 2851 1748 2906 cod.
1793 2850 1960 2904 Boico

391 2947 581 3002 titulus
619 2945 782 3014 hujus
811 2944 1006 3014 capitis
1042 2943 1114 2996 ita
1157 2942 1356 2996 habet:
1394 2942 1560 3007 Τάξις
1607 2943 1872 3013 γινομένη
1903 2930 1981 2998 ἐν’

2075 2579 2332 2650 Eugeniae
2362 2588 2416 2632 ct
2472 2577 2684 2644 Basilaz,
2748 2577 2999 2649 Philippo
3055 2577 3313 2648 Eugeniae
3347 2579 3506 2649 patri,
3541 2571 3674 2639 neci

2078 2684 2184 2722 non
2212 2667 2438 2722 Nicolao
2475 2668 2832 2739 martyribus,
2867 2683 2929 2722 ex
2965 2668 3162 2737 majori
3191 2680 3342 2739 parte
3376 2671 3650 2740 impendi-

2084 2773 2200 2814 tur:
2274 2761 2650 2815 natalitiormn
2727 2761 3028 2832 προεόρτια
3107 2771 3320 2817 tantum
3389 2766 3645 2834 quaedam

2079 2852 2301 2923 ᾅσματα
2329 2852 2614 2906 admiscet.
2642 2853 2722 2906 Ad
2751 2853 2877 2906 illud
2914 2856 3094 2922 itaque
3120 2869 3226 2908 non
3268 2857 3649 2910 convenitim-

2073 2955 2314 3013 perator,
2359 2946 2502 3014 quod
2536 2945 2658 3014 ejus
2703 2947 3031 3000 solcmnitas
3079 2946 3258 3001 minor
3287 2947 3358 3002 sit
3381 2963 3478 3002 nec
3507 2949 3648 3004 adeo

390 3045 508 3102 ταῖς
538 3039 896 3099 Δεσποτικσιῖς
917 3038 1154 3106 ἑορταῖς,
1181 3033 1380 3088 Forma
1405 3036 1678 3088 observari
1707 3037 1869 3089 solita
1901 3037 1954 3090 in

2077 3041 2254 3095 'cstiva
2280 3059 2292 3096 :
2335 3043 2472 3098 alias
2493 3041 2656 3098 horas
2681 3039 2956 3098 Clu-istum
2989 3044 3101 3112 jam
3129 3054 3313 3098 natum
3341 3061 3648 3114 personan-

392 3133 542 3202 fcstis
591 3129 795 3184 Christi
833 3127 1066 3180 Domini.
1137 3127 1269 3179 Nam
1319 3141 1415 3195 per
1468 3127 1807 3190 Δεσποτικάς
1840 3129 1961 3196 ἑορ-

398 3225 498 3285 τάς
555 3222 862 3290 intelligunt
923 3212 1093 3272 Cra-ci
1158 3232 1264 3270 non
1327 3215 1442 3270 dies
1489 3216 1827 3281 Dominicos,
1867 3218 1961 3272 sed

395 3316 530 3369 festa
581 3313 800 3368 Christ-0
851 3309 1080 3366 Domino
1139 3309 1358 3380 proprie
1411 3309 1610 3377 dicata,
1665 3325 1787 3380 quae
1838 3320 1964 3366 sunt

396 3410 530 3460 ista:
592 3405 984 3460 Cbanetismus
1019 3403 1134 3458 sive
1185 3400 1548 3455 Annuntiatio
1587 3401 1651 3455 Β.
1701 3401 1957 3470 Virginis,

394 3498 660 3552 Nativitas
717 3497 960 3562 Christi,
1006 3495 1322 3566 llypapante
1368 3493 1481 3549 sive
1532 3494 1848 3549 Puriticatio
1901 3493 1960 3548 Β.

399 3591 654 3659 Virginis,
699 3587 999 3658 Epiphania
1045 3602 1139 3642 seu
1178 3584 1454 3656 Baptisma
1481 3586 1707 3652 Christi,
1747 3586 1962 3654 quando

343 3696 346 3698 '
395 3703 421 3738 ει
465 3684 680 3737 Joanne
707 3684 758 3734 iu
790 3679 1031 3735 Iordane
1057 3680 1364 3748 baptizatus
1399 3687 1504 3741 est,
1535 3677 1963 3749 Transﬁguratio

393 3775 634 3842 Domini,
661 3772 1030 3827 [{csuscitatio
1054 3769 1267 3834 Lazari,
1297 3769 1430 3823 festa
1449 3767 1782 3836 Palmarum,
1811 3771 1962 3840 Ligui

394 3881 491 3921 seu
536 3866 595 3919 S.
658 3865 875 3929 Crucis,
911 3859 1381 3923 ltesurrectionis,
1419 3858 1789 3922 Ascensionis,
1826 3860 1962 3913 Mis-

397 3961 570 4013 siouis
601 3959 658 4013 S.
701 3959 960 4027 Spiritus,
1007 3954 1412 4023 Assumptionis
1462 3951 1521 4005 Ι).
1572 3949 1829 4022 Virginis.
1863 3953 1962 4008 Ubi

393 4065 486 4117 per
515 4049 711 4102 festum
771 4045 919 4115 Ligni
956 4061 1052 4099 seu
1089 4043 1148 4098 S.
1189 4040 1374 4096 Cruci:
1426 4055 1533 4092 non
1569 4048 1777 4093 tantum
1809 4041 1964 4094 intel-

392 4142 581 4211 ligitur
658 4138 963 4192 l‘arasccve
1035 4135 1124 4188 illa
1193 4149 1298 4202 qua
1357 4133 1610 4187 Christus
1681 4133 1732 4186 in
1789 4131 1963 4186 Cruce

393 4235 695 4286 CXSltnt'lUS
720 4239 823 4293 est,
845 4229 938 4284 sed
959 4235 1013 4280 et
1052 4226 1246 4280 festum
1270 4224 1630 4278 Exaltationis
1652 4221 1709 4278 S.
1729 4223 1957 4278 Crucis:

394 4342 518 4379 nam
546 4334 600 4376 et
644 4323 746 4376 hoc
810 4327 1104 4374 numerant
1152 4316 1326 4373 Graeci
1361 4325 1416 4372 et
1446 4316 1561 4385 ipse
1600 4315 1841 4370 Codinus
1863 4330 1962 4370 no-

394 4427 508 4472 ster
531 4421 583 4469 in
619 4413 924 4484 Despoticis
947 4411 1119 4465 feriis.

467 4510 604 4564 Ibid.
657 4510 856 4562 Ibidem
904 4505 1193 4576 legendum
1227 4503 1446 4557 videtur
1469 4498 1957 4570 Χριστουγεννῶν.

397 4607 617 4673 Ιλξεὶιιιι·
646 4605 808 4656 etiam
839 4599 1154 4669 disjunctim
1198 4595 1438 4667 Χριστοῦ
1473 4596 1659 4664 γέννα.

469 4697 608 4752 Ibid.
640 4693 936 4765 Παραμονή
972 4691 1056 4746 hic
1089 4697 1170 4745 est
1199 4688 1399 4757 uigilia,
1440 4687 1506 4741 ad
1546 4687 1770 4741 verbum
1801 4686 1958 4754 quasi

393 4791 712 4860 exspectatio
783 4787 920 4854 festi.
963 4783 1148 4852 Inepte
1205 4780 1402 4834 Junius
1452 4781 1702 4834 stativum
1759 4783 1952 4851 feriant

393 4885 577 4944 vertit,
623 4883 783 4950 idque
809 4893 917 4933 non
949 4885 1159 4930 tantum
1221 4887 1365 4937 meo,
1398 4873 1490 4926 sed
1532 4881 1584 4927 et
1626 4871 1849 4928 Meursii
1875 4875 1961 4942 ju-

397 4977 556 5030 dicio.
589 4975 774 5039 Inepte
799 4969 996 5025 ibidem
1031 4969 1111 5030 ei;
1133 4966 1228 5018 τὸν
1257 4964 1456 5034 ὄρθρον
1480 4965 1645 5020 vertit
1679 4965 1960 5020 adverbia-

352 5051 358 5087 ξ
394 5067 516 5120 liter
543 5065 837 5117 matutino:
863 5061 973 5115 imo
1004 5059 1072 5112 ad
1099 5057 1445 5124 matutinum,
1479 5057 1547 5110 ad
1573 5057 1755 5112 laudes
1792 5066 1966 5110 matu-

396 5160 555 5211 tinas.
585 5156 788 5209 Gnms.

467 5250 611 5304 Ibid.
638 5246 849 5320 [Basilii
878 5245 1062 5301 missa:
1089 5246 1284 5300 titulus
1309 5245 1361 5298 in
1389 5241 1759 5311 Eucltologio:
1790 5241 1876 5293 Ἐν
1901 5243 1964 5310 τῇ

397 5345 693 5412 παραμονῇ
757 5337 858 5402 τῆς
880 5337 974 5390 τοῦ
1032 5337 1281 5408 Χριστοῦ
1317 5337 1473 5406 ἡμῶν
1504 5340 1826 5403 γεννήσεως.
1853 5331 1964 5388 Me-

394 5439 612 5490 tia'um:
651 5435 712 5486 Et
758 5433 898 5504 τύχῃ
939 5433 970 5500 ή
1017 5430 1308 5499 παραμονὴ
1367 5430 1465 5497 τῆς
1518 5427 1754 5499 Χριστοῦ
1814 5426 1969 5499 ἡμῶν

395 5530 706 5599 γεννήσεως
747 5529 803 5580 ὲν
845 5523 1164 5594 necesse
1199 5524 1473 5590 Κυριακῇ.

466 5619 608 5674 Ibid.
635 5619 760 5692 [Εἰς
793 5619 898 5672 τὸν
931 5619 1144 5686 ὄρθρον
1169 5617 1254 5683 μὴ
1286 5613 1663 5679 ἐξελθόντος.
1691 5611 1966 5682 Pervigilii

403 5713 1003 5788 r'tatalitiorumChristi
1035 5709 1272 5772 otiicium
1299 5709 1631 5789 matutinum
1677 5707 1968 5765 laudandis

2070 3142 2149 3184 tcs
2187 3146 2250 3186 ac
2282 3131 2622 3189 celebrantes
2665 3134 2842 3189 audit.
2879 3133 3064 3204 ipsuut
3103 3135 3363 3190 ltlenaaum
3402 3137 3649 3191 minori-

2068 3225 2169 3280 bus
2239 3225 2387 3279 horis
2440 3226 2670 3296 prmiigit
2721 3227 2971 3290 titulum;
3053 3228 3221 3298 Ἀρχὴ
3255 3229 3352 3298 τῆς
3402 3229 3641 3282 ἀκολου-

2047 3315 2187 3378 θίας
2207 3317 2314 3370 τῶν
2346 3316 2503 3386 ὡρῶν
2538 3318 2638 3388 τῆς
2670 3319 2812 3372 κατὰ
2844 3317 3025 3388 σάρκα
3053 3321 3358 3390 γεννήσεως
3386 3319 3479 3372 τοῦ
3511 3321 3638 3374 Κυ-

2070 3409 2210 3479 ρίου.

2131 3501 2190 3554 Ρ.
2211 3501 2300 3556 44.
2325 3500 2507 3574 [Μετὰ
2528 3503 2643 3570 τὴν
2662 3481 2990 3556 ἀπόλυσιν.
3014 3500 3252 3571 Supplex
3278 3502 3642 3559 ecclesiastici

2067 3592 2228 3649 otIicii
2263 3595 2542 3648 conclusio
2565 3603 2648 3648 est
2673 3593 2956 3655 ἀπόλυσις.
3000 3591 3224 3647 Scatent
3270 3593 3639 3663 undeqnaque

2067 3683 2330 3751 exemplis
2359 3682 2718 3737 ecclesiastici
2753 3681 2900 3735 libri.
2935 3681 3232 3738 lnscicnter
3262 3681 3426 3754 275.
3447 3683 3640 3752 itaque

2069 3774 2334 3829 Meursius
2383 3774 2649 3828 ἀπόλυσιν
2682 3773 2937 3827 ιιΙιὶηιιιιιι
2971 3774 3113 3828 diem
3176 3774 3442 3843 cujusque
3482 3773 3636 3841 festi,

2067 3866 2214 3936 quod
2240 3875 2368 3919 tunc
2393 3865 2548 3934 quasi
2574 3865 2901 3930 solveretur,
2953 3864 3226 3933 exposuit.
3253 3865 3414 3920 Solus
3441 3865 3526 3919 hic
3549 3866 3640 3917 Ιοο

2067 3975 2186 4024 cus,
2216 3974 2325 4028 quo
2373 3951 2475 4013 nec
2503 3956 2774 4012 festivitas
2798 3957 2956 4026 plene
2986 3959 3150 4027 coapit
3180 3972 3280 4012 nec
3308 3959 3415 4011 alia
3439 3957 3635 4023 desiit,

2069 4053 2456 4107 Itallucinatum
2496 4051 2758 4105 declarat.
2783 4049 2987 4121 Ceam]

2137 4143 2199 4198 P.
2236 4144 2325 4197 Η.
2357 4143 2552 4199 Inscite
2602 4142 2798 4198 Junius
2829 4142 3234 4196 εἰκονοστάσιον
3285 4145 3443 4198 vertit
3479 4142 3638 4196 delu-

2067 4238 2238 4292 brum.
2273 4236 2566 4291 Delubrunt
2602 4240 2752 4298 verti,
2811 4237 3010 4306 inquit,
3037 4237 3191 4304 quasi
3231 4237 3316 4289 dei
3345 4247 3436 4289 aut
3477 4238 3644 4289 diro-

2068 4345 2183 4381 rum
2207 4327 2436 4381 labrum.
2471 4327 2754 4381 Praeclare.
2822 4325 3187 4381 Iconostasion
3219 4328 3423 4381 dicitur
3469 4343 3645 4383 orline

1996 4413 2041 4476 D
2072 4419 2202 4474 illud
2234 4420 2286 4474 in
2319 4435 2428 4488 quo
2472 4419 2552 4473 vel
2579 4428 2722 4473 stant
2764 4421 2842 4474 vel
2896 4435 2961 4472 ex
3016 4435 3125 4488 quo
3179 4422 3410 4489 pen-lem
3463 4435 3646 4475 sacrae

2063 4515 2349 4584 imagines,
2379 4524 2436 4568 ut
2462 4530 2524 4567 ex
2564 4514 2669 4568 isto
2697 4513 3004 4582 pendebant
3037 4509 3302 4583 imagines
3334 4513 3649 4570 nativitatis

2064 4607 2266 4662 Christi
2307 4607 2533 4675 alimque
2565 4616 2674 4660 tres
2717 4615 2811 4659 ant
2841 4613 3094 4675 quatuor.
3129 4606 3384 4660 Germani
3435 4618 3648 4662 vocant;

2065 4699 2146 4750 ein
2182 4699 2346 4750 bitder
2385 4696 2614 4766 gestelle.
2641 4696 2845 4752 Guers.

2141 4788 2279 4842 Ibid.
2299 4788 2509 4860 [Sacris
2534 4789 2868 4859 imaginibus
2884 4789 3271 4859 circumposita
3291 4803 3616 4847 ornamenta
3631 4835 3648 4858 ,

2068 4883 2267 4951 quibus
2301 4883 2404 4936 illae
2433 4894 2561 4937 sunt
2617 4882 2813 4946 aliine,
2858 4894 2941 4937 est
2974 4883 3394 4938 εἰκονοστάσιον.
3431 4883 3649 4937 Tereu-

2069 4973 2158 5026 tici
2183 4975 2351 5040 operis
2384 4973 2704 5042 quadratum
2733 4972 2943 5027 tabella:
2967 4974 3257 5042 marginem
3287 4975 3375 5027 alii
3416 4984 3650 5031 vocant.

2071 5061 2273 5134 Cosa]
2755 5129 2758 5131 Α

2140 5155 2280 5209 Ibid.
2339 5155 2711 5224 Ἀναλόγιον.
2763 5151 3038 5210 Scribitur
3076 5156 3240 5210 etiam
3286 5156 3644 5222 ἁναλογεῖον.

2071 5247 2314 5300 Suidas:
2385 5247 2748 5313 ’Λναλογεῖον,
2809 5246 2864 5298 ὲν
2934 5240 3244 5313 ᾧτὶθενται
3309 5248 3376 5299 τὰ
3426 5246 3649 5315 βιϐλία.

2076 5333 2352 5408 Usurpant
2412 5354 2629 5407 quoque
2657 5337 2855 5392 Latini.
2887 5336 3082 5392 lsidori
3105 5337 3354 5393 Glossar:
3393 5337 3657 5395 Lecti-um

2072 5431 2397 5499 analogiam,
2428 5447 2585 5499 super
2607 5445 2707 5499 quo
2742 5429 2949 5500 legitur.
2985 5427 3340 5489 Walairidus,
3377 5430 3448 5485 De
3475 5432 3660 5490 rebus

2071 5523 2384 5578 ecclesiast.
2409 5538 2459 5575 (ε.
2491 5523 2556 5576 6;
2589 5523 2929 5592 Anatogium,
2963 5525 3100 5591 quod
3131 5521 3185 5574 in
3211 5537 3271 5575 eo
3296 5522 3505 5576 verbum
3545 5522 3662 5578 Dei

2075 5615 2266 5684 legitur
2298 5623 2347 5666 et
2390 5617 2763 5666 annuntiatnr.
2791 5615 2882 5666 list
2902 5612 3147 5683 ejusdem
3182 5614 3387 5669 mentio
3419 5615 3470 5668 in
3498 5612 3666 5667 Tur-

2073 5722 2224 5775 cogr.
2248 5709 2280 5762 l.
2317 5721 2374 5772 lt,
2405 5721 2455 5778 p.
2493 5704 2840 5762 168.0uers.
