3952 6222
365 351 475 416 305

1459 364 1846 427 GRETSERI
1887 370 1980 430 ΕΤ
2026 374 2260 435 ῧΟᾹΙῖΙ
2301 379 2541 438 ΝΟΤίΕ.

3503 386 3569 449 30
3577 390 3618 451 6-

445 468 588 524 Ibid.
616 468 716 542 [De
735 472 988 544 analogia
1007 474 1121 530 sive
1140 475 1344 545 pulpito
1369 478 1578 548 egimus
1605 498 1702 537 nos
1724 501 1939 555 qucque
1972 495 2014 546 Α
2043 490 2425 560 διτόἀμπουλον,
2461 495 2510 548 id
2547 495 2798 550 nimirum
2843 499 2929 552 cui
2974 498 3182 569 lampas
3237 501 3616 570 imponebatur

368 560 441 616 ad
470 560 860 634 Euehologiea.

441 651 584 706 Ibid.
651 653 837 726 [Μετὰ
889 656 1007 710 τῶν
1043 661 1356 726 ἱερατικῶν
1395 665 1658 719 στολῶν.
1691 667 1802 722 lloc
1860 677 1942 725 est

365 756 491 802 cum
517 744 846 800 sacerdotali
878 749 1017 804 dicta
1041 753 1179 806 stola
1209 763 1260 806 et
1293 758 1498 821 casula,
1527 763 1666 827 μετὰ
1697 763 1790 814 τοῦ
1819 764 1940 816 ἑπε-

361 835 661 902 τραχηλίου
710 838 803 890 καὶ
837 838 1121 907 φελωνίου.
1154 841 1472 903 Philotheus
1498 851 1547 904 in
1579 853 1769 910 ordine
1799 858 1938 912 sacri

362 925 658 980 ministerii
687 927 738 980 in
773 929 1090 1002 Euchologii
1135 933 1341 991 limine.

444 1013 586 1068 Ibid.
648 1016 787 1088 [Τοῦ
848 1023 1174 1087 τρικλίνου.
1231 1026 1456 1096 Majaris
1521 1034 1658 1088 aula:
1721 1039 1932 1103 palatii.

362 1107 485 1174 Χρυ
500 1111 830 1172 τοτρέκλινον
882 1112 1040 1166 habet
1077 1115 1321 1173 Zonaras
1353 1119 1403 1171 in
1428 1119 1676 1181 Iustino:
1709 1127 1810 1180 Τὸν
1843 1130 1934 1183 τοῦ

364 1194 632 1248 παλατὶου
665 1201 1108 1268 χρυσοτρίκλινον
1152 1207 1477 1276 ἐδομήτατο.
1511 1213 1618 1266 Leo
1652 1215 1937 1274 Gramma-

365 1284 546 1338 ticus:
604 1289 700 1338 Διὶ
733 1290 830 1357 τῆς
853 1291 1075 1362 δυτικῆς
1109 1295 1202 1348 τοῦ
1241 1295 1689 1371 χρυσοτρικλίνου
1741 1311 1919 1362 εἰσελ-

362 1377 498 1431 θών.
529 1378 808 1432 Celebrent
841 1397 1008 1449 porro
1054 1386 1195 1439 diem
1223 1389 1365 1445 hunc
1401 1402 1452 1446 ct
1489 1395 1800 1464 Epiphania:
1837 1416 1932 1455 co-

361 1467 547 1522 lebant
600 1470 980 1539 imperatores,
1011 1490 1071 1526 ac
1097 1475 1148 1528 in
1190 1478 1254 1532 iis
1297 1495 1418 1536 sese
1464 1487 1713 1542 vestibus
1767 1491 1927 1559 regiis

359 1562 674 1628 ornabant;
731 1565 872 1619 unde
908 1575 1129 1620 notatur
1175 1568 1519 1631 Justinianus
1588 1579 1930 1651 λυπούμενος

361 1652 444 1714 εἰς
496 1653 561 1705 τὰ
617 1657 868 1722 γενέθλια
916 1659 1009 1712 καὶ
1069 1659 1330 1729 θεοφάνιο.
1387 1670 1553 1738 χωρὶς
1614 1673 1930 1744 στέμματος

363 1745 525 1813 προε)
539 1745 664 1799 θὼν.

2049 591 2100 634 et
2131 598 2238 650 quo
2260 584 2552 658 ferebatur.
2579 587 2635 640 ld
2663 597 2778 641 erat
2808 605 3006 644 aureus
3033 600 3252 658 centus,
3286 601 3345 646 ut
3375 591 3614 652 Codinus

2048 671 2204 726 docet
2236 690 2248 724 :
2278 675 2328 726 in
2365 673 2527 744 hujus
2562 677 2705 729 enim
2743 680 2942 733 vertice
3007 683 3213 749 lampas
3275 683 3532 739 insistens
3583 702 3613 740 a

2045 764 2378 832 lampadario
2408 768 2740 835 portabatur.
2778 768 2897 824 Haec
2925 773 3190 826 sententia
3218 775 3350 828 mihi
3403 775 3527 828 olim
3562 777 3614 830 in

2044 854 2243 908 Facula
2274 872 2377 909 non
2406 858 2724 927 displicebat
2756 876 2769 913 :
2799 877 2941 914 nunc
2975 863 3078 915 alia
3105 874 3284 918 mente
3314 882 3457 928 sum,
3489 869 3615 934 quia

2042 962 2139 999 cur
2170 956 2376 1011 contus,
2406 951 2496 1016 qui
2523 965 2767 1004 accensae
2792 951 3059 1020 lampadis
3085 953 3343 1031 fulcrum.
3393 968 3617 1010 vocetur

2042 1035 2426 1104 διὸἀμπουλον,
2457 1051 2722 1110 exputare
2765 1058 2974 1096 mecum
3019 1060 3246 1112 nequeo,
3268 1045 3479 1110 etiamsi
3509 1064 3610 1099 non

2036 1128 2402 1197 διὸάμπουλον
2426 1133 2518 1186 scd
2546 1132 2912 1202 διϐἅμμουλον
2935 1137 3258 1191 scribamus.
3293 1138 3441 1188 Adde.
3465 1141 3609 1206 qttod

2039 1220 2282 1274 manuale
2313 1233 2364 1276 et
2388 1225 2798 1292 κηρομανουάλε
2828 1225 2990 1279 nimis
3009 1227 3212 1281 distant
3231 1245 3258 1280 a
3277 1229 3602 1292 dibampulo.

2110 1310 2286 1364 Tertia
2335 1299 2808 1368 sententia’exstat
2840 1316 2890 1369 in
2923 1317 3108 1371 eadem
3167 1317 3612 1376 Turco-Graaeia.

2035 1395 2405 1464 διὸἁμπουλον
2457 1415 2576 1454 esse
2630 1402 2940 1467 turibulum,
2996 1420 3157 1474 quam
3213 1407 3610 1474 expositionem

2035 1487 2243 1554 accepit
2273 1485 2499 1544 Crusius
2529 1504 2556 1542 a
2593 1490 2794 1546 Graecis
2829 1494 3021 1548 insulm
3048 1494 3375 1561 Santorinm,
3409 1497 3607 1565 quibus

2035 1576 2215 1632 favere
2233 1579 2446 1633 videtur
2477 1590 2587 1636 tum
2615 1583 2724 1652 ipsa
2741 1584 2908 1648 natio,
2941 1586 3066 1654 quia
3085 1585 3259 1640 Graeci
3289 1597 3436 1653 sunt,
3471 1604 3610 1656 quos

2039 1668 2221 1736 utique
2254 1673 2450 1726 melius
2483 1689 2646 1728 nosse
2677 1675 2778 1728 ista
2810 1679 3092 1746 oportebat
3137 1694 3298 1745 quam
3363 1691 3605 1746 exteros,

2035 1768 2147 1813 tum
2181 1763 2306 1830 quia
2334 1779 2438 1818 non
2468 1766 2538 1818 sit
2563 1767 2860 1822 verisimile
2885 1769 3174 1822 turibulum
3209 1771 3259 1824 in
3291 1771 3375 1826 his
3418 1775 3611 1828 aulicis

432 1830 576 1934 Ibid.
611 1835 1163 1909 [Ἐπιρῤιπταρίων.
1198 1845 1403 1915 Capitis
1428 1854 1648 1920 tegimen
1667 1865 1750 1910 est
1776 1857 1902 1928 ἐπιῤ

2033 1856 2393 1909 conventibus
2423 1857 2660 1910 adfuisse
2696 1876 2708 1924 ;
2741 1867 2795 1912 et
2836 1859 2974 1914 forte
3028 1861 3380 1916 scribendum
3437 1865 3611 1934 Ουάμ-

364 1924 681 1996 ῥιπτάριον,
715 1931 870 1984 vestis
908 1949 1069 2001 genus
1103 1953 1130 1988 a
1166 1937 1405 1996 Meursio
1432 1946 1686 2012 genericc
1709 1952 1926 2017 exposi-

360 2025 500 2071 tum.
559 2019 770 2076 Erincit
798 2023 1138 2094 Curopalatze
1163 2031 1216 2086 in
1248 2032 1610 2093 Constantino
1635 2041 1828 2098 Leonis
1862 2043 1922 2100 F.

355 2109 699 2165 auctoritas:
748 2115 854 2166 Τοῦ
895 2117 1122 2187 Συμεὼν
1186 2123 1584 2192 ὑποκλξναντος
1613 2131 1690 2200 τῷ
1722 2150 1924 2203 πατρι-

353 2199 504 2290 ᾁρχῃ
519 2203 616 2270 τὴν
643 2207 888 2275 κεφαλὴν
921 2209 1016 2262 καὶ
1047 2211 1209 2282 εὐχὴν
1241 2214 1543 2286 δεξαμένου
1571 2199 1702 2288 παρ’
1733 2199 1920 2290 αὐτοῦ,

352 2289 710 2384 ἑπιτιβέντος,
764 2295 839 2360 ὦς
873 2317 1026 2368 φασι,
1075 2306 1138 2372 τῇ
1192 2303 1474 2378 βαρϐάρου
1528 2315 1742 2384 κεφαλῇ
1803 2316 1924 2369 ἀντὶ

353 2383 624 2450 στεφάνου
662 2386 722 2438 τὸ
748 2384 877 2441 ἴδιον
907 2391 1358 2464 ἐπιῤῥιπτάριον.
1389 2398 1494 2456 Leo
1516 2383 1924 2462 Grammaticus

349 2486 470 2526 rem
510 2475 751 2531 eamdem
787 2494 1043 2548 narrans,
1077 2483 1257 2558 Εὖχὴν
1291 2487 1406 2557 οὖν,
1439 2491 1634 2561 inquit,
1666 2497 1693 2548 ὁ
1727 2514 1922 2568 πατρι-

347 2563 534 2634 ἀρχης
565 2569 819 2637 ποιήσαις-α
841 2573 960 2626 ἀντὶ
993 2577 1306 2646 στέμματος·
1342 2580 1401 2633 τὸ
1426 2583 1622 2638 ἑαυτοῦ
1668 2587 1923 2658 ἐπιρριπ-

347 2657 540 2727 τὰριον
571 2664 634 2732 τῇ
665 2664 828 2716 αὐτοῦ
855 2666 1094 2735 ἐπέθηκε
1135 2671 1366 2742 κεφαλῇ.
1407 2671 1598 2730 Merito
1635 2679 1919 2746 equidem:

348 2753 524 2806 vestis
556 2756 696 2808 enim
729 2772 898 2824 genus
934 2772 1039 2810 non
1080 2758 1454 2826 imposuisset,
1495 2780 1590 2820 nec
1622 2766 1722 2820 nisi
1772 2778 1920 2836 trgu-

349 2844 523 2896 menti
554 2847 749 2913 capitis
801 2849 948 2914 vice,
1016 2853 1064 2902 id
1099 2860 1180 2906 est
1242 2851 1599 2917 diadematis,
1642 2861 1920 2926 proprium

345 2939 558 3008 pilenm
588 2940 964 3016 substituisset
1017 2935 1352 3012 patriarcha.
1383 2949 1532 3005 Adde
1564 2952 1822 3019 lectores,
1847 2956 1913 3009 de

343 3030 553 3098 quibus
577 3046 781 3096 sermo,
808 3033 999 3088 adesse
1021 3035 1336 3103 imperatori
1364 3041 1502 3108 μετὰ
1548 3041 1656 3094 τῶν
1683 3044 1917 3112 ἱματίων

2030 1945 2244 2012 πουλον,
2283 1962 2312 2000 a
2331 1949 2442 2002 θύω
2473 1949 2707 2016 immoto,
2739 1952 2880 2006 unde
2905 1953 3094 2008 ett/tus
3123 1953 3386 2026 originem
3406 1957 3605 2012 ducere

2029 2035 2262 2092 videtur.

2096 2121 2293 2187 Quarta
2319 2130 2581 2182 sententia
2612 2131 2826 2184 videtur
2853 2146 2973 2186 esse
2998 2131 3217 2188 Meursii
3240 2150 3288 2188 v.
3316 2136 3606 2204 Movoeip-

2027 2209 2212 2264 ϐουλον
2238 2254 2253 2280 ,
2279 2215 2371 2283 qui
2406 2217 2819 2286 μονοϐἁμπυλον
2855 2227 2912 2273 et
2943 2219 3283 2290 διὸἀμπυλον
3303 2224 3369 2276 ab
3389 2223 3602 2277 ambulo

2026 2302 2272 2368 arcessit,
2302 2313 2361 2359 ut
2387 2306 2456 2359 sit
2486 2306 2612 2361 illud
2641 2309 2795 2377 quasi
2829 2309 3059 2378 simplex
3089 2319 3143 2364 et
3206 2312 3454 2373 unicum,
3501 2315 3602 2368 hoc

2025 2387 2225 2462 duplex
2255 2396 2654 2466 ambulacrum,
2690 2415 2784 2454 seu
2817 2409 2874 2456 ut
2904 2402 3017 2472 ipse
3061 2403 3322 2473 loquitur,
3365 2406 3590 2474 simplex:

2023 2487 2263 2540 conclave
2289 2490 2479 2557 palatii
2507 2493 2773 2555 secretius,
2798 2493 2964 2561 inquo
2987 2497 3403 2564 congregabatur
3430 2498 3598 2554 clerus

2023 2578 2384 2644 patriarcham
2409 2597 2592 2634 novum
2612 2584 2892 2636 electurus.
2922 2583 3154 2640 Codinus
3174 2587 3286 2655 ejus
3307 2589 3544 2642 meminit
3581 2606 3595 2641 :

2035 2667 2096 2719 Ὀ
2128 2669 2372 2738 δεύτερος
2403 2672 2672 2743 ὀστιάριος
2696 2673 2913 2744 κρατῶν
2935 2675 2995 2728 τὸ
3026 2676 3455 2748 μονοόἀμόυλον.
3489 2681 3598 2731 Au-

2026 2770 2074 2814 te
2097 2763 2193 2813 hoc
2213 2774 2323 2814 erat
2353 2765 2519 2823 aliud,
2543 2767 2593 2816 in
2617 2765 2754 2833 quod
2779 2766 3076 2828 promiscue
3096 2769 3466 2822 conveniebant
3493 2787 3602 2822 om-

2023 2869 2110 2906 nes
2135 2855 2223 2922 qui
2249 2863 2491 2920 cuperent
2520 2857 2702 2908 statim
2731 2857 2864 2909 seire
2886 2873 3037 2926 quem
3057 2857 3227 2911 clerus
3241 2861 3600 2926 patriarchant

2023 2953 2248 2998 creasset
2272 2960 2289 2998 :
2312 2955 2356 2997 et
2388 2946 2518 2997 illud
2535 2944 2860 3012 διϐἅμσυλον
2897 2946 3187 3000 dicebatur.
3225 2946 3433 3000 Invenio
3491 2951 3601 3016 ejus

2025 3037 2334 3092 mentionem
2363 3039 2502 3105 apud
2524 3037 2842 3101 Pbranzem,
2877 3053 2960 3101 Ill,
3009 3038 3094 3093 19.
3149 3037 3445 3092 Secundum
3495 3040 3604 3093 lucc

344 3119 450 3173 καὶ
483 3123 924 3192 ὲπιρῤιπταρίων
952 3143 964 3178 :
994 3130 1356 3184 canunarcha‘
1376 3146 1510 3186 vero
1543 3149 1776 3188 numero
1800 3152 1912 3202 seq,
1947 3159 1990 3217 α
2023 3131 2327 3199 patriarcha
2361 3147 2476 3183 cum
2505 3131 2834 3197 lampadibus
2857 3132 2926 3185 ad
2948 3130 3253 3184 dtbambula
3285 3132 3390 3184 sive
3405 3134 3602 3185 atrium

343 3213 497 3280 μετὰ
519 3215 754 3282 ἱματίων
774 3219 951 3286 μόνων
976 3223 1066 3272 καὶ
1093 3224 1385 3287 ἁπκεπεῖςε
1415 3226 1619 3297 absque
1637 3232 1918 3298 epirripta-

343 3302 451 3354 riis
513 3302 695 3370 igitur,
729 3304 879 3360 idest
907 3306 1076 3373 pileis.

420 3392 566 3448 Ibid.
641 3397 923 3465 Καμίσια.
977 3399 1211 3470 Symeun
1271 3400 1785 3463 Thessalonicensis
1855 3413 1919 3466 de

341 3484 756 3542 Sacramentis:
803 3487 861 3541 '0
909 3491 1262 3562 ἀναγνοὺς-,της⁹
1315 3472 1576 3565 κὲκτητοιι
1628 3499 1829 3568 ἔνδυμα
1858 3503 1920 3556 τὸ

338 3576 690 3644 καλούμενον
758 3580 1037 3646 καμίσιον,
1097 3581 1233 3652 ὅπερ
1267 3585 1407 3636 κατὰ
1433 3584 1598 3639 τύπον
1649 3587 1916 3657 φελωνίου

337 3669 466 3720 ἐστὶ
505 3669 703 3738 μικροῦ
739 3670 1076 3742 ἢστιχιρίου
1113 3677 1176 3727 ὲκ
1208 3676 1377 3742 λίνου,
1415 3677 1514 3750 τὴν
1545 3680 1801 3754 ἀπαρχὴν
1817 3684 1917 3756 τῆς

339 3758 656 3829 ἱερωσύνης
686 3761 901 3831 δηλοῦν,
931 3763 1009 3816 διὸ
1041 3766 1366 3838 καὶ-μικρόν
1399 3772 1536 3836 ἐστι,
1567 3773 1661 3827 καὶ
1692 3775 1790 3846 τὴν
1809 3777 1916 3831 ἀπὸ

333 3843 481 3905 Θεοῦ
504 3854 716 3924 σκέπην
741 3857 1013 3925 σημαίνει,
1039 3859 1070 3928 ἢ
1093 3861 1402 3930 πορφυροῦν
1419 3863 1507 3918 διὰ
1525 3865 1585 3919 τὸ
1605 3843 1916 3939 πορφυροῦν

331 3945 437 3995 τοῦ
468 3945 710 4012 Χριστοῦ
743 3946 978 4015 ἱμάτιον,
1013 3951 1102 4001 καὶ
1134 3950 1327 4005 λευκὸν
1355 3953 1440 4007 διὰ
1470 3955 1529 4008 τὸ
1543 3957 1782 4028 καθαρὸν
1812 3959 1914 4030 τῆς

337 4036 646 4106 [secundum
679 4040 771 4090 καὶ
809 4039 897 4090 τὸν
951 4041 1054 4092 duo
1090 4041 1226 4094 Θεοῦ
1274 4047 1572 4115 φωτισμόν.
1630 4049 1911 4105 Ccdrenus

330 4137 394 4181 et
430 4115 790 4196 Thmplzanes
832 4133 1145 4200 χαρεατίων
1183 4136 1454 4196 καμισίων
1487 4139 1910 4212 bombycinarun:

333 4215 425 4266 vel
476 4217 738 4268 linearum
775 4219 1125 4273 interularum
1158 4223 1460 4280 meminere
1507 4228 1562 4282 in
1624 4228 1907 4285 Heracleo.

416 4306 560 4360 lb'd.
584 4309 825 4380 [Λευκά.
847 4309 1005 4366 Color
1029 4315 1333 4382 praecipuus
1360 4319 1413 4371 in
1443 4321 1667 4373 ecclesia
1697 4321 1909 4377 habitus

329 4397 703 4465 dignun-ilius,
731 4414 1057 4468 purpureus,
1094 4419 1205 4473 quo
1233 4421 1324 4475 per
1353 4409 1824 4478 quadragesimam
1853 4421 1908 4465 et

333 4490 390 4538 in
425 4487 715 4541 {tutoribus
755 4500 979 4543 utuntur
1013 4492 1185 4548 Grazci
1211 4536 1224 4558 ,
1254 4496 1608 4552 inferioribus
1639 4500 1906 4556 ministris

330 4577 618 4631 tribuitur.
658 4579 886 4647 Symcon
915 4580 1418 4640 Thessalonicensis
1448 4587 1520 4641 De
1553 4603 1813 4654 sacram.,
1847 4599 1907 4645 et

327 4670 651 4726 Demetrius
681 4673 944 4742 Bulgarim
969 4675 1056 4729 Jut
1075 4678 1119 4733 is
1142 4678 1256 4734 Gil.
1283 4682 1320 4734 l.
1347 4698 1396 4736 ν.
1429 4681 1625 4755 Ceam]
1661 4683 1664 4686 ⁴

407 4765 568 4834 275
589 4766 642 4818 P.
668 4767 759 4821 Η.
791 4771 940 4822 Circa
964 4770 1352 4841 διᾷὰμπουλον,
1371 4776 1512 4840 quod
1537 4775 1907 4845 lampadarius

327 4869 534 4923 gemat,
561 4865 613 4910 et
637 4861 793 4927 cujus
811 4861 1054 4920 tiodinus
1087 4876 1168 4918 ter
1201 4866 1469 4934 meminit,
1511 4866 1597 4921 hic
1647 4879 1699 4922 et
1747 4871 1908 4938 paulo

329 4949 500 5013 infra,
535 4951 698 5005 variae
721 4962 849 5006 sunt
887 4958 1188 5011 sententiae.
1225 4956 1402 5011 Prima
1442 4958 1610 5023 Junii,
1662 4965 1750 5030 qui
1795 4964 1912 5017 ubi-

327 5057 440 5108 que
471 5045 625 5097 vertit
643 5045 805 5099 divini
827 5048 1000 5102 cultus
1029 5051 1334 5116 ampullam.
1361 5051 1708 5123 Nonpossum
1726 5073 1902 5109 assen-

329 5133 446 5196 tiri,
483 5134 656 5202 inquit
697 5135 964 5195 Meursius
997 5158 1009 5194 ε
1045 5139 1295 5210 Facerem
1331 5145 1376 5198 si
1400 5144 1543 5208 δίὸος
1597 5163 1693 5214 pro
1742 5147 1901 5203 divus

329 5227 644 5280 recentiores
671 5231 885 5283 Graecos
920 5217 1220 5300 usurpasse.
1247 5235 1547 5291 invenirem.

402 5317 584 5371 Altera
609 5322 878 5374 sententia
915 5323 1366 5393 ρειδιϐἀμϐουλον
1395 5340 1514 5380 esse
1535 5329 1898 5398 κηροδοχεῖον,

323 5407 414 5462 εἰη
441 5408 806 5480 kcrsenstang,
834 5414 976 5482 quod
1009 5415 1060 5467 in
1089 5414 1324 5480 διατάξει
1350 5419 1449 5482 τῆς
1508 5421 1902 5488 ἱεροδωικνινξας

325 5495 597 5552 Philothei
614 5503 1216 5572 patt'iarcliteCpolitani
1231 5509 1540 5562 nominatur
1561 5512 1904 5576 μανουάλιον,

329 5588 617 5643 manualc:
656 5592 713 5644 '0
741 5595 1088 5665 ἀναγνώστης
1117 5599 1357 5666 κατέχων
1387 5604 1710 5664 μανουάλιον
1766 5607 1902 5672 μετὰ

323 5677 608 5747 λαμπάδος
639 5684 911 5753 ἡμμένης.
935 5684 987 5738 In
1011 5685 1214 5756 'l’ypico
1242 5689 1295 5740 S.
1332 5687 1486 5742 Saba:
1509 5695 1709 5758 reperis
1737 5711 1898 5764 κηρο·

332 5772 633 5837 grumaim
661 5777 846 5828 eodem
877 5793 1095 5846 prorsus
1126 5778 1449 5846 signiﬁcatu.
1487 5781 1624 5835 ldcm
1676 5789 1896 5840 omnino

2023 3224 2384 3289 descendebat,
2409 3228 3035 3296 paratumqueinveniens
3057 3241 3242 3296 equum.
3267 3227 3601 3280 ascendebat.

2027 3312 2131 3367 Sed
2159 3315 2285 3383 quid
2323 3315 2388 3368 de
2424 3317 2824 3386 monobambylo
2855 3318 3196 3372 sentiendum
3229 3319 3297 3372 sit
3330 3319 3440 3387 jam
3475 3320 3506 3372 l.
3561 3334 3598 3376 ι.

2023 3421 2071 3462 c.
2108 3408 2192 3468 lO,
2227 3410 2449 3477 exposui
2490 3427 2501 3462 :
2532 3413 2764 3479 expungi
2797 3413 3054 3464 nimirum
3087 3411 3267 3475 debet,
3299 3411 3462 3481 inque
3486 3413 3602 3482 ejus

2021 3497 2199 3552 locum
2233 3501 2490 3554 substitui
2520 3501 2900 3570 μονάμπουλον
2934 3503 3049 3556 sive
3091 3503 3528 3572 μονάμπουλλον,
3553 3516 3604 3555 et

2024 3590 2178 3646 notio
2211 3591 2339 3645 atrii
2366 3608 2459 3648 seu
2483 3592 2779 3646 ambulacri
2844 3594 2930 3646 his
2987 3593 3199 3648 duobus
3247 3593 3438 3648 Codini
3470 3595 3603 3649 locis

2020 3683 2171 3737 nullo
2205 3683 2364 3738 modo
2387 3682 2647 3754 applicari
2678 3692 2854 3755 potest
2886 3703 2896 3738 :
2936 3699 3059 3738 nam
3101 3684 3472 3753 lampadarius
3519 3685 3604 3738 di-

2018 3776 2160 3830 citur
2189 3774 2398 3846 φέρειν,
2435 3776 2673 3828 manibus
2700 3776 2857 3844 ferre,
2891 3789 3012 3828 cum
3069 3789 3295 3828 accensa
3354 3774 3606 3842 lampade

2015 3868 2394 3937 διόάμπουλον.
2428 3870 2507 3920 An
2529 3867 2782 3921 conclave
2810 3867 2890 3919 vel
2928 3867 3089 3920 trium
3109 3867 3362 3921 manibus
3382 3875 3600 3935 gestare

2017 3959 2532 4030 potuit?Addehmc
2555 3959 2620 4011 de
2647 3957 2886 4010 conclavi
2923 3959 3190 4012 exteriore
3240 3967 3291 4012 et
3341 3958 3600 4012 interiore

2015 4067 2135 4106 esse
2187 4051 2438 4120 ﬁgmenta
2503 4047 2671 4114 Junii,
2705 4065 3016 4118 quanquam
3068 4049 3598 4120 ipse‘6t6a't;1.r:ouiov

2014 4157 2289 4212 nunquam
2319 4140 2382 4194 ad
2417 4141 2660 4196 exterius
2693 4142 2944 4196 cent-lare
2978 4142 3181 4208 retulit,
3217 4157 3394 4210 neque
3424 4143 3592 4195 etiam

2014 4234 2068 4289 in
2090 4247 2189 4289 suo
2213 4231 2612 4302 monobambylo
2645 4233 2708 4286 ad
2727 4233 2787 4284 τὸ
2804 4233 3165 4286 ambulacrum
3197 4233 3278 4287 vel
3295 4233 3594 4297 ambulare,

2013 4326 2104 4382 sed
2127 4326 2192 4380 ad
2213 4325 2270 4377 τὸ
2290 4324 2590 4394 βαμϐἀλειν
2609 4324 2870 4392 respexit.
2891 4324 3105 4378 Accedit
3127 4323 3270 4394 apud
3291 4323 3592 4377 Phranzem

2011 4433 2121 4472 non
2154 4418 2252 4487 legi
2278 4416 2665 4483 διϐάμπουλον,
2699 4414 2792 4468 sed
2841 4415 3147 4469 dhbabula.
3201 4415 3270 4469 At
3325 4414 3593 4468 Meursius

2007 4508 2235 4578 corrigit
2261 4507 2424 4577 276
2449 4505 2814 4575 διῦἁμπονλα.
2875 4506 2995 4571 Quo
3053 4506 3243 4563 codice
3273 4506 3446 4560 fretus
3484 4507 3506 4558 Ἰ
3537 4505 3590 4559 Si

2013 4598 2141 4668 quid
2173 4598 2557 4667 corrigendum
2587 4597 2658 4651 sit
2687 4639 2699 4662 ,
2735 4597 2915 4664 potius
2975 4605 3029 4650 ct
3064 4613 3194 4651 vero
3224 4599 3446 4667 propius
3473 4612 3595 4668 cor-

2013 4690 2241 4747 rexerint
2271 4689 2756 4755 διαπάτουλα,ιιοι;
2781 4699 2861 4744 est
2883 4689 2946 4742 ad
2995 4689 3112 4742 loca
3168 4689 3433 4756 patentia,
3485 4705 3592 4745 uno

2015 4785 2179 4839 verbo
2206 4783 2270 4838 ad
2305 4784 2527 4846 atrium,
2549 4799 2643 4838 seu
2669 4783 2733 4836 ad
2754 4783 3002 4846 διάόατα,
3032 4784 3304 4834 transitus.

2085 4875 2283 4941 Quinta
2309 4875 2579 4929 sententia
2609 4881 2688 4926 est
2713 4871 2954 4940 ejusdem
3003 4869 3244 4932 Menrsii,
3278 4869 3370 4937 qui
3393 4878 3447 4923 et
3497 4871 3583 4924 hic

2013 4968 2131 5022 etin
2151 4968 2397 5037 catalogo
2417 4965 2723 5020 officiorum
2741 4963 2944 5033 Magna:
2963 4961 3215 5018 Ecclesia:
3234 4962 3552 5032 μονοΰάμὸη
3568 4991 3584 5001 -

2008 5062 2097 5114 λον
2121 5071 2174 5114 ct
2197 5059 2529 5130 διϐάμϐηλον
2559 5075 2586 5111 a
2624 5059 2735 5112 velo
2757 5057 3165 5114 rescribendum
3194 5066 3397 5118 censet,
3421 5058 3581 5125 quasi

2010 5152 2100 5208 ille
2129 5151 2361 5222 simplex
2399 5152 2600 5214 velum,
2635 5151 2722 5206 hic
2749 5152 2948 5220 duplex
2986 5151 3042 5207 in
3073 5151 3322 5205 custodia
3350 5166 3449 5204 sua
3485 5151 3583 5203 ha-

2010 5244 2209 5308 buerit,
2244 5245 2427 5298 velarit
2450 5244 2657 5311 utique,
2689 5246 2778 5312 qui
2818 5261 2962 5298 nunc
2991 5259 3019 5297 a
3066 5245 3239 5307 ianuis
3274 5244 3536 5312 janitores
3561 5260 3583 5307 ;

2011 5352 2137 5391 nam
2169 5337 2268 5389 sub
2307 5335 2435 5390 velis
2466 5337 2595 5390 olim
2643 5351 2726 5390 res
2777 5337 3082 5406 gerebatur.
3139 5336 3401 5390 Caeterum
3439 5353 3573 5392 mss.

2011 5426 2166 5497 codd.
2209 5425 2478 5493 inprimis
2522 5436 2844 5497 repugnant,
2901 5442 3131 5496 quorum
3181 5428 3362 5482 nullus
3415 5429 3575 5483 istam

2009 5494 2333 5584 scripturam
2371 5517 2527 5571 nobis
2551 5519 2788 5571 exhibet.
2829 5519 3028 5572 Deinde
3077 5519 3447 5584 lampadarius
3500 5527 3577 5573 te-

2008 5623 2140 5662 nens
2174 5608 2539 5678 διϐἀμπουλον
2565 5627 2682 5664 cum
2715 5611 2961 5680 lampade
3006 5627 3229 5665 accensa
3274 5612 3576 5680 διὸἀμπου-

2005 5702 2091 5753 λον
2131 5703 2178 5754 in
2207 5719 2367 5758 manu
2393 5705 2642 5772 portabat
2671 5721 2682 5756 :
2723 5720 2827 5757 non
2861 5715 2977 5758 erat
3007 5719 3138 5771 ergo
3166 5704 3366 5768 velum,
3399 5721 3427 5758 a
3461 5719 3569 5773 quo

1953 5822 1961 5832 -
2005 5795 2181 5847 velarit
2215 5807 2263 5852 rt.
2292 5798 2527 5851 custodes
2565 5795 2657 5848 veli
2687 5813 2879 5849 nomen
2915 5797 3088 5851 sortiti
3124 5809 3262 5851 :lllll.
3289 5796 3394 5849 Nec
3414 5800 3570 5864 juvat
