3952 6222
375 381 483 450 301

1439 387 1523 448 IN
1569 385 1872 450 LIBRUM
1939 387 2036 446 DE
2079 386 2406 448 OFFICHS
2445 388 2549 449 CP.

3505 381 3605 442 308

372 502 515 554 hanc
548 497 860 568 optionem
887 495 1207 554 Anastasius
1233 499 1284 553 in
1315 498 1558 571 Sylverio
1586 511 1679 553 aut
1723 491 1943 555 collatio

2065 501 2270 568 generis
2291 499 2664 570 διϐἀμπουλον
2695 517 2708 565 ;
2741 498 2821 552 ἔτι
2844 498 2899 552 δὲ
2933 499 3043 554 τῶν
3068 497 3166 568 μὲν
3191 495 3606 566 αὐτοκρατόρων

372 608 494 647 cum
529 591 825 646 Donatistis
865 591 1005 661 apud
1037 591 1092 646 S.
1150 595 1508 661 Augustinum
1547 613 1558 648 :
1598 594 1734 647 nihil
1797 593 1941 645 enim

370 679 517 737 aliud
543 683 838 738 ostendunt
866 701 1028 754 quam
1062 685 1162 736 sub
1195 686 1311 737 wlo
1338 700 1423 738 res
1456 686 1585 739 olim
1613 686 1945 750 disceptatas

369 770 560 848 fuisse,
583 772 696 828 sive
737 789 847 826 uno
897 774 1011 828 sive
1071 773 1510 840 duobus;extra
1568 775 1711 844 quod
1769 773 1943 827 velum

370 873 550 932 partes
580 869 989 942 exspectabant.
1026 865 1128 918 Pro
1152 867 1260 920 velo
1289 876 1407 920 sunt
1451 869 1721 935 utriusque
1777 867 1947 934 partis

371 957 618 1024 episcopi,
648 955 824 1028 inquit
864 956 1091 1010 Cullatio
1127 973 1140 1018 ;
1212 956 1268 1010 St
1307 958 1456 1025 jubet
1513 957 1809 1010 sublimitas
1834 969 1946 1021 tua,

371 1045 814 1122 intromittentur.
847 1046 936 1100 Sic
964 1046 1023 1101 Β.
1050 1048 1325 1116 Sylverius
1342 1047 1411 1099 ad
1439 1047 1666 1115 primum
1689 1054 1736 1100 et
1762 1062 1948 1099 secun-

371 1131 498 1210 dum
525 1131 693 1184 velum
730 1134 945 1186 retinuit
972 1151 1172 1188 onmem
1192 1136 1408 1198 clerum,
1441 1137 1575 1200 Quid
1597 1138 1708 1190 lucc
1730 1136 1793 1189 ad
1815 1137 1938 1190 lam-

376 1222 660 1288 padarium
692 1231 968 1289 nostrum,
995 1224 1082 1276 cui
1113 1223 1205 1276 τοῦ
1236 1223 1601 1292 διὸαμποὺλου
1629 1238 1760 1279 cura
1792 1236 1948 1298 com-

376 1309 544 1366 missa
569 1322 688 1366 erat
713 1313 738 1364 ?
1047 1301 1052 1306 ’
1343 1299 1348 1306 ’

451 1402 616 1456 Sexta
651 1393 920 1476 sententia
960 1410 1041 1456 est
1088 1401 1455 1470 διὸάμπουλον
1507 1419 1629 1458 esse
1677 1403 1947 1472 duplicem

374 1492 665 1570 ampullam
710 1502 764 1552 et
809 1493 1192 1563 μονάμπυυλον
1231 1494 1530 1564 simplicem
1575 1496 1870 1564 ampullam
1931 1514 1946 1561 ;

377 1569 774 1636 hanetcnuisse
805 1583 857 1636 in
885 1583 1206 1637 clericorum
1230 1586 1667 1639 ordinationibus
1690 1594 1744 1638 et
1766 1585 1948 1639 initia-

378 1675 621 1730 tionibus
651 1675 951 1730 secundum
987 1677 1293 1740 ostiarium,
1316 1678 1383 1732 de
1399 1694 1506 1746 quo
1537 1677 1591 1730 in
1627 1686 1774 1732 sexta
1823 1693 1952 1748 pen-

376 1768 497 1822 tade
513 1767 830 1822 oltieialium
853 1767 1054 1837 Magnae
1073 1768 1347 1836 Ecclesiae,
1370 1770 1519 1823 illam
1557 1769 1798 1825 tenuisse
1815 1771 1949 1823 lam-

2049 594 2083 664 ἡ
2116 593 2308 664 ἀρωγὴ
2331 593 2467 664 πρὸς
2498 592 2780 662 φωτισμὸν
2810 592 2905 645 καὶ
2935 589 3200 643 σύστασιν
3229 587 3604 641 ἐπεκτείνεται

2047 687 2225 756 ψυχῆς
2250 703 2309 740 τε
2341 688 2434 740 καὶ
2461 688 2736 755 σώματος,
2760 686 2819 738 τὸ
2838 684 2896 738 δὲ
2931 681 3226 753 μεγαλεῖον
3269 679 3380 732 τῶν
3419 694 3608 744 πατρι-

2058 779 2244 849 αρχῶν
2275 780 2332 840 ἐς
2368 778 2537 848 μόνην
2559 777 2656 846 τὴν
2682 775 2924 846 ψυχικὴν
2949 771 3378 840 ὲστενοχὼρηται
3400 769 3610 821 λυσιτέ-

2050 872 2203 922 λειαν
2239 870 2411 940 (ὀλίγη
2448 869 2556 939 γὰρ
2596 868 2812 930 τούτοις
2855 866 2974 919 ἐστὶ
3029 864 3251 934 φροντὶς
3313 859 3610 931 εὐπαθείας

2053 962 2418 1031 σωματικῆς),
2441 960 2707 1023 ὡσαύτως
2765 960 2916 1029 καὶή
2972 957 3103 1022 ’περὶ⁴
3145 955 3275 1016 τοὺς
3333 951 3607 1020 ὑπηκόους

2050 1054 2146 1124 τῆς
2178 1053 2500 1123 βασιλίσσης
2527 1050 2824 1121 κηδεμονία
2854 1051 2947 1102 καὶ
2977 1049 3222 1118 μέριμνα
3281 1044 3418 1114 πρὸς
3449 1043 3614 1110 μόνην

2053 1127 2372 1215 σώματικὴν
2392 1144 2626 1208 εὐζωῖαν
2647 1136 2960 1216 ὲξήπλωται
2997 1141 3206 1208 (πάσης
3233 1138 3342 1205 γὰρ
3373 1134 3615 1204 ψυχικῆς

2055 1232 2306 1312 βοηθείας
2333 1237 2387 1308 αἱ
2425 1239 2683 1304 γυναῖκες
2709 1233 3081 1304 ἐστέρηνται).
3118 1233 3184 1292 Ai
3226 1229 3507 1298 λαμπάδες
3560 1228 3616 1280 δὲ

2047 1330 2159 1384 τῶν
2184 1330 2283 1398 μὲν
2312 1329 2577 1398 βασιλέων
2597 1330 2795 1390 διττοϊς
2818 1325 3133 1396 διαχρύσοις
3151 1341 3216 1375 πε
3227 1321 3615 1392 ριζωννύονται

2055 1407 2467 1491 στεφανώμασι,
2486 1421 2595 1473 τῶν
2621 1420 2678 1473 δὲ
2711 1417 3073 1487 πατριαρχῶν
3100 1416 3194 1468 καὶ
3219 1415 3315 1483 τῆς
3377 1411 3618 1482 βασιλίσ-

2055 1533 2151 1584 σης
2177 1515 2256 1566 ἑνὶ
2319 1511 2792 1576 κατακυκλοῦνται
2838 1506 3225 1578 θριγγὼματι.
3278 1504 3390 1559 Fax
3436 1505 3620 1571 itaque

2055 1604 2368 1674 imperatori
2393 1603 2613 1673 praglata
2639 1600 2840 1670 duplici
2863 1614 3065 1664 corona
3082 1612 3247 1651 aurea
3278 1596 3616 1650 circumdata

2052 1694 2446 1763 διϐἀμπουλον,
2471 1692 2791 1760 patriarcha:
2851 1697 2905 1741 et
2938 1684 3271 1756 imperatrici
3335 1685 3491 1738 unica
3527 1698 3618 1737 ea-

2053 1798 2158 1852 que
2191 1791 2444 1852 argentea
2479 1778 2867 1850 μονάμπουλον
2913 1785 3016 1830 est.
3048 1774 3288 1830 Consule
3320 1785 3440 1841 quae
3491 1787 3622 1842 pro-

373 1860 662 1942 padarium
693 1862 744 1913 in
776 1849 1222 1942 solemnitatibus”
1245 1847 1940 1942 quasCodinusﬂescl'i'bit=
1976 1883 2019 1934 Β
2048 1847 2504 1927 ιίιῖωιί’νίιαιιιιεὲ
2544 1847 2688 1940 apud
2721 1868 2974 1922 eumdem
3011 1865 3386 1921 Balsamonem
3414 1862 3619 1932 scripta

375 1940 450 2006 ita
477 1953 641 2006 etiam
668 1952 781 2020 ipse
805 1937 1072 2007 Meursius
1104 1967 1154 2006 ν.
1188 1939 1579 2022 διδᾶμπουλον.
1615 1951 1722 2007 Sed
1741 1953 1872 2021 quid
1900 1939 1951 2004 in

375 2046 461 2125 his
493 2045 746 2124 ampullis
775 2043 798 2100 ‘l
826 2045 882 2120 in
901 2045 1248 2114 monampulo
1265 2059 1374 2100 non
1390 2045 1764 2102 dubitot‘uisse
1782 2044 1956 2099 chris-

379 2149 490 2216 ina,
520 2151 632 2206 quo
661 2137 753 2206 qui
801 2138 1110 2210 sacerdotio
1169 2137 1453 2193 initiantur
1499 2137 1854 2208 inunguatur,
1897 2136 1953 2190 in

380 2215 692 2304 dibampulo
721 2235 900 2299 autem
937 2227 1108 2286 fuisse
1141 2243 1357 2284 sacrum
1386 2227 1562 2307 oleum
1591 2215 1659 2281 eti
1686 2227 1948 2290 chrisma,

382 2330 440 2384 ut
482 2322 779 2389 imperator
802 2315 1078 2397 unctionis
1109 2307 1218 2397 suae
1250 2329 1356 2374 tam
1395 2317 1455 2393 in.
1485 2319 1755 2388 baptismo
1785 2333 1952 2392 quam

378 2411 434 2464 in
467 2411 818 2481 imperatoria
847 2395 1259 2484 inauguratione
1281 2427 1494 2480 semper
1526 2426 1736 2466 memor
1783 2419 1948 2466 esset.

379 2493 473 2560 His
504 2501 642 2557 forte
677 2503 851 2558 lucem
909 2503 1080 2568 dabit,
1136 2503 1352 2558 tametsi
1402 2503 1620 2565 exilem,
1653 2486 1880 2557 citatus

379 2595 614 2650 Meursio
633 2595 953 2667 Anscgisus,
973 2613 1012 2663 ι,
1033 2595 1165 2652 162:
1191 2597 1468 2666 Presbyter
1487 2597 1538 2649 in
1560 2594 1719 2649 Cteua
1742 2594 1950 2648 Domini

380 2687 512 2742 duas
537 2689 800 2757 ampullas
824 2677 997 2744 secum
1017 2690 1240 2758 deferat,
1271 2706 1428 2742 unam
1467 2689 1536 2742 ad
1549 2688 1801 2749 chrisma,
1820 2687 1946 2740 alte'

381 2798 493 2833 rum
527 2782 595 2833 ad
625 2781 820 2848 oleum,
846 2781 913 2836 ad
940 2782 1332 2852 catechumenos
1363 2781 1682 2850 inungendus
1706 2779 1781 2833 vel
1802 2779 1951 2846 inﬁr-

381 2888 511 2948 mos.
546 2871 812 2948 Fecerunt
837 2862 969 2942 ergo
991 2873 1188 2938 Graeci,
1216 2881 1273 2926 ut
1303 2873 1408 2927 alia
1433 2873 1624 2936 multa,
1651 2874 1732 2928 sic
1759 2879 1810 2925 et
1835 2889 1950 2946 am.-

382 2962 543 3036 pulla;
565 2977 761 3039 nomen
801 2979 961 3018 suum
982 2964 1035 3017 in
1063 2964 1401 3033 titanampulo
1428 2975 1480 3018 et
1510 2963 1832 3034 dibampatlo,
1854 2977 1950 3040 seu

384 3057 657 3125 geminato
686 3057 713 3108 λ
744 3055 1072 3124 dibampullo
1103 3074 1120 3120 ;
1145 3072 1173 3109 a
1201 3071 1310 3126 quo
1327 3070 1425 3110 vox
1448 3056 1607 3110 etiam
1627 3053 1949 3109 Germanica

385 3150 554 3212 umpel
582 3148 734 3218 quasi
770 3149 1002 3215 antpulla
1033 3147 1326 3203 descendit.
1357 3147 1422 3218 Et.
1450 3149 1586 3202 hanc
1625 3147 1944 3201 sententiam

2056 1945 2544 2032 prmtermittimus.
2589 1957 2790 2038 Cosm]

2127 2053 2188 2106 P.
2228 2053 2316 2122 44.
2340 2051 2642 2118 Ματστωρ.
2679 2050 2838 2126 Clara
2872 2049 3026 2118 origo
3061 2062 3090 2101 a
3122 2044 3317 2100 Latino
3342 2045 3613 2114 magister.

2055 2143 2253 2198 Gnn'rs.
2477 2130 2482 2134 h

2122 2234 2268 2290 Ibid.
2301 2235 2370 2289 Τὸ
2409 2235 2843 2306 πολυχρόνιον.
2877 2234 2952 2286 De
2973 2232 3116 2288 votis
3146 2233 3199 2287 in
3234 2233 3620 2302 imperatores,

2056 2325 2250 2381 faustis
2275 2325 2761 2382 acclamatiombus
2790 2332 2844 2380 et
2884 2323 2938 2378 in
2987 2323 3188 2378 multos
3220 2339 3390 2378 annos
3421 2339 3624 2392 apprc-

2054 2420 2361 2476 cationibus
2415 2418 2534 2474 {use
2591 2416 2811 2488 quidem
2866 2417 3010 2471 inl‘ra‘
3068 2428 3170 2472 nec
3218 2417 3399 2472 minus
3462 2418 3625 2470 docte

2053 2512 2366 2575 Gretscrus,
2395 2518 2448 2564 at
2479 2524 2600 2580 qua:
2644 2508 2997 2580 πολυχρόνιον
3024 2508 3079 2562 in
3109 2507 3312 2564 Christi
3346 2508 3618 2562 uatalitiis

2053 2603 2360 2660 faciendum
2387 2617 2496 2656 non
2528 2599 2817 2670 attingant.
2872 2599 3164 2656 Succincte
3207 2601 3497 2657 addimus:
3531 2603 3623 2654 ln-

2055 2696 2291 2765 cipiente
2320 2680 2452 2748 olim
2484 2693 2540 2746 in
2569 2690 2812 2747 Ecclesia
2850 2689 3026 2746 abhis
3054 2690 3393 2754 solemnibus
3446 2705 3622 2753 anno,

2055 2797 2112 2841 ut
2137 2787 2339 2840 mutuis
2372 2800 2495 2841 sese
2521 2786 2684 2840 donis
2719 2795 2774 2838 ct
2802 2784 2992 2840 xeniis.
3016 2784 3286 2854 excipere,
3324 2784 3398 2837 ita
3426 2792 3478 2837 et
3501 2782 3625 2837 feli—

2056 2879 2210 2935 cibus
2233 2879 2373 2933 votis
2399 2878 2658 2947 prosequi
2682 2887 2735 2932 et
2751 2877 2892 2932 luetis
2928 2877 3154 2938 vocibus
3182 2875 3320 2932 bene
3359 2878 3619 2940 ominari,

2053 2974 2198 3040 quod
2257 2970 2552 3024 observant
2600 2955 2776 3024 adhuc
2829 2969 2968 3033 Itali,
3025 2982 3363 3023 consuevere
3421 2968 3618 3021 Gra‘ci.

2053 3051 2376 3136 Discurrunt
2401 3060 2584 3129 itaque
2607 3075 2704 3129 per
2737 3059 2852 3114 vias
2879 3066 2933 3114 et
2954 3059 3190 3130 compita
3217 3059 3368 3126 pueri
3399 3069 3451 3112 et
3483 3059 3623 3111 ado-

2053 3151 2320 3205 lescentes
2357 3151 2457 3204 hac
2496 3152 2604 3214 die,
2631 3165 2684 3205 et.
2714 3151 2779 3204 ad
2835 3150 3137 3205 amicorum
3168 3158 3353 3219 portas
3385 3149 3625 3202 tiiudulis

385 3258 486 3310 ego
519 3257 628 3312 prae
649 3242 770 3298 aliis
798 3243 968 3310 probo
995 3250 1048 3297 et
1077 3241 1400 3311 amplector,
1441 3239 1871 3319 licetBalsamon
1895 3238 1948 3308 iu
1976 3229 2019 3286 (ἲ
2054 3244 2206 3298 sonis
2240 3258 2304 3298 ac
2330 3243 2564 3298 nmsices
2586 3241 2964 3298 instrumentis
2991 3242 3324 3312 πολυχρόνια
3373 3251 3626 3311 perstre-

386 3336 580 3407 melete
613 3352 708 3393 seu
745 3335 1132 3391 exercitatione
1166 3351 1264 3390 sua
1294 3333 1425 3388 nihil
1451 3335 1515 3388 de
1530 3321 1954 3402 dibampuloim-

386 3429 624 3498 peratori
651 3443 680 3482 a
704 3428 1038 3498 lampadario
1063 3426 1302 3497 praeferri
1330 3427 1513 3492 solito,
1544 3426 1636 3481 sed
1656 3433 1862 3478 tantum
1888 3423 1953 3476 de

385 3505 634 3591 lampade
667 3521 890 3592 scribat.
953 3519 1061 3576 Nec
1110 3534 1438 3588 quemquam
1489 3519 1673 3572 turbet
1730 3514 1862 3571 illud
1891 3515 1952 3585 βι

387 3613 658 3687 etsienim
689 3613 804 3669 sola
835 3613 1022 3670 vocula
1061 3613 1108 3666 δι
1143 3611 1400 3681 duplicat,
1461 3620 1520 3664 ut
1570 3610 1821 3680 bigarius,
1871 3609 1955 3663 hic

305 3765 316 3768 _
386 3718 563 3780 tamen
595 3707 663 3759 ob
701 3705 938 3777 vocalem
965 3712 1282 3780 sequentem
1316 3701 1715 3773 ﬂinterjicitur,
1751 3701 1958 3770 eupho-

385 3795 907 3868 uiwcausaﬁners.
998 3783 1002 3786 ’
1101 3785 1105 3789 ’
1387 3786 1391 3790 ’
1502 3783 1505 3786 ’

458 3887 726 3960 [GI-(ccum
755 3887 1101 3958 proverbium
1126 3887 1276 3944 lubet
1309 3887 1414 3941 huc
1440 3897 1714 3957 arcessere
1740 3901 1752 3936 :
1779 3883 1954 3936 Ὅπου

387 3984 571 4036 πολλοὶ
605 3984 841 4035 πετεινοὶ
895 3981 1256 4052 φωνάζουσιν,
1289 3983 1405 4035 ἐκεῖ
1450 3981 1608 4051 ἀργεῖ
1646 3979 1713 4033 vi
1760 3976 1955 4048 ἐξημε-

392 4076 558 4145 ρώσῃ,
589 4073 684 4125 Ubi
711 4075 884 4140 plures
910 4075 1043 4143 galli
1078 4073 1376 4138 cantillant,
1404 4073 1475 4126 ibi
1503 4072 1714 4125 tardum
1739 4079 1816 4125 est
1852 4085 1960 4121 cre-

385 4162 658 4234 pusculum
687 4178 702 4216 :
729 4145 861 4229 quia
894 4163 1142 4216 videlicet
1170 4177 1236 4215 ex
1261 4164 1626 4225 contentione,
1651 4176 1758 4214 non
1783 4174 1844 4212 ex
1877 4159 1958 4210 lu-

389 4257 468 4308 cis
499 4268 660 4307 sensu
687 4262 904 4332 canunt.
935 4253 1155 4313 Μύθους
1190 4253 1350 4308 etiam
1397 4237 1859 4321 hodie‘proverbia
1881 4251 1960 4304 di-

391 4358 520 4400 cunt
562 4364 572 4400 :
618 4336 907 4414 ἐπιμύθιον
959 4345 1142 4414 itaque
1185 4345 1491 4414 proferam:
1522 4345 1641 4409 Quo
1673 4343 1854 4411 plures
1907 4343 1958 4420 in

388 4453 447 4492 re
480 4437 706 4492 obscura
751 4436 1052 4502 sententiae,
1112 4451 1176 4491 eo
1221 4435 1402 4490 dubiis
1452 4436 1749 4506 majoribus
1811 4447 1960 4486 IltOllS

2055 3344 2217 3404 punt,
2249 3335 2406 3389 xenia
2437 3335 2791 3404 reportatnri,
2814 3332 3102 3400 cunctique
3123 3335 3628 3402 Χριστουγεννητι-

2057 3431 2170 3490 κοῖς
2194 3443 2288 3495 pro
2319 3427 2582 3480 natalitiis
2633 3427 2831 3480 Christi
2870 3426 3173 3498 muneribus
3227 3439 3312 3480 se.
3338 3423 3631 3485 cumulant

2059 3521 2332 3573 certatim.
2366 3519 2608 3574 Ecclesia
2638 3517 2822 3587 igitur,
2878 3518 3038 3587 cujus
3089 3524 3212 3571 vota
3267 3521 3395 3570 sunt
3448 3514 3625 3575 dona,

2059 3610 2323 3664 natalium
2352 3609 2760 3664 Dominicurum
2790 3609 3095 3679 pervigilio,
3131 3608 3186 3661 in
3233 3606 3418 3675 palatii
3456 3619 3633 3674 pcne-

2063 3705 2499 3772 tralibus,annis
2519 3706 2569 3758 ei
2607 3703 2791 3758 multis
2841 3702 3116 3772 exoptatis
3167 3701 3306 3752 bene
3363 3706 3629 3766 precatur

2060 3797 2398 3867 imperatori.
2435 3795 2540 3865 ipsi
2575 3811 2794 3864 quoque
2830 3792 3093 3848 monachi
3123 3791 3244 3845 vita:
3272 3797 3328 3843 et
3351 3802 3632 3840 annorum

2059 3887 2472 3942 diuturnitatem
2505 3885 2796 3955 superiori,
2824 3887 2890 3939 ad
2925 3885 3118 3939 cellam
3158 3883 3278 3952 ejus
3306 3880 3634 3934 catervatittt

2062 3980 2476 4041 convenientes,
2505 3993 2536 4032 a
2567 3977 2676 4032 Deo
2715 3980 3014 4047 postulant,
3043 3977 3121 4039 ei;
3170 3975 3230 4028 τὸ
3255 3974 3463 4026 κελλεον
3531 3970 3635 4023 τοῦ

2063 4071 2408 4143 προεστῶτος
2427 4071 2555 4144 (διὰ)
2587 4073 2687 4139 τῆς
2718 4071 2852 4134 ἰδίας
2886 4069 3342 4138 πολυχρονίσεως,
3368 4067 3444 4120 ait
3507 4063 3630 4118 Me—

2066 4179 2242 4219 nzcum
2280 4164 2383 4218 hac
2418 4162 2524 4217 die.
2557 4159 2693 4215 Hinc
2721 4160 2780 4213 τὸ
2839 4157 3252 4231 πολυχρονιζειν
3287 4157 3508 4211 nonnisi
3561 4157 3637 4211 de

2067 4257 2207 4312 votis
2239 4270 2338 4324 pro
2370 4255 2544 4311 salute
2587 4253 2894 4324 eujuspiam
2951 4247 3344 4322 praes'éntiluce
3405 4249 3640 4303 emissis

2067 4353 2263 4418 vulgus
2287 4359 2606 4404 consuetum
2633 4355 2716 4401 est
2745 4345 3046 4415 percipere.
3112 4343 3396 4408 Quondam
3445 4352 3640 4393 tamen

2066 4441 2189 4494 aliis
2213 4439 2377 4494 etiam
2400 4437 2592 4493 diebus
2609 4436 2900 4491 decantata
2937 4434 3270 4502 πολυχρόνια
3293 4432 3492 4486 ducent
3520 4431 3640 4486 Re—

387 4530 636 4591 ﬂuctuat.
667 4529 822 4584 Circa
846 4545 1030 4584 vocem
1062 4529 1427 4600 διϐἀμπουλον
1455 4528 1631 4584 allatis
1655 4526 1955 4582 aGretsero
1984 4558 2035 4617 ι)
2065 4531 2151 4601 gia
2183 4546 2317 4586 mss.
2342 4544 2406 4585 ex
2436 4529 2636 4600 quibus
2663 4526 2948 4597 sequentia
2970 4524 3186 4579 erudito
3215 4524 3402 4578 lectori
3431 4522 3640 4591 depro-

389 4639 484 4678 sex
527 4623 801 4684 sensibus,
827 4637 986 4690 quem
1019 4621 1314 4690 amplectar
1364 4636 1467 4676 non
1526 4620 1680 4675 video
1709 4639 1724 4674 :
1755 4620 1957 4698 certior

390 4717 574 4785 itaque
603 4731 778 4770 meum
804 4717 857 4769 in
877 4714 1114 4788 medium
1134 4713 1400 4769 adducam
1431 4729 1495 4768 ex
1515 4709 1962 4768 Balsamoneile-

391 4811 564 4863 ditato
593 4809 658 4862 de
677 4809 1108 4878 patriarcharum
1142 4806 1458 4878 privilegiis.
1488 4805 1696 4860 Lumen
1721 4816 1776 4860 et
1801 4804 1960 4873 277

389 4903 538 4956 faces
568 4900 634 4954 ad
668 4899 899 4954 docendi
920 4898 1160 4954 cilicium
1190 4907 1458 4968 spectant,
1494 4897 1688 4966 inquit,
1713 4913 1774 4951 ae
1802 4910 1961 4966 prop-

392 5006 560 5058 terea,
597 5003 654 5046 ut
674 4993 1018 5065 patriarchae,
1039 4991 1110 5046 ita
1132 5001 1184 5046 et
1219 4990 1532 5061 imperatori
1553 4990 1780 5058 lampas,
1800 4990 1962 5059 ignis,

390 5087 572 5139 lumen
600 5083 903 5153 praefertur,
931 5090 1062 5136 etut
1093 5082 1236 5134 clare
1259 5082 1471 5154 loquar,
1498 5096 1674 5134 cereus
1693 5092 1963 5132 accensus:

332 5223 340 5230 .
392 5177 680 5247 Λαμψὰτω
708 5166 908 5244 thetis;
931 5174 1084 5243 ὑμῶν
1127 5174 1434 5242 ἔμπροσθεν
1478 5173 1586 5227 τῶν
1637 5170 1960 5242 ἀνθρώπων.

407 5261 848 5333 Ἀκουσάτωσαν,
877 5268 950 5328 ὠς
973 5270 1020 5319 οἱ
1052 5267 1310 5336 βασιλεῖς,
1374 5267 1468 5321 καὶ
1496 5267 1544 5319 oi
1590 5265 1925 5335 πατριάρχαι
1949 5283 1962 5295 ·

400 5363 794 5434 μεγαλύνονται
832 5364 930 5430 μὲν
955 5362 1048 5413 καὶ
1069 5361 1482 5421 Διδασκαλικοῑς
1509 5359 1805 5428 ἀξιώμασι.
1846 5356 1962 5410 Ἐν-

394 5454 584 5507 τεῦθεν
611 5454 719 5521 γὰρ
751 5453 799 5504 οἱ
829 5451 1012 5502 πιστοὶ
1039 5447 1294 5500 δεσπόται
1325 5448 1418 5501 καὶ
1462 5451 1511 5500 οἱ
1561 5448 1967 5521 αὐτοκράτορες

393 5543 774 5615 κατηχητικῶς
803 5541 1051 5610 ὁμιλοῦσι
1083 5540 1159 5609 τῷ
1187 5539 1562 5608 Χριστωνύμῳ
1593 5541 1724 5610 λαῷ.
1760 5540 1833 5596 De
1865 5542 1968 5594 im-

395 5645 650 5707 peratore
682 5633 1002 5687 concionem
1038 5632 1100 5684 ad
1127 5630 1383 5701 populum
1409 5629 1639 5686 habente
1671 5632 1874 5686 dictum
1899 5634 1964 5688 ad

395 5740 450 5794 p.
491 5721 582 5775 57.
630 5723 698 5775 At
739 5721 1054 5789 imperaturi
1093 5720 1458 5792 δισάμπουλον
1506 5720 1822 5791 praefertur,
1871 5739 1968 5792 pa-

394 5816 648 5901 tria‘rctne
684 5813 1087 5880 ctimperatrici
1119 5813 1524 5883 μονάμπουλον.
1549 5814 1659 5870 Cur
1688 5815 1760 5870 ita
1788 5815 1961 5887 ?quid

2067 4638 2283 4679 nnmus.

2139 4715 2492 4784 Πολυχρὸνια.
2531 4713 2719 4775 Ὅπως
2748 4711 3186 4784 πολυχρονίζουσι
3213 4709 3342 4788 τοὺς
3388 4706 3648 4777 βασιλεῖς

2067 4808 2162 4860 καὶ
2190 4805 2280 4859 τὸν
2314 4805 2669 4877 πατριάρχην
2709 4806 2766 4857 ὲν
2797 4805 2862 4874 τῇ
2898 4798 3122 4873 μεγάλῃ¹
3157 4798 3425 4868 ἐκκλησίᾳ
3488 4799 3648 4849 κατὰ

2065 4902 2166 4970 τὴν
2199 4900 2393 4968 ἑορτὴν
2419 4899 2518 4966 τῆς
2547 4895 2788 4966 Χριστοῦ
2834 4895 3139 4965 γεννήσεως
3163 4891 3254 4944 καὶ
3287 4890 3396 4944 τῶν
3425 4889 3648 4942 Φώτων

2069 4991 2161 5044 καὶ
2191 4992 2258 5060 τῇ
2303 4989 2516 5062 μεγάλῃ
2546 4989 2899 5060 Παρασκευῇ.

2141 5082 2501 5152 Πολυχρόνιον
2543 5070 2765 5150 ποιήσαι
2791 5081 2818 5132 ὁ
2840 5078 2973 5150 Θεὸς
3003 5077 3102 5152 τὴν
3153 5077 3315 5146 ἁγίαν
3352 5075 3654 5146 βασιλείαν

2069 5177 2248 5229 αὐτῶν
2275 5177 2355 5240 εἰς
2390 5174 2564 5228 πολλὰ
2591 5171 2708 5244 ἔτη.
2746 5153 3104 5243 Πολυγρὸνιον
3135 5171 3365 5237 ποιήσαι
3416 5171 3443 5222 ὁ
3495 5168 3656 5232 Θεὸς

2068 5270 2168 5340 τὴν
2205 5269 2368 5335 ἁγίαν
2405 5267 2500 5322 καὶ
2538 5266 2810 5335 κραταιὰν
2831 5265 3107 5333 βασιλείαν
3140 5263 3322 5316 αὐτῶν
3351 5261 3429 5324 εἰς
3465 5261 3661 5313 πολλὰ

2072 5360 2194 5428 ἔτη.
2250 5352 2611 5428 Πολυχρόνιον
2643 5357 2919 5426 ποιήσαιὸ
2953 5353 3085 5420 Θεὸς
3134 5355 3234 5424 τὴν
3267 5341 3660 5415 θεόστεπτον,

2072 5450 2492 5521 Θεοπρὸὅλητον,
2525 5448 2871 5514 Θεοδόξαστον
2901 5447 2993 5500 καὶ
3013 5439 3464 5514 θεομεγάλυντον,
3493 5458 3663 5510 κρα-

2067 5544 2229 5595 ταιὰν
2255 5543 2349 5595 καὶ
2377 5531 2538 5610 ἁγίαν
2574 5539 2850 5611 βασιλείαν
2872 5529 3052 5592 αὑτῶν
3087 5537 3165 5596 s‘t;
3199 5535 3367 5588 πολλὰ
3406 5533 3525 5601 ἔτη.

2142 5639 2267 5687 Haec
2296 5635 2348 5686 in
2372 5629 2624 5696 ceclesia,
2661 5631 2751 5686 ubi
2779 5632 2962 5701 plures
3016 5621 3383 5698 imperabant,
3427 5640 3670 5681 nuncu-

2073 5728 2340 5793 pabantur
2379 5733 2526 5791 vota;
2561 5725 2846 5794 sequentia
2893 5723 3034 5778 inter
3053 5721 3242 5792 epulas
3294 5729 3348 5775 et
3414 5713 3667 5790 pocula,

2073 5817 2287 5872 bibcute
2331 5816 2590 5871 nimirum
2610 5817 2964 5886 imperatore,
2983 5814 3420 5884 proferebantur.
