  <div class='ocr_page' id='page_1' title='image "/cluster/home/n/w/nwhite01/storage/ocr_20150623/157/hvd.32044073502668/160.png"; bbox 0 0 3952 6222; ppageno 0'>
   <div class='ocr_carea' id='block_1_1' title="bbox 326 300 430 357">
    <p class='ocr_par' dir='ltr' id='par_1_1' title="bbox 326 300 430 357">
     <span class='ocr_line' id='line_1_1' title="bbox 326 300 430 357; baseline 0.029 -3"><span class='ocrx_word' id='word_1_1' title='bbox 326 300 430 357; x_wconf 63' lang='grc' dir='ltr'><strong>διν</strong></span> 
     </span>
    </p>
   </div>
   <div class='ocr_carea' id='block_1_2' title="bbox 1430 303 2507 369">
    <p class='ocr_par' dir='ltr' id='par_1_2' title="bbox 1430 303 2507 369">
     <span class='ocr_line' id='line_1_2' title="bbox 1430 303 2507 369; baseline 0.004 -9"><span class='ocrx_word' id='word_1_2' title='bbox 1430 303 1812 362; x_wconf 71' lang='grc' dir='ltr'><strong>ΟΒΕΤΞΕΙΗ</strong></span> <span class='ocrx_word' id='word_1_3' title='bbox 1853 304 1945 361; x_wconf 83' lang='grc' dir='ltr'><strong>ΕΤ</strong></span> <span class='ocrx_word' id='word_1_4' title='bbox 1984 304 2219 364; x_wconf 70' lang='lat' dir='ltr'><strong>GtMlll</strong></span> <span class='ocrx_word' id='word_1_5' title='bbox 2268 306 2507 369; x_wconf 58' lang='lat' dir='ltr'><strong>NUTR-</strong></span> 
     </span>
    </p>
   </div>
   <div class='ocr_carea' id='block_1_3' title="bbox 3488 307 3604 370">
    <p class='ocr_par' dir='ltr' id='par_1_3' title="bbox 3488 307 3604 370">
     <span class='ocr_line' id='line_1_3' title="bbox 3488 307 3604 370; baseline 0 -2"><span class='ocrx_word' id='word_1_6' title='bbox 3488 307 3604 370; x_wconf 74' lang='lat'><strong>310</strong></span> 
     </span>
    </p>
   </div>
   <div class='ocr_carea' id='block_1_4' title="bbox 396 414 1914 493">
    <p class='ocr_par' dir='ltr' id='par_1_4' title="bbox 396 414 1914 486">
     <span class='ocr_line' id='line_1_4' title="bbox 396 414 1914 486; baseline 0.007 -22"><span class='ocrx_word' id='word_1_7' title='bbox 396 414 494 474; x_wconf 76' lang='lat' dir='ltr'><strong>El;</strong></span> <span class='ocrx_word' id='word_1_8' title='bbox 530 414 633 481; x_wconf 75' lang='grc' dir='ltr'>τὴν</span> <span class='ocrx_word' id='word_1_9' title='bbox 674 414 963 484; x_wconf 75' lang='grc' dir='ltr'><strong>τράπεζαν</strong></span> <span class='ocrx_word' id='word_1_10' title='bbox 989 414 1215 486; x_wconf 72' lang='grc' dir='ltr'><strong>εὔχεται</strong></span> <span class='ocrx_word' id='word_1_11' title='bbox 1243 417 1416 479; x_wconf 75' lang='grc' dir='ltr'>οὕτως</span> <span class='ocrx_word' id='word_1_12' title='bbox 1439 437 1450 449; x_wconf 87' lang='grc'><strong>·</strong></span> <span class='ocrx_word' id='word_1_13' title='bbox 1518 422 1611 484; x_wconf 80' lang='grc' dir='ltr'><strong>Εἰς</strong></span> <span class='ocrx_word' id='word_1_14' title='bbox 1640 421 1703 473; x_wconf 80' lang='grc' dir='ltr'><strong>τὸ</strong></span> <span class='ocrx_word' id='word_1_15' title='bbox 1754 422 1914 475; x_wconf 76' lang='grc' dir='ltr'><strong>πολυ-</strong></span> 
     </span>
    </p>
   </div>
   <div class='ocr_carea' id='block_1_5' title="bbox 2024 414 3599 493">
    <p class='ocr_par' dir='ltr' id='par_1_5' title="bbox 2027 420 3599 493">
     <span class='ocr_line' id='line_1_5' title="bbox 2027 420 3599 493; baseline 0 -18"><span class='ocrx_word' id='word_1_16' title='bbox 2027 422 2120 483; x_wconf 83' lang='lat' dir='ltr'><strong>sit,</strong></span> <span class='ocrx_word' id='word_1_17' title='bbox 2146 424 2395 479; x_wconf 76' lang='lat' dir='ltr'><strong>versibus</strong></span> <span class='ocrx_word' id='word_1_18' title='bbox 2420 423 2677 493; x_wconf 73' lang='lat' dir='ltr'><strong>explicat,</strong></span> <span class='ocrx_word' id='word_1_19' title='bbox 2712 422 2778 478; x_wconf 83' lang='lat' dir='ltr'><strong>de</strong></span> <span class='ocrx_word' id='word_1_20' title='bbox 2835 421 3093 481; x_wconf 81' lang='lat' dir='ltr'><strong>laudibus</strong></span> <span class='ocrx_word' id='word_1_21' title='bbox 3152 420 3380 487; x_wconf 76' lang='lat' dir='ltr'><strong>Justiui,</strong></span> <span class='ocrx_word' id='word_1_22' title='bbox 3409 439 3449 487; x_wconf 85' lang='grc' dir='ltr'><strong>ι,</strong></span> <span class='ocrx_word' id='word_1_23' title='bbox 3492 423 3599 476; x_wconf 71' lang='lat'><strong>20?.</strong></span> 
     </span>
    </p>
   </div>
   <div class='ocr_carea' id='block_1_6' title="bbox 330 506 1908 577">
    <p class='ocr_par' dir='ltr' id='par_1_6' title="bbox 330 506 1908 577">
     <span class='ocr_line' id='line_1_6' title="bbox 330 506 1908 577; baseline 0.006 -20"><span class='ocrx_word' id='word_1_24' title='bbox 330 506 568 576; x_wconf 79' lang='grc' dir='ltr'><strong>χρόνιον,</strong></span> <span class='ocrx_word' id='word_1_25' title='bbox 601 506 771 575; x_wconf 76' lang='grc' dir='ltr'>ζωὴν,</span> <span class='ocrx_word' id='word_1_26' title='bbox 801 510 1051 577; x_wconf 75' lang='grc' dir='ltr'><strong>εἰρήνην,</strong></span> <span class='ocrx_word' id='word_1_27' title='bbox 1086 509 1298 576; x_wconf 77' lang='grc' dir='ltr'>ὑγείαν,</span> <span class='ocrx_word' id='word_1_28' title='bbox 1350 512 1612 565; x_wconf 66' lang='lat' dir='ltr'><strong>sudden-tv</strong></span> <span class='ocrx_word' id='word_1_29' title='bbox 1647 513 1742 565; x_wconf 70' lang='grc' dir='ltr'><strong>καὶ</strong></span> <span class='ocrx_word' id='word_1_30' title='bbox 1786 514 1908 565; x_wconf 78' lang='grc' dir='ltr'>κατ’</span> 
     </span>
    </p>
   </div>
   <div class='ocr_carea' id='block_1_7' title="bbox 332 596 1911 674">
    <p class='ocr_par' dir='ltr' id='par_1_7' title="bbox 332 596 1911 674">
     <span class='ocr_line' id='line_1_7' title="bbox 332 596 1911 674; baseline 0.005 -26"><span class='ocrx_word' id='word_1_31' title='bbox 332 596 541 667; x_wconf 70' lang='grc' dir='ltr'><strong>ἐχθρῶν</strong></span> <span class='ocrx_word' id='word_1_32' title='bbox 560 597 723 668; x_wconf 78' lang='grc' dir='ltr'>νίκην</span> <span class='ocrx_word' id='word_1_33' title='bbox 753 598 861 652; x_wconf 83' lang='grc' dir='ltr'>τῶν</span> <span class='ocrx_word' id='word_1_34' title='bbox 896 600 1179 668; x_wconf 78' lang='grc' dir='ltr'>κραταιῶν</span> <span class='ocrx_word' id='word_1_35' title='bbox 1198 601 1293 654; x_wconf 87' lang='grc' dir='ltr'><strong>καὶ</strong></span> <span class='ocrx_word' id='word_1_36' title='bbox 1318 601 1491 671; x_wconf 78' lang='grc' dir='ltr'>ἁγίων</span> <span class='ocrx_word' id='word_1_37' title='bbox 1526 602 1685 674; x_wconf 76' lang='grc' dir='ltr'><strong>ἡμῶν</strong></span> <span class='ocrx_word' id='word_1_38' title='bbox 1716 603 1911 657; x_wconf 75' lang='grc' dir='ltr'><strong>αὐθεν-</strong></span> 
     </span>
    </p>
   </div>
   <div class='ocr_carea' id='block_1_8' title="bbox 329 690 886 760">
    <p class='ocr_par' dir='ltr' id='par_1_8' title="bbox 329 690 886 760">
     <span class='ocr_line' id='line_1_8' title="bbox 329 690 886 760; baseline 0.007 -19"><span class='ocrx_word' id='word_1_39' title='bbox 329 690 436 742; x_wconf 85' lang='grc' dir='ltr'>τῶν</span> <span class='ocrx_word' id='word_1_40' title='bbox 465 691 562 743; x_wconf 77' lang='grc' dir='ltr'><strong>καὶ</strong></span> <span class='ocrx_word' id='word_1_41' title='bbox 594 690 886 760; x_wconf 77' lang='grc' dir='ltr'>βασιλέων.</span> 
     </span>
    </p>
   </div>
   <div class='ocr_carea' id='block_1_9' title="bbox 328 780 1696 854">
    <p class='ocr_par' dir='ltr' id='par_1_9' title="bbox 328 780 1696 854">
     <span class='ocr_line' id='line_1_9' title="bbox 328 780 1696 854; baseline 0.004 -19"><span class='ocrx_word' id='word_1_42' title='bbox 328 780 482 837; x_wconf 82' lang='lat' dir='ltr'><strong>Votis</strong></span> <span class='ocrx_word' id='word_1_43' title='bbox 504 784 624 838; x_wconf 89' lang='lat' dir='ltr'><strong>istis</strong></span> <span class='ocrx_word' id='word_1_44' title='bbox 651 785 705 837; x_wconf 92' lang='lat' dir='ltr'><strong>in</strong></span> <span class='ocrx_word' id='word_1_45' title='bbox 737 786 970 840; x_wconf 80' lang='lat' dir='ltr'><strong>ecclesia</strong></span> <span class='ocrx_word' id='word_1_46' title='bbox 1000 785 1367 854; x_wconf 84' lang='lat' dir='ltr'><strong>patriarcham</strong></span> <span class='ocrx_word' id='word_1_47' title='bbox 1394 786 1696 853; x_wconf 84' lang='lat' dir='ltr'><strong>excipiunt:</strong></span> 
     </span>
    </p>
   </div>
   <div class='ocr_carea' id='block_1_10' title="bbox 394 872 1910 952">
    <p class='ocr_par' dir='ltr' id='par_1_10' title="bbox 394 872 1910 952">
     <span class='ocr_line' id='line_1_10' title="bbox 394 872 1910 952; baseline 0.007 -27"><span class='ocrx_word' id='word_1_48' title='bbox 394 872 503 925; x_wconf 84' lang='grc' dir='ltr'><strong>Τὸν</strong></span> <span class='ocrx_word' id='word_1_49' title='bbox 534 874 811 944; x_wconf 68' lang='grc' dir='ltr'><strong>δεσπότην</strong></span> <span class='ocrx_word' id='word_1_50' title='bbox 835 879 930 929; x_wconf 77' lang='grc' dir='ltr'>καὶ</span> <span class='ocrx_word' id='word_1_51' title='bbox 958 878 1228 947; x_wconf 72' lang='grc' dir='ltr'><strong>ἀρχιερέα</strong></span> <span class='ocrx_word' id='word_1_52' title='bbox 1257 878 1438 948; x_wconf 76' lang='grc' dir='ltr'>ἡμῶν,</span> <span class='ocrx_word' id='word_1_53' title='bbox 1477 881 1677 951; x_wconf 81' lang='grc' dir='ltr'><strong>Κύριε,</strong></span> <span class='ocrx_word' id='word_1_54' title='bbox 1708 883 1910 952; x_wconf 82' lang='grc' dir='ltr'><strong>φύλατ-</strong></span> 
     </span>
    </p>
   </div>
   <div class='ocr_carea' id='block_1_11' title="bbox 322 967 1909 1045">
    <p class='ocr_par' dir='ltr' id='par_1_11' title="bbox 322 967 1909 1045">
     <span class='ocr_line' id='line_1_11' title="bbox 322 967 1909 1045; baseline 0.008 -28"><span class='ocrx_word' id='word_1_55' title='bbox 322 984 401 1019; x_wconf 80' lang='grc' dir='ltr'><strong>τε.</strong></span> <span class='ocrx_word' id='word_1_56' title='bbox 437 967 676 1034; x_wconf 75' lang='grc' dir='ltr'><strong>Λέγεται</strong></span> <span class='ocrx_word' id='word_1_57' title='bbox 713 967 771 1021; x_wconf 65' lang='grc' dir='ltr'><strong>δὲ</strong></span> <span class='ocrx_word' id='word_1_58' title='bbox 801 968 946 1038; x_wconf 78' lang='grc' dir='ltr'><strong>τρίς·</strong></span> <span class='ocrx_word' id='word_1_59' title='bbox 982 970 1151 1040; x_wconf 75' lang='grc'><strong>278</strong></span> <span class='ocrx_word' id='word_1_60' title='bbox 1194 972 1288 1035; x_wconf 65' lang='lat' dir='ltr'><strong>Et;</strong></span> <span class='ocrx_word' id='word_1_61' title='bbox 1348 972 1531 1027; x_wconf 76' lang='grc' dir='ltr'><strong>πολλὰ.</strong></span> <span class='ocrx_word' id='word_1_62' title='bbox 1580 973 1700 1044; x_wconf 76' lang='grc' dir='ltr'>ἐτη.</span> <span class='ocrx_word' id='word_1_63' title='bbox 1753 977 1909 1045; x_wconf 85' lang='grc' dir='ltr'><strong>Τρίς·</strong></span> 
     </span>
    </p>
   </div>
   <div class='ocr_carea' id='block_1_12' title="bbox 329 1056 1907 1134">
    <p class='ocr_par' dir='ltr' id='par_1_12' title="bbox 329 1056 1907 1134">
     <span class='ocr_line' id='line_1_12' title="bbox 329 1056 1907 1134; baseline 0.008 -24"><span class='ocrx_word' id='word_1_64' title='bbox 329 1056 421 1120; x_wconf 72' lang='lat' dir='ltr'><strong>Et;</strong></span> <span class='ocrx_word' id='word_1_65' title='bbox 446 1059 504 1113; x_wconf 81' lang='grc' dir='ltr'><strong>δὲ</strong></span> <span class='ocrx_word' id='word_1_66' title='bbox 538 1061 641 1128; x_wconf 80' lang='grc' dir='ltr'><strong>τὴν</strong></span> <span class='ocrx_word' id='word_1_67' title='bbox 672 1062 965 1132; x_wconf 76' lang='grc' dir='ltr'><strong>τράπεζαν</strong></span> <span class='ocrx_word' id='word_1_68' title='bbox 994 1062 1222 1134; x_wconf 78' lang='grc' dir='ltr'><strong>εὔχεται</strong></span> <span class='ocrx_word' id='word_1_69' title='bbox 1248 1064 1426 1130; x_wconf 75' lang='grc' dir='ltr'><strong>οὕτως</strong></span> <span class='ocrx_word' id='word_1_70' title='bbox 1458 1083 1474 1099; x_wconf 78' lang='grc' dir='ltr'><strong>ο</strong></span> <span class='ocrx_word' id='word_1_71' title='bbox 1513 1069 1610 1133; x_wconf 82' lang='grc' dir='ltr'><strong>Είς</strong></span> <span class='ocrx_word' id='word_1_72' title='bbox 1647 1069 1709 1122; x_wconf 81' lang='grc' dir='ltr'><strong>τὸ</strong></span> <span class='ocrx_word' id='word_1_73' title='bbox 1741 1070 1907 1125; x_wconf 81' lang='grc' dir='ltr'>πολυ-</span> 
     </span>
    </p>
   </div>
   <div class='ocr_carea' id='block_1_13' title="bbox 326 1150 1909 1231">
    <p class='ocr_par' dir='ltr' id='par_1_13' title="bbox 326 1150 1909 1231">
     <span class='ocr_line' id='line_1_13' title="bbox 326 1150 1909 1231; baseline 0.01 -31"><span class='ocrx_word' id='word_1_74' title='bbox 326 1150 562 1218; x_wconf 79' lang='grc' dir='ltr'><strong>χρόνιον,</strong></span> <span class='ocrx_word' id='word_1_75' title='bbox 597 1151 765 1223; x_wconf 75' lang='grc' dir='ltr'>ζωὴν,</span> <span class='ocrx_word' id='word_1_76' title='bbox 799 1154 1049 1224; x_wconf 81' lang='grc' dir='ltr'><strong>είρήνην,</strong></span> <span class='ocrx_word' id='word_1_77' title='bbox 1080 1155 1274 1224; x_wconf 82' lang='grc' dir='ltr'>ὑγείαν</span> <span class='ocrx_word' id='word_1_78' title='bbox 1330 1160 1428 1211; x_wconf 68' lang='grc' dir='ltr'>καὶ.</span> <span class='ocrx_word' id='word_1_79' title='bbox 1487 1161 1772 1231; x_wconf 79' lang='grc' dir='ltr'><strong>σωτηρίαν</strong></span> <span class='ocrx_word' id='word_1_80' title='bbox 1811 1162 1909 1216; x_wconf 74' lang='grc' dir='ltr'><strong>τοῦ</strong></span> 
     </span>
    </p>
   </div>
   <div class='ocr_carea' id='block_1_14' title="bbox 327 1244 1908 1325">
    <p class='ocr_par' dir='ltr' id='par_1_14' title="bbox 327 1244 1908 1325">
     <span class='ocr_line' id='line_1_14' title="bbox 327 1244 1908 1325; baseline 0.009 -32"><span class='ocrx_word' id='word_1_81' title='bbox 327 1244 758 1310; x_wconf 80' lang='grc' dir='ltr'>παναγιωτάτον</span> <span class='ocrx_word' id='word_1_82' title='bbox 810 1246 974 1316; x_wconf 71' lang='grc' dir='ltr'>ἡμῶν</span> <span class='ocrx_word' id='word_1_83' title='bbox 1033 1247 1299 1304; x_wconf 77' lang='grc' dir='ltr'><strong>δεσπότου</strong></span> <span class='ocrx_word' id='word_1_84' title='bbox 1370 1251 1467 1304; x_wconf 82' lang='grc' dir='ltr'>καὶ</span> <span class='ocrx_word' id='word_1_85' title='bbox 1522 1255 1908 1325; x_wconf 71' lang='grc' dir='ltr'><strong>οίχουμενικοῦ</strong></span> 
     </span>
    </p>
   </div>
   <div class='ocr_carea' id='block_1_15' title="bbox 328 1335 929 1409">
    <p class='ocr_par' dir='ltr' id='par_1_15' title="bbox 328 1335 929 1409">
     <span class='ocr_line' id='line_1_15' title="bbox 328 1335 929 1409; baseline 0.015 -25"><span class='ocrx_word' id='word_1_86' title='bbox 328 1335 690 1403; x_wconf 75' lang='grc' dir='ltr'><strong>πατριάρχου.</strong></span> <span class='ocrx_word' id='word_1_87' title='bbox 727 1337 929 1409; x_wconf 77' lang='lat' dir='ltr'><strong>Go.\n.]</strong></span> 
     </span>
    </p>
   </div>
   <div class='ocr_carea' id='block_1_16' title="bbox 396 1424 1911 1502">
    <p class='ocr_par' dir='ltr' id='par_1_16' title="bbox 396 1424 1911 1502">
     <span class='ocr_line' id='line_1_16' title="bbox 396 1424 1911 1502; baseline 0.009 -24"><span class='ocrx_word' id='word_1_88' title='bbox 396 1424 461 1479; x_wconf 85' lang='lat' dir='ltr'><strong>P.</strong></span> <span class='ocrx_word' id='word_1_89' title='bbox 490 1427 579 1481; x_wconf 65' lang='grc'><strong>45.</strong></span> <span class='ocrx_word' id='word_1_90' title='bbox 615 1427 782 1499; x_wconf 85' lang='lat' dir='ltr'><strong>Cujus</strong></span> <span class='ocrx_word' id='word_1_91' title='bbox 818 1431 1105 1502; x_wconf 88' lang='lat' dir='ltr'><strong>lampadis,</strong></span> <span class='ocrx_word' id='word_1_92' title='bbox 1131 1443 1242 1489; x_wconf 89' lang='lat' dir='ltr'><strong>etc.</strong></span> <span class='ocrx_word' id='word_1_93' title='bbox 1266 1435 1462 1491; x_wconf 86' lang='lat' dir='ltr'><strong>Exstat</strong></span> <span class='ocrx_word' id='word_1_94' title='bbox 1495 1437 1767 1493; x_wconf 85' lang='lat' dir='ltr'><strong>Theodori</strong></span> <span class='ocrx_word' id='word_1_95' title='bbox 1790 1438 1911 1494; x_wconf 80' lang='lat' dir='ltr'><strong>Bal-</strong></span> 
     </span>
    </p>
   </div>
   <div class='ocr_carea' id='block_1_17' title="bbox 324 1520 1912 1602">
    <p class='ocr_par' dir='ltr' id='par_1_17' title="bbox 324 1520 1912 1602">
     <span class='ocr_line' id='line_1_17' title="bbox 324 1520 1912 1602; baseline 0.011 -32"><span class='ocrx_word' id='word_1_96' title='bbox 324 1520 783 1578; x_wconf 73' lang='lat' dir='ltr'><strong>samnnismelete</strong></span> <span class='ocrx_word' id='word_1_97' title='bbox 824 1539 921 1579; x_wconf 87' lang='lat' dir='ltr'><strong>seu</strong></span> <span class='ocrx_word' id='word_1_98' title='bbox 962 1526 1294 1593; x_wconf 83' lang='lat' dir='ltr'><strong>disceptatio</strong></span> <span class='ocrx_word' id='word_1_99' title='bbox 1323 1529 1391 1585; x_wconf 90' lang='lat' dir='ltr'><strong>de</strong></span> <span class='ocrx_word' id='word_1_100' title='bbox 1424 1530 1531 1585; x_wconf 90' lang='lat' dir='ltr'><strong>hoc</strong></span> <span class='ocrx_word' id='word_1_101' title='bbox 1565 1533 1912 1602; x_wconf 85' lang='lat' dir='ltr'><strong>moreimpe-</strong></span> 
     </span>
    </p>
   </div>
   <div class='ocr_carea' id='block_1_18' title="bbox 325 1612 1909 1693">
    <p class='ocr_par' dir='ltr' id='par_1_18' title="bbox 325 1612 1909 1693">
     <span class='ocr_line' id='line_1_18' title="bbox 325 1612 1909 1693; baseline 0.011 -30"><span class='ocrx_word' id='word_1_102' title='bbox 325 1612 501 1665; x_wconf 85' lang='lat' dir='ltr'><strong>ratori</strong></span> <span class='ocrx_word' id='word_1_103' title='bbox 533 1614 856 1681; x_wconf 77' lang='lat' dir='ltr'><strong>przelerendi</strong></span> <span class='ocrx_word' id='word_1_104' title='bbox 893 1618 1224 1688; x_wconf 82' lang='lat' dir='ltr'><strong>lampadem,</strong></span> <span class='ocrx_word' id='word_1_105' title='bbox 1266 1632 1324 1679; x_wconf 93' lang='lat' dir='ltr'><strong>ut</strong></span> <span class='ocrx_word' id='word_1_106' title='bbox 1356 1632 1420 1679; x_wconf 89' lang='lat' dir='ltr'><strong>et</strong></span> <span class='ocrx_word' id='word_1_107' title='bbox 1469 1624 1805 1693; x_wconf 89' lang='lat' dir='ltr'><strong>imperatrici</strong></span> <span class='ocrx_word' id='word_1_108' title='bbox 1854 1634 1909 1680; x_wconf 86' lang='lat' dir='ltr'><strong>et</strong></span> 
     </span>
    </p>
   </div>
   <div class='ocr_carea' id='block_1_19' title="bbox 329 1707 1911 1787">
    <p class='ocr_par' dir='ltr' id='par_1_19' title="bbox 329 1707 1911 1787">
     <span class='ocr_line' id='line_1_19' title="bbox 329 1707 1911 1787; baseline 0.011 -31"><span class='ocrx_word' id='word_1_109' title='bbox 329 1707 580 1775; x_wconf 85' lang='lat' dir='ltr'><strong>quinque</strong></span> <span class='ocrx_word' id='word_1_110' title='bbox 615 1710 967 1775; x_wconf 85' lang='lat' dir='ltr'><strong>patriarcbis.</strong></span> <span class='ocrx_word' id='word_1_111' title='bbox 1022 1711 1294 1782; x_wconf 86' lang='lat' dir='ltr'><strong>Romano,</strong></span> <span class='ocrx_word' id='word_1_112' title='bbox 1334 1716 1642 1787; x_wconf 89' lang='lat' dir='ltr'><strong>Cpolitano,</strong></span> <span class='ocrx_word' id='word_1_113' title='bbox 1679 1718 1911 1773; x_wconf 80' lang='lat' dir='ltr'><strong>Alexan-</strong></span> 
     </span>
    </p>
   </div>
   <div class='ocr_carea' id='block_1_20' title="bbox 324 1795 1914 1882">
    <p class='ocr_par' dir='ltr' id='par_1_20' title="bbox 324 1795 1914 1882">
     <span class='ocr_line' id='line_1_20' title="bbox 324 1795 1914 1882; baseline 0.013 -35"><span class='ocrx_word' id='word_1_114' title='bbox 324 1795 510 1860; x_wconf 88' lang='lat' dir='ltr'><strong>drino,</strong></span> <span class='ocrx_word' id='word_1_115' title='bbox 544 1799 914 1869; x_wconf 83' lang='lat' dir='ltr'><strong>Antiocheuo,</strong></span> <span class='ocrx_word' id='word_1_116' title='bbox 939 1804 1464 1879; x_wconf 85' lang='lat' dir='ltr'><strong>Hierosolymitano.</strong></span> <span class='ocrx_word' id='word_1_117' title='bbox 1489 1812 1577 1866; x_wconf 86' lang='lat' dir='ltr'><strong>Ait</strong></span> <span class='ocrx_word' id='word_1_118' title='bbox 1603 1813 1914 1882; x_wconf 87' lang='lat' dir='ltr'><strong>imperatori</strong></span> 
     </span>
    </p>
   </div>
   <div class='ocr_carea' id='block_1_21' title="bbox 326 1888 1912 1975">
    <p class='ocr_par' dir='ltr' id='par_1_21' title="bbox 326 1888 1912 1975">
     <span class='ocr_line' id='line_1_21' title="bbox 326 1888 1912 1975; baseline 0.012 -35"><span class='ocrx_word' id='word_1_119' title='bbox 326 1888 604 1957; x_wconf 73' lang='lat' dir='ltr'><strong>duplicem</strong></span> <span class='ocrx_word' id='word_1_120' title='bbox 633 1894 702 1949; x_wconf 92' lang='lat' dir='ltr'><strong>ob</strong></span> <span class='ocrx_word' id='word_1_121' title='bbox 723 1909 944 1952; x_wconf 83' lang='lat' dir='ltr'><strong>causam</strong></span> <span class='ocrx_word' id='word_1_122' title='bbox 976 1898 1223 1967; x_wconf 72' lang='lat' dir='ltr'><strong>prazferri</strong></span> <span class='ocrx_word' id='word_1_123' title='bbox 1257 1902 1587 1972; x_wconf 89' lang='lat' dir='ltr'><strong>lampadem,</strong></span> <span class='ocrx_word' id='word_1_124' title='bbox 1621 1916 1733 1958; x_wconf 91' lang='lat' dir='ltr'><strong>tum</strong></span> <span class='ocrx_word' id='word_1_125' title='bbox 1782 1906 1912 1975; x_wconf 85' lang='lat' dir='ltr'><strong>quia</strong></span> 
     </span>
    </p>
   </div>
   <div class='ocr_carea' id='block_1_22' title="bbox 327 1981 1908 2066">
    <p class='ocr_par' dir='ltr' id='par_1_22' title="bbox 327 1981 1908 2066">
     <span class='ocr_line' id='line_1_22' title="bbox 327 1981 1908 2066; baseline 0.011 -33"><span class='ocrx_word' id='word_1_126' title='bbox 327 1981 574 2039; x_wconf 83' lang='lat' dir='ltr'><strong>humana</strong></span> <span class='ocrx_word' id='word_1_127' title='bbox 608 1993 722 2039; x_wconf 88' lang='lat' dir='ltr'><strong>tum</strong></span> <span class='ocrx_word' id='word_1_128' title='bbox 755 1988 881 2057; x_wconf 85' lang='lat' dir='ltr'><strong>quia</strong></span> <span class='ocrx_word' id='word_1_129' title='bbox 914 1989 1099 2045; x_wconf 86' lang='lat' dir='ltr'><strong>divina</strong></span> <span class='ocrx_word' id='word_1_130' title='bbox 1122 2002 1300 2059; x_wconf 86' lang='lat' dir='ltr'><strong>curat,</strong></span> <span class='ocrx_word' id='word_1_131' title='bbox 1327 2000 1548 2065; x_wconf 85' lang='lat' dir='ltr'><strong>tamque</strong></span> <span class='ocrx_word' id='word_1_132' title='bbox 1583 2010 1646 2051; x_wconf 89' lang='lat' dir='ltr'><strong>ea</strong></span> <span class='ocrx_word' id='word_1_133' title='bbox 1677 2013 1810 2066; x_wconf 83' lang='lat' dir='ltr'><strong>quae</strong></span> <span class='ocrx_word' id='word_1_134' title='bbox 1840 1997 1908 2050; x_wconf 91' lang='lat' dir='ltr'><strong>ad</strong></span> 
     </span>
    </p>
   </div>
   <div class='ocr_carea' id='block_1_23' title="bbox 328 2082 1910 2159">
    <p class='ocr_par' dir='ltr' id='par_1_23' title="bbox 328 2082 1910 2159">
     <span class='ocr_line' id='line_1_23' title="bbox 328 2082 1910 2159; baseline 0.011 -30"><span class='ocrx_word' id='word_1_135' title='bbox 328 2088 533 2144; x_wconf 84' lang='lat' dir='ltr'><strong>corpus</strong></span> <span class='ocrx_word' id='word_1_136' title='bbox 559 2091 720 2145; x_wconf 83' lang='lat' dir='ltr'><strong>quam</strong></span> <span class='ocrx_word' id='word_1_137' title='bbox 753 2094 814 2134; x_wconf 86' lang='lat' dir='ltr'><strong>ea</strong></span> <span class='ocrx_word' id='word_1_138' title='bbox 837 2095 959 2149; x_wconf 68' lang='lat' dir='ltr'><strong>qua:</strong></span> <span class='ocrx_word' id='word_1_139' title='bbox 986 2082 1053 2137; x_wconf 81' lang='lat' dir='ltr'><strong>ad</strong></span> <span class='ocrx_word' id='word_1_140' title='bbox 1083 2083 1326 2139; x_wconf 89' lang='lat' dir='ltr'><strong>animam</strong></span> <span class='ocrx_word' id='word_1_141' title='bbox 1385 2088 1665 2155; x_wconf 79' lang='lat' dir='ltr'><strong>pertinent</strong></span> <span class='ocrx_word' id='word_1_142' title='bbox 1717 2090 1910 2159; x_wconf 84' lang='lat' dir='ltr'><strong>(hujus</strong></span> 
     </span>
    </p>
   </div>
   <div class='ocr_carea' id='block_1_24' title="bbox 328 2165 1911 2239">
    <p class='ocr_par' dir='ltr' id='par_1_24' title="bbox 328 2165 1911 2239">
     <span class='ocr_line' id='line_1_24' title="bbox 328 2165 1911 2239; baseline 0.012 -23"><span class='ocrx_word' id='word_1_143' title='bbox 328 2165 477 2218; x_wconf 87' lang='lat' dir='ltr'><strong>enim</strong></span> <span class='ocrx_word' id='word_1_144' title='bbox 512 2167 743 2233; x_wconf 67' lang='lat' dir='ltr'><strong>geminae</strong></span> <span class='ocrx_word' id='word_1_145' title='bbox 766 2172 1052 2239; x_wconf 84' lang='lat' dir='ltr'><strong>potestatis</strong></span> <span class='ocrx_word' id='word_1_146' title='bbox 1076 2175 1438 2231; x_wconf 80' lang='lat' dir='ltr'><strong>concessione</strong></span> <span class='ocrx_word' id='word_1_147' title='bbox 1486 2176 1911 2235; x_wconf 88' lang='lat' dir='ltr'><strong>blandiebantur</strong></span> 
     </span>
    </p>
   </div>
   <div class='ocr_carea' id='block_1_25' title="bbox 327 2258 1911 2341">
    <p class='ocr_par' dir='ltr' id='par_1_25' title="bbox 327 2258 1911 2341">
     <span class='ocr_line' id='line_1_25' title="bbox 327 2258 1911 2341; baseline 0.014 -34"><span class='ocrx_word' id='word_1_148' title='bbox 327 2258 665 2315; x_wconf 83' lang='lat' dir='ltr'><strong>recentiores</strong></span> <span class='ocrx_word' id='word_1_149' title='bbox 702 2259 873 2318; x_wconf 68' lang='lat' dir='ltr'><strong>Graeci</strong></span> <span class='ocrx_word' id='word_1_150' title='bbox 912 2264 1026 2319; x_wconf 85' lang='lat' dir='ltr'><strong>suis</strong></span> <span class='ocrx_word' id='word_1_151' title='bbox 1072 2264 1552 2338; x_wconf 83' lang='lat' dir='ltr'><strong>imperatoribus),</strong></span> <span class='ocrx_word' id='word_1_152' title='bbox 1608 2285 1781 2341; x_wconf 88' lang='lat' dir='ltr'><strong>eaque</strong></span> <span class='ocrx_word' id='word_1_153' title='bbox 1843 2273 1911 2329; x_wconf 89' lang='lat' dir='ltr'><strong>de</strong></span> 
     </span>
    </p>
   </div>
   <div class='ocr_carea' id='block_1_26' title="bbox 328 2348 1913 2429">
    <p class='ocr_par' dir='ltr' id='par_1_26' title="bbox 328 2348 1913 2429">
     <span class='ocr_line' id='line_1_26' title="bbox 328 2348 1913 2429; baseline 0.014 -30"><span class='ocrx_word' id='word_1_154' title='bbox 328 2362 503 2402; x_wconf 86' lang='lat' dir='ltr'><strong>causa</strong></span> <span class='ocrx_word' id='word_1_155' title='bbox 537 2348 819 2420; x_wconf 85' lang='lat' dir='ltr'><strong>lampades</strong></span> <span class='ocrx_word' id='word_1_156' title='bbox 839 2354 1188 2425; x_wconf 86' lang='lat' dir='ltr'><strong>imperatoris</strong></span> <span class='ocrx_word' id='word_1_157' title='bbox 1234 2359 1555 2429; x_wconf 89' lang='lat' dir='ltr'><strong>duplicibus</strong></span> <span class='ocrx_word' id='word_1_158' title='bbox 1585 2364 1771 2421; x_wconf 82' lang='lat' dir='ltr'><strong>aureis</strong></span> <span class='ocrx_word' id='word_1_159' title='bbox 1822 2381 1913 2421; x_wconf 90' lang='lat' dir='ltr'><strong>co-</strong></span> 
     </span>
    </p>
   </div>
   <div class='ocr_carea' id='block_1_27' title="bbox 329 2438 1906 2525">
    <p class='ocr_par' dir='ltr' id='par_1_27' title="bbox 329 2438 1906 2525">
     <span class='ocr_line' id='line_1_27' title="bbox 329 2438 1906 2525; baseline 0.013 -34"><span class='ocrx_word' id='word_1_160' title='bbox 329 2438 490 2494; x_wconf 90' lang='lat' dir='ltr'><strong>ronis</strong></span> <span class='ocrx_word' id='word_1_161' title='bbox 518 2441 729 2498; x_wconf 88' lang='lat' dir='ltr'><strong>ciuetas</strong></span> <span class='ocrx_word' id='word_1_162' title='bbox 757 2460 914 2511; x_wconf 76' lang='lat' dir='ltr'><strong>esse;</strong></span> <span class='ocrx_word' id='word_1_163' title='bbox 973 2449 1408 2516; x_wconf 88' lang='lat' dir='ltr'><strong>patriarcharmn</strong></span> <span class='ocrx_word' id='word_1_164' title='bbox 1439 2468 1568 2509; x_wconf 71' lang='lat' dir='ltr'><strong>vero</strong></span> <span class='ocrx_word' id='word_1_165' title='bbox 1601 2456 1906 2525; x_wconf 66' lang='lat' dir='ltr'><strong>lampades,</strong></span> 
     </span>
    </p>
   </div>
   <div class='ocr_carea' id='block_1_28' title="bbox 328 2514 1911 2617">
    <p class='ocr_par' dir='ltr' id='par_1_28' title="bbox 328 2514 1911 2617">
     <span class='ocr_line' id='line_1_28' title="bbox 328 2514 1911 2617; baseline 0.015 -34"><span class='ocrx_word' id='word_1_166' title='bbox 328 2541 385 2583; x_wconf 87' lang='lat' dir='ltr'><strong>ut</strong></span> <span class='ocrx_word' id='word_1_167' title='bbox 416 2541 475 2586; x_wconf 89' lang='lat' dir='ltr'><strong>et</strong></span> <span class='ocrx_word' id='word_1_168' title='bbox 520 2534 909 2605; x_wconf 84' lang='lat' dir='ltr'><strong>imperatricis,</strong></span> <span class='ocrx_word' id='word_1_169' title='bbox 937 2534 1043 2594; x_wconf 72' lang='lat' dir='ltr'><strong>una</strong></span> <span class='ocrx_word' id='word_1_170' title='bbox 1070 2550 1307 2610; x_wconf 89' lang='lat' dir='ltr'><strong>tantum,</strong></span> <span class='ocrx_word' id='word_1_171' title='bbox 1328 2559 1395 2599; x_wconf 91' lang='lat' dir='ltr'><strong>eo</strong></span> <span class='ocrx_word' id='word_1_172' title='bbox 1412 2548 1557 2615; x_wconf 94' lang='lat' dir='ltr'><strong>quod</strong></span> <span class='ocrx_word' id='word_1_173' title='bbox 1589 2514 1911 2617; x_wconf 54' lang='lat' dir='ltr'><strong>patriarcliae</strong></span> 
     </span>
    </p>
   </div>
   <div class='ocr_carea' id='block_1_29' title="bbox 329 2623 1906 2705">
    <p class='ocr_par' dir='ltr' id='par_1_29' title="bbox 329 2623 1906 2705">
     <span class='ocr_line' id='line_1_29' title="bbox 329 2623 1906 2705; baseline 0.014 -29"><span class='ocrx_word' id='word_1_174' title='bbox 329 2623 709 2691; x_wconf 80' lang='lat' dir='ltr'><strong>spiritualium</strong></span> <span class='ocrx_word' id='word_1_175' title='bbox 732 2632 1112 2687; x_wconf 81' lang='lat' dir='ltr'><strong>tantummodo</strong></span> <span class='ocrx_word' id='word_1_176' title='bbox 1134 2648 1325 2689; x_wconf 90' lang='lat' dir='ltr'><strong>curam</strong></span> <span class='ocrx_word' id='word_1_177' title='bbox 1362 2635 1615 2705; x_wconf 86' lang='lat' dir='ltr'><strong>habeant,</strong></span> <span class='ocrx_word' id='word_1_178' title='bbox 1648 2640 1906 2698; x_wconf 82' lang='lat' dir='ltr'><strong>mulieres</strong></span> 
     </span>
    </p>
   </div>
   <div class='ocr_carea' id='block_1_30' title="bbox 330 2718 1909 2800">
    <p class='ocr_par' dir='ltr' id='par_1_30' title="bbox 330 2718 1909 2800">
     <span class='ocr_line' id='line_1_30' title="bbox 330 2718 1909 2800; baseline 0.014 -34"><span class='ocrx_word' id='word_1_179' title='bbox 330 2718 664 2785; x_wconf 84' lang='lat' dir='ltr'><strong>temporalia</strong></span> <span class='ocrx_word' id='word_1_180' title='bbox 693 2718 960 2777; x_wconf 79' lang='lat' dir='ltr'><strong>duntaxat</strong></span> <span class='ocrx_word' id='word_1_181' title='bbox 1021 2732 1293 2793; x_wconf 89' lang='lat' dir='ltr'><strong>spectent,</strong></span> <span class='ocrx_word' id='word_1_182' title='bbox 1351 2728 1554 2798; x_wconf 89' lang='lat' dir='ltr'><strong>quippe</strong></span> <span class='ocrx_word' id='word_1_183' title='bbox 1600 2730 1803 2800; x_wconf 86' lang='lat' dir='ltr'><strong>quibus</strong></span> <span class='ocrx_word' id='word_1_184' title='bbox 1854 2733 1909 2787; x_wconf 91' lang='lat' dir='ltr'><strong>in</strong></span> 
     </span>
    </p>
   </div>
   <div class='ocr_carea' id='block_1_31' title="bbox 330 2806 1319 2872">
    <p class='ocr_par' dir='ltr' id='par_1_31' title="bbox 330 2806 1319 2872">
     <span class='ocr_line' id='line_1_31' title="bbox 330 2806 1319 2872; baseline 0.013 -13"><span class='ocrx_word' id='word_1_185' title='bbox 330 2806 573 2862; x_wconf 86' lang='lat' dir='ltr'><strong>ecclesia</strong></span> <span class='ocrx_word' id='word_1_186' title='bbox 597 2807 803 2867; x_wconf 90' lang='lat' dir='ltr'><strong>docere</strong></span> <span class='ocrx_word' id='word_1_187' title='bbox 838 2811 1195 2871; x_wconf 89' lang='lat' dir='ltr'><strong>interdictum</strong></span> <span class='ocrx_word' id='word_1_188' title='bbox 1225 2817 1319 2872; x_wconf 89' lang='lat' dir='ltr'><strong>sit.</strong></span> 
     </span>
    </p>
   </div>
   <div class='ocr_carea' id='block_1_32' title="bbox 403 2896 1911 2985">
    <p class='ocr_par' dir='ltr' id='par_1_32' title="bbox 403 2896 1911 2985">
     <span class='ocr_line' id='line_1_32' title="bbox 403 2896 1911 2985; baseline 0.012 -34"><span class='ocrx_word' id='word_1_189' title='bbox 403 2896 680 2955; x_wconf 79' lang='lat' dir='ltr'><strong>Videntur</strong></span> <span class='ocrx_word' id='word_1_190' title='bbox 701 2912 880 2958; x_wconf 89' lang='lat' dir='ltr'><strong>autem</strong></span> <span class='ocrx_word' id='word_1_191' title='bbox 908 2907 1023 2961; x_wconf 70' lang='lat' dir='ltr'><strong>haec</strong></span> <span class='ocrx_word' id='word_1_192' title='bbox 1052 2923 1215 2963; x_wconf 89' lang='lat' dir='ltr'><strong>aurea</strong></span> <span class='ocrx_word' id='word_1_193' title='bbox 1247 2910 1329 2964; x_wconf 81' lang='lat' dir='ltr'><strong>vel</strong></span> <span class='ocrx_word' id='word_1_194' title='bbox 1360 2921 1614 2983; x_wconf 78' lang='lat' dir='ltr'><strong>argentea</strong></span> <span class='ocrx_word' id='word_1_195' title='bbox 1635 2915 1911 2985; x_wconf 83' lang='grc' dir='ltr'><strong>στεφανώ-</strong></span> 
     </span>
    </p>
   </div>
   <div class='ocr_carea' id='block_1_33' title="bbox 331 2991 1907 3074">
    <p class='ocr_par' dir='ltr' id='par_1_33' title="bbox 331 2991 1907 3074">
     <span class='ocr_line' id='line_1_33' title="bbox 331 2991 1907 3074; baseline 0.013 -32"><span class='ocrx_word' id='word_1_196' title='bbox 331 3006 508 3057; x_wconf 84' lang='grc' dir='ltr'>ματα,</span> <span class='ocrx_word' id='word_1_197' title='bbox 552 3000 612 3046; x_wconf 89' lang='lat' dir='ltr'><strong>ut</strong></span> <span class='ocrx_word' id='word_1_198' title='bbox 636 2991 926 3050; x_wconf 86' lang='lat' dir='ltr'><strong>Balsamon</strong></span> <span class='ocrx_word' id='word_1_199' title='bbox 960 3008 1133 3063; x_wconf 85' lang='lat' dir='ltr'><strong>vocat,</strong></span> <span class='ocrx_word' id='word_1_200' title='bbox 1175 3009 1228 3055; x_wconf 87' lang='lat' dir='ltr'><strong>et</strong></span> <span class='ocrx_word' id='word_1_201' title='bbox 1254 3001 1641 3074; x_wconf 82' lang='grc' dir='ltr'><strong>οριγγὼματα,</strong></span> <span class='ocrx_word' id='word_1_202' title='bbox 1690 3021 1907 3063; x_wconf 64' lang='lat' dir='ltr'><strong>coronae</strong></span> 
     </span>
    </p>
   </div>
   <div class='ocr_carea' id='block_1_34' title="bbox 2015 513 3335 577">
    <p class='ocr_par' dir='ltr' id='par_1_34' title="bbox 2015 513 3335 577">
     <span class='ocr_line' id='line_1_34' title="bbox 2015 513 3335 577; baseline 0.005 -11"><span class='ocrx_word' id='word_1_203' title='bbox 2015 520 2067 566; x_wconf 83' lang='lat' dir='ltr'><strong>et</strong></span> <span class='ocrx_word' id='word_1_204' title='bbox 2092 513 2218 577; x_wconf 75' lang='lat'><strong>556,</strong></span> <span class='ocrx_word' id='word_1_205' title='bbox 2256 530 2317 577; x_wconf 89' lang='lat' dir='ltr'><strong>tt,</strong></span> <span class='ocrx_word' id='word_1_206' title='bbox 2350 516 2456 570; x_wconf 75' lang='grc'><strong>165</strong></span> <span class='ocrx_word' id='word_1_207' title='bbox 2484 525 2539 569; x_wconf 89' lang='lat' dir='ltr'><strong>et</strong></span> <span class='ocrx_word' id='word_1_208' title='bbox 2570 514 2699 569; x_wconf 78' lang='grc'><strong>508.</strong></span> <span class='ocrx_word' id='word_1_209' title='bbox 3328 558 3335 563; x_wconf 71' lang='grc' dir='ltr'><strong>ι</strong></span> 
     </span>
    </p>
   </div>
   <div class='ocr_carea' id='block_1_35' title="bbox 2086 601 3595 671">
    <p class='ocr_par' dir='ltr' id='par_1_35' title="bbox 2086 601 3595 671">
     <span class='ocr_line' id='line_1_35' title="bbox 2086 601 3595 671; baseline 0 -15"><span class='ocrx_word' id='word_1_210' title='bbox 2086 601 2393 671; x_wconf 77' lang='lat' dir='ltr'><strong>Nicephoro</strong></span> <span class='ocrx_word' id='word_1_211' title='bbox 2428 603 2623 659; x_wconf 84' lang='lat' dir='ltr'><strong>Phocae</strong></span> <span class='ocrx_word' id='word_1_212' title='bbox 2651 603 2825 660; x_wconf 83' lang='lat' dir='ltr'><strong>factas</strong></span> <span class='ocrx_word' id='word_1_213' title='bbox 2855 606 3286 661; x_wconf 82' lang='lat' dir='ltr'><strong>acclamationes</strong></span> <span class='ocrx_word' id='word_1_214' title='bbox 3342 606 3595 661; x_wconf 80' lang='lat' dir='ltr'><strong>suaviter</strong></span> 
     </span>
    </p>
   </div>
   <div class='ocr_carea' id='block_1_36' title="bbox 2012 695 3593 767">
    <p class='ocr_par' dir='ltr' id='par_1_36' title="bbox 2012 695 3593 767">
     <span class='ocr_line' id='line_1_36' title="bbox 2012 695 3593 767; baseline -0.001 -18"><span class='ocrx_word' id='word_1_215' title='bbox 2012 695 2315 749; x_wconf 83' lang='lat' dir='ltr'><strong>admodum</strong></span> <span class='ocrx_word' id='word_1_216' title='bbox 2352 695 2545 751; x_wconf 89' lang='lat' dir='ltr'><strong>irridet</strong></span> <span class='ocrx_word' id='word_1_217' title='bbox 2578 696 2979 765; x_wconf 61' lang='lat' dir='ltr'><strong>Luitprandus</strong></span> <span class='ocrx_word' id='word_1_218' title='bbox 3050 697 3104 751; x_wconf 91' lang='lat' dir='ltr'><strong>in</strong></span> <span class='ocrx_word' id='word_1_219' title='bbox 3161 696 3432 767; x_wconf 79' lang='lat' dir='ltr'><strong>legatione</strong></span> <span class='ocrx_word' id='word_1_220' title='bbox 3495 712 3593 750; x_wconf 89' lang='lat' dir='ltr'><strong>sua</strong></span> 
     </span>
    </p>
   </div>
   <div class='ocr_carea' id='block_1_37' title="bbox 2010 787 3597 857">
    <p class='ocr_par' dir='ltr' id='par_1_37' title="bbox 2010 787 3597 857">
     <span class='ocr_line' id='line_1_37' title="bbox 2010 787 3597 857; baseline -0.002 -17"><span class='ocrx_word' id='word_1_221' title='bbox 2010 787 2582 857; x_wconf 83' lang='lat' dir='ltr'><strong>CPolitana,loquens</strong></span> <span class='ocrx_word' id='word_1_222' title='bbox 2614 788 2682 841; x_wconf 90' lang='lat' dir='ltr'><strong>de</strong></span> <span class='ocrx_word' id='word_1_223' title='bbox 2746 788 3101 856; x_wconf 86' lang='lat' dir='ltr'><strong>processione</strong></span> <span class='ocrx_word' id='word_1_224' title='bbox 3128 787 3325 841; x_wconf 63' lang='lat' dir='ltr'><strong>Phocus</strong></span> <span class='ocrx_word' id='word_1_225' title='bbox 3375 802 3439 841; x_wconf 75' lang='lat' dir='ltr'><strong>es</strong></span> <span class='ocrx_word' id='word_1_226' title='bbox 3498 802 3597 854; x_wconf 86' lang='lat' dir='ltr'><strong>pa-</strong></span> 
     </span>
    </p>
   </div>
   <div class='ocr_carea' id='block_1_38' title="bbox 2012 877 3598 949">
    <p class='ocr_par' dir='ltr' id='par_1_38' title="bbox 2012 877 3598 949">
     <span class='ocr_line' id='line_1_38' title="bbox 2012 877 3598 949; baseline -0.001 -18"><span class='ocrx_word' id='word_1_227' title='bbox 2012 880 2143 933; x_wconf 85' lang='lat' dir='ltr'><strong>latio</strong></span> <span class='ocrx_word' id='word_1_228' title='bbox 2180 880 2247 933; x_wconf 82' lang='lat' dir='ltr'><strong>ad</strong></span> <span class='ocrx_word' id='word_1_229' title='bbox 2280 878 2536 934; x_wconf 85' lang='lat' dir='ltr'><strong>Sanctam</strong></span> <span class='ocrx_word' id='word_1_230' title='bbox 2588 877 2875 949; x_wconf 88' lang='lat' dir='ltr'><strong>Sophiam.</strong></span> <span class='ocrx_word' id='word_1_231' title='bbox 2930 879 3081 933; x_wconf 81' lang='lat' dir='ltr'><strong>Multi</strong></span> <span class='ocrx_word' id='word_1_232' title='bbox 3131 880 3376 948; x_wconf 80' lang='lat' dir='ltr'><strong>profecto</strong></span> <span class='ocrx_word' id='word_1_233' title='bbox 3413 880 3464 931; x_wconf 90' lang='lat' dir='ltr'><strong>in</strong></span> <span class='ocrx_word' id='word_1_234' title='bbox 3512 880 3598 933; x_wconf 87' lang='lat' dir='ltr'><strong>his</strong></span> 
     </span>
    </p>
   </div>
   <div class='ocr_carea' id='block_1_39' title="bbox 2011 965 3598 1038">
    <p class='ocr_par' dir='ltr' id='par_1_39' title="bbox 2011 965 3598 1038">
     <span class='ocr_line' id='line_1_39' title="bbox 2011 965 3598 1038; baseline -0.003 -15"><span class='ocrx_word' id='word_1_235' title='bbox 2011 970 2504 1025; x_wconf 80' lang='lat' dir='ltr'><strong>acclamationibus</strong></span> <span class='ocrx_word' id='word_1_236' title='bbox 2539 968 2711 1021; x_wconf 75' lang='grc' dir='ltr'><strong>πολλὰ</strong></span> <span class='ocrx_word' id='word_1_237' title='bbox 2759 967 2853 1038; x_wconf 79' lang='grc' dir='ltr'><strong>ἐτη</strong></span> <span class='ocrx_word' id='word_1_238' title='bbox 2901 968 3355 1034; x_wconf 85' lang='lat' dir='ltr'><strong>apprecabautur,</strong></span> <span class='ocrx_word' id='word_1_239' title='bbox 3402 965 3598 1033; x_wconf 81' lang='lat' dir='ltr'><strong>quibus</strong></span> 
     </span>
    </p>
   </div>
   <div class='ocr_carea' id='block_1_40' title="bbox 2014 1058 3594 1131">
    <p class='ocr_par' dir='ltr' id='par_1_40' title="bbox 2014 1058 3594 1131">
     <span class='ocr_line' id='line_1_40' title="bbox 2014 1058 3594 1131; baseline -0.004 -15"><span class='ocrx_word' id='word_1_240' title='bbox 2014 1062 2147 1117; x_wconf 84' lang='lat' dir='ltr'><strong>nihil</strong></span> <span class='ocrx_word' id='word_1_241' title='bbox 2179 1062 2487 1131; x_wconf 87' lang='lat' dir='ltr'><strong>jucundius</strong></span> <span class='ocrx_word' id='word_1_242' title='bbox 2531 1061 2785 1116; x_wconf 87' lang='lat' dir='ltr'><strong>accidere</strong></span> <span class='ocrx_word' id='word_1_243' title='bbox 2830 1059 3097 1129; x_wconf 86' lang='lat' dir='ltr'><strong>potuisset</strong></span> <span class='ocrx_word' id='word_1_244' title='bbox 3128 1072 3294 1125; x_wconf 89' lang='lat' dir='ltr'><strong>quam</strong></span> <span class='ocrx_word' id='word_1_245' title='bbox 3330 1058 3375 1111; x_wconf 89' lang='lat' dir='ltr'><strong>si</strong></span> <span class='ocrx_word' id='word_1_246' title='bbox 3423 1058 3594 1124; x_wconf 87' lang='lat' dir='ltr'><strong>impe-</strong></span> 
     </span>
    </p>
   </div>
   <div class='ocr_carea' id='block_1_41' title="bbox 2010 1151 3599 1223">
    <p class='ocr_par' dir='ltr' id='par_1_41' title="bbox 2010 1151 3599 1223">
     <span class='ocr_line' id='line_1_41' title="bbox 2010 1151 3599 1223; baseline -0.004 -14"><span class='ocrx_word' id='word_1_247' title='bbox 2010 1161 2163 1210; x_wconf 91' lang='lat' dir='ltr'><strong>rator</strong></span> <span class='ocrx_word' id='word_1_248' title='bbox 2193 1154 2288 1209; x_wconf 91' lang='lat' dir='ltr'><strong>illo</strong></span> <span class='ocrx_word' id='word_1_249' title='bbox 2324 1154 2445 1223; x_wconf 86' lang='lat' dir='ltr'><strong>ipso</strong></span> <span class='ocrx_word' id='word_1_250' title='bbox 2477 1154 2567 1209; x_wconf 91' lang='lat' dir='ltr'><strong>die</strong></span> <span class='ocrx_word' id='word_1_251' title='bbox 2595 1153 2730 1223; x_wconf 91' lang='lat' dir='ltr'><strong>quin</strong></span> <span class='ocrx_word' id='word_1_252' title='bbox 2763 1162 2818 1209; x_wconf 87' lang='lat' dir='ltr'><strong>et</strong></span> <span class='ocrx_word' id='word_1_253' title='bbox 2854 1153 2949 1209; x_wconf 86' lang='lat' dir='ltr'><strong>illo</strong></span> <span class='ocrx_word' id='word_1_254' title='bbox 2976 1160 3278 1220; x_wconf 89' lang='lat' dir='ltr'><strong>momento,</strong></span> <span class='ocrx_word' id='word_1_255' title='bbox 3313 1151 3599 1218; x_wconf 80' lang='lat' dir='ltr'><strong>repentina</strong></span> 
     </span>
    </p>
   </div>
   <div class='ocr_carea' id='block_1_42' title="bbox 2012 1245 2790 1303">
    <p class='ocr_par' dir='ltr' id='par_1_42' title="bbox 2012 1245 2790 1303">
     <span class='ocr_line' id='line_1_42' title="bbox 2012 1245 2790 1303; baseline -0.003 0"><span class='ocrx_word' id='word_1_256' title='bbox 2012 1255 2190 1303; x_wconf 77' lang='lat' dir='ltr'><strong>morte</strong></span> <span class='ocrx_word' id='word_1_257' title='bbox 2233 1246 2540 1302; x_wconf 78' lang='lat' dir='ltr'><strong>exstinctus</strong></span> <span class='ocrx_word' id='word_1_258' title='bbox 2573 1245 2790 1303; x_wconf 82' lang='lat' dir='ltr'><strong>luisset.</strong></span> 
     </span>
    </p>
   </div>
   <div class='ocr_carea' id='block_1_43' title="bbox 2083 1338 3601 1407">
    <p class='ocr_par' dir='ltr' id='par_1_43' title="bbox 2083 1338 3601 1407">
     <span class='ocr_line' id='line_1_43' title="bbox 2083 1338 3601 1407; baseline -0.005 -11"><span class='ocrx_word' id='word_1_259' title='bbox 2083 1339 2447 1396; x_wconf 82' lang='lat' dir='ltr'><strong>Acclamandi</strong></span> <span class='ocrx_word' id='word_1_260' title='bbox 2480 1354 2599 1395; x_wconf 89' lang='lat' dir='ltr'><strong>mos</strong></span> <span class='ocrx_word' id='word_1_261' title='bbox 2630 1348 2785 1395; x_wconf 86' lang='lat' dir='ltr'><strong>vetus</strong></span> <span class='ocrx_word' id='word_1_262' title='bbox 2808 1348 2913 1407; x_wconf 89' lang='lat' dir='ltr'><strong>est,</strong></span> <span class='ocrx_word' id='word_1_263' title='bbox 2949 1338 3307 1407; x_wconf 86' lang='lat' dir='ltr'><strong>manavitque</strong></span> <span class='ocrx_word' id='word_1_264' title='bbox 3329 1353 3392 1393; x_wconf 86' lang='lat' dir='ltr'><strong>ex</strong></span> <span class='ocrx_word' id='word_1_265' title='bbox 3444 1338 3601 1389; x_wconf 62' lang='lat' dir='ltr'><strong>theao</strong></span> 
     </span>
    </p>
   </div>
   <div class='ocr_carea' id='block_1_44' title="bbox 2013 1426 3601 1495">
    <p class='ocr_par' dir='ltr' id='par_1_44' title="bbox 2013 1426 3601 1495">
     <span class='ocr_line' id='line_1_44' title="bbox 2013 1426 3601 1495; baseline -0.004 -9"><span class='ocrx_word' id='word_1_266' title='bbox 2013 1431 2114 1487; x_wconf 89' lang='lat' dir='ltr'><strong>tris</strong></span> <span class='ocrx_word' id='word_1_267' title='bbox 2145 1432 2200 1486; x_wconf 90' lang='lat' dir='ltr'><strong>in</strong></span> <span class='ocrx_word' id='word_1_268' title='bbox 2232 1434 2371 1495; x_wconf 82' lang='lat' dir='ltr'><strong>fora,</strong></span> <span class='ocrx_word' id='word_1_269' title='bbox 2390 1429 2588 1486; x_wconf 91' lang='lat' dir='ltr'><strong>deinde</strong></span> <span class='ocrx_word' id='word_1_270' title='bbox 2606 1432 2771 1486; x_wconf 84' lang='lat' dir='ltr'><strong>etiam</strong></span> <span class='ocrx_word' id='word_1_271' title='bbox 2800 1433 2853 1485; x_wconf 92' lang='lat' dir='ltr'><strong>in</strong></span> <span class='ocrx_word' id='word_1_272' title='bbox 2878 1442 3163 1494; x_wconf 83' lang='lat' dir='ltr'><strong>senatum;</strong></span> <span class='ocrx_word' id='word_1_273' title='bbox 3197 1431 3323 1484; x_wconf 87' lang='lat' dir='ltr'><strong>hinc</strong></span> <span class='ocrx_word' id='word_1_274' title='bbox 3345 1429 3410 1482; x_wconf 85' lang='lat' dir='ltr'><strong>ad</strong></span> <span class='ocrx_word' id='word_1_275' title='bbox 3440 1426 3601 1483; x_wconf 60' lang='lat' dir='ltr'><strong>Chri+</strong></span> 
     </span>
    </p>
   </div>
   <div class='ocr_carea' id='block_1_45' title="bbox 2014 1520 3600 1593">
    <p class='ocr_par' dir='ltr' id='par_1_45' title="bbox 2014 1520 3600 1593">
     <span class='ocr_line' id='line_1_45' title="bbox 2014 1520 3600 1593; baseline -0.003 -14"><span class='ocrx_word' id='word_1_276' title='bbox 2014 1524 2322 1579; x_wconf 90' lang='lat' dir='ltr'><strong>stianorum</strong></span> <span class='ocrx_word' id='word_1_277' title='bbox 2351 1521 2613 1593; x_wconf 80' lang='lat' dir='ltr'><strong>synodos.</strong></span> <span class='ocrx_word' id='word_1_278' title='bbox 2635 1522 2954 1593; x_wconf 78' lang='lat' dir='ltr'><strong>Exemplum</strong></span> <span class='ocrx_word' id='word_1_279' title='bbox 2990 1522 3157 1591; x_wconf 74' lang='lat'><strong>279</strong></span> <span class='ocrx_word' id='word_1_280' title='bbox 3184 1520 3600 1575; x_wconf 80' lang='lat' dir='ltr'><strong>acc&#39;amationis</strong></span> 
     </span>
    </p>
   </div>
   <div class='ocr_carea' id='block_1_46' title="bbox 2016 1610 3599 1671">
    <p class='ocr_par' dir='ltr' id='par_1_46' title="bbox 2016 1610 3599 1671">
     <span class='ocr_line' id='line_1_46' title="bbox 2016 1610 3599 1671; baseline -0.002 -1"><span class='ocrx_word' id='word_1_281' title='bbox 2016 1614 2177 1671; x_wconf 70' lang='lat' dir='ltr'><strong>facta:</strong></span> <span class='ocrx_word' id='word_1_282' title='bbox 2209 1630 2238 1669; x_wconf 88' lang='lat' dir='ltr'><strong>a</strong></span> <span class='ocrx_word' id='word_1_283' title='bbox 2259 1625 2449 1669; x_wconf 89' lang='lat' dir='ltr'><strong>senatu</strong></span> <span class='ocrx_word' id='word_1_284' title='bbox 2487 1614 2559 1670; x_wconf 80' lang='grc' dir='ltr'>Μ.</span> <span class='ocrx_word' id='word_1_285' title='bbox 2587 1616 2865 1669; x_wconf 80' lang='lat' dir='ltr'><strong>Antonino</strong></span> <span class='ocrx_word' id='word_1_286' title='bbox 2895 1626 3290 1669; x_wconf 86' lang='lat' dir='ltr'><strong>commemorat</strong></span> <span class='ocrx_word' id='word_1_287' title='bbox 3319 1610 3599 1667; x_wconf 79' lang='lat' dir='ltr'><strong>Vulcatius</strong></span> 
     </span>
    </p>
   </div>
   <div class='ocr_carea' id='block_1_47' title="bbox 2016 1705 3599 1768">
    <p class='ocr_par' dir='ltr' id='par_1_47' title="bbox 2016 1705 3599 1768">
     <span class='ocr_line' id='line_1_47' title="bbox 2016 1705 3599 1768; baseline -0.005 -5"><span class='ocrx_word' id='word_1_288' title='bbox 2016 1709 2072 1763; x_wconf 86' lang='lat' dir='ltr'><strong>in</strong></span> <span class='ocrx_word' id='word_1_289' title='bbox 2100 1708 2297 1763; x_wconf 75' lang='lat' dir='ltr'><strong>Avidio</strong></span> <span class='ocrx_word' id='word_1_290' title='bbox 2326 1707 2518 1762; x_wconf 87' lang='lat' dir='ltr'><strong>Cassio</strong></span> <span class='ocrx_word' id='word_1_291' title='bbox 2546 1724 2561 1762; x_wconf 83' lang='lat'><strong>:</strong></span> <span class='ocrx_word' id='word_1_292' title='bbox 2593 1708 2856 1761; x_wconf 80' lang='lat' dir='ltr'><strong>Antonino</strong></span> <span class='ocrx_word' id='word_1_293' title='bbox 2887 1706 3005 1768; x_wconf 86' lang='lat' dir='ltr'><strong>Pie,</strong></span> <span class='ocrx_word' id='word_1_294' title='bbox 3023 1706 3099 1759; x_wconf 87' lang='lat' dir='ltr'><strong>dii</strong></span> <span class='ocrx_word' id='word_1_295' title='bbox 3128 1715 3173 1757; x_wconf 86' lang='lat' dir='ltr'><strong>te</strong></span> <span class='ocrx_word' id='word_1_296' title='bbox 3196 1714 3414 1758; x_wconf 76' lang='lat' dir='ltr'><strong>servent.</strong></span> <span class='ocrx_word' id='word_1_297' title='bbox 3438 1705 3599 1756; x_wconf 71' lang='lat' dir='ltr'><strong>Anto-</strong></span> 
     </span>
    </p>
   </div>
   <div class='ocr_carea' id='block_1_48' title="bbox 2020 1796 3598 1863">
    <p class='ocr_par' dir='ltr' id='par_1_48' title="bbox 2020 1796 3598 1863">
     <span class='ocr_line' id='line_1_48' title="bbox 2020 1796 3598 1863; baseline -0.006 -7"><span class='ocrx_word' id='word_1_298' title='bbox 2020 1803 2142 1856; x_wconf 84' lang='lat' dir='ltr'><strong>nins</strong></span> <span class='ocrx_word' id='word_1_299' title='bbox 2163 1800 2409 1863; x_wconf 80' lang='lat' dir='ltr'><strong>clemens,</strong></span> <span class='ocrx_word' id='word_1_300' title='bbox 2434 1799 2509 1852; x_wconf 87' lang='lat' dir='ltr'><strong>dii</strong></span> <span class='ocrx_word' id='word_1_301' title='bbox 2542 1808 2591 1853; x_wconf 87' lang='lat' dir='ltr'><strong>te</strong></span> <span class='ocrx_word' id='word_1_302' title='bbox 2615 1796 2835 1853; x_wconf 74' lang='lat' dir='ltr'><strong>serveiit.</strong></span> <span class='ocrx_word' id='word_1_303' title='bbox 2861 1796 2936 1850; x_wconf 90' lang='lat' dir='ltr'><strong>Tu</strong></span> <span class='ocrx_word' id='word_1_304' title='bbox 2964 1797 3185 1851; x_wconf 85' lang='lat' dir='ltr'><strong>noluisti</strong></span> <span class='ocrx_word' id='word_1_305' title='bbox 3206 1797 3343 1863; x_wconf 84' lang='lat' dir='ltr'><strong>quod</strong></span> <span class='ocrx_word' id='word_1_306' title='bbox 3365 1797 3552 1851; x_wconf 78' lang='lat' dir='ltr'><strong>licebat</strong></span> <span class='ocrx_word' id='word_1_307' title='bbox 3583 1812 3598 1846; x_wconf 89' lang='lat'><strong><em>:</em></strong></span> 
     </span>
    </p>
   </div>
   <div class='ocr_carea' id='block_1_49' title="bbox 2021 1888 3600 1963">
    <p class='ocr_par' dir='ltr' id='par_1_49' title="bbox 2021 1888 3600 1963">
     <span class='ocr_line' id='line_1_49' title="bbox 2021 1888 3600 1963; baseline -0.005 -15"><span class='ocrx_word' id='word_1_308' title='bbox 2021 1910 2120 1948; x_wconf 84' lang='lat' dir='ltr'><strong>non</strong></span> <span class='ocrx_word' id='word_1_309' title='bbox 2165 1894 2387 1963; x_wconf 78' lang='lat' dir='ltr'><strong>fecimus</strong></span> <span class='ocrx_word' id='word_1_310' title='bbox 2413 1893 2552 1961; x_wconf 88' lang='lat' dir='ltr'><strong>quod</strong></span> <span class='ocrx_word' id='word_1_311' title='bbox 2583 1891 2820 1946; x_wconf 77' lang='lat' dir='ltr'><strong>decebat.</strong></span> <span class='ocrx_word' id='word_1_312' title='bbox 2864 1889 3150 1944; x_wconf 88' lang='lat' dir='ltr'><strong>Commodo</strong></span> <span class='ocrx_word' id='word_1_313' title='bbox 3184 1888 3461 1958; x_wconf 71' lang='lat' dir='ltr'><strong>impeiium</strong></span> <span class='ocrx_word' id='word_1_314' title='bbox 3508 1890 3600 1957; x_wconf 58' lang='grc' dir='ltr'><strong>λιι-</strong></span> 
     </span>
    </p>
   </div>
   <div class='ocr_carea' id='block_1_50' title="bbox 2018 1981 3601 2057">
    <p class='ocr_par' dir='ltr' id='par_1_50' title="bbox 2018 1981 3601 2057">
     <span class='ocr_line' id='line_1_50' title="bbox 2018 1981 3601 2057; baseline -0.006 -16"><span class='ocrx_word' id='word_1_315' title='bbox 2018 1997 2161 2041; x_wconf 87' lang='lat' dir='ltr'><strong>stum</strong></span> <span class='ocrx_word' id='word_1_316' title='bbox 2197 2001 2467 2057; x_wconf 81' lang='lat' dir='ltr'><strong>rogamus,</strong></span> <span class='ocrx_word' id='word_1_317' title='bbox 2500 1987 2797 2056; x_wconf 82' lang='lat' dir='ltr'><strong>progeniem</strong></span> <span class='ocrx_word' id='word_1_318' title='bbox 2840 1993 2985 2037; x_wconf 91' lang='lat' dir='ltr'><strong>tuam</strong></span> <span class='ocrx_word' id='word_1_319' title='bbox 3022 1983 3231 2037; x_wconf 87' lang='lat' dir='ltr'><strong>robora.</strong></span> <span class='ocrx_word' id='word_1_320' title='bbox 3269 1981 3380 2034; x_wconf 78' lang='lat' dir='ltr'><strong>Fac</strong></span> <span class='ocrx_word' id='word_1_321' title='bbox 3431 1982 3601 2034; x_wconf 83' lang='lat' dir='ltr'><strong>securi</strong></span> 
     </span>
    </p>
   </div>
   <div class='ocr_carea' id='block_1_51' title="bbox 2016 2074 3599 2148">
    <p class='ocr_par' dir='ltr' id='par_1_51' title="bbox 2016 2074 3599 2148">
     <span class='ocr_line' id='line_1_51' title="bbox 2016 2074 3599 2148; baseline -0.004 -14"><span class='ocrx_word' id='word_1_322' title='bbox 2016 2080 2122 2134; x_wconf 88' lang='lat' dir='ltr'><strong>sint</strong></span> <span class='ocrx_word' id='word_1_323' title='bbox 2147 2080 2299 2134; x_wconf 81' lang='lat' dir='ltr'><strong>liberi</strong></span> <span class='ocrx_word' id='word_1_324' title='bbox 2317 2081 2431 2143; x_wconf 87' lang='lat' dir='ltr'><strong>tui;</strong></span> <span class='ocrx_word' id='word_1_325' title='bbox 2456 2081 2646 2133; x_wconf 87' lang='lat' dir='ltr'><strong>bonum</strong></span> <span class='ocrx_word' id='word_1_326' title='bbox 2678 2078 2956 2148; x_wconf 83' lang='lat' dir='ltr'><strong>imperium</strong></span> <span class='ocrx_word' id='word_1_327' title='bbox 2980 2076 3127 2131; x_wconf 85' lang='lat' dir='ltr'><strong>nulla</strong></span> <span class='ocrx_word' id='word_1_328' title='bbox 3159 2079 3232 2132; x_wconf 80' lang='lat' dir='ltr'><strong>vis</strong></span> <span class='ocrx_word' id='word_1_329' title='bbox 3261 2077 3425 2131; x_wconf 75' lang='lat' dir='ltr'><strong>(redit.</strong></span> <span class='ocrx_word' id='word_1_330' title='bbox 3446 2074 3599 2129; x_wconf 79' lang='lat' dir='ltr'><strong>Com~</strong></span> 
     </span>
    </p>
   </div>
   <div class='ocr_carea' id='block_1_52' title="bbox 2017 2170 3597 2240">
    <p class='ocr_par' dir='ltr' id='par_1_52' title="bbox 2017 2170 3597 2240">
     <span class='ocr_line' id='line_1_52' title="bbox 2017 2170 3597 2240; baseline -0.002 -16"><span class='ocrx_word' id='word_1_331' title='bbox 2017 2170 2174 2226; x_wconf 87' lang='lat' dir='ltr'><strong>modo</strong></span> <span class='ocrx_word' id='word_1_332' title='bbox 2213 2173 2478 2226; x_wconf 79' lang='lat' dir='ltr'><strong>Antonino</strong></span> <span class='ocrx_word' id='word_1_333' title='bbox 2540 2172 2884 2226; x_wconf 90' lang='lat' dir='ltr'><strong>tribuniciam</strong></span> <span class='ocrx_word' id='word_1_334' title='bbox 2939 2181 3254 2238; x_wconf 84' lang='lat' dir='ltr'><strong>potestatem</strong></span> <span class='ocrx_word' id='word_1_335' title='bbox 3309 2185 3597 2240; x_wconf 83' lang='lat' dir='ltr'><strong>rogamus;</strong></span> 
     </span>
    </p>
   </div>
   <div class='ocr_carea' id='block_1_53' title="bbox 2014 2261 3598 2333">
    <p class='ocr_par' dir='ltr' id='par_1_53' title="bbox 2014 2261 3598 2333">
     <span class='ocr_line' id='line_1_53' title="bbox 2014 2261 3598 2333; baseline -0.003 -16"><span class='ocrx_word' id='word_1_336' title='bbox 2014 2264 2349 2331; x_wconf 67' lang='lat' dir='ltr'><strong>pra’sentiam</strong></span> <span class='ocrx_word' id='word_1_337' title='bbox 2391 2274 2540 2316; x_wconf 86' lang='lat' dir='ltr'><strong>tuam</strong></span> <span class='ocrx_word' id='word_1_338' title='bbox 2594 2278 2863 2333; x_wconf 80' lang='lat' dir='ltr'><strong>rogamus,</strong></span> <span class='ocrx_word' id='word_1_339' title='bbox 2888 2262 3229 2331; x_wconf 75' lang='lat' dir='ltr'><strong>philosophice</strong></span> <span class='ocrx_word' id='word_1_340' title='bbox 3253 2271 3377 2322; x_wconf 79' lang='lat' dir='ltr'><strong>ture,</strong></span> <span class='ocrx_word' id='word_1_341' title='bbox 3400 2261 3598 2328; x_wconf 81' lang='lat' dir='ltr'><strong>patien-</strong></span> 
     </span>
    </p>
   </div>
   <div class='ocr_carea' id='block_1_54' title="bbox 2015 2352 3596 2419">
    <p class='ocr_par' dir='ltr' id='par_1_54' title="bbox 2015 2352 3596 2419">
     <span class='ocr_line' id='line_1_54' title="bbox 2015 2352 3596 2419; baseline -0.004 -10"><span class='ocrx_word' id='word_1_342' title='bbox 2015 2358 2104 2409; x_wconf 74' lang='lat' dir='ltr'><strong>tia:</strong></span> <span class='ocrx_word' id='word_1_343' title='bbox 2127 2366 2253 2418; x_wconf 80' lang='lat' dir='ltr'><strong>tute,</strong></span> <span class='ocrx_word' id='word_1_344' title='bbox 2273 2355 2529 2408; x_wconf 79' lang='lat' dir='ltr'><strong>doctrina:</strong></span> <span class='ocrx_word' id='word_1_345' title='bbox 2554 2362 2678 2419; x_wconf 72' lang='lat' dir='ltr'><strong>tua&#39;,</strong></span> <span class='ocrx_word' id='word_1_346' title='bbox 2705 2353 2973 2407; x_wconf 83' lang='lat' dir='ltr'><strong>nobilitati</strong></span> <span class='ocrx_word' id='word_1_347' title='bbox 2995 2362 3119 2410; x_wconf 73' lang='lat' dir='ltr'><strong>tum.</strong></span> <span class='ocrx_word' id='word_1_348' title='bbox 3137 2352 3448 2406; x_wconf 76' lang='lat' dir='ltr'><strong>innocentiw</strong></span> <span class='ocrx_word' id='word_1_349' title='bbox 3469 2361 3596 2404; x_wconf 73' lang='lat' dir='ltr'><strong>tua&#39;.</strong></span> 
     </span>
    </p>
   </div>
   <div class='ocr_carea' id='block_1_55' title="bbox 2026 2442 3595 2511">
    <p class='ocr_par' dir='ltr' id='par_1_55' title="bbox 2026 2442 3595 2511">
     <span class='ocr_line' id='line_1_55' title="bbox 2026 2442 3595 2511; baseline -0.004 -13"><span class='ocrx_word' id='word_1_350' title='bbox 2026 2443 2203 2499; x_wconf 81' lang='lat' dir='ltr'><strong>Vincis</strong></span> <span class='ocrx_word' id='word_1_351' title='bbox 2234 2445 2496 2509; x_wconf 83' lang='lat' dir='ltr'><strong>inimicos,</strong></span> <span class='ocrx_word' id='word_1_352' title='bbox 2534 2443 2706 2496; x_wconf 78' lang='lat' dir='ltr'><strong>hostes</strong></span> <span class='ocrx_word' id='word_1_353' title='bbox 2759 2457 3043 2511; x_wconf 77' lang='lat' dir='ltr'><strong>exsuperas</strong></span> <span class='ocrx_word' id='word_1_354' title='bbox 3079 2458 3097 2496; x_wconf 91' lang='lat'><strong><em>:</em></strong></span> <span class='ocrx_word' id='word_1_355' title='bbox 3139 2442 3215 2494; x_wconf 86' lang='lat' dir='ltr'><strong>dii</strong></span> <span class='ocrx_word' id='word_1_356' title='bbox 3261 2451 3308 2494; x_wconf 88' lang='lat' dir='ltr'><strong>te</strong></span> <span class='ocrx_word' id='word_1_357' title='bbox 3362 2450 3595 2493; x_wconf 69' lang='lat' dir='ltr'><strong>tuentur.</strong></span> 
     </span>
    </p>
   </div>
   <div class='ocr_carea' id='block_1_56' title="bbox 2082 2534 3598 2607">
    <p class='ocr_par' dir='ltr' id='par_1_56' title="bbox 2082 2534 3598 2607">
     <span class='ocr_line' id='line_1_56' title="bbox 2082 2534 3598 2607; baseline -0.005 -16"><span class='ocrx_word' id='word_1_358' title='bbox 2082 2535 2808 2607; x_wconf 84' lang='lat' dir='ltr'><strong>Synodicaeacclamationis</strong></span> <span class='ocrx_word' id='word_1_359' title='bbox 2860 2549 2926 2588; x_wconf 92' lang='lat' dir='ltr'><strong>en</strong></span> <span class='ocrx_word' id='word_1_360' title='bbox 2996 2534 3095 2589; x_wconf 85' lang='lat' dir='ltr'><strong>tibi</strong></span> <span class='ocrx_word' id='word_1_361' title='bbox 3158 2534 3469 2601; x_wconf 85' lang='lat' dir='ltr'><strong>exemplum</strong></span> <span class='ocrx_word' id='word_1_362' title='bbox 3530 2548 3598 2586; x_wconf 81' lang='lat' dir='ltr'><strong>ex</strong></span> 
     </span>
    </p>
   </div>
   <div class='ocr_carea' id='block_1_57' title="bbox 2013 2624 3593 2697">
    <p class='ocr_par' dir='ltr' id='par_1_57' title="bbox 2013 2624 3593 2697">
     <span class='ocr_line' id='line_1_57' title="bbox 2013 2624 3593 2697; baseline -0.004 -13"><span class='ocrx_word' id='word_1_363' title='bbox 2013 2627 2350 2684; x_wconf 74' lang='lat' dir='ltr'><strong>tecumenica</strong></span> <span class='ocrx_word' id='word_1_364' title='bbox 2399 2630 2609 2697; x_wconf 85' lang='lat' dir='ltr'><strong>synodo</strong></span> <span class='ocrx_word' id='word_1_365' title='bbox 2652 2626 3114 2693; x_wconf 87' lang='lat' dir='ltr'><strong>Cbalcedonensi,</strong></span> <span class='ocrx_word' id='word_1_366' title='bbox 3168 2628 3288 2681; x_wconf 82' lang='lat' dir='ltr'><strong>Act.</strong></span> <span class='ocrx_word' id='word_1_367' title='bbox 3345 2640 3442 2691; x_wconf 85' lang='lat' dir='ltr'><strong>vu,</strong></span> <span class='ocrx_word' id='word_1_368' title='bbox 3500 2624 3593 2678; x_wconf 83' lang='lat' dir='ltr'><strong>tibi</strong></span> 
     </span>
    </p>
   </div>
   <div class='ocr_carea' id='block_1_58' title="bbox 2016 2717 3597 2790">
    <p class='ocr_par' dir='ltr' id='par_1_58' title="bbox 2016 2717 3597 2790">
     <span class='ocr_line' id='line_1_58' title="bbox 2016 2717 3597 2790; baseline -0.004 -15"><span class='ocrx_word' id='word_1_369' title='bbox 2016 2721 2293 2776; x_wconf 81' lang='lat' dir='ltr'><strong>Marciano</strong></span> <span class='ocrx_word' id='word_1_370' title='bbox 2328 2722 2645 2790; x_wconf 88' lang='lat' dir='ltr'><strong>imperatori</strong></span> <span class='ocrx_word' id='word_1_371' title='bbox 2674 2730 2727 2774; x_wconf 88' lang='lat' dir='ltr'><strong>et</strong></span> <span class='ocrx_word' id='word_1_372' title='bbox 2754 2717 3059 2774; x_wconf 70' lang='lat' dir='ltr'><strong>Pulcherias</strong></span> <span class='ocrx_word' id='word_1_373' title='bbox 3117 2718 3452 2787; x_wconf 85' lang='lat' dir='ltr'><strong>impcratriei</strong></span> <span class='ocrx_word' id='word_1_374' title='bbox 3511 2733 3597 2770; x_wconf 84' lang='lat' dir='ltr'><strong>ac-</strong></span> 
     </span>
    </p>
   </div>
   <div class='ocr_carea' id='block_1_59' title="bbox 2012 2809 3598 2869">
    <p class='ocr_par' dir='ltr' id='par_1_59' title="bbox 2012 2809 3598 2869">
     <span class='ocr_line' id='line_1_59' title="bbox 2012 2809 3598 2869; baseline -0.004 -2"><span class='ocrx_word' id='word_1_375' title='bbox 2012 2813 2254 2867; x_wconf 83' lang='lat' dir='ltr'><strong>clatnant</strong></span> <span class='ocrx_word' id='word_1_376' title='bbox 2294 2811 2522 2867; x_wconf 82' lang='lat' dir='ltr'><strong>Patres:</strong></span> <span class='ocrx_word' id='word_1_377' title='bbox 2557 2809 2845 2865; x_wconf 81' lang='lat' dir='ltr'><strong>Marciano.</strong></span> <span class='ocrx_word' id='word_1_378' title='bbox 2870 2825 3000 2864; x_wconf 86' lang='lat' dir='ltr'><strong>novo</strong></span> <span class='ocrx_word' id='word_1_379' title='bbox 3037 2809 3410 2869; x_wconf 83' lang='lat' dir='ltr'><strong>Constantino,</strong></span> <span class='ocrx_word' id='word_1_380' title='bbox 3469 2822 3598 2862; x_wconf 76' lang='lat' dir='ltr'><strong>noro</strong></span> 
     </span>
    </p>
   </div>
   <div class='ocr_carea' id='block_1_60' title="bbox 2012 2901 3599 2971">
    <p class='ocr_par' dir='ltr' id='par_1_60' title="bbox 2012 2901 3599 2971">
     <span class='ocr_line' id='line_1_60' title="bbox 2012 2901 3599 2971; baseline -0.005 -13"><span class='ocrx_word' id='word_1_381' title='bbox 2012 2903 2205 2971; x_wconf 88' lang='lat' dir='ltr'><strong>Paulo,</strong></span> <span class='ocrx_word' id='word_1_382' title='bbox 2232 2921 2362 2959; x_wconf 83' lang='lat' dir='ltr'><strong>novo</strong></span> <span class='ocrx_word' id='word_1_383' title='bbox 2398 2904 2568 2958; x_wconf 83' lang='lat' dir='ltr'><strong>David</strong></span> <span class='ocrx_word' id='word_1_384' title='bbox 2588 2906 2777 2957; x_wconf 88' lang='lat' dir='ltr'><strong>multos</strong></span> <span class='ocrx_word' id='word_1_385' title='bbox 2807 2919 2995 2957; x_wconf 90' lang='lat' dir='ltr'><strong>annos.</strong></span> <span class='ocrx_word' id='word_1_386' title='bbox 3028 2901 3129 2956; x_wconf 68' lang='grc' dir='ltr'><strong>νδ.</strong></span> <span class='ocrx_word' id='word_1_387' title='bbox 3150 2903 3271 2956; x_wconf 82' lang='lat' dir='ltr'><strong>estis</strong></span> <span class='ocrx_word' id='word_1_388' title='bbox 3304 2916 3409 2971; x_wconf 76' lang='lat' dir='ltr'><strong>pax</strong></span> <span class='ocrx_word' id='word_1_389' title='bbox 3435 2902 3599 2963; x_wconf 72' lang='lat' dir='ltr'><strong>orbis,</strong></span> 
     </span>
    </p>
   </div>
   <div class='ocr_carea' id='block_1_61' title="bbox 2015 2994 3599 3067">
    <p class='ocr_par' dir='ltr' id='par_1_61' title="bbox 2015 2994 3599 3067">
     <span class='ocr_line' id='line_1_61' title="bbox 2015 2994 3599 3067; baseline -0.003 -16"><span class='ocrx_word' id='word_1_390' title='bbox 2015 3000 2099 3067; x_wconf 88' lang='lat' dir='ltr'><strong>pie</strong></span> <span class='ocrx_word' id='word_1_391' title='bbox 2128 2999 2357 3051; x_wconf 79' lang='lat' dir='ltr'><strong>domine.</strong></span> <span class='ocrx_word' id='word_1_392' title='bbox 2395 2997 2653 3052; x_wconf 86' lang='lat' dir='ltr'><strong>Dominus</strong></span> <span class='ocrx_word' id='word_1_393' title='bbox 2688 3000 2851 3052; x_wconf 82' lang='lat' dir='ltr'><strong>vitam</strong></span> <span class='ocrx_word' id='word_1_394' title='bbox 2880 3000 2928 3053; x_wconf 89' lang='lat' dir='ltr'><strong>ei</strong></span> <span class='ocrx_word' id='word_1_395' title='bbox 2984 3008 3271 3051; x_wconf 78' lang='lat' dir='ltr'><strong>conservet.</strong></span> <span class='ocrx_word' id='word_1_396' title='bbox 3302 2995 3403 3051; x_wconf 86' lang='lat' dir='ltr'><strong>Vos</strong></span> <span class='ocrx_word' id='word_1_397' title='bbox 3470 2994 3599 3058; x_wconf 82' lang='lat' dir='ltr'><strong>ﬁdes</strong></span> 
     </span>
    </p>
   </div>
   <div class='ocr_carea' id='block_1_62' title="bbox 330 3083 3597 3169">
    <p class='ocr_par' dir='ltr' id='par_1_62' title="bbox 330 3083 3597 3169">
     <span class='ocr_line' id='line_1_62' title="bbox 330 3083 3597 3169; baseline -0.002 -27"><span class='ocrx_word' id='word_1_398' title='bbox 330 3083 384 3136; x_wconf 77' lang='lat' dir='ltr'><strong>in</strong></span> <span class='ocrx_word' id='word_1_399' title='bbox 425 3099 637 3141; x_wconf 84' lang='lat' dir='ltr'><strong>morem</strong></span> <span class='ocrx_word' id='word_1_400' title='bbox 669 3086 903 3157; x_wconf 86' lang='lat' dir='ltr'><strong>lampadi</strong></span> <span class='ocrx_word' id='word_1_401' title='bbox 936 3089 1109 3146; x_wconf 81' lang='lat' dir='ltr'><strong>fuisse</strong></span> <span class='ocrx_word' id='word_1_402' title='bbox 1142 3094 1426 3162; x_wconf 68' lang='lat' dir='ltr'><strong>imposita,</strong></span> <span class='ocrx_word' id='word_1_403' title='bbox 1453 3098 1537 3153; x_wconf 74' lang='lat' dir='ltr'><strong>vel</strong></span> <span class='ocrx_word' id='word_1_404' title='bbox 1572 3100 1913 3169; x_wconf 44' lang='lat' dir='ltr'><strong>cenemuod</strong></span> <span class='ocrx_word' id='word_1_405' title='bbox 1942 3083 1984 3142; x_wconf 89' lang='lat' dir='ltr'><strong>C</strong></span> <span class='ocrx_word' id='word_1_406' title='bbox 2020 3102 2223 3145; x_wconf 86' lang='lat' dir='ltr'><strong>nostra.</strong></span> <span class='ocrx_word' id='word_1_407' title='bbox 2258 3088 2501 3145; x_wconf 84' lang='lat' dir='ltr'><strong>Christus</strong></span> <span class='ocrx_word' id='word_1_408' title='bbox 2532 3134 2545 3155; x_wconf 90' lang='lat'><strong>,</strong></span> <span class='ocrx_word' id='word_1_409' title='bbox 2582 3107 2734 3157; x_wconf 82' lang='lat' dir='ltr'><strong>quem</strong></span> <span class='ocrx_word' id='word_1_410' title='bbox 2769 3092 3021 3155; x_wconf 85' lang='lat' dir='ltr'><strong>honoras,</strong></span> <span class='ocrx_word' id='word_1_411' title='bbox 3056 3093 3164 3159; x_wconf 85' lang='lat' dir='ltr'><strong>ipse</strong></span> <span class='ocrx_word' id='word_1_412' title='bbox 3198 3100 3245 3142; x_wconf 90' lang='lat' dir='ltr'><strong>te</strong></span> <span class='ocrx_word' id='word_1_413' title='bbox 3311 3087 3597 3141; x_wconf 73' lang='lat' dir='ltr'><strong>custodiet.</strong></span> 
     </span>
    </p>
   </div>
   <div class='ocr_carea' id='block_1_63' title="bbox 330 3174 1914 3261">
    <p class='ocr_par' dir='ltr' id='par_1_63' title="bbox 330 3174 1914 3261">
     <span class='ocr_line' id='line_1_63' title="bbox 330 3174 1914 3261; baseline 0.015 -37"><span class='ocrx_word' id='word_1_414' title='bbox 330 3174 730 3244; x_wconf 74' lang='grc' dir='ltr'><strong>θριγγώματος</strong></span> <span class='ocrx_word' id='word_1_415' title='bbox 764 3197 963 3237; x_wconf 83' lang='lat' dir='ltr'><strong>nomen</strong></span> <span class='ocrx_word' id='word_1_416' title='bbox 1025 3184 1213 3253; x_wconf 90' lang='lat' dir='ltr'><strong>potius</strong></span> <span class='ocrx_word' id='word_1_417' title='bbox 1241 3189 1456 3252; x_wconf 89' lang='lat' dir='ltr'><strong>suadet,</strong></span> <span class='ocrx_word' id='word_1_418' title='bbox 1520 3190 1624 3258; x_wconf 88' lang='lat' dir='ltr'><strong>ipsi</strong></span> <span class='ocrx_word' id='word_1_419' title='bbox 1671 3190 1914 3261; x_wconf 82' lang='lat' dir='ltr'><strong>latnpadi</strong></span> 
     </span>
    </p>
   </div>
   <div class='ocr_carea' id='block_1_64' title="bbox 332 3266 1915 3349">
    <p class='ocr_par' dir='ltr' id='par_1_64' title="bbox 332 3266 1915 3349">
     <span class='ocr_line' id='line_1_64' title="bbox 332 3266 1915 3349; baseline 0.009 -30"><span class='ocrx_word' id='word_1_420' title='bbox 332 3266 712 3322; x_wconf 73' lang='lat' dir='ltr'><strong>cancellorum</strong></span> <span class='ocrx_word' id='word_1_421' title='bbox 762 3284 857 3324; x_wconf 91' lang='lat' dir='ltr'><strong>seu</strong></span> <span class='ocrx_word' id='word_1_422' title='bbox 908 3273 1196 3340; x_wconf 87' lang='lat' dir='ltr'><strong>sepimenti</strong></span> <span class='ocrx_word' id='word_1_423' title='bbox 1267 3275 1437 3330; x_wconf 84' lang='lat' dir='ltr'><strong>instar</strong></span> <span class='ocrx_word' id='word_1_424' title='bbox 1496 3280 1915 3349; x_wconf 85' lang='lat' dir='ltr'><strong>circumposita.</strong></span> 
     </span>
    </p>
   </div>
   <div class='ocr_carea' id='block_1_65' title="bbox 334 3359 1920 3440">
    <p class='ocr_par' dir='ltr' id='par_1_65' title="bbox 334 3359 1920 3440">
     <span class='ocr_line' id='line_1_65' title="bbox 334 3359 1920 3440; baseline 0.01 -28"><span class='ocrx_word' id='word_1_425' title='bbox 334 3359 505 3413; x_wconf 79' lang='lat' dir='ltr'><strong>Addit</strong></span> <span class='ocrx_word' id='word_1_426' title='bbox 541 3360 830 3415; x_wconf 84' lang='lat' dir='ltr'><strong>Balsamou</strong></span> <span class='ocrx_word' id='word_1_427' title='bbox 857 3362 959 3417; x_wconf 90' lang='lat' dir='ltr'><strong>hoe</strong></span> <span class='ocrx_word' id='word_1_428' title='bbox 986 3362 1136 3421; x_wconf 81' lang='lat' dir='ltr'><strong>idem</strong></span> <span class='ocrx_word' id='word_1_429' title='bbox 1172 3366 1468 3437; x_wconf 81' lang='grc' dir='ltr'><strong>προνόμιον</strong></span> <span class='ocrx_word' id='word_1_430' title='bbox 1526 3383 1624 3423; x_wconf 88' lang='lat' dir='ltr'><strong>seu</strong></span> <span class='ocrx_word' id='word_1_431' title='bbox 1693 3371 1920 3440; x_wconf 87' lang='lat' dir='ltr'><strong>privile-</strong></span> 
     </span>
    </p>
   </div>
   <div class='ocr_carea' id='block_1_66' title="bbox 336 3453 1918 3530">
    <p class='ocr_par' dir='ltr' id='par_1_66' title="bbox 336 3453 1918 3530">
     <span class='ocr_line' id='line_1_66' title="bbox 336 3453 1918 3530; baseline 0.009 -24"><span class='ocrx_word' id='word_1_432' title='bbox 336 3453 489 3521; x_wconf 70' lang='lat' dir='ltr'><strong>pium</strong></span> <span class='ocrx_word' id='word_1_433' title='bbox 526 3455 845 3523; x_wconf 86' lang='lat' dir='ltr'><strong>procedenti</strong></span> <span class='ocrx_word' id='word_1_434' title='bbox 880 3472 1004 3511; x_wconf 90' lang='lat' dir='ltr'><strong>cum</strong></span> <span class='ocrx_word' id='word_1_435' title='bbox 1056 3458 1310 3530; x_wconf 86' lang='lat' dir='ltr'><strong>lampade</strong></span> <span class='ocrx_word' id='word_1_436' title='bbox 1364 3474 1688 3517; x_wconf 90' lang='lat' dir='ltr'><strong>concessum</strong></span> <span class='ocrx_word' id='word_1_437' title='bbox 1748 3462 1918 3520; x_wconf 82' lang='lat' dir='ltr'><strong>fuisse</strong></span> 
     </span>
    </p>
   </div>
   <div class='ocr_carea' id='block_1_67' title="bbox 335 3546 1918 3634">
    <p class='ocr_par' dir='ltr' id='par_1_67' title="bbox 335 3546 1918 3634">
     <span class='ocr_line' id='line_1_67' title="bbox 335 3546 1918 3634; baseline 0.009 -35"><span class='ocrx_word' id='word_1_438' title='bbox 335 3546 760 3616; x_wconf 83' lang='lat' dir='ltr'><strong>archiepiscopo</strong></span> <span class='ocrx_word' id='word_1_439' title='bbox 794 3547 1064 3618; x_wconf 75' lang='lat' dir='ltr'><strong>Bulgarias</strong></span> <span class='ocrx_word' id='word_1_440' title='bbox 1088 3560 1142 3605; x_wconf 92' lang='lat' dir='ltr'><strong>et</strong></span> <span class='ocrx_word' id='word_1_441' title='bbox 1173 3552 1342 3622; x_wconf 78' lang='lat' dir='ltr'><strong>Cypri</strong></span> <span class='ocrx_word' id='word_1_442' title='bbox 1376 3561 1430 3608; x_wconf 92' lang='lat' dir='ltr'><strong>et</strong></span> <span class='ocrx_word' id='word_1_443' title='bbox 1458 3555 1918 3634; x_wconf 47' lang='lat' dir='ltr'><strong>paucis-quihus-</strong></span> 
     </span>
    </p>
   </div>
   <div class='ocr_carea' id='block_1_68' title="bbox 334 3639 1919 3716">
    <p class='ocr_par' dir='ltr' id='par_1_68' title="bbox 334 3639 1919 3716">
     <span class='ocr_line' id='line_1_68' title="bbox 334 3639 1919 3716; baseline 0.007 -25"><span class='ocrx_word' id='word_1_444' title='bbox 334 3639 466 3691; x_wconf 89' lang='lat' dir='ltr'><strong>dam</strong></span> <span class='ocrx_word' id='word_1_445' title='bbox 490 3639 957 3707; x_wconf 88' lang='lat' dir='ltr'><strong>metropolitanis,</strong></span> <span class='ocrx_word' id='word_1_446' title='bbox 983 3650 1035 3695; x_wconf 89' lang='lat' dir='ltr'><strong>et</strong></span> <span class='ocrx_word' id='word_1_447' title='bbox 1059 3650 1259 3711; x_wconf 73' lang='lat' dir='ltr'><strong>praeter</strong></span> <span class='ocrx_word' id='word_1_448' title='bbox 1282 3644 1384 3699; x_wconf 90' lang='lat' dir='ltr'><strong>hos</strong></span> <span class='ocrx_word' id='word_1_449' title='bbox 1412 3645 1580 3710; x_wconf 87' lang='lat' dir='ltr'><strong>nulli;</strong></span> <span class='ocrx_word' id='word_1_450' title='bbox 1610 3654 1663 3700; x_wconf 91' lang='lat' dir='ltr'><strong>et</strong></span> <span class='ocrx_word' id='word_1_451' title='bbox 1684 3647 1919 3716; x_wconf 86' lang='lat' dir='ltr'><strong>patriar-</strong></span> 
     </span>
    </p>
   </div>
   <div class='ocr_carea' id='block_1_69' title="bbox 334 3730 1919 3809">
    <p class='ocr_par' dir='ltr' id='par_1_69' title="bbox 334 3730 1919 3809">
     <span class='ocr_line' id='line_1_69' title="bbox 334 3730 1919 3809; baseline 0.009 -29"><span class='ocrx_word' id='word_1_452' title='bbox 334 3730 474 3781; x_wconf 80' lang='lat' dir='ltr'><strong>chas</strong></span> <span class='ocrx_word' id='word_1_453' title='bbox 493 3744 600 3782; x_wconf 92' lang='lat' dir='ltr'><strong>non</strong></span> <span class='ocrx_word' id='word_1_454' title='bbox 628 3731 788 3783; x_wconf 79' lang='lat' dir='ltr'><strong>modo</strong></span> <span class='ocrx_word' id='word_1_455' title='bbox 818 3731 870 3783; x_wconf 91' lang='lat' dir='ltr'><strong>in</strong></span> <span class='ocrx_word' id='word_1_456' title='bbox 892 3746 989 3785; x_wconf 88' lang='lat' dir='ltr'><strong>sua</strong></span> <span class='ocrx_word' id='word_1_457' title='bbox 1010 3732 1256 3797; x_wconf 74' lang='lat' dir='ltr'><strong>diceeesi,</strong></span> <span class='ocrx_word' id='word_1_458' title='bbox 1289 3734 1383 3789; x_wconf 90' lang='lat' dir='ltr'><strong>sed</strong></span> <span class='ocrx_word' id='word_1_459' title='bbox 1407 3744 1461 3790; x_wconf 91' lang='lat' dir='ltr'><strong>et</strong></span> <span class='ocrx_word' id='word_1_460' title='bbox 1492 3745 1647 3792; x_wconf 86' lang='lat' dir='ltr'><strong>extra</strong></span> <span class='ocrx_word' id='word_1_461' title='bbox 1670 3737 1919 3809; x_wconf 86' lang='lat' dir='ltr'><strong>lampade</strong></span> 
     </span>
    </p>
   </div>
   <div class='ocr_carea' id='block_1_70' title="bbox 333 3821 1917 3899">
    <p class='ocr_par' dir='ltr' id='par_1_70' title="bbox 333 3821 1917 3899">
     <span class='ocr_line' id='line_1_70' title="bbox 333 3821 1917 3899; baseline 0.008 -26"><span class='ocrx_word' id='word_1_462' title='bbox 333 3821 594 3875; x_wconf 87' lang='lat' dir='ltr'><strong>illustres</strong></span> <span class='ocrx_word' id='word_1_463' title='bbox 625 3824 879 3891; x_wconf 79' lang='lat' dir='ltr'><strong>progredi</strong></span> <span class='ocrx_word' id='word_1_464' title='bbox 912 3838 1073 3891; x_wconf 86' lang='lat' dir='ltr'><strong>posse</strong></span> <span class='ocrx_word' id='word_1_465' title='bbox 1102 3827 1280 3894; x_wconf 88' lang='lat' dir='ltr'><strong>;quod</strong></span> <span class='ocrx_word' id='word_1_466' title='bbox 1309 3827 1629 3899; x_wconf 88' lang='lat' dir='ltr'><strong>multisipse</strong></span> <span class='ocrx_word' id='word_1_467' title='bbox 1650 3830 1917 3886; x_wconf 86' lang='lat' dir='ltr'><strong>adversus</strong></span> 
     </span>
    </p>
   </div>
   <div class='ocr_carea' id='block_1_71' title="bbox 337 3913 1917 3994">
    <p class='ocr_par' dir='ltr' id='par_1_71' title="bbox 337 3913 1917 3994">
     <span class='ocr_line' id='line_1_71' title="bbox 337 3913 1917 3994; baseline 0.009 -29"><span class='ocrx_word' id='word_1_468' title='bbox 337 3913 693 3968; x_wconf 87' lang='lat' dir='ltr'><strong>oblocutores</strong></span> <span class='ocrx_word' id='word_1_469' title='bbox 724 3914 989 3981; x_wconf 89' lang='lat' dir='ltr'><strong>quosdam</strong></span> <span class='ocrx_word' id='word_1_470' title='bbox 1012 3918 1330 3985; x_wconf 88' lang='lat' dir='ltr'><strong>coullrmat,</strong></span> <span class='ocrx_word' id='word_1_471' title='bbox 1399 3935 1562 3990; x_wconf 92' lang='lat' dir='ltr'><strong>quem</strong></span> <span class='ocrx_word' id='word_1_472' title='bbox 1616 3923 1760 3994; x_wconf 74' lang='lat' dir='ltr'><strong>legat</strong></span> <span class='ocrx_word' id='word_1_473' title='bbox 1820 3926 1917 3994; x_wconf 87' lang='lat' dir='ltr'><strong>qui</strong></span> 
     </span>
    </p>
   </div>
   <div class='ocr_carea' id='block_1_72' title="bbox 338 4003 1193 4063">
    <p class='ocr_par' dir='ltr' id='par_1_72' title="bbox 338 4003 1193 4063">
     <span class='ocr_line' id='line_1_72' title="bbox 338 4003 1193 4063; baseline 0.007 -6"><span class='ocrx_word' id='word_1_474' title='bbox 338 4005 487 4058; x_wconf 84' lang='lat' dir='ltr'><strong>volet</strong></span> <span class='ocrx_word' id='word_1_475' title='bbox 511 4005 546 4057; x_wconf 93' lang='grc' dir='ltr'>Ι.</span> <span class='ocrx_word' id='word_1_476' title='bbox 582 4006 612 4058; x_wconf 82' lang='grc'><strong>’1</strong></span> <span class='ocrx_word' id='word_1_477' title='bbox 636 4003 782 4061; x_wconf 81' lang='lat' dir='ltr'><strong>Juris</strong></span> <span class='ocrx_word' id='word_1_478' title='bbox 806 4005 920 4060; x_wconf 82' lang='lat' dir='ltr'><strong>GR.</strong></span> <span class='ocrx_word' id='word_1_479' title='bbox 983 4007 1193 4063; x_wconf 75' lang='lat' dir='ltr'><strong>Gue&#39;rs.</strong></span> 
     </span>
    </p>
   </div>
   <div class='ocr_carea' id='block_1_73' title="bbox 413 4096 1915 4170">
    <p class='ocr_par' dir='ltr' id='par_1_73' title="bbox 413 4096 1915 4170">
     <span class='ocr_line' id='line_1_73' title="bbox 413 4096 1915 4170; baseline 0.007 -20"><span class='ocrx_word' id='word_1_480' title='bbox 413 4096 483 4151; x_wconf 84' lang='grc' dir='ltr'>Ρ.</span> <span class='ocrx_word' id='word_1_481' title='bbox 514 4097 605 4151; x_wconf 73' lang='grc'>46.</span> <span class='ocrx_word' id='word_1_482' title='bbox 640 4096 980 4169; x_wconf 81' lang='grc' dir='ltr'><strong>[Τροπάριον</strong></span> <span class='ocrx_word' id='word_1_483' title='bbox 1009 4101 1253 4156; x_wconf 86' lang='lat' dir='ltr'><strong>modulus</strong></span> <span class='ocrx_word' id='word_1_484' title='bbox 1283 4111 1390 4170; x_wconf 90' lang='lat' dir='ltr'><strong>est,</strong></span> <span class='ocrx_word' id='word_1_485' title='bbox 1417 4106 1621 4160; x_wconf 87' lang='lat' dir='ltr'><strong>cantici</strong></span> <span class='ocrx_word' id='word_1_486' title='bbox 1652 4106 1915 4160; x_wconf 89' lang='lat' dir='ltr'><strong>nimirum</strong></span> 
     </span>
    </p>
   </div>
   <div class='ocr_carea' id='block_1_74' title="bbox 339 4186 1915 4267">
    <p class='ocr_par' dir='ltr' id='par_1_74' title="bbox 339 4186 1915 4267">
     <span class='ocr_line' id='line_1_74' title="bbox 339 4186 1915 4267; baseline 0.003 -20"><span class='ocrx_word' id='word_1_487' title='bbox 339 4208 539 4262; x_wconf 79' lang='lat' dir='ltr'><strong>genus,</strong></span> <span class='ocrx_word' id='word_1_488' title='bbox 565 4195 631 4248; x_wconf 90' lang='lat' dir='ltr'><strong>ad</strong></span> <span class='ocrx_word' id='word_1_489' title='bbox 660 4186 888 4250; x_wconf 83' lang='lat' dir='ltr'><strong>alterius</strong></span> <span class='ocrx_word' id='word_1_490' title='bbox 953 4197 1295 4267; x_wconf 86' lang='lat' dir='ltr'><strong>exemplaris</strong></span> <span class='ocrx_word' id='word_1_491' title='bbox 1354 4198 1517 4254; x_wconf 90' lang='lat' dir='ltr'><strong>modo</strong></span> <span class='ocrx_word' id='word_1_492' title='bbox 1552 4214 1610 4254; x_wconf 91' lang='lat' dir='ltr'><strong>se</strong></span> <span class='ocrx_word' id='word_1_493' title='bbox 1658 4199 1915 4255; x_wconf 88' lang='lat' dir='ltr'><strong>habentis</strong></span> 
     </span>
    </p>
   </div>
   <div class='ocr_carea' id='block_1_75' title="bbox 340 4286 1918 4362">
    <p class='ocr_par' dir='ltr' id='par_1_75' title="bbox 340 4286 1918 4362">
     <span class='ocr_line' id='line_1_75' title="bbox 340 4286 1918 4362; baseline 0.004 -24"><span class='ocrx_word' id='word_1_494' title='bbox 340 4301 594 4338; x_wconf 85' lang='lat' dir='ltr'><strong>normam</strong></span> <span class='ocrx_word' id='word_1_495' title='bbox 623 4287 981 4356; x_wconf 81' lang='grc' dir='ltr'><strong>τρεπόμενον,</strong></span> <span class='ocrx_word' id='word_1_496' title='bbox 1036 4286 1459 4344; x_wconf 86' lang='lat' dir='ltr'><strong>decantandum.</strong></span> <span class='ocrx_word' id='word_1_497' title='bbox 1527 4289 1650 4345; x_wconf 66' lang='lat' dir='ltr'><strong>Haec</strong></span> <span class='ocrx_word' id='word_1_498' title='bbox 1709 4308 1918 4362; x_wconf 81' lang='grc' dir='ltr'><strong>τροπα-</strong></span> 
     </span>
    </p>
   </div>
   <div class='ocr_carea' id='block_1_76' title="bbox 342 4380 1918 4448">
    <p class='ocr_par' dir='ltr' id='par_1_76' title="bbox 342 4380 1918 4448">
     <span class='ocr_line' id='line_1_76' title="bbox 342 4380 1918 4448; baseline 0.005 -17"><span class='ocrx_word' id='word_1_499' title='bbox 342 4381 462 4448; x_wconf 77' lang='grc' dir='ltr'><strong>ρὶου</strong></span> <span class='ocrx_word' id='word_1_500' title='bbox 496 4380 842 4433; x_wconf 88' lang='lat' dir='ltr'><strong>communior</strong></span> <span class='ocrx_word' id='word_1_501' title='bbox 872 4380 1165 4448; x_wconf 77' lang='lat' dir='ltr'><strong>expositio.</strong></span> <span class='ocrx_word' id='word_1_502' title='bbox 1200 4380 1351 4437; x_wconf 84' lang='lat' dir='ltr'><strong>Alias</strong></span> <span class='ocrx_word' id='word_1_503' title='bbox 1380 4380 1558 4438; x_wconf 78' lang='lat' dir='ltr'><strong>fusius</strong></span> <span class='ocrx_word' id='word_1_504' title='bbox 1588 4383 1642 4437; x_wconf 88' lang='lat' dir='ltr'><strong>in</strong></span> <span class='ocrx_word' id='word_1_505' title='bbox 1705 4382 1918 4439; x_wconf 80' lang='lat' dir='ltr'><strong>Euclio-</strong></span> 
     </span>
    </p>
   </div>
   <div class='ocr_carea' id='block_1_77' title="bbox 341 4470 1919 4546">
    <p class='ocr_par' dir='ltr' id='par_1_77' title="bbox 341 4470 1919 4546">
     <span class='ocr_line' id='line_1_77' title="bbox 341 4470 1919 4546; baseline 0.003 -21"><span class='ocrx_word' id='word_1_506' title='bbox 341 4472 541 4540; x_wconf 77' lang='lat' dir='ltr'><strong>logicis</strong></span> <span class='ocrx_word' id='word_1_507' title='bbox 580 4470 892 4524; x_wconf 87' lang='lat' dir='ltr'><strong>retulimus.</strong></span> <span class='ocrx_word' id='word_1_508' title='bbox 937 4472 1174 4542; x_wconf 74' lang='grc' dir='ltr'><strong>Ποιητάς</strong></span> <span class='ocrx_word' id='word_1_509' title='bbox 1228 4488 1390 4543; x_wconf 88' lang='lat' dir='ltr'><strong>porro</strong></span> <span class='ocrx_word' id='word_1_510' title='bbox 1442 4474 1551 4529; x_wconf 82' lang='grc' dir='ltr'><strong>τῶν</strong></span> <span class='ocrx_word' id='word_1_511' title='bbox 1600 4477 1919 4546; x_wconf 77' lang='grc' dir='ltr'>τροπαρίων</span> 
     </span>
    </p>
   </div>
   <div class='ocr_carea' id='block_1_78' title="bbox 343 4560 1922 4636">
    <p class='ocr_par' dir='ltr' id='par_1_78' title="bbox 343 4560 1922 4636">
     <span class='ocr_line' id='line_1_78' title="bbox 343 4560 1922 4636; baseline 0.001 -18"><span class='ocrx_word' id='word_1_512' title='bbox 343 4560 1067 4618; x_wconf 81' lang='lat' dir='ltr'><strong>AnthimumetTimoclem</strong></span> <span class='ocrx_word' id='word_1_513' title='bbox 1131 4574 1399 4620; x_wconf 85' lang='lat' dir='ltr'><strong>memorat</strong></span> <span class='ocrx_word' id='word_1_514' title='bbox 1457 4565 1815 4636; x_wconf 82' lang='lat' dir='ltr'><strong>&#39;l&#39;heOphaucs</strong></span> <span class='ocrx_word' id='word_1_515' title='bbox 1869 4576 1922 4619; x_wconf 88' lang='lat' dir='ltr'><strong>et</strong></span> 
     </span>
    </p>
   </div>
   <div class='ocr_carea' id='block_1_79' title="bbox 344 4654 985 4710">
    <p class='ocr_par' dir='ltr' id='par_1_79' title="bbox 344 4654 985 4710">
     <span class='ocr_line' id='line_1_79' title="bbox 344 4654 985 4710; baseline -0.002 0"><span class='ocrx_word' id='word_1_516' title='bbox 344 4657 625 4710; x_wconf 84' lang='lat' dir='ltr'><strong>Cedrenus</strong></span> <span class='ocrx_word' id='word_1_517' title='bbox 655 4655 706 4707; x_wconf 92' lang='lat' dir='ltr'><strong>iu</strong></span> <span class='ocrx_word' id='word_1_518' title='bbox 734 4654 913 4708; x_wconf 89' lang='lat' dir='ltr'><strong>Leone</strong></span> <span class='ocrx_word' id='word_1_519' title='bbox 945 4654 985 4709; x_wconf 85' lang='grc'>1.</span> 
     </span>
    </p>
   </div>
   <div class='ocr_carea' id='block_1_80' title="bbox 415 4744 1921 4818">
    <p class='ocr_par' dir='ltr' id='par_1_80' title="bbox 415 4744 1921 4818">
     <span class='ocr_line' id='line_1_80' title="bbox 415 4744 1921 4818; baseline 0.003 -19"><span class='ocrx_word' id='word_1_520' title='bbox 415 4746 559 4799; x_wconf 84' lang='lat' dir='ltr'><strong>Ibid.</strong></span> <span class='ocrx_word' id='word_1_521' title='bbox 601 4744 795 4817; x_wconf 79' lang='grc' dir='ltr'><strong>[δόξα.</strong></span> <span class='ocrx_word' id='word_1_522' title='bbox 851 4745 1050 4814; x_wconf 83' lang='lat' dir='ltr'><strong>Supple</strong></span> <span class='ocrx_word' id='word_1_523' title='bbox 1093 4747 1300 4817; x_wconf 78' lang='lat' dir='ltr'><strong>reliqua</strong></span> <span class='ocrx_word' id='word_1_524' title='bbox 1337 4748 1513 4818; x_wconf 77' lang='grc' dir='ltr'><strong>Πατρὶ</strong></span> <span class='ocrx_word' id='word_1_525' title='bbox 1545 4750 1639 4802; x_wconf 68' lang='grc' dir='ltr'><strong>καὶ</strong></span> <span class='ocrx_word' id='word_1_526' title='bbox 1680 4748 1791 4818; x_wconf 78' lang='grc' dir='ltr'><strong>Υίῷ</strong></span> <span class='ocrx_word' id='word_1_527' title='bbox 1830 4752 1921 4803; x_wconf 74' lang='grc' dir='ltr'>καὶ</span> 
     </span>
    </p>
   </div>
   <div class='ocr_carea' id='block_1_81' title="bbox 347 4837 1921 4907">
    <p class='ocr_par' dir='ltr' id='par_1_81' title="bbox 347 4837 1921 4907">
     <span class='ocr_line' id='line_1_81' title="bbox 347 4837 1921 4907; baseline 0.003 -17"><span class='ocrx_word' id='word_1_528' title='bbox 347 4839 489 4907; x_wconf 60' lang='grc' dir='ltr'><strong>ἁγίῳ</strong></span> <span class='ocrx_word' id='word_1_529' title='bbox 528 4837 830 4906; x_wconf 79' lang='grc' dir='ltr'>Πνεύματι.</span> <span class='ocrx_word' id='word_1_530' title='bbox 864 4838 992 4892; x_wconf 85' lang='lat' dir='ltr'><strong>Post</strong></span> <span class='ocrx_word' id='word_1_531' title='bbox 1029 4842 1120 4891; x_wconf 76' lang='grc' dir='ltr'>καὶ</span> <span class='ocrx_word' id='word_1_532' title='bbox 1153 4839 1248 4892; x_wconf 78' lang='grc' dir='ltr'>νῦν</span> <span class='ocrx_word' id='word_1_533' title='bbox 1285 4841 1377 4895; x_wconf 70' lang='grc' dir='ltr'>καὶ</span> <span class='ocrx_word' id='word_1_534' title='bbox 1413 4841 1500 4895; x_wconf 78' lang='grc' dir='ltr'><strong>ἀεί</strong></span> <span class='ocrx_word' id='word_1_535' title='bbox 1530 4841 1665 4895; x_wconf 81' lang='lat' dir='ltr'><strong>adde</strong></span> <span class='ocrx_word' id='word_1_536' title='bbox 1702 4844 1798 4895; x_wconf 71' lang='grc' dir='ltr'>καὶ</span> <span class='ocrx_word' id='word_1_537' title='bbox 1840 4845 1921 4905; x_wconf 79' lang='lat' dir='ltr'><strong>et;</strong></span> 
     </span>
    </p>
   </div>
   <div class='ocr_carea' id='block_1_82' title="bbox 350 4929 1350 5000">
    <p class='ocr_par' dir='ltr' id='par_1_82' title="bbox 350 4929 1350 5000">
     <span class='ocr_line' id='line_1_82' title="bbox 350 4929 1350 5000; baseline 0.007 -21"><span class='ocrx_word' id='word_1_538' title='bbox 350 4931 475 4991; x_wconf 73' lang='grc' dir='ltr'><strong>τοὺς</strong></span> <span class='ocrx_word' id='word_1_539' title='bbox 509 4929 713 4989; x_wconf 73' lang='grc' dir='ltr'>αἰῶνας</span> <span class='ocrx_word' id='word_1_540' title='bbox 741 4929 849 4981; x_wconf 83' lang='grc' dir='ltr'><strong>τῶν</strong></span> <span class='ocrx_word' id='word_1_541' title='bbox 878 4930 1112 4984; x_wconf 75' lang='grc' dir='ltr'>αἰώνων.</span> <span class='ocrx_word' id='word_1_542' title='bbox 1155 4931 1350 5000; x_wconf 84' lang='grc' dir='ltr'>Ἀμήν.</span> 
     </span>
    </p>
   </div>
   <div class='ocr_carea' id='block_1_83' title="bbox 423 5018 1922 5094">
    <p class='ocr_par' dir='ltr' id='par_1_83' title="bbox 423 5018 1922 5094">
     <span class='ocr_line' id='line_1_83' title="bbox 423 5018 1922 5094; baseline 0.005 -21"><span class='ocrx_word' id='word_1_543' title='bbox 423 5018 563 5073; x_wconf 87' lang='lat' dir='ltr'><strong>Ibid.</strong></span> <span class='ocrx_word' id='word_1_544' title='bbox 599 5018 701 5091; x_wconf 84' lang='grc' dir='ltr'><strong>[οὺ</strong></span> <span class='ocrx_word' id='word_1_545' title='bbox 747 5019 1070 5087; x_wconf 55' lang='lat' dir='ltr'><strong>dediderat.</strong></span> <span class='ocrx_word' id='word_1_546' title='bbox 1126 5021 1417 5078; x_wconf 84' lang='lat' dir='ltr'><strong>Modulatis</strong></span> <span class='ocrx_word' id='word_1_547' title='bbox 1458 5023 1716 5094; x_wconf 84' lang='lat' dir='ltr'><strong>varieque</strong></span> <span class='ocrx_word' id='word_1_548' title='bbox 1762 5022 1922 5080; x_wconf 83' lang='lat' dir='ltr'><strong>ﬂexis</strong></span> 
     </span>
    </p>
   </div>
   <div class='ocr_carea' id='block_1_84' title="bbox 353 5111 1922 5184">
    <p class='ocr_par' dir='ltr' id='par_1_84' title="bbox 353 5111 1922 5184">
     <span class='ocr_line' id='line_1_84' title="bbox 353 5111 1922 5184; baseline 0.004 -21"><span class='ocrx_word' id='word_1_549' title='bbox 353 5119 544 5165; x_wconf 83' lang='lat' dir='ltr'><strong>tantus</strong></span> <span class='ocrx_word' id='word_1_550' title='bbox 567 5111 720 5165; x_wconf 88' lang='lat' dir='ltr'><strong>sonis</strong></span> <span class='ocrx_word' id='word_1_551' title='bbox 745 5126 854 5164; x_wconf 89' lang='lat' dir='ltr'><strong>non</strong></span> <span class='ocrx_word' id='word_1_552' title='bbox 905 5111 1221 5167; x_wconf 86' lang='lat' dir='ltr'><strong>decurritur</strong></span> <span class='ocrx_word' id='word_1_553' title='bbox 1282 5113 1584 5184; x_wconf 79' lang='grc' dir='ltr'><strong>μελῳδῶςε</strong></span> <span class='ocrx_word' id='word_1_554' title='bbox 1626 5114 1721 5169; x_wconf 85' lang='lat' dir='ltr'><strong>sed</strong></span> <span class='ocrx_word' id='word_1_555' title='bbox 1786 5131 1922 5170; x_wconf 83' lang='lat' dir='ltr'><strong>voce</strong></span> 
     </span>
    </p>
   </div>
   <div class='ocr_carea' id='block_1_85' title="bbox 355 5202 1924 5275">
    <p class='ocr_par' dir='ltr' id='par_1_85' title="bbox 355 5202 1924 5275">
     <span class='ocr_line' id='line_1_85' title="bbox 355 5202 1924 5275; baseline 0.003 -22"><span class='ocrx_word' id='word_1_556' title='bbox 355 5203 633 5267; x_wconf 66' lang='lat' dir='ltr'><strong>continua,</strong></span> <span class='ocrx_word' id='word_1_557' title='bbox 663 5202 833 5273; x_wconf 70' lang='grc' dir='ltr'>χύμα,</span> <span class='ocrx_word' id='word_1_558' title='bbox 872 5206 1170 5275; x_wconf 83' lang='lat' dir='ltr'><strong>utscripsit</strong></span> <span class='ocrx_word' id='word_1_559' title='bbox 1195 5206 1924 5274; x_wconf 62' lang='lat' dir='ltr'><strong>Philotheus,dvaywcbox:-</strong></span> 
     </span>
    </p>
   </div>
   <div class='ocr_carea' id='block_1_86' title="bbox 362 5282 700 5365">
    <p class='ocr_par' dir='ltr' id='par_1_86' title="bbox 362 5282 700 5365">
     <span class='ocr_line' id='line_1_86' title="bbox 362 5282 700 5365; baseline 0.003 -19"><span class='ocrx_word' id='word_1_560' title='bbox 362 5312 457 5349; x_wconf 76' lang='grc' dir='ltr'><strong>ιαι.</strong></span> <span class='ocrx_word' id='word_1_561' title='bbox 500 5295 653 5349; x_wconf 66' lang='grc' dir='ltr'><strong>(ΞοΑΙι</strong></span> 
     </span>
    </p>
   </div>
   <div class='ocr_carea' id='block_1_87' title="bbox 426 5386 1925 5458">
    <p class='ocr_par' dir='ltr' id='par_1_87' title="bbox 426 5386 1925 5458">
     <span class='ocr_line' id='line_1_87' title="bbox 426 5386 1925 5458; baseline 0.001 -18"><span class='ocrx_word' id='word_1_562' title='bbox 426 5386 564 5441; x_wconf 81' lang='lat' dir='ltr'><strong>Ibid.</strong></span> <span class='ocrx_word' id='word_1_563' title='bbox 594 5388 711 5443; x_wconf 82' lang='lat' dir='ltr'><strong>Mos</strong></span> <span class='ocrx_word' id='word_1_564' title='bbox 744 5388 844 5444; x_wconf 89' lang='lat' dir='ltr'><strong>iste</strong></span> <span class='ocrx_word' id='word_1_565' title='bbox 874 5389 1161 5444; x_wconf 89' lang='lat' dir='ltr'><strong>accinendi</strong></span> <span class='ocrx_word' id='word_1_566' title='bbox 1209 5390 1634 5458; x_wconf 86' lang='lat' dir='ltr'><strong>imperatoribus</strong></span> <span class='ocrx_word' id='word_1_567' title='bbox 1658 5390 1719 5441; x_wconf 79' lang='grc' dir='ltr'><strong>τὸ</strong></span> <span class='ocrx_word' id='word_1_568' title='bbox 1758 5388 1925 5441; x_wconf 81' lang='grc' dir='ltr'>πολυ-</span> 
     </span>
    </p>
   </div>
   <div class='ocr_carea' id='block_1_88' title="bbox 362 5480 1923 5548">
    <p class='ocr_par' dir='ltr' id='par_1_88' title="bbox 362 5480 1923 5548">
     <span class='ocr_line' id='line_1_88' title="bbox 362 5480 1923 5548; baseline 0.001 -15"><span class='ocrx_word' id='word_1_569' title='bbox 362 5482 567 5548; x_wconf 64' lang='grc' dir='ltr'><strong>χρόνιον</strong></span> <span class='ocrx_word' id='word_1_570' title='bbox 591 5490 647 5535; x_wconf 91' lang='lat' dir='ltr'><strong>et</strong></span> <span class='ocrx_word' id='word_1_571' title='bbox 670 5483 1009 5537; x_wconf 86' lang='lat' dir='ltr'><strong>acclamandi</strong></span> <span class='ocrx_word' id='word_1_572' title='bbox 1039 5485 1120 5545; x_wconf 78' lang='lat' dir='ltr'><strong>et;</strong></span> <span class='ocrx_word' id='word_1_573' title='bbox 1148 5483 1320 5535; x_wconf 86' lang='grc' dir='ltr'><strong>πολλά</strong></span> <span class='ocrx_word' id='word_1_574' title='bbox 1352 5482 1453 5547; x_wconf 75' lang='grc' dir='ltr'><strong>ἐτη</strong></span> <span class='ocrx_word' id='word_1_575' title='bbox 1507 5480 1712 5535; x_wconf 69' lang='lat' dir='ltr'><strong>Graecis</strong></span> <span class='ocrx_word' id='word_1_576' title='bbox 1768 5483 1923 5535; x_wconf 86' lang='lat' dir='ltr'><strong>valde</strong></span> 
     </span>
    </p>
   </div>
   <div class='ocr_carea' id='block_1_89' title="bbox 363 5571 1921 5644">
    <p class='ocr_par' dir='ltr' id='par_1_89' title="bbox 363 5571 1921 5644">
     <span class='ocr_line' id='line_1_89' title="bbox 363 5571 1921 5644; baseline 0.002 -23"><span class='ocrx_word' id='word_1_577' title='bbox 363 5571 616 5641; x_wconf 78' lang='lat' dir='ltr'><strong>frequens</strong></span> <span class='ocrx_word' id='word_1_578' title='bbox 651 5573 775 5638; x_wconf 82' lang='lat' dir='ltr'><strong>fuit,</strong></span> <span class='ocrx_word' id='word_1_579' title='bbox 805 5584 863 5628; x_wconf 88' lang='lat' dir='ltr'><strong>ut</strong></span> <span class='ocrx_word' id='word_1_580' title='bbox 886 5576 1084 5643; x_wconf 65' lang='lat' dir='ltr'><strong>saepius</strong></span> <span class='ocrx_word' id='word_1_581' title='bbox 1112 5574 1342 5644; x_wconf 86' lang='lat' dir='ltr'><strong>posthac</strong></span> <span class='ocrx_word' id='word_1_582' title='bbox 1373 5589 1435 5627; x_wconf 83' lang='lat' dir='ltr'><strong>ex</strong></span> <span class='ocrx_word' id='word_1_583' title='bbox 1451 5572 1665 5627; x_wconf 88' lang='lat' dir='ltr'><strong>Codino</strong></span> <span class='ocrx_word' id='word_1_584' title='bbox 1719 5571 1921 5625; x_wconf 84' lang='lat' dir='ltr'><strong>intelli-</strong></span> 
     </span>
    </p>
   </div>
   <div class='ocr_carea' id='block_1_90' title="bbox 363 5664 1920 5735">
    <p class='ocr_par' dir='ltr' id='par_1_90' title="bbox 363 5664 1920 5735">
     <span class='ocr_line' id='line_1_90' title="bbox 363 5664 1920 5735; baseline 0 -20"><span class='ocrx_word' id='word_1_585' title='bbox 363 5680 567 5731; x_wconf 84' lang='lat' dir='ltr'><strong>gemus,</strong></span> <span class='ocrx_word' id='word_1_586' title='bbox 604 5684 765 5735; x_wconf 84' lang='lat' dir='ltr'><strong>quem</strong></span> <span class='ocrx_word' id='word_1_587' title='bbox 796 5668 1074 5735; x_wconf 74' lang='lat' dir='ltr'><strong>eleganter</strong></span> <span class='ocrx_word' id='word_1_588' title='bbox 1123 5667 1386 5721; x_wconf 84' lang='lat' dir='ltr'><strong>describit</strong></span> <span class='ocrx_word' id='word_1_589' title='bbox 1440 5665 1733 5734; x_wconf 78' lang='lat' dir='ltr'><strong>Corippus,</strong></span> <span class='ocrx_word' id='word_1_590' title='bbox 1789 5664 1920 5718; x_wconf 87' lang='lat' dir='ltr'><strong>dum</strong></span> 
     </span>
    </p>
   </div>
   <div class='ocr_carea' id='block_1_91' title="bbox 364 5755 1916 5828">
    <p class='ocr_par' dir='ltr' id='par_1_91' title="bbox 364 5755 1916 5828">
     <span class='ocr_line' id='line_1_91' title="bbox 364 5755 1916 5828; baseline -0.001 -19"><span class='ocrx_word' id='word_1_591' title='bbox 364 5758 631 5823; x_wconf 58' lang='lat' dir='ltr'><strong>Quomodo</strong></span> <span class='ocrx_word' id='word_1_592' title='bbox 648 5755 857 5815; x_wconf 82' lang='lat' dir='ltr'><strong>Justino</strong></span> <span class='ocrx_word' id='word_1_593' title='bbox 875 5759 1088 5813; x_wconf 83' lang='lat' dir='ltr'><strong>Juuiori</strong></span> <span class='ocrx_word' id='word_1_594' title='bbox 1106 5759 1162 5811; x_wconf 60' lang='grc' dir='ltr'><strong>τ’»</strong></span> <span class='ocrx_word' id='word_1_595' title='bbox 1183 5758 1533 5828; x_wconf 76' lang='grc' dir='ltr'><strong>πολυχριῑνιον</strong></span> <span class='ocrx_word' id='word_1_596' title='bbox 1554 5757 1916 5813; x_wconf 86' lang='lat' dir='ltr'><strong>acclamatum</strong></span> 
     </span>
    </p>
   </div>
   <div class='ocr_carea' id='block_1_92' title="bbox 2020 3180 3600 3252">
    <p class='ocr_par' dir='ltr' id='par_1_92' title="bbox 2020 3180 3600 3252">
     <span class='ocr_line' id='line_1_92' title="bbox 2020 3180 3600 3252; baseline -0.004 -16"><span class='ocrx_word' id='word_1_597' title='bbox 2020 3180 2389 3236; x_wconf 74' lang='lat' dir='ltr'><strong>Orthodomm</strong></span> <span class='ocrx_word' id='word_1_598' title='bbox 2414 3183 2573 3252; x_wconf 82' lang='lat' dir='ltr'><strong>ﬁdem</strong></span> <span class='ocrx_word' id='word_1_599' title='bbox 2599 3195 2654 3236; x_wconf 90' lang='lat' dir='ltr'><strong>tu</strong></span> <span class='ocrx_word' id='word_1_600' title='bbox 2687 3184 2972 3237; x_wconf 84' lang='lat' dir='ltr'><strong>roborasti.</strong></span> <span class='ocrx_word' id='word_1_601' title='bbox 3009 3181 3160 3237; x_wconf 88' lang='lat' dir='ltr'><strong>Sicut</strong></span> <span class='ocrx_word' id='word_1_602' title='bbox 3184 3180 3487 3251; x_wconf 81' lang='lat' dir='ltr'><strong>apostolici.</strong></span> <span class='ocrx_word' id='word_1_603' title='bbox 3524 3181 3600 3237; x_wconf 68' lang='lat' dir='ltr'><strong>ita</strong></span> 
     </span>
    </p>
   </div>
   <div class='ocr_carea' id='block_1_93' title="bbox 2019 3274 3600 3346">
    <p class='ocr_par' dir='ltr' id='par_1_93' title="bbox 2019 3274 3600 3346">
     <span class='ocr_line' id='line_1_93' title="bbox 2019 3274 3600 3346; baseline -0.003 -17"><span class='ocrx_word' id='word_1_604' title='bbox 2019 3276 2254 3330; x_wconf 83' lang='lat' dir='ltr'><strong>creditis.</strong></span> <span class='ocrx_word' id='word_1_605' title='bbox 2297 3276 2547 3346; x_wconf 75' lang='lat' dir='ltr'><strong>Augustae</strong></span> <span class='ocrx_word' id='word_1_606' title='bbox 2574 3276 2765 3329; x_wconf 84' lang='lat' dir='ltr'><strong>multos</strong></span> <span class='ocrx_word' id='word_1_607' title='bbox 2793 3291 2982 3329; x_wconf 85' lang='lat' dir='ltr'><strong>annos.</strong></span> <span class='ocrx_word' id='word_1_608' title='bbox 3020 3274 3119 3328; x_wconf 83' lang='lat' dir='ltr'><strong>Vos</strong></span> <span class='ocrx_word' id='word_1_609' title='bbox 3167 3274 3371 3327; x_wconf 88' lang='lat' dir='ltr'><strong>lumina</strong></span> <span class='ocrx_word' id='word_1_610' title='bbox 3422 3279 3600 3326; x_wconf 78' lang='lat' dir='ltr'><strong>ortho-</strong></span> 
     </span>
    </p>
   </div>
   <div class='ocr_carea' id='block_1_94' title="bbox 2018 3366 3600 3437">
    <p class='ocr_par' dir='ltr' id='par_1_94' title="bbox 2018 3366 3600 3437">
     <span class='ocr_line' id='line_1_94' title="bbox 2018 3366 3600 3437; baseline -0.001 -18"><span class='ocrx_word' id='word_1_611' title='bbox 2018 3366 2171 3422; x_wconf 65' lang='lat' dir='ltr'><strong>doxae</strong></span> <span class='ocrx_word' id='word_1_612' title='bbox 2209 3368 2353 3437; x_wconf 80' lang='lat' dir='ltr'><strong>fidei.</strong></span> <span class='ocrx_word' id='word_1_613' title='bbox 2388 3368 2609 3437; x_wconf 81' lang='lat' dir='ltr'><strong>Propter</strong></span> <span class='ocrx_word' id='word_1_614' title='bbox 2639 3368 2749 3421; x_wconf 73' lang='lat' dir='ltr'><strong>hazc</strong></span> <span class='ocrx_word' id='word_1_615' title='bbox 2802 3367 2994 3437; x_wconf 88' lang='lat' dir='ltr'><strong>ubique</strong></span> <span class='ocrx_word' id='word_1_616' title='bbox 3048 3381 3155 3434; x_wconf 67' lang='lat' dir='ltr'><strong>pas:</strong></span> <span class='ocrx_word' id='word_1_617' title='bbox 3209 3375 3306 3421; x_wconf 89' lang='lat' dir='ltr'><strong>est.</strong></span> <span class='ocrx_word' id='word_1_618' title='bbox 3376 3366 3600 3419; x_wconf 84' lang='lat' dir='ltr'><strong>Lumina</strong></span> 
     </span>
    </p>
   </div>
   <div class='ocr_carea' id='block_1_95' title="bbox 2016 3458 3597 3527">
    <p class='ocr_par' dir='ltr' id='par_1_95' title="bbox 2016 3458 3597 3527">
     <span class='ocr_line' id='line_1_95' title="bbox 2016 3458 3597 3527; baseline -0.002 -14"><span class='ocrx_word' id='word_1_619' title='bbox 2016 3460 2185 3527; x_wconf 85' lang='lat' dir='ltr'><strong>pacis,</strong></span> <span class='ocrx_word' id='word_1_620' title='bbox 2217 3459 2447 3526; x_wconf 85' lang='lat' dir='ltr'><strong>domine,</strong></span> <span class='ocrx_word' id='word_1_621' title='bbox 2466 3468 2520 3512; x_wconf 91' lang='lat' dir='ltr'><strong>tu</strong></span> <span class='ocrx_word' id='word_1_622' title='bbox 2539 3460 2764 3516; x_wconf 86' lang='lat' dir='ltr'><strong>custodi.</strong></span> <span class='ocrx_word' id='word_1_623' title='bbox 2788 3459 3101 3513; x_wconf 87' lang='lat' dir='ltr'><strong>Luminaria</strong></span> <span class='ocrx_word' id='word_1_624' title='bbox 3131 3459 3337 3520; x_wconf 82' lang='lat' dir='ltr'><strong>mundi,</strong></span> <span class='ocrx_word' id='word_1_625' title='bbox 3367 3458 3597 3518; x_wconf 77' lang='lat' dir='ltr'><strong>domine,</strong></span> 
     </span>
    </p>
   </div>
   <div class='ocr_carea' id='block_1_96' title="bbox 2021 3552 3597 3620">
    <p class='ocr_par' dir='ltr' id='par_1_96' title="bbox 2021 3552 3597 3620">
     <span class='ocr_line' id='line_1_96' title="bbox 2021 3552 3597 3620; baseline -0.003 -16"><span class='ocrx_word' id='word_1_626' title='bbox 2021 3561 2077 3605; x_wconf 90' lang='lat' dir='ltr'><strong>tu</strong></span> <span class='ocrx_word' id='word_1_627' title='bbox 2104 3553 2333 3605; x_wconf 85' lang='lat' dir='ltr'><strong>custodi.</strong></span> <span class='ocrx_word' id='word_1_628' title='bbox 2378 3554 2647 3620; x_wconf 88' lang='lat' dir='ltr'><strong>Perpetua</strong></span> <span class='ocrx_word' id='word_1_629' title='bbox 2705 3555 2963 3607; x_wconf 87' lang='lat' dir='ltr'><strong>memoria</strong></span> <span class='ocrx_word' id='word_1_630' title='bbox 3024 3569 3156 3606; x_wconf 87' lang='lat' dir='ltr'><strong>novo</strong></span> <span class='ocrx_word' id='word_1_631' title='bbox 3220 3552 3597 3605; x_wconf 85' lang='lat' dir='ltr'><strong>Constantino.</strong></span> 
     </span>
    </p>
   </div>
   <div class='ocr_carea' id='block_1_97' title="bbox 2020 3643 3592 3717">
    <p class='ocr_par' dir='ltr' id='par_1_97' title="bbox 2020 3643 3592 3717">
     <span class='ocr_line' id='line_1_97' title="bbox 2020 3643 3592 3717; baseline -0.002 -19"><span class='ocrx_word' id='word_1_632' title='bbox 2020 3644 2151 3710; x_wconf 64' lang='lat' dir='ltr'><strong>Qui:</strong></span> <span class='ocrx_word' id='word_1_633' title='bbox 2183 3660 2250 3699; x_wconf 79' lang='lat' dir='ltr'><strong>ea:</strong></span> <span class='ocrx_word' id='word_1_634' title='bbox 2294 3660 2478 3716; x_wconf 84' lang='lat' dir='ltr'><strong>genere</strong></span> <span class='ocrx_word' id='word_1_635' title='bbox 2509 3645 2808 3699; x_wconf 72' lang='lat' dir='ltr'><strong>orthodoxa</strong></span> <span class='ocrx_word' id='word_1_636' title='bbox 2837 3655 2936 3706; x_wconf 88' lang='lat' dir='ltr'><strong>est,</strong></span> <span class='ocrx_word' id='word_1_637' title='bbox 2974 3644 3112 3717; x_wconf 79' lang='lat' dir='ltr'><strong>Deus</strong></span> <span class='ocrx_word' id='word_1_638' title='bbox 3157 3659 3272 3697; x_wconf 85' lang='lat' dir='ltr'><strong>eam</strong></span> <span class='ocrx_word' id='word_1_639' title='bbox 3304 3643 3592 3695; x_wconf 80' lang='lat' dir='ltr'><strong>custodiat.</strong></span> 
     </span>
    </p>
   </div>
   <div class='ocr_carea' id='block_1_98' title="bbox 2020 3733 3596 3807">
    <p class='ocr_par' dir='ltr' id='par_1_98' title="bbox 2020 3733 3596 3807">
     <span class='ocr_line' id='line_1_98' title="bbox 2020 3733 3596 3807; baseline -0.008 -12"><span class='ocrx_word' id='word_1_640' title='bbox 2020 3738 2299 3795; x_wconf 84' lang='lat' dir='ltr'><strong>Custodem</strong></span> <span class='ocrx_word' id='word_1_641' title='bbox 2319 3739 2443 3807; x_wconf 85' lang='lat' dir='ltr'><strong>ﬁdei</strong></span> <span class='ocrx_word' id='word_1_642' title='bbox 2469 3738 2607 3792; x_wconf 87' lang='lat' dir='ltr'><strong>Deus</strong></span> <span class='ocrx_word' id='word_1_643' title='bbox 2640 3736 3097 3792; x_wconf 63' lang='lat' dir='ltr'><strong>custodiat.‘Eam</strong></span> <span class='ocrx_word' id='word_1_644' title='bbox 3125 3750 3243 3803; x_wconf 78' lang='lat' dir='ltr'><strong>qua:</strong></span> <span class='ocrx_word' id='word_1_645' title='bbox 3275 3748 3483 3799; x_wconf 84' lang='lat' dir='ltr'><strong>semper</strong></span> <span class='ocrx_word' id='word_1_646' title='bbox 3509 3733 3596 3797; x_wconf 88' lang='lat' dir='ltr'><strong>pia</strong></span> 
     </span>
    </p>
   </div>
   <div class='ocr_carea' id='block_1_99' title="bbox 2017 3827 3598 3895">
    <p class='ocr_par' dir='ltr' id='par_1_99' title="bbox 2017 3827 3598 3895">
     <span class='ocr_line' id='line_1_99' title="bbox 2017 3827 3598 3895; baseline -0.006 -10"><span class='ocrx_word' id='word_1_647' title='bbox 2017 3842 2090 3885; x_wconf 90' lang='grc' dir='ltr'><strong>εει</strong></span> <span class='ocrx_word' id='word_1_648' title='bbox 2112 3831 2248 3886; x_wconf 88' lang='lat' dir='ltr'><strong>Deus</strong></span> <span class='ocrx_word' id='word_1_649' title='bbox 2279 3830 2697 3894; x_wconf 86' lang='lat' dir='ltr'><strong>custodiat.Pia,</strong></span> <span class='ocrx_word' id='word_1_650' title='bbox 2732 3828 3045 3889; x_wconf 76' lang='lat' dir='ltr'><strong>orthodoxa,</strong></span> <span class='ocrx_word' id='word_1_651' title='bbox 3078 3842 3195 3895; x_wconf 77' lang='lat' dir='ltr'><strong>qua:</strong></span> <span class='ocrx_word' id='word_1_652' title='bbox 3219 3827 3491 3878; x_wconf 86' lang='lat' dir='ltr'><strong>contraria</strong></span> <span class='ocrx_word' id='word_1_653' title='bbox 3522 3834 3598 3877; x_wconf 83' lang='lat' dir='ltr'><strong>est</strong></span> 
     </span>
    </p>
   </div>
   <div class='ocr_carea' id='block_1_100' title="bbox 2019 3917 3599 3986">
    <p class='ocr_par' dir='ltr' id='par_1_100' title="bbox 2019 3917 3599 3986">
     <span class='ocr_line' id='line_1_100' title="bbox 2019 3917 3599 3986; baseline -0.006 -10"><span class='ocrx_word' id='word_1_654' title='bbox 2019 3925 2299 3986; x_wconf 81' lang='lat' dir='ltr'><strong>Ittereticis,</strong></span> <span class='ocrx_word' id='word_1_655' title='bbox 2326 3922 2466 3976; x_wconf 88' lang='lat' dir='ltr'><strong>Deus</strong></span> <span class='ocrx_word' id='word_1_656' title='bbox 2487 3937 2603 3975; x_wconf 87' lang='lat' dir='ltr'><strong>eam</strong></span> <span class='ocrx_word' id='word_1_657' title='bbox 2653 3921 2933 3974; x_wconf 85' lang='lat' dir='ltr'><strong>custodiat.</strong></span> <span class='ocrx_word' id='word_1_658' title='bbox 2989 3918 3185 3971; x_wconf 86' lang='lat' dir='ltr'><strong>Omnes</strong></span> <span class='ocrx_word' id='word_1_659' title='bbox 3252 3917 3599 3969; x_wconf 65' lang='lat' dir='ltr'><strong>ha&#39;reticostn</strong></span> 
     </span>
    </p>
   </div>
   <div class='ocr_carea' id='block_1_101' title="bbox 2020 4008 3600 4083">
    <p class='ocr_par' dir='ltr' id='par_1_101' title="bbox 2020 4008 3600 4083">
     <span class='ocr_line' id='line_1_101' title="bbox 2020 4008 3600 4083; baseline -0.006 -16"><span class='ocrx_word' id='word_1_660' title='bbox 2020 4016 2239 4083; x_wconf 80' lang='lat' dir='ltr'><strong>fugasti.</strong></span> <span class='ocrx_word' id='word_1_661' title='bbox 2267 4012 2570 4065; x_wconf 85' lang='lat' dir='ltr'><strong>Nestorium</strong></span> <span class='ocrx_word' id='word_1_662' title='bbox 2589 4021 2639 4064; x_wconf 89' lang='lat' dir='ltr'><strong>et</strong></span> <span class='ocrx_word' id='word_1_663' title='bbox 2670 4010 2940 4080; x_wconf 80' lang='lat' dir='ltr'><strong>Eutychen</strong></span> <span class='ocrx_word' id='word_1_664' title='bbox 2973 4018 3030 4063; x_wconf 89' lang='lat' dir='ltr'><strong>tu</strong></span> <span class='ocrx_word' id='word_1_665' title='bbox 3062 4018 3330 4078; x_wconf 86' lang='lat' dir='ltr'><strong>persecuta</strong></span> <span class='ocrx_word' id='word_1_666' title='bbox 3354 4023 3429 4059; x_wconf 81' lang='lat' dir='ltr'><strong>es.</strong></span> <span class='ocrx_word' id='word_1_667' title='bbox 3453 4008 3600 4061; x_wconf 77' lang='lat' dir='ltr'><strong>Absit</strong></span> 
     </span>
    </p>
   </div>
   <div class='ocr_carea' id='block_1_102' title="bbox 2018 4100 3601 4171">
    <p class='ocr_par' dir='ltr' id='par_1_102' title="bbox 2018 4100 3601 4171">
     <span class='ocr_line' id='line_1_102' title="bbox 2018 4100 3601 4171; baseline -0.004 -13"><span class='ocrx_word' id='word_1_668' title='bbox 2018 4104 2215 4158; x_wconf 76' lang='lat' dir='ltr'><strong>invidia</strong></span> <span class='ocrx_word' id='word_1_669' title='bbox 2234 4121 2265 4157; x_wconf 91' lang='lat' dir='ltr'><strong>a</strong></span> <span class='ocrx_word' id='word_1_670' title='bbox 2290 4112 2456 4157; x_wconf 85' lang='lat' dir='ltr'><strong>vestro</strong></span> <span class='ocrx_word' id='word_1_671' title='bbox 2496 4104 2734 4169; x_wconf 87' lang='lat' dir='ltr'><strong>imperio.</strong></span> <span class='ocrx_word' id='word_1_672' title='bbox 2760 4101 2965 4156; x_wconf 83' lang='lat' dir='ltr'><strong>Fideles</strong></span> <span class='ocrx_word' id='word_1_673' title='bbox 2984 4103 3326 4171; x_wconf 87' lang='lat' dir='ltr'><strong>imperatores</strong></span> <span class='ocrx_word' id='word_1_674' title='bbox 3350 4101 3423 4153; x_wconf 87' lang='lat' dir='ltr'><strong>sic</strong></span> <span class='ocrx_word' id='word_1_675' title='bbox 3441 4100 3601 4152; x_wconf 81' lang='lat' dir='ltr'><strong>Itono-</strong></span> 
     </span>
    </p>
   </div>
   <div class='ocr_carea' id='block_1_103' title="bbox 2021 4193 3602 4262">
    <p class='ocr_par' dir='ltr' id='par_1_103' title="bbox 2021 4193 3602 4262">
     <span class='ocr_line' id='line_1_103' title="bbox 2021 4193 3602 4262; baseline -0.001 -15"><span class='ocrx_word' id='word_1_676' title='bbox 2021 4204 2230 4261; x_wconf 85' lang='lat' dir='ltr'><strong>rantur.</strong></span> <span class='ocrx_word' id='word_1_677' title='bbox 2267 4195 2402 4249; x_wconf 88' lang='lat' dir='ltr'><strong>Deus</strong></span> <span class='ocrx_word' id='word_1_678' title='bbox 2430 4194 2697 4250; x_wconf 80' lang='lat' dir='ltr'><strong>custodiat</strong></span> <span class='ocrx_word' id='word_1_679' title='bbox 2722 4202 3038 4261; x_wconf 85' lang='lat' dir='ltr'><strong>potestatem</strong></span> <span class='ocrx_word' id='word_1_680' title='bbox 3057 4203 3305 4257; x_wconf 77' lang='lat' dir='ltr'><strong>vestram,</strong></span> <span class='ocrx_word' id='word_1_681' title='bbox 3331 4193 3465 4246; x_wconf 87' lang='lat' dir='ltr'><strong>Deus</strong></span> <span class='ocrx_word' id='word_1_682' title='bbox 3510 4208 3602 4262; x_wconf 89' lang='lat' dir='ltr'><strong>pa-</strong></span> 
     </span>
    </p>
   </div>
   <div class='ocr_carea' id='block_1_104' title="bbox 2019 4281 3602 4351">
    <p class='ocr_par' dir='ltr' id='par_1_104' title="bbox 2019 4281 3602 4351">
     <span class='ocr_line' id='line_1_104' title="bbox 2019 4281 3602 4351; baseline -0.001 -14"><span class='ocrx_word' id='word_1_683' title='bbox 2019 4284 2181 4351; x_wconf 79' lang='lat' dir='ltr'><strong>ciﬁcet</strong></span> <span class='ocrx_word' id='word_1_684' title='bbox 2208 4284 2484 4351; x_wconf 71' lang='lat' dir='ltr'><strong>inperium</strong></span> <span class='ocrx_word' id='word_1_685' title='bbox 2518 4293 2767 4338; x_wconf 69' lang='lat' dir='ltr'><strong>uestrum.</strong></span> <span class='ocrx_word' id='word_1_686' title='bbox 2797 4281 3108 4338; x_wconf 78' lang='lat' dir='ltr'><strong>Marcianus</strong></span> <span class='ocrx_word' id='word_1_687' title='bbox 3150 4300 3314 4339; x_wconf 77' lang='lat' dir='ltr'><strong>novus</strong></span> <span class='ocrx_word' id='word_1_688' title='bbox 3340 4284 3602 4338; x_wconf 85' lang='lat' dir='ltr'><strong>Constan-</strong></span> 
     </span>
    </p>
   </div>
   <div class='ocr_carea' id='block_1_105' title="bbox 2023 4374 3602 4439">
    <p class='ocr_par' dir='ltr' id='par_1_105' title="bbox 2023 4374 3602 4439">
     <span class='ocr_line' id='line_1_105' title="bbox 2023 4374 3602 4439; baseline -0.002 -11"><span class='ocrx_word' id='word_1_689' title='bbox 2023 4378 2186 4439; x_wconf 87' lang='lat' dir='ltr'><strong>tinus,</strong></span> <span class='ocrx_word' id='word_1_690' title='bbox 2213 4374 2488 4430; x_wconf 84' lang='lat' dir='ltr'><strong>Pulcheria</strong></span> <span class='ocrx_word' id='word_1_691' title='bbox 2507 4393 2637 4431; x_wconf 87' lang='lat' dir='ltr'><strong>nova</strong></span> <span class='ocrx_word' id='word_1_692' title='bbox 2662 4375 2864 4431; x_wconf 82' lang='lat' dir='ltr'><strong>Helena</strong></span> <span class='ocrx_word' id='word_1_693' title='bbox 2887 4393 2904 4431; x_wconf 91' lang='lat'><strong><em>:</em></strong></span> <span class='ocrx_word' id='word_1_694' title='bbox 2926 4377 3096 4431; x_wconf 74' lang='lat' dir='ltr'><strong>zelum</strong></span> <span class='ocrx_word' id='word_1_695' title='bbox 3125 4376 3335 4431; x_wconf 75' lang='lat' dir='ltr'><strong>Helena:</strong></span> <span class='ocrx_word' id='word_1_696' title='bbox 3365 4385 3419 4428; x_wconf 89' lang='lat' dir='ltr'><strong>tu</strong></span> <span class='ocrx_word' id='word_1_697' title='bbox 3434 4386 3602 4429; x_wconf 81' lang='lat' dir='ltr'><strong>secta-</strong></span> 
     </span>
    </p>
   </div>
   <div class='ocr_carea' id='block_1_106' title="bbox 2028 4466 3599 4533">
    <p class='ocr_par' dir='ltr' id='par_1_106' title="bbox 2028 4466 3599 4533">
     <span class='ocr_line' id='line_1_106' title="bbox 2028 4466 3599 4533; baseline -0.003 -14"><span class='ocrx_word' id='word_1_698' title='bbox 2028 4469 2123 4519; x_wconf 85' lang='lat' dir='ltr'><strong>ris.</strong></span> <span class='ocrx_word' id='word_1_699' title='bbox 2165 4466 2345 4520; x_wconf 84' lang='lat' dir='ltr'><strong>Vestra</strong></span> <span class='ocrx_word' id='word_1_700' title='bbox 2362 4469 2469 4521; x_wconf 83' lang='lat' dir='ltr'><strong>vita</strong></span> <span class='ocrx_word' id='word_1_701' title='bbox 2496 4469 2766 4524; x_wconf 88' lang='lat' dir='ltr'><strong>munimen</strong></span> <span class='ocrx_word' id='word_1_702' title='bbox 2786 4479 3094 4524; x_wconf 79' lang='lat' dir='ltr'><strong>cunctorum</strong></span> <span class='ocrx_word' id='word_1_703' title='bbox 3126 4478 3203 4521; x_wconf 87' lang='lat' dir='ltr'><strong>est</strong></span> <span class='ocrx_word' id='word_1_704' title='bbox 3235 4477 3441 4521; x_wconf 74' lang='lat' dir='ltr'><strong>:vestra</strong></span> <span class='ocrx_word' id='word_1_705' title='bbox 3472 4466 3599 4533; x_wconf 81' lang='lat' dir='ltr'><strong>ﬁdes</strong></span> 
     </span>
    </p>
   </div>
   <div class='ocr_carea' id='block_1_107' title="bbox 2025 4557 3247 4628">
    <p class='ocr_par' dir='ltr' id='par_1_107' title="bbox 2025 4557 3247 4628">
     <span class='ocr_line' id='line_1_107' title="bbox 2025 4557 3247 4628; baseline 0.007 -17"><span class='ocrx_word' id='word_1_706' title='bbox 2025 4557 2362 4611; x_wconf 83' lang='lat' dir='ltr'><strong>ecclesiarum</strong></span> <span class='ocrx_word' id='word_1_707' title='bbox 2386 4558 2554 4628; x_wconf 77' lang='lat' dir='ltr'><strong>gloria</strong></span> <span class='ocrx_word' id='word_1_708' title='bbox 2575 4570 2673 4614; x_wconf 88' lang='lat' dir='ltr'><strong>est.</strong></span> <span class='ocrx_word' id='word_1_709' title='bbox 3244 4626 3247 4627; x_wconf 22' lang='grc' dir='ltr'><strong>ν</strong></span> 
     </span>
    </p>
   </div>
   <div class='ocr_carea' id='block_1_108' title="bbox 2102 4651 3596 4722">
    <p class='ocr_par' dir='ltr' id='par_1_108' title="bbox 2102 4651 3596 4722">
     <span class='ocr_line' id='line_1_108' title="bbox 2102 4651 3596 4722; baseline 0.001 -19"><span class='ocrx_word' id='word_1_710' title='bbox 2102 4651 2385 4705; x_wconf 81' lang='lat' dir='ltr'><strong>Similibus</strong></span> <span class='ocrx_word' id='word_1_711' title='bbox 2415 4652 2849 4720; x_wconf 84' lang='lat' dir='ltr'><strong>epiphonematis</strong></span> <span class='ocrx_word' id='word_1_712' title='bbox 2885 4659 3141 4720; x_wconf 85' lang='lat' dir='ltr'><strong>personat</strong></span> <span class='ocrx_word' id='word_1_713' title='bbox 3176 4663 3286 4705; x_wconf 80' lang='lat' dir='ltr'><strong>tota</strong></span> <span class='ocrx_word' id='word_1_714' title='bbox 3352 4657 3596 4722; x_wconf 50' lang='lat' dir='ltr'><strong>syaoﬁns</strong></span> 
     </span>
    </p>
   </div>
   <div class='ocr_carea' id='block_1_109' title="bbox 2024 4740 3599 4811">
    <p class='ocr_par' dir='ltr' id='par_1_109' title="bbox 2024 4740 3599 4811">
     <span class='ocr_line' id='line_1_109' title="bbox 2024 4740 3599 4811; baseline -0.003 -15"><span class='ocrx_word' id='word_1_715' title='bbox 2024 4741 2308 4810; x_wconf 87' lang='lat' dir='ltr'><strong>Cpolitaua</strong></span> <span class='ocrx_word' id='word_1_716' title='bbox 2344 4743 2444 4796; x_wconf 88' lang='lat' dir='ltr'><strong>sub</strong></span> <span class='ocrx_word' id='word_1_717' title='bbox 2481 4742 2633 4796; x_wconf 81' lang='lat' dir='ltr'><strong>Mena</strong></span> <span class='ocrx_word' id='word_1_718' title='bbox 2670 4742 2979 4811; x_wconf 81' lang='lat' dir='ltr'><strong>patriarcha</strong></span> <span class='ocrx_word' id='word_1_719' title='bbox 3013 4750 3065 4793; x_wconf 80' lang='lat' dir='ltr'><strong>et</strong></span> <span class='ocrx_word' id='word_1_720' title='bbox 3129 4740 3444 4794; x_wconf 69' lang='lat' dir='ltr'><strong>Iustiniano</strong></span> <span class='ocrx_word' id='word_1_721' title='bbox 3499 4745 3599 4794; x_wconf 69' lang='lat' dir='ltr'><strong>im—</strong></span> 
     </span>
    </p>
   </div>
   <div class='ocr_carea' id='block_1_110' title="bbox 2027 4832 3593 4903">
    <p class='ocr_par' dir='ltr' id='par_1_110' title="bbox 2027 4832 3593 4903">
     <span class='ocr_line' id='line_1_110' title="bbox 2027 4832 3593 4903; baseline -0.004 -14"><span class='ocrx_word' id='word_1_722' title='bbox 2027 4843 2301 4903; x_wconf 89' lang='lat' dir='ltr'><strong>peratorc.</strong></span> <span class='ocrx_word' id='word_1_723' title='bbox 2336 4834 2476 4899; x_wconf 87' lang='lat' dir='ltr'><strong>Quin</strong></span> <span class='ocrx_word' id='word_1_724' title='bbox 2508 4834 2639 4887; x_wconf 89' lang='lat' dir='ltr'><strong>etin</strong></span> <span class='ocrx_word' id='word_1_725' title='bbox 2673 4832 3034 4887; x_wconf 86' lang='lat' dir='ltr'><strong>electionibus</strong></span> <span class='ocrx_word' id='word_1_726' title='bbox 3063 4846 3196 4885; x_wconf 89' lang='lat' dir='ltr'><strong>usus</strong></span> <span class='ocrx_word' id='word_1_727' title='bbox 3226 4842 3345 4885; x_wconf 76' lang='lat' dir='ltr'><strong>erat</strong></span> <span class='ocrx_word' id='word_1_728' title='bbox 3376 4836 3593 4897; x_wconf 48' lang='grc' dir='ltr'><strong>ὲπιόυτη</strong></span> 
     </span>
    </p>
   </div>
   <div class='ocr_carea' id='block_1_111' title="bbox 2029 4920 3593 4990">
    <p class='ocr_par' dir='ltr' id='par_1_111' title="bbox 2029 4920 3593 4990">
     <span class='ocr_line' id='line_1_111' title="bbox 2029 4920 3593 4990; baseline -0.001 -16"><span class='ocrx_word' id='word_1_729' title='bbox 2029 4923 2237 4990; x_wconf 83' lang='grc' dir='ltr'>μάτων.</span> <span class='ocrx_word' id='word_1_730' title='bbox 2301 4923 2358 4975; x_wconf 92' lang='lat' dir='ltr'><strong>ln</strong></span> <span class='ocrx_word' id='word_1_731' title='bbox 2382 4923 2535 4976; x_wconf 82' lang='lat' dir='ltr'><strong>Actis</strong></span> <span class='ocrx_word' id='word_1_732' title='bbox 2589 4920 2952 4975; x_wconf 89' lang='lat' dir='ltr'><strong>ordinationis</strong></span> <span class='ocrx_word' id='word_1_733' title='bbox 3002 4921 3209 4983; x_wconf 75' lang='lat' dir='ltr'><strong>Eradii,</strong></span> <span class='ocrx_word' id='word_1_734' title='bbox 3274 4937 3395 4975; x_wconf 86' lang='lat' dir='ltr'><strong>cum</strong></span> <span class='ocrx_word' id='word_1_735' title='bbox 3442 4925 3593 4975; x_wconf 80' lang='lat' dir='ltr'><strong>illum</strong></span> 
     </span>
    </p>
   </div>
   <div class='ocr_carea' id='block_1_112' title="bbox 2028 5013 3594 5083">
    <p class='ocr_par' dir='ltr' id='par_1_112' title="bbox 2028 5013 3594 5083">
     <span class='ocr_line' id='line_1_112' title="bbox 2028 5013 3594 5083; baseline -0.002 -14"><span class='ocrx_word' id='word_1_736' title='bbox 2028 5014 2086 5069; x_wconf 91' lang='lat' dir='ltr'><strong>S.</strong></span> <span class='ocrx_word' id='word_1_737' title='bbox 2119 5014 2456 5083; x_wconf 80' lang='lat' dir='ltr'><strong>Augustinus</strong></span> <span class='ocrx_word' id='word_1_738' title='bbox 2492 5015 2603 5082; x_wconf 81' lang='lat' dir='ltr'><strong>jam</strong></span> <span class='ocrx_word' id='word_1_739' title='bbox 2633 5027 2798 5067; x_wconf 87' lang='lat' dir='ltr'><strong>senex</strong></span> <span class='ocrx_word' id='word_1_740' title='bbox 2825 5013 2969 5081; x_wconf 89' lang='lat' dir='ltr'><strong>apud</strong></span> <span class='ocrx_word' id='word_1_741' title='bbox 3024 5015 3230 5068; x_wconf 75' lang='lat' dir='ltr'><strong>cieruan</strong></span> <span class='ocrx_word' id='word_1_742' title='bbox 3256 5022 3309 5066; x_wconf 88' lang='lat' dir='ltr'><strong>et</strong></span> <span class='ocrx_word' id='word_1_743' title='bbox 3340 5018 3594 5082; x_wconf 75' lang='lat' dir='ltr'><strong>populum</strong></span> 
     </span>
    </p>
   </div>
   <div class='ocr_carea' id='block_1_113' title="bbox 2026 5103 3593 5179">
    <p class='ocr_par' dir='ltr' id='par_1_113' title="bbox 2026 5103 3593 5179">
     <span class='ocr_line' id='line_1_113' title="bbox 2026 5103 3593 5179; baseline 0.001 -18"><span class='ocrx_word' id='word_1_744' title='bbox 2026 5120 2401 5161; x_wconf 83' lang='lat' dir='ltr'><strong>successorem</strong></span> <span class='ocrx_word' id='word_1_745' title='bbox 2434 5105 2535 5160; x_wconf 83' lang='lat' dir='ltr'><strong>sibi</strong></span> <span class='ocrx_word' id='word_1_746' title='bbox 2565 5103 2722 5179; x_wconf 61' lang='lat' dir='ltr'><strong>dixit,</strong></span> <span class='ocrx_word' id='word_1_747' title='bbox 2758 5111 2887 5173; x_wconf 76' lang='lat' dir='ltr'><strong>post</strong></span> <span class='ocrx_word' id='word_1_748' title='bbox 2945 5106 3048 5159; x_wconf 86' lang='lat' dir='ltr'><strong>ista</strong></span> <span class='ocrx_word' id='word_1_749' title='bbox 3090 5104 3383 5174; x_wconf 75' lang='lat' dir='ltr'><strong>Augustini</strong></span> <span class='ocrx_word' id='word_1_750' title='bbox 3411 5109 3593 5163; x_wconf 72' lang='lat' dir='ltr'><strong>verba.</strong></span> 
     </span>
    </p>
   </div>
   <div class='ocr_carea' id='block_1_114' title="bbox 2027 5195 3594 5266">
    <p class='ocr_par' dir='ltr' id='par_1_114' title="bbox 2027 5195 3594 5266">
     <span class='ocr_line' id='line_1_114' title="bbox 2027 5195 3594 5266; baseline -0.003 -13"><span class='ocrx_word' id='word_1_751' title='bbox 2027 5198 2399 5266; x_wconf 76' lang='lat' dir='ltr'><strong>Presbyterum</strong></span> <span class='ocrx_word' id='word_1_752' title='bbox 2446 5195 2707 5249; x_wconf 85' lang='lat' dir='ltr'><strong>Eradium</strong></span> <span class='ocrx_word' id='word_1_753' title='bbox 2742 5196 2873 5250; x_wconf 88' lang='lat' dir='ltr'><strong>mihi</strong></span> <span class='ocrx_word' id='word_1_754' title='bbox 2926 5213 3276 5251; x_wconf 86' lang='lat' dir='ltr'><strong>successorem</strong></span> <span class='ocrx_word' id='word_1_755' title='bbox 3327 5198 3463 5262; x_wconf 77' lang='lat' dir='ltr'><strong>volo,</strong></span> <span class='ocrx_word' id='word_1_756' title='bbox 3513 5217 3594 5251; x_wconf 70' lang='lat' dir='ltr'><strong>se-</strong></span> 
     </span>
    </p>
   </div>
   <div class='ocr_carea' id='block_1_115' title="bbox 2026 5287 3591 5361">
    <p class='ocr_par' dir='ltr' id='par_1_115' title="bbox 2026 5287 3591 5361">
     <span class='ocr_line' id='line_1_115' title="bbox 2026 5287 3591 5361; baseline -0.001 -18"><span class='ocrx_word' id='word_1_757' title='bbox 2026 5299 2266 5361; x_wconf 88' lang='lat' dir='ltr'><strong>quuntur</strong></span> <span class='ocrx_word' id='word_1_758' title='bbox 2291 5289 2391 5341; x_wconf 88' lang='lat' dir='ltr'><strong>ista</strong></span> <span class='ocrx_word' id='word_1_759' title='bbox 2414 5307 2427 5342; x_wconf 84' lang='lat'><strong>:</strong></span> <span class='ocrx_word' id='word_1_760' title='bbox 2452 5288 2488 5339; x_wconf 82' lang='lat' dir='ltr'><strong><em>A</em></strong></span> <span class='ocrx_word' id='word_1_761' title='bbox 2515 5287 2705 5356; x_wconf 80' lang='lat' dir='ltr'><strong>populo</strong></span> <span class='ocrx_word' id='word_1_762' title='bbox 2737 5290 3087 5345; x_wconf 86' lang='lat' dir='ltr'><strong>acclamatum</strong></span> <span class='ocrx_word' id='word_1_763' title='bbox 3115 5302 3212 5356; x_wconf 89' lang='lat' dir='ltr'><strong>est,</strong></span> <span class='ocrx_word' id='word_1_764' title='bbox 3236 5291 3342 5343; x_wconf 83' lang='lat' dir='ltr'><strong>Deo</strong></span> <span class='ocrx_word' id='word_1_765' title='bbox 3367 5295 3591 5361; x_wconf 60' lang='lat' dir='ltr'><strong>gratias,</strong></span> 
     </span>
    </p>
   </div>
   <div class='ocr_carea' id='block_1_116' title="bbox 2026 5381 3593 5445">
    <p class='ocr_par' dir='ltr' id='par_1_116' title="bbox 2026 5381 3593 5445">
     <span class='ocr_line' id='line_1_116' title="bbox 2026 5381 3593 5445; baseline -0.001 -8"><span class='ocrx_word' id='word_1_766' title='bbox 2026 5381 2233 5437; x_wconf 88' lang='lat' dir='ltr'><strong>Christo</strong></span> <span class='ocrx_word' id='word_1_767' title='bbox 2288 5381 2516 5445; x_wconf 84' lang='lat' dir='ltr'><strong>laudes;</strong></span> <span class='ocrx_word' id='word_1_768' title='bbox 2581 5382 2782 5437; x_wconf 87' lang='lat' dir='ltr'><strong>dictum</strong></span> <span class='ocrx_word' id='word_1_769' title='bbox 2846 5394 2932 5438; x_wconf 87' lang='lat' dir='ltr'><strong>est</strong></span> <span class='ocrx_word' id='word_1_770' title='bbox 3004 5385 3168 5439; x_wconf 87' lang='lat' dir='ltr'><strong>vicies</strong></span> <span class='ocrx_word' id='word_1_771' title='bbox 3222 5393 3328 5439; x_wconf 78' lang='lat' dir='ltr'><strong>ter.</strong></span> <span class='ocrx_word' id='word_1_772' title='bbox 3388 5386 3593 5439; x_wconf 73' lang='lat' dir='ltr'><strong>Exaudi</strong></span> 
     </span>
    </p>
   </div>
   <div class='ocr_carea' id='block_1_117' title="bbox 2026 5474 3593 5544">
    <p class='ocr_par' dir='ltr' id='par_1_117' title="bbox 2026 5474 3593 5544">
     <span class='ocr_line' id='line_1_117' title="bbox 2026 5474 3593 5544; baseline 0.004 -17"><span class='ocrx_word' id='word_1_773' title='bbox 2026 5475 2249 5538; x_wconf 73' lang='lat' dir='ltr'><strong>Christe,</strong></span> <span class='ocrx_word' id='word_1_774' title='bbox 2280 5474 2570 5544; x_wconf 81' lang='lat' dir='ltr'><strong>Augustino</strong></span> <span class='ocrx_word' id='word_1_775' title='bbox 2617 5475 2761 5537; x_wconf 86' lang='lat' dir='ltr'><strong>vita;</strong></span> <span class='ocrx_word' id='word_1_776' title='bbox 2787 5476 2987 5529; x_wconf 88' lang='lat' dir='ltr'><strong>dictum</strong></span> <span class='ocrx_word' id='word_1_777' title='bbox 3012 5485 3095 5529; x_wconf 88' lang='lat' dir='ltr'><strong>est</strong></span> <span class='ocrx_word' id='word_1_778' title='bbox 3148 5478 3324 5532; x_wconf 73' lang='lat' dir='ltr'><strong>sexies</strong></span> <span class='ocrx_word' id='word_1_779' title='bbox 3370 5479 3548 5532; x_wconf 83' lang='lat' dir='ltr'><strong>decies</strong></span> <span class='ocrx_word' id='word_1_780' title='bbox 3581 5502 3593 5534; x_wconf 74' lang='grc' dir='ltr'><strong>ε</strong></span> 
     </span>
    </p>
   </div>
   <div class='ocr_carea' id='block_1_118' title="bbox 2031 5567 3595 5638">
    <p class='ocr_par' dir='ltr' id='par_1_118' title="bbox 2031 5567 3595 5638">
     <span class='ocr_line' id='line_1_118' title="bbox 2031 5567 3595 5638; baseline 0.001 -18"><span class='ocrx_word' id='word_1_781' title='bbox 2031 5567 2098 5622; x_wconf 84' lang='grc' dir='ltr'><strong>Τε</strong></span> <span class='ocrx_word' id='word_1_782' title='bbox 2121 5576 2346 5636; x_wconf 87' lang='lat' dir='ltr'><strong>patrem,</strong></span> <span class='ocrx_word' id='word_1_783' title='bbox 2380 5575 2425 5620; x_wconf 89' lang='lat' dir='ltr'><strong>te</strong></span> <span class='ocrx_word' id='word_1_784' title='bbox 2445 5568 2761 5638; x_wconf 84' lang='lat' dir='ltr'><strong>episcopum;</strong></span> <span class='ocrx_word' id='word_1_785' title='bbox 2788 5568 2990 5623; x_wconf 77' lang='lat' dir='ltr'><strong>dictum</strong></span> <span class='ocrx_word' id='word_1_786' title='bbox 3026 5575 3109 5624; x_wconf 80' lang='lat' dir='ltr'><strong>est</strong></span> <span class='ocrx_word' id='word_1_787' title='bbox 3178 5569 3370 5623; x_wconf 89' lang='lat' dir='ltr'><strong>octies.</strong></span> <span class='ocrx_word' id='word_1_788' title='bbox 3436 5568 3595 5625; x_wconf 78' lang='lat' dir='ltr'><strong>Cum-</strong></span> 
     </span>
    </p>
   </div>
   <div class='ocr_carea' id='block_1_119' title="bbox 2025 5660 3591 5737">
    <p class='ocr_par' dir='ltr' id='par_1_119' title="bbox 2025 5660 3591 5737">
     <span class='ocr_line' id='line_1_119' title="bbox 2025 5660 3591 5737; baseline 0.001 -24"><span class='ocrx_word' id='word_1_789' title='bbox 2025 5677 2121 5729; x_wconf 85' lang='lat' dir='ltr'><strong>que</strong></span> <span class='ocrx_word' id='word_1_790' title='bbox 2144 5662 2463 5725; x_wconf 86' lang='lat' dir='ltr'><strong>reticeretur,</strong></span> <span class='ocrx_word' id='word_1_791' title='bbox 2498 5663 2820 5731; x_wconf 79' lang='lat' dir='ltr'><strong>Augustinus</strong></span> <span class='ocrx_word' id='word_1_792' title='bbox 2842 5664 3111 5732; x_wconf 86' lang='lat' dir='ltr'><strong>episcopus</strong></span> <span class='ocrx_word' id='word_1_793' title='bbox 3130 5662 3291 5737; x_wconf 70' lang='lat' dir='ltr'><strong>dixit,</strong></span> <span class='ocrx_word' id='word_1_794' title='bbox 3319 5660 3437 5716; x_wconf 82' lang='lat' dir='ltr'><strong>Non</strong></span> <span class='ocrx_word' id='word_1_795' title='bbox 3464 5678 3591 5729; x_wconf 79' lang='lat' dir='ltr'><strong>opus</strong></span> 
     </span>
    </p>
   </div>
   <div class='ocr_carea' id='block_1_120' title="bbox 2026 5751 3589 5819">
    <p class='ocr_par' dir='ltr' id='par_1_120' title="bbox 2026 5751 3589 5819">
     <span class='ocr_line' id='line_1_120' title="bbox 2026 5751 3589 5819; baseline -0.001 -12"><span class='ocrx_word' id='word_1_796' title='bbox 2026 5762 2123 5819; x_wconf 76' lang='lat' dir='ltr'><strong>est,</strong></span> <span class='ocrx_word' id='word_1_797' title='bbox 2157 5764 2255 5807; x_wconf 80' lang='lat' dir='ltr'><strong>etc.</strong></span> <span class='ocrx_word' id='word_1_798' title='bbox 2294 5751 2409 5808; x_wconf 77' lang='lat' dir='ltr'><strong>Mox</strong></span> <span class='ocrx_word' id='word_1_799' title='bbox 2445 5772 2456 5808; x_wconf 87' lang='lat'><strong>:</strong></span> <span class='ocrx_word' id='word_1_800' title='bbox 2522 5754 2562 5808; x_wconf 81' lang='grc' dir='ltr'><em>Α</em></span> <span class='ocrx_word' id='word_1_801' title='bbox 2592 5754 2817 5808; x_wconf 81' lang='lat' dir='ltr'><strong>notariis</strong></span> <span class='ocrx_word' id='word_1_802' title='bbox 2865 5755 3114 5817; x_wconf 71' lang='lat' dir='ltr'><strong>ecclesiis,</strong></span> <span class='ocrx_word' id='word_1_803' title='bbox 3180 5757 3313 5811; x_wconf 88' lang='lat' dir='ltr'><strong>sicut</strong></span> <span class='ocrx_word' id='word_1_804' title='bbox 3352 5756 3589 5815; x_wconf 65' lang='lat' dir='ltr'><strong>cernitis,</strong></span> 
     </span>
    </p>
   </div>
  </div>
