3952 6222
330 319 429 382 3η

1388 322 1465 381 IN
1523 324 1821 384 LIBRUM
1882 326 1975 383 DE
2025 323 2353 383 OFFlCllS
2393 322 2506 381 (ΣΡ.

3457 317 3561 383 3Ῑὲ

322 426 658 494 excipiuntur
683 440 797 494 qua:
819 425 1063 491 dicimus,
1094 425 1425 493 excipiuntur
1454 445 1570 496 qua:
1604 430 1813 493 dicitis;
1843 442 1890 483 et
1921 448 1961 502 Α
1992 432 2272 497 parricida:
2305 438 2496 483 statua:
2530 428 2897 484 detrahantur.
2930 426 3159 483 Necator
3181 427 3373 481 civium
3438 435 3557 478 tra-

328 533 473 571 meus
499 532 669 571 sermo
698 526 744 569 et
772 526 958 571 vestra:
999 517 1404 570 acclamationes
1434 519 1486 569 in
1538 528 1732 571 terram
1790 537 1890 571 nun

326 609 541 667 eadunt.
574 609 814 677 Apertius
861 618 915 662 ut
945 608 1141 673 dicam,
1174 609 1527 662 ecclesiastica
1562 627 1697 662 nuru:
1751 622 1892 679 gesta

327 700 659 766 conﬁcimus.
690 698 779 754 Sic
807 700 947 753 enim
978 700 1073 752 hoc
1092 716 1203 753 esse
1233 710 1492 768 quantum
1528 701 1596 753 ad
1659 700 1891 753 homines

326 788 698 854 confirmatum
724 788 858 841 volo.
900 788 1105 857 Populo
1136 790 1492 843 acclamatum
1532 801 1613 844 est
1649 791 1892 861 trigesics

327 879 528 943 sexies,
558 880 663 933 Deo
687 882 912 949 gratias,
940 879 1147 935 Christo
1176 881 1378 938 laudes.
1411 881 1627 936 Exaudi
1646 883 1897 937 Christe!

327 972 621 1040 Augustino
651 973 794 1037 vita;
820 973 1024 1028 dictum
1054 974 1434 1029 esttrctlecies.
1467 973 1532 1027 Et
1562 975 1665 1031 sub
1695 974 1888 1028 linem:

329 1061 434 1116 Hic
460 1065 588 1117 mihi
612 1066 942 1133 responsione
972 1075 1142 1118 vestra
1157 1081 1286 1134 opus
1304 1076 1403 1119 est.
1440 1065 1660 1119 Teneam
1682 1082 1889 1135 respon-

329 1155 528 1210 sionem
556 1164 802 1209 vestram.
827 1156 900 1208 De
925 1156 1023 1209 hac
1043 1160 1334 1211 assertione
1355 1158 1557 1227 aliquid
1575 1157 1889 1212 acclantate.

328 1248 369 1301 A
403 1249 598 1317 populo
660 1249 1030 1313 acclamatum,
1086 1248 1236 1313 Fiat,
1278 1251 1372 1317 fiat
1401 1265 1419 1302 :
1475 1251 1682 1304 dictum
1724 1250 1893 1304 vicies

330 1338 643 1407 quinquies.
679 1338 902 1408 Dignum
930 1353 1029 1403 est,
1080 1341 1287 1408 justum
1336 1352 1437 1405 est,
1488 1342 1693 1396 dictum
1726 1343 1892 1396 vicies

330 1430 524 1483 octies.
557 1428 705 1493 Fiat,
737 1431 830 1498 ﬁat
863 1446 881 1481 :
902 1431 1106 1485 dictum
1159 1441 1352 1498 quater
1402 1432 1602 1488 decies.
1633 1433 1772 1486 Olim
1808 1434 1890 1486 di-

330 1536 485 1589 gnus,
554 1522 680 1573 olim
734 1522 997 1575 meritus:
1054 1521 1260 1576 dictum
1330 1523 1493 1578 vicies
1577 1524 1891 1593 quinquies.

328 1610 544 1666 Iudicio
568 1623 656 1665 tuo
692 1615 895 1681 gratias
927 1615 1153 1683 agimus,
1196 1614 1404 1669 dictum
1454 1615 1743 1671 tredecies.
1778 1617 1883 1670 Ez-

330 1702 485 1767 audi,
521 1700 753 1767 Christe,
812 1704 1073 1758 Eradium
1104 1721 1353 1759 conserva
1384 1722 1401 1757 :
1446 1705 1653 1760 dictum
1720 1708 1897 1761 octies

1997 520 2173 581 hatur,
2205 521 2477 588 parricida
2514 521 2706 572 civium
2745 522 3009 573 trahatur.
3062 519 3389 572 Gladiatoris
3444 530 3557 571 sta-

1996 624 2099 666 ture
2126 614 2494 669 detrahantur.
2541 614 2612 667 Te
2654 612 2799 666 salvo
2838 612 2975 666 salvi
3030 621 3080 664 et
3137 612 3310 664 securi
3352 626 3558 673 cantus,

1994 722 2123 768 rere,
2142 722 2285 769 vere;
2310 707 2461 758 modo
2493 705 2668 775 digne,
2699 706 2850 758 modo
2873 720 3007 769 vere,
3030 704 3181 757 modo
3199 702 3378 755 libere.
3404 701 3559 754 Nunc

1994 795 2162 847 securi
2194 811 2397 847 sanius.
2446 794 2780 848 Delatoribus
2812 803 3025 849 metum.
3059 794 3121 848 Ut
3168 793 3338 845 secari
3364 792 3556 855 simus,

1994 884 2572 950 delatoribusmetum;
2615 894 2671 937 ut
2736 885 2871 938 salvi
2936 885 3120 947 simus,
3181 883 3446 936 delatores
3496 883 3563 932 de

1994 984 2200 1027 senatu.
2247 974 2579 1027 Delatoribus
2631 974 2823 1042 fustem
2856 983 2903 1025 te
2924 972 3091 1025 salvo.
3157 970 3427 1025 Delatores
3487 969 3558 1021 ad

1997 1066 2193 1120 leonem
2222 1074 2269 1118 te
2304 1067 2615 1134 imperante.
2656 1065 2990 1120 Delatoribus
3025 1065 3239 1131 fustem.
3266 1060 3566 1115 Parricidi:

1995 1158 2305 1228 gladiatoris
2331 1158 2580 1211 memoria
2620 1156 2920 1219 abolentur,
2947 1153 3230 1220 parricida:
3290 1152 3563 1222 gladiato—

1995 1251 2069 1303 ris
2093 1259 2288 1303 statuat
2319 1251 2690 1303 detrahantur.
2749 1248 2957 1317 lmpuri
3003 1246 3320 1316 gladiatoris
3371 1260 3565 1297 memoo

1997 1342 2076 1394 ria
2136 1342 2440 1404 abolentur;
2502 1341 2850 1410 gladiatorem
2909 1343 2964 1393 in
3013 1338 3286 1405 spoliario.
3323 1335 3560 1396 Exaudi,
3630 1350 3651 1380 9

1997 1433 2196 1487 Cursor.
2249 1432 2506 1501 Carnifex
2561 1448 2693 1486 unco
2733 1431 2997 1485 trahatur.
3033 1428 3288 1497 Carnifex
3347 1438 3567 1481 senatus

1997 1541 2137 1578 more
2200 1524 2463 1592 majorum
2486 1541 2617 1578 unco
2685 1523 2949 1576 trahatur.
2983 1522 3184 1575 Sa’vior
3231 1519 3561 1580 Domitiano,
3618 1548 3629 1573 η-

1995 1615 2254 1681 impurior
2283 1616 2513 1678 Nerone,
2544 1617 2620 1670 sic
2676 1616 2819 1684 fecit,
2862 1616 2935 1668 sic
2991 1617 3254 1682 patiatur.
3296 1613 3565 1667 Memoriae

1995 1708 2343 1760 innocentium
2356 1717 2644 1773 serventur,
2667 1708 2886 1761 honores
2908 1707 3263 1760 innocentium
3289 1705 3563 1757 restituas.

330 1793 534 1846 decies.
566 1790 729 1848 Vides
799 1793 886 1848 hic
937 1794 1102 1864 280
1149 1779 1393 1849 eamdem
1441 1796 1895 1851 acclamationem.
1924 1778 1967 1837 Β
1994 1797 2279 1869 Rogamus,
2305 1799 2586 1869 parricida!
2609 1800 2830 1853 cadaver
2852 1815 2989 1853 unco
3016 1802 3284 1861 trahatur,
3302 1796 3570 1866 gladiato-

331 1886 579 1939 iteratam
613 1887 801 1953 luisse,
837 1902 947 1942 non
970 1897 1178 1942 tantum
1201 1890 1391 1955 semel,
1426 1890 1522 1945 sed
1570 1902 1626 1945 ct
1669 1892 1892 1961 sapius,

332 1988 444 2027 Πηο
478 1989 802 2042 saepnssune.

403 2065 478 2117 En
521 2065 651 2134 quid
704 2078 927 2122 senatus
972 2070 1027 2121 in
1059 2067 1371 2137 Claudium,
1428 2086 1550 2126 cum
1599 2071 1896 2140 imperator

334 2159 677 2212 renuntiatus
697 2173 861 2223 esset,
883 2161 1025 2228 apud
1056 2162 1382 2217 Trebellium
1412 2180 1425 2216 :
1454 2168 1685 2232 Auguste
1732 2164 1897 2218 Clau-

330 2251 409 2310 di.
439 2250 515 2303 dii
555 2260 602 2304 te
628 2252 770 2304 nobis
803 2262 1051 2321 prcestent
1082 2271 1099 2307 :
1127 2256 1329 2309 dictum
1378 2258 1645 2325 sesagies.
1703 2255 1898 2310 Claudi

333 2348 588 2421 Auguste,
611 2347 896 2415 principem
926 2357 993 2413 te,
1025 2359 1112 2400 aut
1135 2350 1309 2417 qualis
1337 2358 1390 2401 tu
1419 2365 1494 2415 es,
1530 2364 1729 2416 semper
1745 2357 1897 2416 opta-

333 2438 548 2491 vimus?
580 2439 788 2492 dictum
815 2440 1162 2511 quadragies.
1194 2441 1388 2495 Claudi
1426 2441 1682 2512 Auguste,
1711 2451 1757 2495 te
1787 2457 1887 2496 res-

332 2528 548 2600 publica
614 2531 953 2598 requirebat:
1016 2531 1237 2586 dictum
1290 2532 1632 2602 quadragies.
1706 2533 1899 2587 Claudi

333 2622 586 2690 Auguste,
621 2630 673 2673 tu
704 2622 892 2689 frater,
925 2630 979 2674 tu
1030 2633 1204 2691 pater,
1256 2633 1313 2677 tu
1367 2627 1591 2689 amicus,
1624 2633 1679 2679 tu
1736 2624 1901 2678 bonus

332 2723 564 2781 senator,
596 2726 652 2768 tu
678 2732 790 2770 vere
814 2718 1052 2786 princeps
1081 2734 1099 2771 :
1130 2718 1338 2772 dictum
1380 2720 1641 2781 octavies.
1712 2717 1901 2773 Claudi

334 2802 587 2873 Auguste,
618 2814 675 2856 tu
712 2820 804 2859 nos
826 2805 891 2858 ab
914 2805 1141 2860 Aareolo
1196 2807 1405 2862 vindica
1439 2825 1459 2862 :
1499 2809 1703 2863 dictum
1744 2809 1904 2876 quin-

335 2893 513 2959 quies.
538 2893 730 2947 Claudi
748 2895 1000 2964 Auguste,
1034 2905 1090 2949 tu
1122 2913 1212 2950 nos
1238 2914 1269 2949 a
1295 2898 1627 2968 Palmyrenis
1658 2898 1898 2953 vindica:

335 2983 540 3041 dictum
571 2983 884 3053 quinquies.
915 2985 1109 3040 Claudi
1140 2988 1397 3057 Auguste,
1452 3000 1508 3042 tu
1551 3005 1642 3043 nos
1672 3006 1705 3042 a
1736 2989 1902 3042 Zeno-

338 3076 422 3128 bia
446 3085 492 3129 et
514 3092 546 3128 a
583 3075 810 3131 Victoria
842 3078 1009 3132 libera
1040 3094 1058 3132 :
1088 3080 1293 3134 dictant
1325 3081 1546 3151 septies.
1572 3082 1767 3137 Claudi
1793 3083 1901 3136 Au-

336 3175 502 3233 guste,
535 3166 767 3222 Tetricus
806 3168 939 3222 nihil
963 3170 1064 3238 fuit
1088 3188 1116 3233 ιε
1155 3172 1359 3226 dictum
1392 3172 1618 3241 septies.

407 3257 521 3312 Nec
561 3260 719 3314 bonis
752 3270 960 3319 tantum
1025 3263 1186 3325 bona,
1212 3264 1305 3318 sed
1345 3271 1400 3317 et
1462 3263 1597 3315 mala
1659 3264 1819 3317 malis
1845 3264 1899 3317 in

340 3349 659 3419 bnjusmodi
738 3354 1229 3410 acclamationibus
1302 3356 1740 3426 apprecabantur
1819 3357 1901 3410 vel

338 3443 496 3513 quasi
540 3444 664 3511 jure
735 3460 836 3500 suo
898 3446 1282 3517 eﬂlagitabant.
1338 3448 1559 3503 lllustre
1608 3448 1769 3518 bujus
1828 3449 1900 3502 rei

338 3534 645 3611 exemplum
698 3537 1007 3606 suppeditat
1064 3537 1241 3593 tElius
1302 3538 1669 3610 Lampridius,
1759 3539 1899 3608 apud

339 3639 501 3695 quem
547 3626 712 3683 babes
786 3629 1209 3685 acclamationes
1262 3644 1490 3686 senatus
1550 3631 1603 3683 in
1658 3630 1899 3685 occisum

339 3715 697 3781 Commodum
752 3719 1182 3788 imperatorem:
1238 3719 1392 3773 Hosti
1446 3712 1636 3789 patriie
1683 3721 1901 3773 honores

336 3809 707 3875 detrahantur,
739 3812 1023 3880 parricida:
1054 3812 1275 3866 honores
1305 3812 1674 3876 detrahantur,
1730 3813 1903 3879 parri-

337 3901 457 3956 cida
488 3906 747 3957 trahatur.
779 3902 960 3957 Hostis
986 3905 1196 3973 patriar,
1234 3904 1522 3972 parricida,
1556 3904 1823 3973 gladiator
1849 3904 1903 3954 in

335 3993 589 4059 spoliario
624 3995 872 4051 lanietur.
893 3994 1081 4051 Hostis
1105 3996 1346 4069 deorum,
1387 3995 1628 4065 carnifex
1662 3995 1897 4060 senatus,

336 4086 496 4139 hostis
530 4085 764 4152 deorum,
787 4090 1054 4156 parricida
1079 4096 1312 4142 senatus.
1330 4089 1511 4142 Hostis
1552 4088 1785 4153 deorum,
1816 4088 1907 4139 ho-

335 4178 431 4229 stis
457 4185 692 4231 senatus.
726 4174 1087 4231 Cladiatorem
1117 4179 1169 4230 in
1202 4176 1474 4244 spoliario.
1513 4177 1618 4240 Qui
1666 4184 1903 4229 senatum

338 4268 546 4332 occidit,
572 4270 624 4321 in
652 4268 901 4337 spoliario
930 4276 1177 4337 ponatur.
1237 4266 1340 4331 Qui
1398 4276 1635 4320 senatum
1695 4266 1901 4329 occidit,

338 4374 474 4431 unco
502 4361 770 4414 trahatur.
798 4359 902 4424 Qui
928 4360 1223 4412 innocentes
1255 4358 1467 4421 occidit,
1496 4373 1629 4411 unco
1656 4356 1904 4409 trahatur

2000 1892 2072 1945 ris
2101 1891 2323 1944 cadaver
2348 1894 2403 1943 in
2419 1890 2669 1958 spoliario
2686 1900 2936 1959 ponatur.
2994 1889 3249 1961 Perroga,
3281 1889 3509 1958 Perroga
3543 1903 3568 1940 :

2000 1999 2172 2036 omnes
2189 1983 2345 2051 281
2365 1999 2628 2036 censemus
2661 1999 2792 2036 unco
2813 1982 3142 2036 trahendum.
3163 1981 3264 2047 Qui
3282 1998 3453 2034 omnes
3476 1998 3565 2033 oc-

2000 2074 2294 2136 cidit,unco
2314 2076 2575 2127 trahatur.
2596 2074 2915 2139 Quiomnem
2933 2085 3142 2128 (etatem
3185 2075 3393 2140 occidit,
3432 2088 3569 2126 unco

2001 2165 2266 2220 trahatur.
2287 2166 2388 2231 Qui
2408 2175 2684 2237 utrumque
2698 2182 2879 2220 sexum
2919 2166 3128 2231 occidit,
3150 2182 3282 2219 unco
3300 2167 3567 2222 trahatur,

2001 2260 2104 2326 Qui
2120 2262 2368 2331 sanguini
2380 2278 2475 2315 suo
2494 2278 2597 2314 non
2617 2264 2863 2331 pepercit,
2884 2279 3015 2315 unco
3035 2262 3294 2314 trahatar.
3313 2260 3417 2324 Qui
3436 2267 3571 2311 temo

2000 2350 2088 2418 pla
2128 2351 2394 2420 spoliavit,
2425 2367 2556 2405 unco
2588 2352 2849 2406 trahatur.
2881 2350 2982 2416 Qui
3016 2360 3327 2405 testamenta
3358 2348 3567 2409 delevit,

2001 2459 2135 2497 unco
2159 2444 2420 2498 trahatur.
2463 2442 2566 2508 Qui
2606 2446 2741 2500 vivos
2778 2443 3043 2507 spoliavit,
3096 2458 3229 2496 unco
3300 2441 3569 2494 trahatur.

2001 2523 2174 2588 Seris
2217 2536 2542 2589 seruiuimus.
2593 2538 2696 2602 Qui
2746 2538 2914 2606 pretia
2948 2537 3068 2590 vita:
3101 2535 3270 2604 exegit
3319 2543 3366 2587 et
3413 2532 3571 2600 fidens

2003 2642 2106 2680 non
2134 2629 2385 2691 servavit,
2427 2643 2559 2681 unco
2594 2631 2864 2683 trahatur.
2900 2627 3004 2692 Qui
3038 2637 3281 2680 senatum
3318 2623 3571 2684 vendidit,

2004 2735 2137 2774 unco
2166 2720 2431 2774 trahatur.
2472 2719 2572 2784 Qui
2610 2721 2737 2788 filiis
2764 2719 2982 2781 abstulit
3020 2719 3400 2783 hwreditatem,
3436 2731 3575 2769 unco

2005 2812 2267 2862 trahatur.
2299 2808 2506 2863 Indices
2537 2810 2599 2863 de
2616 2819 2824 2872 senatu,
2847 2809 3107 2863 delatores
3131 2809 3193 2861 de
3218 2815 3425 2868 senatu,
3461 2821 3569 2858 ser-

1972 2914 2185 2953 vorum
2233 2902 2600 2956 subornatores
2643 2902 2708 2954 de
2739 2910 2944 2957 senatu.
3000 2899 3068 2952 Et
3108 2910 3165 2952 tu
3203 2899 3468 2950 nobiscum
3500 2896 3569 2948 ti-

2005 2990 2209 3055 muisti,
2257 2994 2432 3047 omnia
2475 2995 2611 3058 scis,
2658 2993 2818 3046 bonos
2862 3002 2910 3046 et
2960 2992 3128 3044 malos
3180 2990 3338 3044 nosti.
3382 2987 3572 3039 Omnia

1926 3116 1971 3182 Ο
2007 3083 2131 3144 scis,
2164 3082 2339 3135 omnia
2381 3083 2619 3138 emenda.
2649 3082 2757 3137 Pro
2786 3091 2836 3134 te
2866 3082 3159 3135 timuimus.
3201 3078 3245 3134 Ο
3273 3095 3363 3133 nos
3393 3076 3571 3145 felices

2006 3182 2055 3228 te
2084 3175 2194 3227 viro
2221 3176 2532 3243 imperante.
2567 3174 2640 3227 De
2667 3173 2934 3243 parricida
2958 3175 3116 3240 refer,
3141 3172 3294 3239 refer,
3314 3184 3531 3239 perroga
3552 3183 3573 3219 :

2002 3267 2335 3336 praesentiam
2379 3275 2525 3319 tuam
2572 3281 2839 3335 rogamus.
2889 3264 3196 3318 lnnocentes
3233 3262 3421 3323 sepulti
3467 3276 3572 3311 non

2004 3365 2162 3421 sunt;
2196 3357 2477 3425 parricidtv
2509 3356 2731 3408 cadaver
2774 3356 3039 3408 trahatur.
3081 3351 3366 3405 Parricida
3400 3366 3573 3417 stput-

2006 3456 2084 3501 tos
2109 3449 2267 3513 eruit,
2291 3447 2574 3515 parricida:
2600 3445 2821 3498 cadaver
2852 3446 3114 3497 trahatur.

2076 3539 2282 3593 Similis
2312 3538 2484 3592 ferme
2502 3547 2582 3591 est
2614 3540 2699 3591 illa
2730 3537 3068 3603 ὲπιφώνησις
3104 3551 3221 3604 qua:
3268 3535 3319 3586 in
3356 3531 3569 3602 synodo

2005 3633 2106 3686 sub
2145 3628 2295 3685 Mena
2329 3633 2544 3685 actione
2574 3629 2639 3683 IV
2670 3631 2888 3700 legitur.
2928 3628 3085 3681 Multi
3108 3629 3231 3679 anni
3284 3628 3569 3695 imperato—

2005 3725 2101 3786 ris,
2144 3724 2296 3775 multi
2322 3724 2447 3775 anni
2475 3722 2813 3790 patriarchte.
2851 3718 3065 3772 Petrum
3094 3702 3320 3772 ~‘Zoaram
3342 3728 3389 3771 et
3420 3718 3572 3770 Sere-

2004 3831 2121 3867 runt
2156 3813 2306 3867 modo
2332 3815 2744 3867 anathematiza.
2790 3812 3150 3866 Orthodoxum
3206 3812 3571 3875 imperatorem

2004 3904 2158 3957 habes
2181 3920 2199 3957 :
2233 3903 2357 3973 quid
2373 3904 2523 3956 times
2548 3902 2670 3955 ?eos
2697 3903 2785 3972 qui
2808 3902 3209 3971 parabaptizant
3244 3900 3370 3964 εἰὶσε
3398 3898 3563 3973 foras_

2006 3991 2216 4045 Etcum
2258 3994 2497 4046 monachi
2536 3993 3018 4062 Hierosolymorum
3054 4000 3393 4062 porrexerunt
3416 3989 3573 4043 char-

2007 4093 2135 4151 tam,
2168 4085 2392 4137 universi
2420 4083 2809 4137 clamaverunt:
2842 4082 3002 4135 Multi
3051 4083 3176 4135 anni
3232 4081 3569 4145 patriarchte.

2006 4174 2264 4228 Libellum
2297 4175 2667 4227 monachorum
2699 4175 2849 4226 modo
2879 4175 3102 4242 suscipe.
3133 4171 3366 4225 Libellus
3420 4171 3572 4222 modo

2008 4267 2231 4334 legatur.
2271 4263 2369 4317 Eos
2394 4265 2483 4333 qui
2524 4280 2615 4333 per
2672 4264 2883 4317 domum
2945 4262 3213 4332 baptizant
3257 4262 3381 4329 ejice
3403 4261 3569 4328 foras.

2010 4356 2320 4424 Speluncam
2352 4356 2537 4409 Zoara:
2572 4360 2723 4408 modo
2777 4365 3037 4424 torqueas.
3076 4352 3230 4405 Multi
3287 4352 3412 4403 anni
3464 4367 3577 4418 pa-

337 4452 526 4515 hostis,
553 4451 837 4520 parricida,
869 4466 1005 4514 vere,
1037 4465 1228 4507 severe.
1256 4449 1361 4517 Qui
1392 4449 1635 4519 sanguini
1671 4465 1766 4502 suo
1802 4464 1905 4502 non
1936 4463 1985 4524 ι)
2013 4447 2278 4501 triarchte.
2313 4446 2741 4514 Parabaptistam
2772 4448 2923 4499 modo
2944 4445 3357 4497 anathematiza.
3414 4440 3572 4494 Chri-

336 4544 579 4613 pepercit,
638 4558 768 4595 unco
795 4543 1057 4597 trahatur.
1093 4543 1196 4609 Qui
1230 4552 1278 4597 te
1310 4544 1572 4596 occisurus
1606 4542 1727 4611 fuit,
1772 4556 1903 4593 unco

338 4635 602 4687 trahatur.
636 4631 925 4688 Nobiscum
979 4635 1223 4699 timuisti,
1255 4633 1524 4687 nobiscum
1579 4630 1903 4701 periclitatus

333 4743 407 4780 es.
440 4727 501 4784 Ut
523 4726 654 4780 salvi
691 4727 878 4793 simus,
932 4725 1161 4795 Jupiter,
1204 4725 1394 4794 optime
1451 4725 1696 4787 maxime,
1753 4740 1899 4777 serva

336 4821 482 4891 nobis
502 4820 848 4885 Pertinacem.
871 4820 1474 4889 Fidei'prtetorianorum
1495 4817 1711 4884 feliciter
1733 4858 1746 4877 ,
1771 4833 1892 4883 pro.»

340 4915 488 4967 toriis
510 4915 806 4967 cohortibus
830 4914 1071 4981 feliciter,
1095 4912 1402 4966 exercitibus
1430 4909 1685 4963 Romanis
1733 4908 1901 4978 felici-

339 5017 436 5069 ter,
453 5006 638 5068 pietati
662 5014 875 5058 senatus
921 5005 1163 5075 feliciter.
1190 5002 1465 5058 Parricida
1503 5002 1767 5056 trahatur.
1798 5000 1900 5052 Ro-

334 5112 541 5163 gamus,
608 5096 860 5166 Auguste,
922 5094 1195 5163 parricida
1248 5095 1512 5148 trahatur.
1566 5091 1679 5145 lloc
1745 5109 1901 5161 roga-

336 5203 472 5253 mus,
530 5187 800 5251 parricida
872 5186 1146 5249 trahatur;
1204 5184 1418 5248 exaudi,
1489 5182 1687 5237 Ctesar.
1743 5182 1899 5235 Dela-

333 5290 470 5332 tores
506 5280 576 5337 ad
633 5278 875 5342 leonem;
951 5279 1162 5338 exaudi.
1225 5277 1428 5330 Cazsar.
1513 5275 1781 5330 Delatores
1831 5276 1897 5327 ad

333 5369 532 5420 leonem
553 5384 567 5432 ;
590 5368 803 5427 exaudi.
831 5367 1033 5423 Cmsar.
1068 5367 1346 5435 Speratum
1374 5364 1441 5419 ad
1471 5364 1691 5419 leonem.
1730 5363 1897 5418 Victo-

334 5456 430 5510 ria:
458 5457 637 5524 populi
665 5456 891 5510 Romani
932 5457 1189 5524 feliciter;
1226 5454 1345 5523 fidei
1386 5456 1615 5507 militum
1647 5455 1894 5524 feliciter;

332 5548 460 5617 ﬁdei
492 5551 932 5615 prwtorianorum
984 5549 1240 5615 feliciter;
1286 5546 1587 5601 cohortibus
1635 5549 1896 5615 pra’toriis

331 5638 570 5711 feliciter.
599 5638 784 5694 Hostis
810 5650 1015 5696 statuas
1055 5640 1300 5710 undique,
1358 5640 1636 5712 parricida:
1688 5649 1893 5693 statuas

333 5728 575 5809 undiqtte,
610 5732 926 5805 gladiatoris
958 5742 1157 5787 statuas
1196 5734 1455 5801 undique;
1512 5731 1818 5799 gladiatoris
1846 5742 1892 5784 ct

2009 4539 2173 4592 stiani
2209 4540 2541 4606 imperatoris
2572 4538 2723 4591 multi
2744 4538 2890 4591 anni.
2920 4535 3209 4591 Orthodosri
3240 4533 3572 4603 imperatoris

2007 4632 2159 4685 multi
2213 4631 2359 4684 anni.
2429 4628 2700 4699 Spelunca:
2754 4629 3114 4683 haereticorum
3174 4625 3327 4678 modo
3362 4623 3569 4677 ardent.

2016 4723 2186 4776 Vincit
2230 4723 2357 4791 fides
2400 4722 2753 4791 imperatoris.
2796 4720 3124 4775 Orthodoxus
3170 4726 3387 4787 regnat:
3445 4717 3571 4784 quid

2004 4817 2200 4869 times?
2228 4815 2415 4869 Petrus
2442 4831 2601 4883 quare
2634 4814 2783 4867 habet
2812 4811 3127 4865 monasteria
3156 4813 3180 4865 ?
3218 4810 3403 4863 Omnes
3459 4809 3573 4861 htt-

2004 4909 2191 4960 reticos
2227 4906 2297 4959 ibi
2338 4906 2510 4960 habet.
2543 4905 2812 4971 Severum,
2833 4903 3049 4957 Petrum
3080 4912 3126 4954 et
3158 4901 3382 4953 Zoaram
3416 4902 3571 4952 modo

2004 5001 2414 5053 anathematisa.
2461 4997 2691 5051 Trinitas
2718 5008 2818 5051 tres
2876 4993 3568 5049 anathematizat.Anathe-

2005 5109 2090 5146 nta
2123 5090 2338 5146 Severus
2371 5091 2555 5144 Petrus
2586 5100 2632 5143 et
2666 5088 2887 5143 Zoaras.
2935 5088 3178 5143 Severum
3224 5086 3570 5139 Manichaunt

2003 5183 2153 5235 modo
2175 5183 2581 5235 anathematiza.
2620 5180 2785 5235 Vincit
2804 5181 2931 5248 fides
2951 5177 3396 5233 Christianorum.
3418 5174 3571 5228 Multi

2001 5277 2123 5326 anni
2150 5273 2741 5342 patriarchaxlnimicos
2768 5271 2966 5326 Christi
2983 5270 3098 5327 mod
3112 5288 3139 5322 ο
3154 5268 3569 5323 anathematiza.

2002 5363 2290 5417 [hereticos
2367 5364 2518 5417 modo
2585 5363 2995 5416 anathematiza.
3078 5357 3570 5412 Anathematizatos

2002 5456 2154 5508 modo
2186 5456 2600 5509 anathematiza.
2642 5454 2812 5507 Vincit
2838 5454 2969 5522 ﬁdes
3002 5450 3452 5506 Christianorum.

2070 5547 2135 5601 Et
2158 5549 2279 5602 Act.
2331 5548 2384 5613 5,
2437 5562 2557 5615 qua:
2610 5558 2765 5599 antea
2822 5546 2875 5599 in
2936 5544 3167 5615 vulgatis
3229 5537 3570 5594 cditionibus

2001 5641 2209 5694 Solebat
2236 5655 2359 5695 esse
2409 5641 2602 5709 prima,
2634 5648 2813 5694 exstat
2844 5637 3157 5709 longissima
3216 5630 3570 5693 acclamatio,

2002 5748 2107 5799 qua
2141 5732 2336 5799 partim
2384 5732 2524 5785 bona
2556 5731 2813 5801 Augusxis
2865 5738 2916 5784 ct
2972 5725 3315 5798 patriarchae,
3366 5720 3568 5792 partim
