3952 6222
264 297 364 362 313
431 272 434 275 ’
1371 306 1756 370 euersum
1793 309 1885 367 ET
1923 308 2160 370 coam
2202 311 2442 374 none.
3399 319 3502 384 31s

265 411 398 466 mala
447 413 722 472 haereticis
807 420 1042 488 populus
1091 421 1448 491 imprecetur.
1509 423 1672 478 Multi
1719 427 1824 479 sint
1860 435 1901 488 Α
1932 428 2229 496 superioris
2247 429 2440 497 capitis
2473 428 2600 499 (col.
2634 429 2728 484 281
2773 429 2856 502 D),
2887 430 3060 487 amice
3090 432 3279 496 lector,
3316 447 3500 488 recur-

265 503 383 556 tntni
399 503 758 573 imperatoris,
791 512 947 565 multi
977 513 1104 565 anni
1137 514 1406 583 Augustae,
1430 524 1533 570 etc.
1576 515 1824 572 Severum

263 593 600 652 Hmicbreum
675 601 824 665 εἰὶσε,
885 612 982 658 etc.
1057 605 1393 674 Efodiantur
1449 624 1573 664 ossa
1646 607 1820 662 Mani-

259 687 536 754 chaeorum,
566 697 666 744 etc.
700 689 949 746 Severum
979 691 1329 750 Manicha’utn
1360 697 1507 764 [oras
1527 697 1675 765 εἰὶσε,
1719 708 1822 752 etc.

263 775 360 841 Qui
379 794 486 832 non
537 782 956 838 anathematizat
1018 785 1285 854 Seuerum,
1337 788 1666 843 Manicltams
1722 800 1821 842 est.

260 865 401 936 Eii“
424 869 572 937 foras
639 872 909 929 Severum.
967 877 1176 932 Novum
1230 879 1432 934 ludant
1481 881 1610 950 ejice
1654 882 1820 948 foras.

259 957 633 1017 lnsidiatorem
663 963 939 1020 Trinitatis
975 971 1102 1034 εἰὶσε
1120 971 1288 1039 fores,
1313 982 1413 1025 etc.
1457 972 1822 1026 lix/mutentur

263 1062 382 1102 assa
414 1048 876 1111 Nestorianorum.
928 1057 1292 1116 Exhumentur
1327 1079 1443 1117 ossa
1467 1062 1824 1133 Eatycltiani‘

251 1151 470 1198 starent.
496 1145 626 1211 Quis
675 1159 752 1204 est
772 1149 1123 1208 Nestorianus
1143 1155 1168 1212 ?
1185 1153 1297 1225 Ego
1318 1157 1486 1212 nescio
1502 1170 1522 1220 ,'
1541 1157 1822 1212 anathema

251 1235 315 1288 sit
339 1235 450 1304 ipse
475 1254 508 1292 a
535 1237 814 1309 Trinitate,
849 1253 948 1298 etc.
977 1244 1302 1301 Manichacus
1329 1249 1393 1301 de
1423 1249 1641 1302 ecclesia
1671 1249 1818 1317 ejice.

220 1322 392 1398 ,Dnos
427 1326 719 1394 Stephanus
761 1332 825 1388 de
877 1334 1097 1389 ecclesia
1145 1338 1295 1404 ejice.
1347 1336 1518 1393 Paulo
1579 1349 1703 1409 post
1767 1340 1819 1394 iu

219 1410 436 1503 ieadem
461 1419 706 1475 sessione
731 1435 1034 1494 sequuntur
1060 1425 1210 1496 plura
1246 1427 1408 1498 hujus
1456 1429 1672 1498 generis
1705 1431 1820 1499 epi-

215 1541 220 1560 ε
247 1509 594 1576 phonetnata.

311 1602 705 1662 Acclaruabant
734 1611 896 1665 etiant
926 1613 1404 1668 conciouatorihus
1429 1631 1444 1679 ;
1477 1616 1632 1683 cujus
1654 1613 1820 1668 moris

243 1696 492 1764 exempla
545 1698 790 1754 invenies
844 1703 986 1770 apud
1047 1701 1104 1757 S.
1149 1704 1515 1773 Augustinum
1540 1706 1577 1759 ι.
1637 1721 1688 1760 tv
1742 1705 1819 1758 De

1928 534 2019 574 ras
2067 535 2281 588 precor.
2315 519 2516 591 σολυμ]

1997 609 2142 665 Ibid.
2194 611 2471 666 Crinonia.
2518 611 2630 668 lloc
2669 614 3015 683 imperatoris
3041 627 3250 683 tegmen
3281 617 3500 670 videtur

1925 716 1956 756 a
1987 701 2168 769 specie
2197 701 2291 756 lilii
2323 703 2594 758 Crinonia:
2634 721 2827 758 uotnen
2865 707 3157 766 invenisse.
3191 716 3247 759 ut
3275 715 3328 759 et
3369 707 3498 759 illud

1927 793 2301 864 tetraphgltuut
2343 810 2372 850 a
2413 806 2648 863 quatuor
2685 795 2852 852 foliis.
2916 795 3209 864 Utriusque
3249 799 3498 850 meminit

1925 881 2290 946 Glossarium.
2343 883 2439 938 sed
2499 885 2666 940 nudis
2741 884 2986 953 solisque
3027 885 3218 946 xei-his
3277 885 3496 946 Οοιὶίιιῐ,

1927 972 2072 1026 nulla
2098 973 2459 1042 explicatione
2492 974 2754 1027 adhibita.
2827 975 3042 1030 Gners.

1998 1064 2379 1136 [Κρινωνιάν.
2437 1065 2700 1121 Coronam
2764 1067 2894 1120 [iliis
2959 1068 3074 1120 sive
3133 1066 3373 1119 ﬂosculis
3442 1066 3497 1117 in

1925 1172 2115 1227 gyrum
2149 1158 2554 1227 germinantem.
2605 1159 2861 1213 Coresius
2902 1159 2954 1212 in
3014 1158 3316 1227 rescriptis.
3373 1155 3498 1209 Bal-

1925 1250 2133 1304 salmon
2170 1250 2432 1306 Meditato
2459 1251 2780 1308 deinceusis
2832 1261 2936 1306 etc.
3006 1249 3152 1308 Juris
3205 1249 3296 1304 Gil
3350 1248 3386 1303 l.
3417 1248 3496 1302 7:

1925 1343 2126 1412 Κρίνος
2145 1343 2213 1394 ὲκ
2235 1344 2530 1411 κρινωνιᾶς
2562 1343 2972 1410 συλλεγόμενος.

1997 1433 2138 1487 Ibid.
2175 1433 2634 1505 [τετράφυλλον.
2671 1435 2927 1489 Coresius
2967 1434 3108 1487 idem
3139 1433 3300 1486 docet
3332 1432 3492 1484 aliam
3531 1465 3534 1468 ‹

1923 1539 2179 1580 coronam
2222 1540 2359 1588 esse.
2396 1540 2424 1578 c
2451 1540 2555 1592 qua
2589 1533 2827 1594 quatuor
2863 1525 3100 1584 ﬂosculi.
3152 1525 3217 1578 ad
3256 1522 3489 1576 frontem

1925 1613 2180 1665 nimirum
2211 1624 2264 1666 et
2295 1614 2538 1682 sinciput
2571 1630 2634 1668 ac
2668 1617 2733 1669 ad
2767 1627 3057 1685 utramque
3106 1629 3318 1680 aurem,
3351 1612 3494 1665 erili-

1924 1713 2069 1758 rant.
2096 1702 2295 1776 Cornu]

243 1782 483 1839 doctrina
521 1785 852 1858 Christiana,
889 1807 940 1848 c.
991 1793 1086 1858 26,
1129 1804 1185 1847 et
1233 1809 1375 1862 sa‘pe
1423 1795 1476 1850 in
1539 1795 1810 1853 llontiliis.
1849 1780 1888 1834 Β
1987 1793 2473 1852 Ibid.Ftammttla.
2502 1798 2708 1852 Dicitur
2731 1799 2788 1851 τὸ
2807 1798 3140 1868 ﬂammulam
3168 1805 3222 1851 el.
3247 1797 3313 1848 τὰ
3337 1795 3498 1863 ﬂant-

242 1873 514 1932 llactenus
554 1879 622 1934 de
641 1880 744 1934 ista
792 1885 1213 1940 consuetudine.
1253 1885 1458 1942 Gncrs.

307 1968 474 2039 282
492 1971 552 2024 P.
575 1972 669 2028 46.
687 1973 848 2046 [Σᾶς.
873 1974 1222 2034 Prouomiuis
1248 1979 1310 2031 σύ
1337 1981 1542 2049 plurale
1561 1989 1646 2034 est
1671 1982 1812 2044 ἑσεῖς

243 2061 294 2114 io
363 2064 545 2132 primo
602 2081 770 2132 casu;
805 2067 860 2122 in
911 2071 1139 2140 reliquis
1165 2074 1262 2134 σᾶς
1297 2075 1497 2137 etsed;
1557 2087 1812 2146 corrupte

238 2157 553 2220 pronuntiat
583 2159 813 2216 Graecia.

302 2245 446 2302 Ibid.
485 2249 675 2322 [θεός.
699 2252 800 2308 Cui
833 2256 1001 2311 verbo
1025 2258 1194 2313 addes
1219 2275 1282 2314 ex
1314 2258 1628 2330 Horologio,
1657 2272 1718 2317 ut
1742 2267 1812 2318 sit

240 2339 494 2397 modulus
518 2343 744 2415 integer.
767 2347 886 2400 Τῶν
903 2349 1155 2417 πατέρων
1177 2353 1332 2422 ἡμῶν
1351 2355 1378 2406 ὁ
1399 2356 1567 2408 ποιῶν
1589 2358 1674 2409 ἀεὶ
1693 2357 1811 2426 μεθ’

237 2433 392 2501 ἡμῶν
409 2435 554 2489 κατὰ
567 2437 667 2508 τὴν
689 2441 788 2507 σὴν
806 2441 1125 2508 ἐπιείκειαν,
1173 2445 1466 2518 μὴὰποστή
1477 2465 1572 2518 an;
1590 2450 1649 2502 τὸ
1669 2449 1812 2514 ἔλεός

235 2537 324 2577 σου
348 2524 448 2592 ἀφ’
471 2527 649 2596 ἡμῶν,
679 2528 814 2586 ἀλλὰ
861 2534 979 2596 ταῖς
1017 2535 1198 2589 αὐτῶν
1257 2538 1485 2603 ἱκεσίαις
1531 2542 1590 2592 ὲν
1617 2542 1810 2614 εἰρήνῃ

237 2614 574 2687 κυϐέρνησον
595 2618 693 2689 τὴν
719 2622 865 2692 ζωὴν
888 2625 1064 2693 ἡμῶν.
1119 2625 1630 2695 Polychronismum
1690 2647 1812 2688 mo-

235 2709 540 2764 nachorum
560 2711 615 2766 in
635 2715 943 2784 superioris
986 2718 1222 2775 salutem
1271 2721 1536 2777 emissum
1591 2717 1814 2794 require

234 2798 285 2852 in
319 2798 531 2858 Menam
555 2815 703 2861 retro
755 2805 920 2864 Noua:
962 2810 1221 2867 cilicium.
1262 2812 1458 2885 Geta]

297 2891 452 2951 Ibid.
480 2894 995 2965 Protapostolarius.
1027 2903 1188 2960 Vides
1220 2913 1275 2960 et
1306 2908 1394 2980 hic
1425 2923 1627 2964 nomen
1659 2908 1811 2965 Grae-

233 2984 440 3042 canicae
467 2989 812 3060 ambitionis,
852 2995 996 3064 quod
1029 2996 1174 3052 inter
1204 2998 1323 3056 illos
1351 3000 1446 3070 qui
1499 3001 1807 3072 apostolum

235 3074 456 3132 Paulum
491 3081 706 3150 publice
727 3083 996 3155 legebant.
1023 3087 1126 3142 hoc
1150 3097 1233 3144 est
1259 3090 1402 3145 inter
1419 3092 1806 3160 apostolarios,
1829 3126 1881 3192 α

231 3170 520 3228 voluerunt
545 3174 748 3231 habere
799 3181 1341 3248 protapostolarium.
1387 3182 1592 3240 Guers.

295 3262 444 3319 Ibid.
476 3264 580 3338 [Ἡ
610 3268 721 3337 τῆς
741 3273 1110 3344 λειτουργίας
1143 3275 1286 3346 ὥρα.
1315 3276 1443 3344 Quae
1473 3277 1572 3332 hac
1623 3278 1710 3332 die
1741 3280 1806 3332 ah

230 3363 347 3409 orto
371 3357 493 3412 sole
522 3359 733 3416 decima
761 3371 864 3418 est.
894 3363 970 3418 lta
1019 3374 1183 3435 typus
1233 3367 1481 3422 hodierni
1543 3368 1700 3422 ofﬁcii
1741 3371 1804 3423 ad

227 3445 394 3504 Non:
415 3451 620 3507 calcem
637 3455 882 3522 positus:
905 3456 1038 3526 Περὶ
1059 3458 1113 3510 δὲ
1128 3458 1276 3528 ὥραν
1299 3459 1528 3530 δεκάτην
1552 3461 1806 3530 σημαίνει

227 3537 286 3590 τὸ
339 3541 488 3608 μέγα
562 3552 670 3596 etc.
720 3547 788 3598 ad
849 3548 1098 3615 synaxim
1153 3547 1410 3604 videlicet
1454 3565 1804 3619 vesperarum

227 3629 580 3700 habendam;
617 3637 817 3704 quibus
847 3638 1016 3696 ﬁnitis
1051 3641 1284 3710 καθεξῆς
1324 3643 1358 3712 ή
1395 3641 1512 3695 Θεία
1560 3641 1805 3716 λειτουρ-

225 3726 323 3792 γία
345 3726 445 3780 τοῦ
475 3729 716 3798 μεγάλου
761 3730 1067 3789 Βασιλεεου.

294 3819 440 3876 Ibid.
502 3819 770 3893 [Sabbato
808 3825 896 3880 vel
952 3824 1236 3882 Dominica
1282 3827 1552 3898 jejunium
1597 3829 1803 3888 Graecis

235 3901 517 3970 illicitum.
552 3913 685 3971 Eam
723 3917 795 3972 ob
819 3932 932 3973 rem
964 3919 1009 3972 si
1040 3917 1314 3974 Nataliurn
1361 3919 1564 3976 Christi
1614 3923 1804 3979 diebus

223 4001 552 4072 huiusmodi
589 4021 711 4064 sors
745 4007 880 4065 ferat
915 4010 1182 4066 celebrari
1252 4014 1622 4082 pervigilium.
1684 4026 1742 4070 ut
1771 4032 1802 4072 a

217 4093 434 4163 jejunio
471 4098 770 4168 abstinent,
806 4101 880 4157 ita
935 4104 1155 4160 missam
1205 4114 1471 4161 consueto
1534 4117 1801 4177 tempore.

219 4187 370 4253 quod
401 4187 512 4244 diei
552 4191 711 4244 tertia
734 4202 840 4256 est,
876 4204 1146 4264 peragunt
1178 4213 1190 4248 :
1226 4195 1271 4252 si
1300 4196 1438 4250 alias
1493 4197 1700 4254 incidat
1748 4200 1800 4254 in

225 4277 568 4345 ferias.cum
595 4284 818 4342 nonnisi
871 4286 1051 4343 missae
1103 4289 1406 4358 praemissis
1460 4293 1801 4350 solemnibus

222 4369 302 4425 Ias
326 4373 401 4427 sit
435 4374 650 4430 solvere
683 4375 975 4446 jejunium,
1013 4379 1147 4436 illud
1211 4397 1339 4436 vero
1401 4383 1465 4437 ad
1519 4400 1799 4454 vesperam

1917 1889 2084 1954 mula,
2110 1888 2406 1952 aliquando
2467 1890 2700 1960 simplici
2754 1908 2813 1959 μ,
2873 1889 3146 1943 interdum
3197 1889 3495 1957 geminato.

1914 1978 2123 2033 Dicitur
2176 1979 2340 2034 etiam
2404 1980 2631 2049 ﬂamuta
2689 1981 2943 2050 ﬂamulce,
2971 1995 3167 2051 genere
3199 1979 3484 2032 feininino.

1917 2067 2191 2141 Vegetius.
2210 2087 2292 2134 tu,
2313 2071 2376 2125 5:
2401 2072 2622 2135 Aquilae,
2651 2073 2927 2135 dracones,
2944 2071 3160 2133 vexilla.
3184 2070 3494 2140 ﬂammulat.

1916 2162 2044 2230 tura:
2083 2178 2174 2215 seu
2201 2165 2402 2230 triplice.
2437 2161 2630 2217 Merito
2655 2174 2836 2217 autem
2871 2163 3226 2230 reprehendit
3255 2161 3494 2230 Lipsius,

1914 2253 1950 2305 l.
1988 2268 2040 2306 tv
2065 2253 2129 2307 de
2154 2253 2339 2307 Militia
2403 2252 2673 2319 Romana.
2713 2256 2836 2309 illos
2895 2255 2988 2318 qui
3045 2255 3185 2323 apud
3213 2252 3494 2322 Vegetium

1914 2349 2220 2415 flammulas
2248 2359 2460 2403 mutant
2493 2351 2542 2402 in
2598 2349 2902 2404 ﬂameola:
2967 2347 3010 2402 Ο
3068 2348 3224 2412 male,
3287 2348 3490 2416 inquit.

1913 2438 2236 2493 abstineant.
2267 2440 2330 2492 Et
2358 2441 2550 2493 merito
2585 2449 2771 2494 mouet
2805 2447 2864 2492 ut
2928 2437 3275 2500 abstineant;
3319 2436 3481 2506 283

1913 2531 2007 2600 qui
2070 2539 2218 2585 recte
2274 2531 2457 2586 itidem
2515 2531 2751 2602 castigat
2807 2531 3160 2598 interpretem
3237 2531 3492 2593 Cedreui,

1913 2621 2030 2677 lucc
2071 2623 2231 2677 verba
2262 2621 2447 2676 Graeca
2478 2622 2567 2675 τὸν
2591 2623 2690 2692 τῆς
2719 2623 2943 2692 εῐρήνης
2969 2623 3252 2691 ἔγγραφον
3273 2621 3488 2691 χάρτην

1912 2713 2004 2766 ἐπὶ
2023 2713 2248 2784 φλαμμυ
2262 2711 2422 2768 ollae
2443 2714 2821 2784 κρεμάσαντες
2848 2714 2937 2768 his
2966 2713 3174 2767 Latinis
3227 2712 3493 2780 interpre-

1913 2811 2141 2864 tantem.
2210 2804 2406 2858 tabulis
2462 2805 2607 2872 pacis
2641 2806 2704 2859 de
2771 2815 2922 2858 conto
2979 2805 3266 2869 suspensis.
3332 2801 3488 2872 quasi

1913 2896 2240 2966 φλαμούλιον
2268 2897 2337 2951 sit
2366 2905 2568 2951 contus.
2590 2895 2915 2952 Rectissime
2940 2894 3158 2963 Lipsius
3192 2895 3487 2950 :Cltartam

1912 2988 2286 3058 conscriptam,
2342 2991 2489 3058 pacis
2554 2999 2759 3052 testem,
2791 3004 2950 3057 super
3003 2987 3229 3057 ﬂamata
3275 3002 3491 3055 snspen-

1913 3083 2111 3136 dentes.
2145 3080 2256 3136 Nec
2291 3091 2439 3135 recte
2474 3080 2674 3137 Junius
2725 3081 3036 3152 φλάμουλον
3087 3084 3486 3148 interpretatur

1919 3175 2179 3238 labarum,
2217 3175 2617 3245 quiulaharum
2665 3192 2836 3229 unum
2887 3169 3048 3238 erat;
3096 3182 3150 3226 at
3203 3165 3488 3242 φλάμουλα

1915 3269 2075 3323 etiam
2110 3270 2362 3340 βασιλικά
2391 3278 2444 3320 et
2473 3268 2817 3338 imperatoria
2853 3267 3024 3336 plura,
3052 3266 3310 3319 nimirum
3363 3263 3495 3318 duo-

1915 3361 2201 3428 decim;et
2231 3360 2374 3414 domi
2407 3376 2646 3430 quoque.
2685 3376 2789 3414 non
2829 3369 3037 3414 tantum
3077 3359 3130 3412 in
3162 3359 3302 3412 lu-llo
3359 3372 3494 3427 pra:-

1915 3451 2250 3516 ferebantur,
2278 3461 2337 3506 ut
2374 3456 2528 3506 docet
2569 3453 2920 3522 Curopalata.
2975 3469 3024 3507 c.
3064 3452 3117 3508 6.
3151 3453 3310 3507 Forte
3332 3462 3491 3506 vetus

1914 3545 2046 3599 illud
2075 3544 2320 3599 labarum
2353 3544 2494 3614 apud
2545 3545 2878 3614 posteriores
2940 3545 3162 3600 Graicos
3209 3547 3486 3601 desierat:

1912 3639 1996 3694 sin
2027 3637 2230 3700 minus,
2255 3636 2518 3689 διϐἐλλιον
2541 3638 2724 3712 potius
2754 3638 2944 3692 laharo
2980 3639 3314 3705 reslionzlere
3343 3637 3490 3689 dice.

1911 3745 2024 3787 rem
2054 3747 2068 3785 :
2112 3729 2215 3784 hoc
2243 3729 2386 3781 enim
2412 3730 2629 3782 unicum
2655 3740 2791 3791 erat,
2831 3743 2956 3782 ante
2991 3743 3189 3787 onutes
3217 3727 3490 3796 ilamulas,

1913 3836 1969 3881 ut
1993 3825 2191 3880 ibidem
2221 3824 2442 3877 dicitur.
2496 3821 2605 3877 Nec
2657 3820 3018 3876 omittendum
3069 3819 3198 3871 illud
3254 3816 3485 3869 Suidm:

1911 3920 2159 3990 Zaupiuw
2189 3915 2324 3980 εἶδες
2354 3909 2656 3986 σημαῖιςῆ
2709 3913 3042 3982 φλαμοὺλου.
3099 3910 3238 3975 Quid
3307 3921 3484 3961 tamen

1912 4011 2157 4074 saurion,
2191 4010 2409 4078 ignoro.
2454 4007 2632 4075 inquit
2664 4005 2902 4074 Lipsius.
2958 4002 3060 4056 Sed
3093 4002 3221 4072 quid
3261 4001 3305 4056 si
3341 4000 3486 4070 lege-

1912 4113 2063 4159 retur
2097 4099 2420 4170 στιυρίωνῗ
2459 4099 2622 4153 Certe
2656 4112 2824 4153 unum
2855 4113 2915 4150 ex
2942 4095 3176 4148 llamulis
3203 4095 3490 4162 imperato-

1910 4200 1988 4254 ris
2029 4195 2255 4264 σταυρός
2290 4204 2429 4258 erat,
2475 4195 2578 4248 hoc
2611 4201 2695 4247 est
2728 4207 2888 4255 crux.
2950 4199 3009 4243 ut
3049 4206 3213 4258 supra
3279 4190 3488 4244 dictum

1909 4308 1976 4348 ex
2001 4289 2324 4360 (iuropalata
2363 4304 2412 4343 c.
2456 4286 2508 4340 6.
2539 4284 2610 4340 Ut
2643 4285 2804 4357 igitur
2837 4299 2866 4338 a
2921 4285 3158 4338 dracone
3211 4282 3489 4336 llaiuulum

1911 4383 2183 4454 quoddam
2219 4381 2424 4436 dicitur
2485 4377 2627 4446 apud
2669 4376 3058 4448 Cttrupalatam
3122 4375 3489 4443 Gpaxovrsiov.

223 4476 399 4531 usque
425 4466 500 4520 sit
537 4469 990 4536 protrahendum,
1021 4487 1247 4542 vespere
1290 4475 1662 4541 solummodo,
1694 4496 1803 4544 quo
1837 4482 1884 4542 [ι
1913 4476 1992 4531 sic
2021 4475 2165 4546 apud
2198 4473 2424 4531 Suidam
2456 4474 2674 4528 videtur
2710 4488 2738 4526 a
2787 4483 3084 4528 stauroseu
3121 4488 3284 4526 cruce
3309 4473 3490 4526 vocari

225 4560 668 4626 vespertinarum
722 4561 947 4618 laudum
996 4573 1215 4636 tempus
1262 4567 1452 4631 instat,
1492 4571 1655 4624 simul
1678 4586 1802 4626 cum

225 4649 362 4719 ipsis
392 4664 651 4710 cantatur
694 4656 900 4724 missa;
950 4674 1058 4726 qua
1103 4662 1256 4716 finita
1309 4663 1692 4733 cihieapieudi
1751 4668 1803 4722 lit

222 4751 488 4810 potestas.
507 4746 633 4802 Haec
649 4763 716 4802 ex
745 4749 852 4804 ritu
877 4751 1041 4817 hujus
1064 4751 1166 4808 diei
1187 4753 1241 4808 in
1263 4753 1468 4810 Menam
1489 4757 1805 4825 reperienda

221 4835 286 4888 ad
328 4837 491 4907 hujus
519 4840 623 4896 loci
659 4843 1082 4911 expositionem.
1115 4846 1310 4919 Gesn]

293 4925 362 4979 Ρ.
416 4928 505 4983 47.
563 4929 694 4986 Post
765 4933 902 4988 hunc
953 4935 1172 5007 titurgia
1234 4938 1529 5008 perﬁcitur.
1587 4941 1805 4996 Habent

221 5017 380 5075 hunc
414 5037 618 5079 morem
669 5024 864 5091 Graeci.
938 5028 1080 5083 utin
1135 5031 1553 5100 quadragesima
1611 5034 1802 5089 diebus

213 5107 419 5182 ieiunii
442 5115 564 5169 etin
593 5115 793 5186 vigiliis
819 5119 1092 5188 Iiturgiam
1129 5135 1224 5180 seu
1257 5121 1480 5180 missam
1525 5124 1804 5180 celebrent

217 5215 248 5253 a
284 5205 531 5273 eridie,
575 5217 631 5262 et
669 5210 875 5267 uthinc
929 5223 1174 5282 apparet,
1235 5223 1356 5283 post
1422 5231 1697 5284 resperas.
1746 5217 1801 5271 lu

221 5292 492 5352 Paschate
515 5300 732 5371 liturgia
760 5304 816 5360 lit
835 5313 961 5359 ante
991 5307 1124 5361 solis
1153 5317 1426 5363 exortum.
1455 5309 1588 5362 Aliis
1611 5310 1803 5364 diebus

222 5385 362 5440 hora
399 5391 572 5456 tertia,
617 5403 874 5463 tauquam
909 5409 1194 5464 consueta,
1255 5409 1310 5454 ut
1362 5400 1522 5455 docet
1581 5399 1800 5456 Gabriel

224 5475 720 5552 Philadelphiensis
751 5487 1040 5560 episcopus
1086 5490 1139 5544 in
1174 5507 1278 5546 suo
1341 5493 1414 5546 De
1442 5495 1803 5548 sacramentis

223 5570 434 5626 libello.
467 5575 672 5634 δελετε.
1070 5604 1072 5606 τ

305 5662 450 5724 Πιεάὲ
481 5670 570 5726 l5.
623 5671 1010 5742 ['AJJcio'ﬂr.
1054 5673 1171 5729 Non
1219 5686 1429 5740 mutat.
1474 5677 1567 5732 sed
1619 5677 1799 5746 potius

223 5747 427 5818 ίπάυίιν
456 5755 514 5808 τὸ
543 5759 731 5814 ἐπάνω
763 5762 1021 5820 nimirum
1059 5762 1281 5834 ἔνδυμα,
1321 5777 1425 5822 etc.
1479 5769 1556 5820 Ad
1612 5778 1796 5823 notam

1907 4568 2155 4622 staurion
2177 4567 2308 4622 illud
2335 4567 2477 4637 quod
2507 4582 2538 4621 a
2595 4566 2920 4636 Curopalata
2961 4575 3177 4618 stauras
3208 4579 3303 4617 seu
3357 4579 3492 4616 crure

1909 4653 2240 4729 appellatur.
2317 4660 2680 4729 Φλάμπουρον
2767 4671 2987 4725 quoque
3048 4656 3294 4708 invenias
3345 4655 3489 4722 apud

1909 4753 2319 4824 Moschopulum
2365 4772 2378 4808 :
2413 4753 2553 4820 apud
2592 4752 2918 4810 Cedrenum.
2971 4763 3024 4815 p.
3083 4749 3206 4806 Ml.
3243 4744 3488 4827 φλᾳμού-

1907 4843 2040 4911 λιον,
2073 4845 2214 4914 apud
2245 4844 2481 4897 Leonem
2512 4843 2566 4895 in
2592 4841 2830 4894 Tacticis
2847 4835 3131 4892 constitut.
3163 4835 3216 4902 ὕ,
3251 4835 3492 4903 exspes-

1903 4937 2133 4997 λίσκιον,
2165 4935 2220 4990 in
2247 4933 2521 4988 Pandecte
2557 4930 2794 4985 Turcico
2827 4928 3145 4998 [iamborum
3171 4935 3224 4978 et
3253 4924 3488 4993 [Iambu-

1908 5028 2054 5092 lttm;
2093 5042 2215 5097 qua:
2242 5035 2296 5081 et
2335 5025 2494 5082 hodie
2525 5013 2731 5079 Graecis
2757 5021 2984 5076 usitata.
3017 5022 3268 5089 Idemque
3304 5019 3491 5071 omnia

1906 5123 2020 5177 haec
2051 5118 2339 5182 vocabula.
2368 5117 2470 5172 etsi
2503 5117 2722 5170 diverse
2753 5113 2918 5170 scribi
2942 5114 3122 5176 solita,
3151 5113 3490 5181 signifiCant.

1909 5191 2103 5280 nempe
2131 5211 2412 5272 vexillum,
2439 5224 2555 5272 seu,
2585 5217 2645 5260 ut
2668 5207 3060 5276 interpretatur
3089 5203 3306 5259 Nicetas
3340 5204 3482 5271 apud

1907 5301 2207 5368 liigaltiutn
2245 5301 2296 5354 in
2321 5300 2626 5364 Gloss'ario,
2661 5301 2871 5370 signum
2896 5298 3147 5351 militare.
3170 5295 3276 5350 Nec
3309 5306 3492 5372 tamen

1907 5396 2114 5449 tnilitire
2148 5395 2326 5450 solum
2353 5395 2446 5450 sed
2485 5404 2539 5448 et
2571 5395 2717 5448 domi
2751 5391 3069 5463 imperatori
3099 5401 3154 5445 et
3221 5390 3484 5461 principia.

1905 5490 2007 5545 bus
2035 5489 2216 5559 palatii
2245 5488 2486 5558 praeferri
2519 5499 2864 5554 consuetum,
2933 5485 3079 5556 quod
3143 5485 3362 5553 planum
3425 5499 3493 5537 ex

1905 5582 2164 5652 Curopal.
2219 5597 2266 5636 c.
2339 5583 2390 5635 6.
2453 5580 2566 5636 luto
2622 5581 2768 5635 domi
2831 5579 2982 5649 plura
3043 5577 3490 5646 praeferebantur.

1908 5676 2168 5730 nimirum
2203 5674 2486 5730 duodecim
2525 5693 2540 5730 :
2607 5675 2793 5734 Ἐκτδς
2822 5673 2877 5724 δὲ
2896 5671 3096 5724 ὁπόταν
3147 5671 3431 5740 στρατεύει
3463 5668 3493 5720 ὁ

1911 5766 2184 5831 βισι),εὺ;,
2222 5769 2363 5820 κατὰ
2394 5765 2684 5834 ἀναλογίαν
2726 5767 2821 5831 τῆς
2859 5764 3151 5833 nos-imre;
3177 5765 3276 5834 τῆς
3322 5759 3489 5813 αὑτνοΰ
