3952 6222
431 302 540 367 315

1518 295 1599 357 ΙΝ
1652 293 1955 355 LIBRUM
2003 289 2097 350 DE
2142 283 2470 348 OFFICIIS
2528 283 2634 347 CP.

3586 279 3686 346 316

436 417 738 481 συντάξεως
768 415 877 486 ἔχει
936 414 1029 467 καὶ
1080 413 1389 484 φλυμουλον
1415 412 1473 465 ἓν
1506 413 1668 482 τυχὸν
1697 412 1730 482 ἦ
1758 411 1869 465 δῦο.
1925 409 1998 475 Qu

2131 405 2391 461 caelestis.
2451 403 2639 459 Tertio
2692 400 3122 470 archistrategus
3178 412 3288 456 non
3315 408 3434 456 erat
3460 398 3684 457 oﬂicium

433 505 766 560 ﬂammulum
793 512 991 573 gestat,
1025 502 1229 558 Graecis
1255 511 1337 557 est
1370 501 1674 571 ﬂantularis
1702 516 1794 556 seu
1851 502 2012 570 ﬂam-

433 597 606 652 butar.
638 596 896 651 Pandect.
930 595 1097 649 Turc.
1127 610 1175 650 c.
1214 594 1314 647 174
1341 606 1396 648 et
1454 594 1572 649 Vet.
1620 593 1802 649 Gloss.
1868 592 2011 661 apud

431 687 631 755 Rigalt.
666 686 1081 756 φλαμουλὰριοι.
1110 687 1164 740 In
1195 687 1500 742 Turco-Gr.
1572 702 1626 755 p.
1688 685 1781 738 161
1842 685 2017 752 φλαμ-

428 776 718 845 πιυλάρεοι
755 778 1058 848 vexilliferi,
1091 795 1142 847 ι).
1173 779 1272 833 201
1335 778 1613 832 llamboler
1643 778 1851 847 signum
1917 790 2012 830 seu

426 868 704 924 vexillum.
738 868 985 924 Transiit
1015 869 1233 925 ﬂamula
1265 886 1327 926 ex
1362 870 1518 924 Latio
1551 871 1615 924 ad
1650 870 1891 933 Gnaeos,
1920 868 2015 937 qui

430 960 564 1013 illud
600 962 770 1023 varie,
796 972 853 1015 ut
891 961 1091 1027 solent,
1144 962 1528 1015 immutarunt.

499 1050 560 1105 Ρ.
601 1051 689 1104 «58.
742 1050 1037 1119 Flagitiose
1094 1067 1324 1124 prorsus
1362 1053 1563 1108 Junius
1591 1054 1644 1106 in
1684 1052 2017 1123 interpreta-

429 1141 579 1197 tione
637 1150 689 1196 ct
732 1143 1096 1212 explicatione
1138 1159 1328 1198 eorum
1390 1160 1510 1214 quae
1573 1146 1661 1197 hic
1684 1145 1749 1198 de
1780 1144 2017 1199 llamulis

429 1233 748 1287 scribuntur
775 1245 1027 1289 versatus
1063 1246 1170 1290 est.
1228 1236 1282 1290 ld
1314 1249 1370 1292 ut
1395 1238 1689 1303 videas,en
1737 1237 1836 1291 tibi
1869 1236 2015 1290 Junii

426 1326 613 1377 verba:
647 1324 725 1377 Ea
750 1325 1014 1397 (ﬂaniula)
1039 1338 1161 1380 sunt
1186 1330 1315 1383 liter.
1352 1328 1704 1400 Primumfert
1733 1332 2021 1385 archistra-

429 1424 574 1484 tegas
598 1434 616 1469 :
640 1419 881 1488 princeps
915 1436 1189 1473 sacrorum
1225 1422 1528 1487 secundum,
1557 1422 1749 1477 habens
1768 1426 2018 1493 imagines

424 1511 625 1563 divinas
645 1514 855 1566 multas.
882 1513 1046 1566 Aliud
1073 1518 1278 1593 tertius,
1304 1515 1498 1569 habens
1522 1517 1776 1585 imagines
1807 1528 2020 1572 sancto-

426 1619 542 1655 rum
573 1613 799 1671 quatuor
825 1622 1136 1676 magnorum
1164 1619 1481 1677 martyrum,
1516 1610 1792 1676 Demetrii,
1818 1611 2020 1667 Proco-

423 1695 498 1760 pii
527 1704 574 1746 et
610 1693 891 1751 Theodori.
934 1698 1117 1762 Aliud,
1164 1703 1249 1769 qui
1282 1701 1681 1768 fert-sanctum
1732 1703 2014 1774 Georgium

424 1785 672 1852 equitem,
692 1787 839 1840 aliud
863 1788 1229 1853 draconteum,
1252 1802 1301 1844 et
1317 1793 1468 1845 aliud
1492 1794 1688 1847 habens
1712 1807 2002 1864 equestrem

426 1877 759 1943 imperatoris
819 1890 1081 1935 statuam.
1121 1882 1417 1953 Perperam
1471 1901 1723 1955 prorsus.
1772 1885 2004 1942 Verten-

423 1972 551 2025 dum
589 1975 757 2039 enim,
816 1985 875 2030 ut
933 1977 1050 2047 ipsa
1106 1980 1276 2035 verba
1335 1989 1390 2036 et
1447 1997 1602 2038 mens
1657 1982 2005 2051 Curopalalie

423 2066 727 2129 postulant,
786 2069 936 2123 hunc
994 2070 1049 2123 in
1086 2073 1308 2127 modum
1341 2087 1356 2126 :
1418 2071 1500 2128 Ea
1529 2085 1701 2129 autem
1734 2074 1999 2143 (flamula)

422 2167 551 2210 sunt
595 2160 725 2213 ha’c.
781 2160 1024 2215 Primum
1076 2167 1531 2236 archistrategus:
1597 2169 1834 2221 alterum
1881 2185 2002 2225 vero.

424 2249 750 2321 (Damulum)
811 2258 1008 2309 multas
1069 2258 1265 2313 habens
1301 2276 1488 2314 sacras
1541 2270 1591 2314 et
1619 2262 1835 2315 divinas
1862 2263 2000 2315 ima-

422 2339 570 2409 gines
597 2345 906 2413 pontiﬁcum
936 2357 985 2401 et
1018 2346 1272 2405 Ecclesia:
1314 2352 1630 2420 prwsulum;
1660 2355 1813 2407 aliud
1844 2370 1998 2419 crux,

422 2432 615 2487 habens
636 2435 944 2506 (legendum
967 2441 1110 2495 enim
1146 2459 1210 2497 ex
1231 2445 1355 2497 cod.
1382 2461 1486 2499 ms.
1507 2444 1750 2500 doctoris
1778 2444 2001 2518 Georgii

424 2524 731 2594 Lautberii,
760 2531 888 2585 ἄλλο
953 2535 1189 2604 σταυρὸς
1228 2536 1388 2606 ἔχων)
1416 2538 1672 2608 imagines
1700 2546 2002 2593 sanctorum

422 2632 651 2687 quatuor
681 2639 989 2693 magnorum
1024 2626 1190 2698 284
1215 2638 1533 2699 martyrum,
1556 2629 1831 2698 Demetrii,
1863 2630 2001 2685 Pro-

424 2713 564 2782 copii
592 2723 641 2767 et
680 2717 954 2786 utriusque
989 2717 1251 2774 Theodori
1279 2722 1592 2791 (legendum
1623 2724 1771 2777 enim
1802 2723 1855 2778 iu
1883 2724 2002 2793 plu-

427 2803 529 2855 rali
586 2804 903 2877 Θεοδώρων,
960 2819 1019 2862 ιιι
1081 2810 1285 2864 habent
1334 2828 1469 2868 mss.
1516 2814 1784 2883 codices).
1836 2815 2000 2869 Aliud

421 2891 615 2946 habens
653 2894 818 2966 (ἕχον)
844 2898 901 2952 S.
930 2896 1214 2969 Georgium
1271 2903 1525 2971 equitem.
1585 2904 1747 2957 Aliud
1772 2906 2001 2961 dracon-

420 2994 582 3050 teum,
610 2995 659 3038 et
687 2986 834 3040 aliud
858 2989 1052 3043 habens
1071 3001 1363 3060 equestrem
1386 2994 1723 3063 imperatoris
1738 3007 1996 3055 statuam.

2116 498 2201 554 vel
2228 512 2428 553 nomen
2454 496 2618 553 ollicii
2646 495 2811 551 aulici
2831 495 2914 551 vel
2942 493 3232 550 militaris:
3266 491 3507 563 alioquin
3532 493 3687 549 omis-

2116 606 2239 646 sum
2274 605 2381 646 non
2446 589 2643 646 fuisset
2669 589 2773 643 hoc
2799 603 3002 643 munus
3032 602 3062 641 a
3102 586 3435 656 Curopalata
3465 585 3520 639 in
3546 595 3689 640 cata-

2116 683 2259 753 logo.
2279 682 2462 747 Quare
2474 696 2612 736 vana
2631 689 2712 736 est
2736 680 2824 735 illa
2845 658 3150 735 Calviniani
3174 688 3303 732 nota
3326 680 3380 732 :6
3401 677 3689 748 ἀρχιστρὰ·

2120 791 2317 845 τηγος,
2344 784 2500 845 puta,
2525 775 2762 847 quisquis
2784 784 2863 828 est
2890 789 2984 843 per
3014 772 3147 826 illud
3173 783 3399 839 tempus.
3424 771 3493 822 At
3514 769 3690 823 nullus

2117 878 2203 923 est
2233 868 2670 938 archistrategus
2710 874 2855 938 apud
2904 866 3293 937 Curopalatam
3323 863 3431 919 nisi
3464 861 3690 916 Michael

2117 962 2504 1032 archangelus.
2544 961 2748 1016 Gnms.

2190 1054 2250 1109 P.
2277 1055 2366 1109 48.
2395 1054 2671 1127 [C(elestis
2700 1051 3089 1121 terrestrisque
3110 1048 3320 1105 militiae
3340 1048 3448 1103 dux
3467 1047 3693 1102 ducum-

2118 1162 2226 1218 que
2257 1146 2500 1201 omnium
2537 1146 2791 1215 princeps
2814 1143 3064 1208 Michael,
3096 1141 3538 1213 ἀρχιστράτηγος
3564 1139 3692 1193 ideo

2121 1252 2151 1290 a
2181 1237 2463 1301 militibus,
2500 1252 2530 1291 a
2562 1237 2723 1306 vulgo
2769 1236 2896 1305 (hoc
2931 1235 3076 1289 enim
3111 1231 3232 1289 solo
3261 1231 3481 1285 nomine
3510 1229 3690 1299 plebe-

2123 1332 2266 1386 culaa
2299 1343 2465 1386 notus
2521 1330 2628 1399 est)
2693 1329 2997 1400 ταξιάρχης
3067 1328 3337 1383 salutatus
3366 1345 3379 1390 ;
3411 1310 3567 1395 cujus
3598 1339 3694 1377 no-

2121 1426 2268 1480 mine
2297 1425 2586 1480 ecclesiam
2620 1425 2674 1479 in
2731 1422 3031 1480 Sosthenio
3060 1431 3219 1477 extra
3254 1434 3445 1474 muros
3476 1418 3691 1473 dedica-

2124 1527 2231 1572 tam
2260 1516 2860 1586 aConstantino,cujus
2888 1513 3192 1569 munimine
3224 1512 3467 1581 reginam
3502 1510 3687 1563 urbem

2121 1611 2189 1663 ab
2218 1610 2426 1662 insultu
2481 1608 2841 1662 barbarorum
2898 1621 3005 1660 non
3066 1603 3235 1658 semel
3297 1610 3539 1671 ereptam
3613 1616 3693 1654 re-

2123 1702 2229 1756 fert
2286 1702 2657 1755 Damascenus
2724 1698 2968 1754 Studitcs
3026 1697 3408 1751 subdiaconus
3478 1692 3690 1763 vulgari

2118 1810 2371 1849 sermone
2396 1794 2462 1849 de
2483 1794 2603 1863 ejus
2631 1792 2928 1847 festivitate
2953 1792 3181 1860 scripto,
3213 1805 3374 1859 quem
3400 1788 3550 1843 velut
3582 1802 3694 1841 ma-

2109 1886 2201 1951 gni
2233 1901 2297 1940 ac
2352 1885 2701 1941 celeberrimi
2744 1884 2802 1939 S.
2874 1884 3100 1953 SOphiae
3160 1882 3346 1951 templi
3407 1880 3693 1935 custodem

2109 1979 2360 2048 depinxit
2407 1978 2757 2033 Justinianus
2817 1979 2874 2031 ὲν
2914 1977 3154 2048 προνάῳ,
3185 1976 3307 2028 καθ’
3334 1974 3362 2027 ὃ
3387 1975 3451 2045 δὴ
3479 1977 3509 2026 ὁ
3538 1972 3693 2043 πρώ-

2106 2089 2295 2136 τιστος
2323 2074 2417 2126 καὶ
2454 2074 2715 2140 μέγιστος
2747 2072 2855 2126 τῶν
2888 2070 3393 2142 παραστατούντων
3422 2066 3694 2137 ἀρχαγέλ-

2106 2164 2215 2218 λων
2275 2163 2395 2233 Θεῷ
2427 2164 2649 2234 Μιχαὴλ
2678 2165 3028 2232 ἐσπασμένος
3087 2161 3365 2231 ῥομφαίαν
3390 2158 3696 2227 ἔστὴλωται

2113 2252 2365 2323 ψηφίδων
2426 2254 2659 2317 λεπταῖς
2688 2253 2992 2317 ἐπιθέσεσι,
3036 2251 3213 2322 φύλαξ
3248 2249 3696 2320 προϐεϐλημένῢς

2106 2347 2202 2401 τοῦ
2232 2347 2403 2418 ἱεροῦ,
2437 2347 2617 2416 inquit
2646 2346 2865 2402 Nicetas
2899 2346 2953 2400 in
2986 2344 3176 2400 Alexio
3208 2344 3283 2407 ll;
3316 2357 3477 2411 quem
3511 2350 3697 2395 sacro-

2108 2456 2227 2495 rum
2281 2440 2545 2510 praesides
2633 2440 2689 2493 in
2756 2440 2899 2494 sacri
2951 2437 3247 2494 tribunalis
3296 2433 3529 2497 foribus,
3584 2447 3692 2486 non

2107 2530 2393 2602 ejiciendis
2427 2530 2521 2584 sed
2559 2528 2897 2585 advocandis
2945 2527 3127 2597 potius
3158 2525 3212 2579 in
3253 2522 3561 2594 paradisum
3596 2521 3696 2574 bo-

2106 2624 2378 2690 minibus,
2436 2622 2816 2678 excubitorem
2877 2635 2984 2675 non
3032 2620 3263 2689 pingunt
3297 2617 3461 2672 modo
3501 2615 3599 2669 sed
3637 2623 3692 2668 et

2107 2725 2469 2781 venerantur,
2507 2722 2748 2771 tremunt
2801 2722 2854 2768 et
2877 2721 3199 2782 precantur,
3234 2709 3379 2764 utin
3413 2708 3691 2762 Eucliolo-

2107 2809 2242 2879 gicis
2291 2808 2673 2864 enarravimus
2711 2824 2725 2872 ;
2770 2820 2934 2875 quem
2970 2803 3223 2873 denique»
3241 2801 3455 2871 imperii
3489 2799 3683 2855 defen-

2113 2917 2295 2958 sorem
2330 2901 2495 2956 simul
2524 2916 2647 2955 cum
2682 2898 2940 2953 Gabriele
2959 2897 3116 2953 socio
3139 2896 3244 2951 sibi
3276 2898 3463 2948 datum
3491 2902 3688 2947 tenue—

2110 3004 2245 3051 runt
2271 2994 2585 3051 Griecorum
2606 2992 2903 3062 principes,
2942 2990 3060 3056 ubi,
3086 2995 3249 3059 prout
3285 2994 3478 3042 auctor
3503 2995 3692 3040 noster

424 3075 577 3130 lianc
613 3093 733 3134 esse
760 3095 943 3135 veram
994 3082 1503 3152 interpretationem
1539 3089 1721 3158 quivis
1752 3091 1835 3146 vel
1861 3107 1993 3161 pau—
2017 3091 2061 3152 ο
2100 3089 2300 3152 innuit,
2366 3103 2416 3143 c.
2480 3089 2536 3150 4,
2567 3094 2623 3140 et
2678 3085 3056 3139 Damascenus
3116 3081 3319 3134 citatus
3375 3079 3689 3147 prolitetur,

423 3166 591 3220 Iulum
643 3182 877 3224 tuentem
912 3171 1203 3228 advertens
1252 3175 1547 3234 fatebitur:
1584 3196 1711 3235 nam
1752 3183 1993 3252 primum

418 3258 749 3328 Cui-opalata
806 3279 1131 3321 ermmerare
1184 3268 1373 3325 volens
1421 3287 1675 3340 quamam
1726 3275 1839 3328 sint
1899 3274 1994 3329 illa

417 3349 723 3415 flammida,
750 3356 827 3408 ait
852 3367 973 3410 sunt
1003 3370 1176 3413 autem
1206 3363 1314 3415 hau:
1346 3375 1573 3431 :postea
1612 3365 1830 3437 singula
1866 3382 1995 3436 per-

418 3454 627 3498 censet.
691 3445 958 3512 Primum,
1018 3450 1217 3521 inquit,
1273 3462 1351 3507 est
1394 3456 1833 3527 archistrategus,
1883 3474 1991 3512 non

416 3536 515 3603 fert
550 3539 987 3612 archistrategus.
1041 3542 1229 3615 Neque
1285 3549 1429 3601 enim
1466 3549 1796 3619 Curopalata
1829 3552 1993 3607 habet

415 3629 560 3683 istud
595 3632 720 3698 fert,
745 3635 840 3689 sed
862 3637 1090 3704 primunt
1113 3647 1188 3691 est
1221 3654 1314 3693 seu
1336 3640 1533 3695 dicitur
1550 3644 1990 3713 urchistrategus,

414 3739 443 3777 a
495 3723 557 3778 υ.
610 3725 889 3783 Michaelis
935 3731 1194 3801 imagine,
1274 3750 1397 3804 qua:
1451 3735 1502 3789 in
1579 3737 1672 3790 illo
1710 3737 1991 3793 ﬂaminulo

414 3829 672 3883 expressa
706 3826 761 3871 et
788 3819 987 3875 edit-ta.
1022 3822 1158 3878 llinc
1186 3825 1551 3896 archangelus
1582 3828 1676 3882 toti
1711 3828 1991 3901 ﬂammulo

414 3922 613 3960 nomen
662 3908 834 3974 dedit,
886 3920 944 3965 ut
999 3914 1278 3970 diceretur
1350 3920 1788 3989 archistrategus.
1852 3918 1986 3976 Nam

416 3995 474 4049 S.
510 3997 737 4054 Michael
769 4002 1200 4082 arcliistrateguvs
1223 4022 1251 4061 a
1277 4007 1483 4063 Graecis
1510 4011 1811 4079 appellatur
1832 4012 1988 4079 quasi

414 4090 673 4157 princeps
695 4092 934 4145 caelestis
956 4095 1182 4150 militize.
1207 4096 1283 4150 Ita
1320 4110 1547 4153 vocatur
1587 4101 1639 4169 1)
1670 4103 1737 4154 ab
1772 4101 1990 4157 Emma-

413 4179 571 4232 nuele
621 4184 950 4249 imperatore
1005 4186 1245 4241 Constit.
1290 4189 1357 4242 de
1407 4188 1619 4244 Feriis:
1676 4189 1983 4257 Ferianmr,

414 4270 612 4339 inquit,
661 4285 815 4326 sexta
846 4274 1190 4343 Septembris,
1224 4279 1304 4330 ὅτι
1329 4281 1384 4332 ὲν
1416 4282 1553 4352 αὐτῇ
1592 4282 1650 4334 τὺ
1682 4285 1741 4334 ὲν
1771 4284 1986 4350 Χώναις

412 4363 505 4415 τοῦ
536 4365 977 4436 ἀρχιστρατήγου
1040 4370 1260 4440 Μιχαὴλ
1293 4371 1479 4442 Οαῦμα
1506 4379 1981 4449 τερατουργεῖται.

411 4454 467 4525 '2)
497 4457 535 4507 A
574 4456 825 4513 Cedrcno
858 4462 911 4514 in
944 4462 1176 4529 imperio
1205 4463 1387 4518 Basilii
1421 4464 1738 4523 Macedonis
1771 4487 1785 4523 :

412 4546 629 4601 καίνισε
686 4548 741 4601 δὲ
811 4551 900 4604 τὸν
965 4555 1142 4623 μέγαν
1196 4554 1290 4607 τοῦ
1344 4558 1789 4627 ἀρχιστρατήγου
1860 4562 1985 4614 ναὸν

412 4642 501 4692 τὸν
554 4642 610 4692 ἐν
652 4642 959 4715 Σωσθενίῳ.
1019 4646 1074 4715 5)
1123 4648 1165 4700 Α
1218 4647 1407 4703 Niceta
1466 4650 1798 4707 Choniatel.
1829 4669 1889 4707 tu
1921 4657 1986 4708 de

415 4731 648 4800 imperio
711 4733 881 4791 lsaaci
930 4739 1157 4807 Angeli:
1205 4742 1679 4797 Ἐπισκευᾶσαιδὲ
1704 4745 1986 4814 βουληθεὶς

411 4825 506 4876 καὶ
539 4827 630 4877 τὸν
656 4829 711 4879 ἐν
742 4829 820 4897 τῷ
855 4830 1083 4902 ἀνάπλῳ
1110 4834 1246 4886 νεὼν
1284 4833 1380 4887 τοῦ
1406 4836 1852 4906 ἀρχιστρατήγου
1877 4837 1987 4890 τῶν

411 4915 521 4968 ἄνω
558 4918 765 4981 τάξεων
824 4921 1069 4993 Μιχαὴλ.
1106 4923 1360 4981 Εού.·1ἰί).
1394 4927 1486 4989 Εἰς
1518 4927 1606 4980 τὸν
1642 4927 1988 4996 περιώνυμον

411 5007 547 5059 νεὼν
602 5009 1049 5085 ἀρχιστρατήγου
1072 5015 1181 5068 τῶν
1223 5015 1383 5070 θείων
1415 5017 1509 5070 καὶ
1537 5017 1715 5071 άΰλων
1744 5019 1985 5089 Μιχαὴλ.

413 5096 557 5151 ldrm
582 5100 621 5152 l.
646 5118 713 5156 vu
735 5103 801 5157 dc
837 5105 1068 5174 imperio
1092 5106 1381 5164 Manuelis.
1407 5110 1648 5179 Denique
1672 5112 1865 5167 eodem
1900 5128 1988 5166 ar-

412 5193 730 5264 cl.istrategi
762 5197 983 5252 nomine
1009 5198 1251 5253 alliciunt
1282 5200 1675 5257 S.Michaclem
1698 5202 1873 5259 Grazci
1894 5207 1986 5274 qui

414 5288 660 5340 l‘ll"Ollll3
703 5289 756 5341 in
796 5304 919 5343 eum
956 5292 1366 5360 scripseruntet
1397 5295 1663 5351 miracula
1698 5298 1766 5351 ab
1793 5313 1857 5352 co
1891 5313 1990 5368 pa-

417 5383 558 5429 trata
613 5380 807 5434 litteris
854 5382 1274 5453 consignarunt.
1333 5386 1541 5442 Deinde
1593 5405 1716 5444 cum
1746 5391 1897 5460 signa
1934 5402 1988 5446 et

422 5467 638 5529 vexilla,
694 5485 814 5537 quae
836 5469 1166 5542 Curopalala
1203 5487 1621 5551 commemorat,
1655 5482 1989 5549 imaginibus

420 5560 664 5613 raditum
719 5577 981 5619 exornata
1043 5566 1267 5632 fuerint,
1319 5560 1546 5627 cumino
1596 5583 1815 5642 oportet
1846 5586 1906 5626 ut
1936 5586 1991 5627 et

423 5654 659 5719 primunt
717 5655 890 5726 eiligie
941 5659 1122 5727 aliqua
1178 5660 1344 5717 fuerit
1388 5665 1750 5735 insignitum:
1787 5674 1844 5719 at
1883 5666 1988 5721 alia

424 5741 743 5812 insignitum
772 5763 878 5801 non
906 5748 1185 5818 fuitquam
1208 5752 1300 5805 τοῦ
1325 5753 1765 5823 ἀρχιστρατήγου
1787 5757 1991 5811 militia:

2103 3181 2396 3250 imaginem
2448 3192 2604 3233 suam
2660 3176 2786 3230 hinc
2837 3174 2966 3228 inde
3013 3187 3043 3227 a
3096 3172 3269 3228 sacris
3300 3170 3426 3225 istis
3456 3168 3689 3222 duobus

2103 3274 2405 3328 taxiarchis
2434 3272 2691 3339 stipatam
2746 3274 3073 3322 concessere
3125 3263 3485 3333 gestandam:
3521 3259 3694 3330 285

2098 3363 2239 3434 ejus,
2290 3363 2538 3432 inquam,
2607 3359 2817 3416 nomini
2841 3358 3083 3429 primum
3119 3368 3173 3412 et
3207 3355 3549 3426 pracipuum
3588 3353 3693 3404 im-

2097 3456 2235 3527 perii
2279 3454 2619 3511 flammulam
2647 3463 3034 3508 consecratum
3083 3460 3186 3517 est,
3218 3459 3274 3506 et
3312 3445 3691 3518 ἀρχιστράτη-

2097 3566 2194 3618 γος
2224 3555 2598 3616 nuncupatur.

2164 3638 2306 3693 Ibid.
2327 3638 2606 3709 [Εἰκόνας
2623 3639 2782 3705 έχων
2798 3636 3056 3701 πολλάς.
3082 3635 3140 3689 Si
3163 3634 3345 3705 plures
3361 3634 3691 3704 pontiﬁcum

2096 3731 2362 3801 imagines
2385 3743 2449 3784 eo
2472 3729 2669 3784 vexillo
2702 3729 3022 3798 pinguntur,
3055 3742 3245 3781 eorum
3269 3741 3409 3797 quos
3432 3727 3691 3781 devotius

2095 3823 2346 3881 coluntet
2368 3822 2422 3874 in
2445 3820 2676 3890 publicis
2708 3819 2962 3889 precibus
2986 3818 3329 3888 frequentius
3358 3818 3688 3881 inclamant,

2095 3913 2279 3984 magni
2315 3911 2522 3978 Basilii,
2562 3910 2813 3981 Gregorii
2851 3909 3143 3979 Theologi,
3169 3908 3397 3962 Joannis
3439 3908 3691 3977 Chryso-

2093 4007 2277 4074 stomi,
2307 4002 2818 4075 Atbanasii,Cyrilli
2854 4001 3209 4056 Alexandrini
3243 4009 3299 4055 et
3327 3998 3535 4053 Nicolai
3570 3997 3691 4069 M3-

2097 4097 2275 4152 rensis
2324 4096 2523 4150 ibidem
2560 4094 2764 4164 positas
2812 4093 2943 4146 mihi
2978 4106 3205 4163 prorsus
3239 4088 3523 4143 indubium
3556 4099 3690 4153 eat;

2092 4199 2146 4245 et
2198 4197 2346 4243 certe
2376 4189 2430 4241 in
2475 4185 2697 4241 octifido
2758 4183 2961 4239 vexillo
2990 4182 3294 4251 ejusmodi,
3322 4195 3423 4249 pro
3441 4180 3692 4249 singulis

2092 4282 2352 4338 nimirum
2378 4280 2596 4349 lingulis
2629 4291 2824 4344 unum,
2855 4284 2980 4330 octo
3010 4287 3210 4328 censeo
3242 4272 3506 4342 depictos,
3531 4282 3589 4325 et
3620 4273 3694 4326 ad

2094 4374 2305 4444 priores
2348 4387 2456 4426 non
2502 4385 2694 4441 parum
2739 4369 2808 4423 ab
2879 4368 2961 4422 eis
2990 4367 3295 4422 celebratos
3348 4364 3691 4434 Gregorium

1829 4470 1983 4523 Ἀνε-
2015 4470 2058 4526 Β
2089 4464 2552 4531 Thaumaturgum
2579 4461 3195 4530 etﬂierosolymitanum
3214 4458 3476 4530 Cyrillum
3507 4459 3692 4514 alium

2092 4558 2419 4614 accessisse.
2450 4553 2649 4627 Cornu]

2162 4649 2307 4704 Ibid.
2338 4647 2447 4703 Nec
2470 4650 2652 4703 minus
2673 4657 2820 4703 errat
2839 4646 3058 4713 Junius,
3085 4659 3207 4700 cum
3239 4644 3370 4700 illud
3398 4644 3693 4716 ἱεραρχῶν

2088 4742 2205 4796 Vult
2232 4742 2374 4796 idem
2401 4756 2525 4795 esse
2548 4740 2693 4807 quod
2707 4740 2947 4809 princeps
2969 4755 3265 4799 sacrarunt.
3296 4741 3448 4806 quasi
3467 4740 3696 4794 scilicet

2094 4834 2345 4904 princeps
2371 4848 2652 4889 sacrorum
2678 4834 2818 4887 ferat
2843 4832 2976 4886 illud
3013 4832 3295 4886 vexillum.
3323 4834 3509 4897 Nugae.
3536 4830 3691 4887 Nam

2094 4926 2367 4995 ἱεραρχῶν
2393 4934 2474 4978 est
2502 4924 2712 4992 patrius
2755 4938 2917 4978 casus
2968 4922 3176 4976 numeri
3228 4922 3597 4978 multitudinis
3660 4938 3695 4977 a

2094 5024 2239 5069 recto
2274 5013 2559 5085 ἱεράρχης,
2593 5027 2714 5082 quae
2746 5029 2846 5067 vox
2882 5012 3188 5077 praesulem,
3227 5013 3549 5081 episcopum
3582 5028 3697 5069 seu

2094 5106 2402 5176 pontificem
2430 5107 2675 5161 denotat.
2728 5104 3002 5158 Νικολάου
3063 5103 3158 5156 τοῦ
3204 5103 3563 5174 περιωνύμου
3628 5108 3699 5160 ὲν

2094 5204 2382 5274 ἱερὰρχαις
2415 5203 2507 5255 τὸν
2528 5201 2832 5271 περικαλλῆ
2863 5201 3076 5252 τουτονὶ
3100 5201 3247 5264 ναόν,
3271 5199 3448 5269 inquit
3469 5198 3703 5256 Cedre-

2094 5315 2196 5354 nus
2229 5300 2284 5353 in
2315 5297 2547 5368 imperio
2576 5296 2785 5351 Basilii.
2838 5294 2981 5364 Ergo
3028 5294 3307 5348 hierarcha
3357 5295 3704 5364 Cpolitanus

2093 5399 2208 5445 erat
2238 5389 2549 5460 patriarcha
2600 5388 2844 5459 ejusdem
2902 5386 3073 5452 urbis,
3131 5402 3292 5456 quem
3355 5387 3706 5455 imperatori

2091 5481 2370 5535 ﬂaiiiulnm
2396 5496 2493 5536 seu
2522 5479 2781 5535 vexillum
2808 5488 3166 5548 przeportasse
3182 5479 3305 5549 quis
3328 5479 3536 5544 credat,
3566 5481 3702 5539 nisi

2092 5574 2317 5628 aliunde
2337 5573 2387 5625 id
2420 5572 2617 5627 Junius
2649 5571 2841 5641 probet
2870 5570 2894 5623 ?
2920 5570 3117 5624 (Iners.

2166 5664 2301 5718 Ibid.
2335 5663 2740 5735 [ὀκταπόδιον.
2767 5661 2974 5716 Pisccm
3005 5661 3317 5731 polypodem
3371 5661 3704 5721 hodiernus

2093 5758 2350 5825 loquendi
2382 5772 2516 5814 usus
2549 5754 2867 5811 ὀκταπόδιον
2903 5762 3080 5811 vocat.
3122 5753 3385 5811 Vexillum
3405 5755 3533 5811 illud
3557 5761 3706 5818 dis-
