3952 6222
256 338 354 404 311

1355 346 1740 409 GRETSER!
1780 346 1877 407 ΕΤ
1919 348 2155 412 GOAHI
2197 353 2439 415 ΝΟΉΕ.

3400 349 3507 413 318

252 456 410 511 sectis
438 453 644 509 laciniis
669 453 904 513 inferius
937 459 1176 516 divisum
1220 463 1624 537 ὀκτάγλωσσον,
1666 470 1826 539 poly-

1941 471 2032 525 καὶ
2057 472 2218 536 αὐτὸς
2259 473 2386 537 ἕνας
2421 475 2499 536 εἰς
2530 471 2588 526 τὸ
2614 470 2803 541 τάγμα
2849 469 2985 522 ὅπου
3021 466 3364 537 ὠνομάζετον
3394 464 3505 517 Τύ-

250 548 541 620 podenique
569 548 832 606 scissuris
854 552 1119 619 referens,
1152 555 1478 613 ὀκταποδίου
1499 576 1697 614 nomen
1724 576 1817 616 ae-

250 640 379 708 cepit
401 658 427 692 a
464 641 645 713 vulgo.

316 731 450 785 Ibid.
489 731 779 803 [Eravpbc
806 735 966 805 ἔχων
992 738 1259 806 εἰκόνας.
1305 741 1536 801 Crucem
1576 745 1717 801 hanc
1766 747 1818 802 in

248 824 433 878 castris
458 836 511 877 et
545 825 899 884 conﬂictibus
956 830 1190 885 delatam
1261 832 1531 900 ejusmodi
1584 838 1821 894 arbitror

248 915 424 982 quales
456 917 509 969 iu
538 918 713 971 sacris
750 920 1100 986 processibus
1136 922 1220 977 vel
1268 911 1326 978 in
1380 927 1629 982 ecclesiis
1688 928 1819 982 ado-

250 1007 435 1061 randas
466 1023 551 1062 me
573 1012 1198 1080 conspexissememini.
1252 1014 1472 1086 Lignea:
1531 1028 1662 1074 sunt
1713 1021 1819 1074 illae

249 1098 546 1167 (argenteas
572 1104 867 1173 aureisque
924 1106 1146 1162 laminis
1205 1120 1489 1166 contectas
1548 1115 1818 1181 rapacitas

247 1190 463 1247 Turciea
495 1194 845 1267 eliminavit),
875 1206 927 1252 et
961 1200 1026 1252 ad
1056 1216 1245 1255 earum
1311 1213 1588 1260 extremos
1635 1221 1818 1261 ramos

245 1287 484 1355 quamvis
513 1289 726 1358 amplos
758 1291 982 1345 latiores
1012 1293 1192 1349 adhuc
1232 1295 1564 1352 triloliorum
1632 1297 1817 1367 ﬁgurae

247 1381 570 1447 prominent,
603 1382 657 1435 in
685 1383 887 1452 quibus
912 1400 1306 1457 nonnunquam
1336 1396 1534 1459 pectus
1568 1398 1620 1444 et
1648 1390 1817 1445 facies

245 1482 469 1540 quatuor
497 1474 952 1542 evangelistarum
985 1477 1068 1531 vel
1090 1478 1220 1533 hinc
1249 1480 1374 1535 inde
1410 1481 1653 1552 Deipara:
1684 1482 1814 1538 etS.

246 1563 467 1619 Joannis
514 1566 815 1622 aliorumve
843 1568 1008 1624 variis
1043 1571 1342 1638 coloribus,
1373 1573 1643 1630 deliueata
1666 1577 1817 1647 prius

244 1657 291 1709 in
319 1658 498 1712 medio
532 1660 778 1715 crucifixi
805 1662 1010 1731 specie,
1041 1674 1359 1718 exarantur.
1387 1665 1588 1732 Quidni
1614 1670 1817 1738 pariter

242 1748 389 1812 οὗτος
419 1753 446 1804 ὁ
480 1752 719 1823 σταυρὸς
757 1752 895 1824 ῑχων
933 1755 1013 1825 (ὲν
1039 1758 1161 1819 ταῖς
1201 1758 1447 1830 ἁκρίαις)
1478 1761 1587 1813 τῶν
1643 1761 1816 1829 ἁγίων

243 1845 514 1912 τεσσάρων
538 1845 793 1914 μεγάλων
813 1848 1109 1920 μαρτύρων
1137 1852 1354 1915 εἰκόνας
1389 1829 1642 1920 ἐφαίνετο
1663 1871 1678 1920 ;
1696 1870 1820 1910 cru-
1853 1829 1894 1884 Β

247 1948 351 1986 cem
394 1937 613 2004 qualem
650 1938 739 1994 hic
774 1956 1020 1996 memoro
1060 1944 1305 2012 depictus
1348 1945 1401 1999 in
1439 1947 1685 2003 iconibus
1724 1964 1823 2017 per

247 2026 393 2081 hocee
410 2044 552 2099 opus
569 2031 763 2088 Codini
794 2043 849 2089 et
868 2035 986 2104 ejus
1006 2040 1402 2094 commentaria
1427 2042 1631 2109 sparsis
1650 2051 1825 2111 gestat

245 2124 545 2188 patriarcha
570 2123 679 2179 CP.

301 2210 683 2284 [dimnrpt'om
705 2221 1047 2289 Προκοπίου
1067 2221 1167 2275 καὶ
1187 2221 1521 2293 Θεοδώρων.
1545 2223 1716 2279 Duces
1738 2241 1826 2277 ar-

243 2308 337 2360 mis
367 2310 648 2375 quondam
685 2312 929 2382 insignes
958 2330 1240 2369 armorum
1270 2318 1452 2371 socios
1476 2327 1529 2371 et
1564 2317 1619 2370 in
1669 2318 1824 2372 hellis

243 2409 571 2467 protectores
616 2401 813 2459 Oriens
859 2406 1154 2461 invocabat
1218 2407 1576 2475 Demetrium,
1624 2410 1825 2466 Proco-

240 2490 399 2558 pium,
430 2492 805 2561 καλλινίκους,
839 2506 893 2551 et
920 2497 1255 2569 Θεοδώρους,
1300 2500 1552 2556 Cedreno
1579 2502 1633 2557 in
1686 2503 1825 2560 Tze-

237 2581 394 2647 misce
424 2584 626 2639 durem
653 2603 819 2645 unum
850 2592 1086 2647 etalium
1124 2594 1356 2649 tironem
1383 2597 1581 2652 dictos.
1607 2596 1826 2653 Primus

238 2675 543 2737 Deiuetrius
628 2682 1070 2757 φλαμπουράρης
1154 2703 1220 2742 ac
1303 2704 1505 2757 praeses
1586 2690 1825 2746 Thessa-

238 2771 315 2825 liae
364 2774 473 2829 sub
520 2774 848 2832 Maximiano
932 2787 1143 2851 martyr
1217 2780 1353 2837 obiit
1423 2781 1829 2845 Thessalonica;

239 2866 321 2919 ubi
354 2881 560 2935 corpus
584 2868 704 2934 ejus
748 2885 907 2925 sacro
964 2871 1179 2941 liquore
1207 2875 1491 2931 exundans
1550 2878 1827 2946 perpetuis

238 2974 445 3028 quoque
482 2961 875 3019 miraculorum
914 2965 1145 3019 scaturit
1176 2965 1416 3022 liuentis.
1453 2969 1497 3023 A
1548 2969 1825 3037 prolectu-

239 3050 307 3115 ris
329 3050 378 3103 in
407 3053 664 3120 praelium
703 3054 1012 3137 invocatur,
1045 3072 1256 3127 suoque
1285 3059 1548 3114 bellantes
1597 3062 1825 3130 adjuvat

1932 583 2123 634 ρωνες,
2157 564 2305 618 ὡσάν
2331 565 2397 618 va
2432 565 2592 636 εἴπῃς
2619 563 3033 633 ἑκατόνταρχος.
3066 559 3132 614 1η
3166 560 3348 614 oraine
3375 558 3507 611 tiro-

1930 672 2053 709 num
2103 655 2484 710 numerabatur
2523 656 2841 725 prazcipuus,
2886 662 3020 707 velut
3063 653 3109 706 si
3149 651 3504 706 centurionem

1928 748 2099 804 dicas.
2127 748 2204 803 lta
2230 749 2411 804 dictus
2442 758 2634 803 auctor
2673 747 2880 816 vulgari
2911 746 3194 801 idiomate.
3229 740 3433 813 Genu]

1997 840 2055 895 P.
2086 839 2352 895 48.111υ(1
2405 837 2697 909 Θεοδώρων
2748 848 2831 893 est
2888 837 3177 905 utriusque
3236 832 3504 889 Theodori

1930 933 2210 1003 martyris,
2244 932 2401 989 ducis
2428 941 2480 987 et
2525 932 2743 988 tironis.
2815 929 3024 985 Prioris
3077 928 3276 983 festum
3341 934 3504 997 agunt

1927 1023 2097 1079 (ἕνεεοὶ
2124 1026 2156 1079 8
2187 1022 2358 1083 Junii,
2394 1024 2713 1093 posterioris
2746 1022 2812 1076 17
2840 1019 3003 1076 Febr.
3034 1019 3098 1073 Et
3126 1021 3178 1072 in
3214 1021 3357 1074 hunc
3379 1019 3485 1071 tiro

1928 1132 2049 1169 nem
2083 1124 2259 1170 exstat
2285 1113 2343 1172 S.
2367 1114 2619 1185 Gregorii
2651 1112 2884 1186 Nysseni
2915 1111 3282 1183 pulcherrirna
3306 1109 3509 1164 oratio.

1926 1206 2127 1261 Gnsrs.

1977 1298 2116 1353 Ibid.
2135 1294 2457 1369 [Γεώργιον
2472 1296 2761 1365 ἔφιππον.
2776 1292 3128 1348 Notissimum
3147 1290 3277 1343 olim
3293 1289 3511 1347 ducem.

1925 1390 2131 1445 sanctis
2174 1404 2324 1444 nunc
2370 1387 2600 1443 tolerato
2635 1385 2899 1456 martyrio
2920 1384 3208 1453 Georgium
3253 1381 3508 1434 allectum

1926 1483 2163 1553 equitem
2200 1496 2411 1551 semper
2440 1480 2670 1551 pingunt
2700 1476 2903 1544 Graeci;
2931 1477 3079 1546 quod
3104 1474 3304 1545 smpius
3333 1474 3405 1528 sit
3432 1472 3512 1525 vi—

1926 1592 2019 1631 sus
2045 1574 2397 1644 καὸαλλάρης
2425 1573 2502 1635 εἱς
2520 1571 2717 1640 ἄλογον
2751 1570 2963 1639 ἆσπρον
2988 1578 3042 1624 et
3071 1566 3399 1635 λευκοφόρος
3420 1582 3513 1617 κα-

1927 1668 2223 1738 6αλλάριος
2249 1669 2328 1730 εἰς
2349 1666 2545 1735 ἄλογον
2568 1666 2800 1733 ᾶσπρον.
2832 1660 3203 1716 Damascenus
3226 1659 3425 1713 citatus
3458 1656 3510 1710 iu

1926 1757 2233 1815 Thesauro.
2271 1758 2344 1813 De
2373 1755 2607 1824 Georgio
2639 1767 2688 1809 et
2715 1753 3005 1808 Theodoro
3036 1751 3240 1807 sanctis
3296 1749 3512 1804 Graeco-

1930 1866 2048 1908 rum
2082 1850 2506 1905 auxiliatoribus
2535 1848 2776 1910 Nicetius,
2801 1843 3065 1898 Manuelis
3085 1841 3351 1896 Coniueui
3370 1840 3406 1893 ι.
3433 1855 3509 1895 vi.

1998 1942 2139 1996 Ibid.
2161 1942 2214 1997 5.
2246 1937 2678 2014 [Δρακοντεῖον.
2706 1937 2843 1995 Cum
2877 1935 3077 2006 aquilis
3097 1935 3150 1987 iu
3173 1935 3345 1987 aciem
3372 1931 3511 1985 inter

1931 2037 2128 2091 vexilla
2161 2036 2251 2090 lati
2283 2042 2411 2090 sunt
2445 2033 2608 2089 etiam
2653 2031 2943 2092 dracones,
3007 2027 3242 2082 maxime
3295 2024 3513 2079 labente

1930 2127 2184 2197 imperio.
2219 2125 2385 2181 Docet
2420 2125 2775 2193 Dempsterus
2802 2120 2869 2176 ad
2898 2119 3057 2175 Rom.
3081 2119 3255 2187 antiq.
3281 2116 3509 2171 calcem.

1934 2219 2007 2274 De
2041 2219 2241 2289 quibus
2269 2217 2466 2273 Suidas
2491 2233 2545 2269 ν.
2578 2215 2790 2285 Σημεῖα
2834 2233 2849 2269 :
2887 2212 2922 2266 ἃ
2946 2212 3208 2281 φέρουσιν
3236 2210 3292 2261 ὲν
3311 2207 3390 2277 τῷ
3415 2225 3511 2260 που

1931 2315 2082 2385 λέμῳ
2110 2312 2411 2383 ὑφάσματά
2433 2312 2542 2364 εἰσι
2577 2310 2723 2380 βαφῇ
2745 2305 3168 2376 πεποικιλμένα,
3195 2303 3230 2356 δι
3250 2305 3329 2365 εἰς
3365 2301 3511 2356 ἰδέαν

1934 2411 2170 2479 μάλιστα
2209 2409 2387 2477 ὄφεων
2422 2407 2699 2468 εἴκασται,
2766 2403 2859 2457 καὶ
2895 2401 3260 2473 ἀπῃὼρηνται
3306 2394 3513 2451 κοντῶν

1934 2498 2292 2569 συμμέτρων.
2329 2495 2698 2564 Deseripserat
2734 2494 2883 2563 prius
2912 2489 3285 2553 Marcellinus,
3311 2487 3348 2541 l.
3379 2502 3509 2540 xvi:

1932 2595 2218 2665 Purpureis
2246 2594 2342 2646 sub
2378 2590 2689 2661 tegminibus
2718 2590 2843 2642 texti
2870 2584 3263 2640 circumdedere
3319 2583 3511 2633 draco—

1930 2707 2044 2751 nes,
2076 2689 2353 2740 hastarum
2386 2685 2562 2738 aureis
2587 2681 2935 2751 gemmeisque
2969 2675 3364 2731 summitatibus
3406 2673 3517 2725 illi-

1931 2783 2068 2852 gati,
2093 2782 2245 2833 hiatu
2272 2787 2419 2832 vasto
2456 2774 2766 2847 perﬂatiles,
2798 2782 2846 2827 et
2878 2771 3011 2825 velut
3034 2772 3115 2824 ira
3149 2766 3337 2839 perciti
3384 2765 3513 2818 sibi-

1933 2876 2122 2935 lantes,
2145 2871 2543 2940 caudarumque
2560 2867 2823 2923 volumina
2846 2865 3197 2935 relinquentes
3214 2862 3268 2917 in
3284 2870 3512 2914 ventum.

1934 2967 2107 3024 Goan.

2005 2984 2107 3021 ian.

2005 2966 2498 3127 llisimperatoriis
2524 3052 2762 3109 ﬂamulis
2793 3066 2891 3107 seu
2923 3050 3137 3106 vexillis
3167 3058 3389 3119 propter
3418 3061 3513 3099 co-

241 3146 490 3206 Drtcsidio
520 3163 537 3210 ;
574 3161 674 3201 nec
710 3148 764 3202 in
793 3149 1022 3205 dubium
1057 3162 1345 3206 revocatur
1379 3154 1526 3223 quod
1586 3153 1819 3209 Thessa-
1850 3170 1891 3228 ο
1933 3151 2239 3221 gnationem
2266 3146 2530 3210 nominis,
2554 3146 2691 3199 adde
2712 3142 2972 3198 vexillum
3002 3140 3060 3195 S.
3094 3139 3361 3210 Dionysii,
3391 3136 3519 3192 Gal-

242 3236 611 3293 lunicensibus
678 3240 970 3296 obsidione
1012 3243 1082 3297 ah
1130 3244 1394 3297 Alusiano
1460 3243 1820 3315 Bulgarorum

241 3329 425 3386 cinctis
485 3342 870 3402 unguentoque
924 3336 993 3391 ab
1046 3336 1165 3404 ejus
1216 3337 1471 3406 sepulcro
1533 3346 1826 3392 emanante

243 3424 409 3479 unctis
451 3424 708 3480 contulit.
766 3425 1030 3483 Romanae
1084 3428 1223 3484 aciei
1288 3429 1391 3483 fuit
1444 3429 1556 3484 dux
1622 3439 1826 3501 martyr

245 3512 569 3581 Demetrius,
606 3517 685 3571 ait
713 3516 992 3575 Cedrenus
1043 3521 1097 3575 iu
1152 3521 1419 3577 Michaele
1452 3521 1824 3593 Paphlagonc,

242 3607 451 3678 iterque
473 3611 865 3679 eomplanavit,
892 3614 1037 3681 quod
1058 3615 1275 3685 Bulgari
1300 3615 1496 3685 captivi
1516 3614 1828 3684 juramento

241 3707 662 3768 conﬁrmarunt,
696 3704 948 3761 dicentes
975 3707 1180 3762 vidisse
1200 3723 1259 3763 se
1278 3709 1540 3778 juvenem
1564 3709 1826 3780 equitem,

238 3792 324 3859 qui
358 3793 621 3849 Romanae
656 3796 912 3868 phalangi
948 3798 1200 3869 prgiret,‘
1228 3815 1383 3870 aquo
1406 3801 1666 3856 cxsiliens
1690 3801 1830 3871 ignis

238 3886 496 3942 adversus
524 3899 797 3944 cremaret
836 3891 1041 3948 hostes.
1074 3893 1231 3948 Alter
1279 3891 1584 3965 Procopius
1638 3894 1830 3949 militia

240 3981 412 4035 clarus
442 3982 553 4035 dux
588 3981 935 4037 Alexandriae
965 3984 1087 4049 fuit,
1116 3994 1176 4038 ut
1207 3985 1389 4041 verbis
1424 3982 1617 4040 iisdém
1653 3986 1829 4056 Syna-

243 4075 423 4128 xarion
460 4074 658 4129 asserit
685 4073 817 4131 Julii
852 4075 916 4130 8:
945 4076 1176 4146 Χαεροις
1205 4076 1495 4147 μαρτύρων
1546 4076 1828 4146 καύχημα,

240 4163 507 4232 βασιλέων
531 4169 864 4237 κραταῐωμα
892 4169 1169 4239 canitejus
1197 4170 1336 4224 festo
1356 4169 1597 4225 Ecclesia
1621 4169 1828 4224 Graeca.

241 4257 462 4315 Tertius
496 4260 589 4314 fuit
626 4262 950 4318 Theodorus
983 4262 1367 4333 στρατηλάτης
1391 4264 1622 4333 equitum
1642 4262 1834 4331 magis-

244 4362 318 4402 ter
349 4353 459 4404 sub
492 4351 726 4418 Licinio,
784 4370 813 4409 a
845 4370 952 4423 quo
984 4362 1218 4409 mortem
1249 4355 1456 4408 illatam
1521 4352 1782 4407 sustinuit
1815 4369 1831 4407 :

241 4442 358 4493 exin
382 4438 942 4500 Romanorumarmis
961 4444 1141 4499 lavere
1160 4446 1327 4515 erepit
1342 4461 1373 4501 e
1389 4448 1551 4510 cmlo,
1581 4462 1643 4498 ac
1664 4444 1830 4499 Joan«

1937 3245 2043 3298 lice
2073 3239 2629 3310 oriﬂammedictum,
2673 3234 2820 3305 quod
2876 3248 3033 3304 reges
3088 3231 3275 3287 Galliae
3303 3242 3518 3285 summa

1929 3335 2192 3403 religione
2222 3346 2405 3386 secum
2431 3329 2483 3382 in
2527 3326 2905 3397 expeditiones
2960 3324 3283 3387 educebant,
3316 3321 3381 3375 de
3412 3337 3519 3388 quo

1937 3426 2060 3481 vide
2084 3432 2236 3494 gesta
2261 3420 2525 3476 Ludovici
2565 3418 2904 3473 Francorum
2935 3415 3081 3486 regis
3115 3415 3210 3469 fol.
3248 3414 3372 3476 158,
3398 3413 3515 3476 tu,

1930 3527 1983 3575 et
2006 3517 2307 3588 Rigordum
2336 3516 2403 3571 de
2429 3514 2600 3587 gestis
2622 3511 2857 3582 Philippi
2879 3510 3108 3582 Augusti
3134 3509 3275 3579 regis
3298 3506 3395 3563 fol.
3417 3505 3518 3560 i8ti

1930 3614 2015 3668 ed.
2050 3610 2273 3666 Pithmi.

2002 3704 2119 3760 Non
2151 3720 2371 3776 possum
2396 3704 2499 3758 hoc
2525 3702 2645 3757 loco
2668 3701 2871 3755 tacitus
2906 3696 3187 3767 praeterire
3225 3692 3515 3760 Nicephori

1932 3799 2186 3869 Gregorii:
2214 3800 2250 3853 l.
2285 3813 2354 3852 vn
2387 3797 2673 3851 sinistrum
2705 3803 2759 3847 et
2797 3792 3070 3860 abiectum
3131 3784 3394 3855 judicium
3454 3784 3521 3836 de

1935 3890 2341 3945 marchiouibus
2370 3887 2602 3951 Latinis,
2627 3900 2765 3954 quos
2797 3884 2873 3937 ait
2907 3896 3013 3933 non
3034 3894 3144 3932 esse
3165 3876 3338 3929 claros
3376 3874 3518 3942 apud

1932 3981 2172 4045 Latinos,
2203 3981 2293 4034 sed
2327 3994 2445 4033 eum
2470 3976 2746 4047 dignitatis
2774 3973 3182 4044 gradumtenere
3205 3982 3357 4036 quem
3379 3963 3520 4033 apud

1934 4074 2212 4146 Romanos
2238 4072 2599 4144 (Cpolitanos)
2628 4070 2801 4123 teneto
2832 4066 2933 4136 τὴν
2964 4063 3248 4134 βασιλικὴν
3278 4058 3522 4128 σημαίαν

1936 4169 1994 4219 ἐν
2028 4164 2408 4233 στρατεύμασι
2443 4162 2709 4228 κατέχων,
2734 4169 2785 4213 et
2814 4154 3112 4212 marchioni
3142 4161 3391 4222 perpetuo
3426 4150 3521 4203 hoc

1936 4256 2249 4311 attributum
2279 4270 2390 4309 esse
2422 4262 2479 4305 ut
2504 4245 3218 4318 nova-iiitperaterivexillum
3243 4241 3518 4311 pra'ferat.

1940 4348 2161 4404 Scilicet
2194 4347 2441 4401 marchio
2508 4341 2923 4402 Montisl‘errati.
2976 4338 3207 4400 Misnizn,
3271 4335 3520 4389 Brande-

1938 4441 2195 4512 burgieus
2221 4451 2275 4494 ct
2300 4439 2505 4494 similes
2528 4438 2667 4507 apud
2694 4436 2917 4488 Latinos
2974 4431 3199 4499 majoris
3244 4426 3523 4495 dignitatis

244 4531 322 4585 nis
352 4533 649 4590 Tzinziscis
682 4544 929 4604 tempore
970 4545 1131 4590 tanta:
1163 4535 1495 4606 Scytharum
1528 4538 1581 4589 in
1606 4535 1826 4591 Graecos
1859 4504 1904 4559 θ
1934 4549 2040 4587 non
2074 4543 2232 4587 erant
2252 4548 2414 4601 quam
2451 4504 2823 4599 lampadarius
2853 4538 2945 4580 aut
3006 4529 3051 4579 is
3111 4522 3203 4592 qui
3263 4520 3519 4574 divelium

244 4626 602 4690 praedantium
634 4630 836 4697 stragis
860 4636 1050 4682 auctor
1089 4629 1208 4691 fuit,
1244 4639 1306 4684 ut
1325 4632 1372 4683 ei
1407 4629 1573 4699 286
1591 4630 1822 4699 gratiam

246 4733 340 4787 pro
366 4734 475 4788 cpe
505 4721 610 4775 lata
649 4721 919 4778 relaturus
944 4721 1265 4788 Tzimisces,
1297 4724 1498 4790 templo
1525 4723 1579 4775 in
1625 4722 1826 4790 quo'is

245 4808 507 4864 humatus
538 4821 657 4866 erat
685 4812 984 4876 destructo,
1034 4812 1183 4867 aliud
1240 4812 1686 4882 magniﬁcentius
1736 4826 1830 4866 ex-

245 4910 517 4958 structum
553 4905 772 4974 praediis
802 4907 1013 4975 amplos
1032 4906 1362 4961 habentibus
1394 4907 1599 4962 reditus
1625 4906 1832 4961 ditave-

248 4999 337 5057 rit,
367 5006 424 5050 et
457 4998 670 5061 urbem,
704 4999 1035 5055 Euchaueiae
1063 5014 1355 5068 suppresso
1380 5000 1619 5062 nomine,
1668 5014 1831 5053 voca-

247 5088 383 5142 verit
416 5087 898 5160 Theodoropolim.
928 5092 1124 5147 Subdit
1150 5091 1459 5152 Cedrenus.
1481 5108 1549 5145 ex
1582 5107 1692 5160 quo
1720 5092 1835 5145 hinc
1860 5112 1869 5117 ο

246 5181 573 5252 deprompta
608 5200 623 5237 :
663 5198 793 5238 sane
824 5184 909 5239 his
925 5200 1141 5253 semper
1159 5185 1480 5255 auspicibus
1498 5193 1661 5253 atque
1680 5193 1836 5237 ante-

248 5273 494 5342 signanis
522 5276 814 5331 adversum
843 5277 1028 5332 hostes
1058 5277 1135 5331 uti
1168 5278 1378 5332 solebat
1402 5278 1699 5346 imperator
1719 5277 1830 5330 hic.

247 5364 358 5421 Nec
389 5376 590 5424 temere
625 5386 640 5423 :
677 5369 825 5423 visus
872 5371 1017 5424 enim
1050 5358 1362 5424 manifesto
1425 5376 1631 5437 martyr
1681 5384 1836 5437 opem

249 5470 417 5525 pene,
452 5462 669 5516 hostiles
696 5477 900 5517 cuneos
925 5462 1238 5527 turltare,et
1269 5461 1707 5530 praeclarissima:
1741 5462 1842 5513 du-

251 5564 367 5603 cem
410 5567 468 5603 se
492 5562 748 5620 praestare
777 5554 1038 5608 victoriae.
1061 5551 1296 5608 Ultimus
1323 5551 1645 5606 Theodorus
1674 5551 1837 5615 alius,

253 5641 358 5695 tiro
385 5643 582 5711 dictus,
617 5661 726 5700 non
763 5648 904 5713 quod
927 5661 1206 5701 armorum
1233 5645 1485 5700 tirocinio
1513 5646 1840 5713 erudiretur,

244 5734 350 5786 sed
376 5735 521 5802 quod
554 5738 606 5790 in
644 5740 868 5793 cohorte
902 5740 1141 5793 tironum
1173 5738 1315 5793 dicta
1344 5747 1635 5806 prm’ectus
1658 5748 1844 5791 centu-

257 5823 341 5877 rio
373 5838 797 5895 prowercretur.
832 5830 1196 5885 Damascenus
1233 5828 1606 5883 subdiaconus
1628 5846 1639 5883 :
1661 5825 1830 5881 Ἦςον

1933 4637 2026 4681 aut
2053 4625 2331 4678 ﬂammula
2354 4624 2708 4693 imperatoria
2748 4618 2890 4689 apud
2926 4616 3151 4672 Graecos
3205 4612 3522 4682 imperatori

1930 4718 2298 4788 pmportabat
2328 4735 2341 4782 ;
2370 4731 2469 4770 nec
2496 4714 2844 4769 marchiones
2872 4726 2991 4772 seu,
3024 4720 3081 4763 ut
3111 4706 3281 4761 Graeci
3338 4702 3524 4771 appel-

1932 4811 2067 4877 lant,
2098 4810 2342 4864 marcesii
2369 4822 2567 4861 nomen
2624 4806 2727 4858 hoc
2768 4802 2969 4857 habent
3000 4816 3028 4851 a
3054 4796 3246 4851 vexillo
3276 4811 3372 4849 seu
3397 4796 3524 4846 ban'

1934 4903 2024 4968 do,
2052 4902 2143 4957 sed
2185 4899 2505 4956 alimitibus
2564 4894 2803 4950 tuendis.
2848 4891 3006 4946 Marii
3062 4890 3205 4944 enim
3237 4886 3523 4943 Germanis

1935 4998 2093 5051 limes
2131 5005 2234 5050 est.
2268 4992 2403 5048 Nam
2434 4989 2635 5045 ﬁnibus
2674 4986 3029 5042 defendendis
3065 4980 3308 5054 praefecti
3339 4989 3517 5040 erant.

1939 5089 2030 5158 qui
2061 5084 2321 5156 temporis
2347 5096 2637 5153 progressu
2666 5080 2733 5133 ad
2767 5077 3139 5147 amplissimas
3175 5089 3305 5143 opes
3368 5073 3524 5126 latis-

1939 5184 2217 5249 simosque
2244 5177 2588 5248 principatus
2621 5180 2963 5229 emerserunt
2994 5189 3007 5227 :
3046 5168 3228 5240 qualis
3280 5167 3426 5221 enim
3471 5174 3525 5218 et

1940 5289 2102 5343 quam
2135 5279 2328 5339 potens
2352 5265 2597 5321 marchio
2628 5264 3126 5333 Brandeburgicus,
3158 5258 3406 5314 marchio
3423 5256 3519 5311 Ba—

1944 5364 2147 5426 deusis,
2186 5360 2427 5415 marchio
2460 5356 2887 5428 Onspaehensis,
2938 5354 3184 5409 marchio
3250 5351 3523 5410 Moravim,

1945 5455 2192 5508 marchio
2228 5452 2526 5521 Burgoicus
2545 5461 2597 5506 et
2622 5450 2760 5506 alii?
2796 5453 2913 5518 ipse
2949 5447 3113 5502 etiam
3146 5443 3525 5499 NicetasCho-

1947 5549 2141 5608 niates,
2173 5547 2207 5600 l.
2244 5562 2314 5599 vn
2354 5546 2419 5599 de
2454 5545 2615 5600 ritus
2651 5546 2815 5611 gestis
2846 5540 3010 5611 287
3072 5537 3334 5591 Manuelis
3390 5551 3527 5588 mar-

1947 5642 2106 5698 chesii
2134 5637 2523 5721 Montisl’errati
2559 5637 2895 5690 nobilitatem
2923 5645 2976 5688 et
2998 5631 3298 5701 potentiam
3323 5643 3526 5698 agnos-

1950 5754 2072 5791 cere
2103 5748 2156 5791 et
2182 5734 2477 5804 praedicare
2505 5741 2729 5785 coactus
2758 5739 2860 5784 est.
2891 5728 3099 5785 CRETS.

2024 5827 2167 5880 Ibid.
2203 5826 2308 5885 L'l'd
2338 5824 2453 5877 τῶν
2485 5821 2824 5885 δεσποτῶν,
2861 5821 2959 5875 καὶ
3019 5819 3134 5873 τῶν
3188 5818 3523 5886 ἁρχόνζῳν.
