3952 6222
447 315 548 378 ΒΜ

1517 321 1597 382 ΙΝ
1639 323 1939 384 LIBRUM
1984 322 2080 383 DE
2138 322 2466 382 OFFlCilS
2521 323 2627 382 (31‘.

3579 317 3678 378 320

447 425 517 477 lis
543 429 757 482 saeculis
789 429 902 482 haec
942 429 1144 499 scripta
1175 432 1376 500 quibus
1412 448 1520 488 non
1552 438 1712 492 modo
1746 454 1899 507 reges
1961 448 2014 492 et

2134 453 2176 488 ιν
2217 437 2396 508 χάρτῃ
2425 435 2522 505 τὴν
2547 431 2799 496 σύνταξιν
2826 431 2933 484 τῶν
2957 429 3206 498 ἐραστῶν
3236 426 3328 480 τοῦ
3361 425 3681 497 χλοὰζοντος

447 520 739 586 principes,
774 520 866 574 sed
911 533 963 574 et
995 522 1290 577 nobiliores
1325 526 1535 592 equites
1569 528 1800 596 alicujus
1833 530 2014 584 vexilli

445 607 562 661 sive
617 609 778 664 bandi
834 609 1114 670 deferendi
1169 614 1431 669 honorem
1485 618 1816 674 ambiebant.
1875 622 2014 676 l-linc

443 700 710 754 nobilium
759 699 1094 758 Francorum
1151 707 1344 775 equites
1398 707 1684 780 bandifcri,
1737 712 2014 767 clievaliers

444 793 740 847 barmercts.
774 792 884 848 Leo
944 795 1293 850 Taeticorum
1356 807 1532 855 const.
1599 802 1682 867 5:_
1724 803 2016 874 Φλάμουλα

447 883 681 950 μεγάλα,
713 885 1121 954 φλαμουλίσκια
1148 889 1255 940 τῶν
1289 891 1613 960 κονταρέων,
1681 893 1850 962 eavea
1894 896 2013 949 δια-

443 973 626 1042 φόρως
657 973 1006 1044 βεϐαμμένα.
1065 977 1383 1035 Habuerunt
1418 985 1632 1052 equites
1693 987 1925 1056 gregarii
1962 988 2012 1042 in

443 1066 618 1120 contis
651 1065 891 1122 flantula.
935 1068 1044 1123 Leo
1094 1071 1234 1125 idem
1267 1077 1528 1144 κοντάρια
1575 1079 1749 1148 μικρά
1807 1080 2013 1132 καϐαλ-

441 1155 667 1222 λαρικὰ,
696 1156 891 1227 ἔχοντα
923 1160 1112 1228 λουρία
1139 1164 1278 1215 κατὰ
1304 1165 1469 1230 μέσον
1501 1167 1640 1235 μετά
1665 1168 2012 1236 φλαμούλων.

446 1245 618 1299 Etiam
657 1248 710 1302 in
768 1251 1010 1304 humeris
1049 1253 1256 1306 minora
1310 1255 1414 1309 sibi
1468 1256 1706 1326 figebant
1749 1258 2012 1316 flamula:

442 1337 732 1407 Φλάμουλα
811 1342 988 1412 μικρὰ
1058 1345 1241 1396 ἐπάνω
1310 1347 1418 1399 τῶν
1465 1347 1845 1411 ζασῶν.κατὰ
1903 1353 2016 1406 τῶν

441 1425 626 1495 ὤμων.
868 1491 877 1500 ἱ

511 1518 654 1574 Ibid.
719 1519 800 1575 17.
837 1521 990 1594 [Τῶν
1043 1524 1388 1596 δημάρχων.
1440 1516 1852 1603 Aurigantium,
1922 1537 2014 1605 qui

442 1610 716 1676 quomlam
749 1610 892 1667 ludis
923 1615 1265 1674 circensibus
1313 1618 1498 1677 Romre
1540 1625 1770 1693 palmam
1806 1643 2016 1696 quaere-

443 1700 596 1765 bant,
648 1699 914 1758 factiones
947 1706 1061 1762 sive
1094 1717 1280 1776 partes
1337 1711 1490 1767 fuere
1537 1723 1796 1784 quatuor,
1835 1734 1956 1788 qua:
1989 1735 2019 1774 a

443 1792 719 1847 coloribus
745 1796 956 1864 viridis,
991 1803 1227 1866 caerulei,
1267 1803 1416 1858 rubri
1449 1805 1666 1880 albique
1698 1809 1887 1878 panni,
1911 1825 2018 1881 quo

445 1885 810 1950 donabantur,
844 1892 1064 1945 nomina
1091 1904 1423 1966 acceperunt
1475 1897 1734 1965 Prasiae,
1779 1900 2019 1968 Venetm,

442 1974 683 2044 llosataa,
708 1981 933 2047 Albane,
963 1983 1030 2038 de
1055 1986 1256 2054 quibus
1284 1989 1602 2058 Suetonius,
1627 1975 1910 2060 Martialis,
1928 1994 2022 2048 Ju-

445 2069 652 2121 venalis
684 2073 1005 2136 meminere,
1061 2085 1116 2129 et
1151 2080 1398 2132 omnium
1431 2081 1845 2139 distinctissime
1879 2083 2020 2139 Ter-

446 2160 706 2216 tullianns
742 2163 992 2232 Latinus,
1023 2177 1078 2224 et
1108 2170 1158 2222 in
1192 2169 1515 2242 Anthologia
1541 2172 1855 2232 Graecorum
1889 2175 2020 2246 Epi-

443 2263 814 2318 grammatum
841 2258 906 2312 ad
931 2258 968 2313 Ι.
995 2275 1026 2312 ν
1057 2262 1260 2316 calcem
1291 2279 1431 2334 pene
1452 2275 1752 2320 extremam
1781 2268 2020 2323 Thomas

445 2345 718 2400 Patricius
748 2349 971 2406 Graecus
1000 2353 1361 2425 descripsere.
1393 2357 1529 2412 Cum
1559 2358 1900 2415 Circensium
1939 2362 2020 2415 lu-

445 2435 636 2490 dorum
667 2440 850 2493 studio
875 2444 1156 2510 exercitia,
1193 2447 1442 2513 nomina,
1473 2442 1688 2522 colores
1713 2449 2016 2505 factionum

446 2527 616 2583 Roma
659 2517 873 2600 Cpolim
923 2535 1394 2606 commigrarunt;
1431 2551 1484 2594 et
1513 2556 1576 2596 ex
1630 2518 2020 2598 dimicantibus

444 2619 497 2672 in
529 2619 689 2676 Circo
725 2623 1056 2682 factionibus
1086 2629 1319 2698 pepulus
1354 2645 1576 2702 quoque
1624 2641 1770 2688 totus
1815 2633 2022 2688 divisus

444 2709 494 2763 in
524 2720 730 2780 partes,
762 2731 884 2784 qua:
906 2733 966 2773 se
995 2721 1324 2791 quandoque
1356 2725 1560 2779 mutuis
1587 2725 1849 2788 czedibus,
1879 2726 2022 2792 rapi-

445 2802 550 2864 nis,
578 2804 795 2874 injuriis
828 2822 1238 2878 consumpsere.
1271 2810 1654 2882 Theophanes,
1695 2813 2018 2880 Simocatta,

446 2893 748 2962 Cedrenus;
784 2897 1028 2954 Zonaras
1056 2911 1108 2955 et
1135 2902 1224 2956 alii
1259 2905 1586 2961 tumultibus
1617 2906 1724 2962 illis
1779 2915 1833 2961 et
1875 2905 2019 2961 sedi-

446 2985 690 3040 tionibus
711 2987 826 3056 jam
865 3003 894 3040 a
935 2988 1174 3046 Zenonis
1236 2993 1574 3062 temporibus
1619 3010 1714 3062 per
1770 2996 2017 3064 quadam

447 3075 703 3147 deinceps
734 3081 933 3134 saecula
963 3082 1303 3138 continuatis
1322 3087 1526 3156 scripta
1552 3103 1651 3142 sua
1683 3103 2016 3158 respersere.

2124 527 2417 598 ἐνεχάραξε
2442 526 2754 596 χρώματος,
2785 522 3175 583 πεντακοσίους
3203 521 3335 589 πρὸς
3363 521 3476 583 τοῖς
3500 519 3684 589 χιλίοις

2115 619 2505 688 τυγχάνοντας,
2541 619 2567 668 ὁ
2591 616 2646 668 δὲ
2696 615 2924 683 Κοσμᾶς
2951 613 3077 672 τοὺς
3107 612 3205 679 τῆς
3242 610 3522 664 ἀντιϐέτου
3540 611 3683 678 αἱρέ-

2118 725 2254 772 σεως
2290 710 2653 771 ἑκατοντάδας
2691 708 2854 760 ἐννέα
2889 705 3254 772 συντέταχεν
3306 703 3387 764 εἰς
3424 701 3514 754 δύο
3581 703 3685 769 γὰρ

2117 801 2425 870 χρωμάτων
2451 799 2668 868 ἐφέσεις
2691 798 2757 850 τὰ
2777 797 2887 849 τῶν
2920 795 3214 864 Ῥωμαίων
3281 793 3682 846 καταπέττωκε

2118 891 2319 962 πλήθη.
2356 891 2599 945 Zonaras
2630 891 2685 944 in
2739 889 2962 943 Phoca:
3001 888 3279 948 Ὃψωκᾶς
3307 885 3404 954 τὴν
3457 887 3688 952 γυναῖκα

2117 983 2379 1036 Λεοντίαν
2402 981 2721 1051 Αὐγοῢσταν
2761 981 2923 1042 εὐθὺς
2978 977 3318 1048 ἀνηγόρευσε
3373 977 3480 1029 τῶν
3507 977 3688 1044 δήμων

2117 1077 2425 1146 παρόντων.
2461 1078 2597 1128 Τότε
2631 1075 2718 1128 διὰ
2748 1075 2932 1127 τόπων
2966 1074 3023 1124 ἐν
3055 1069 3136 1135 οἷς
3191 1072 3407 1123 ἵσταντο
3457 1070 3689 1136 ἀμφιϐο-

2119 1167 2235 1230 λίας
2292 1167 2595 1239 γενομένης
2648 1169 2757 1230 τοῖς
2795 1166 3094 1236 Πρασίνοις
3137 1163 3230 1216 καὶ
3270 1164 3382 1224 τοῖς
3445 1161 3689 1221 Βενέτοις

2123 1257 2436 1321 στασιάζειν
2463 1257 2700 1327 ἤρξαντο
2728 1257 2848 1308 κατ’
2875 1253 3148 1324 ἀλλήλων.
3180 1252 3409 1320 Πέμψας
3451 1252 3507 1302 δέ
3544 1267 3686 1312 τινας

2121 1351 2148 1401 ὁ
2201 1351 2397 1412 Φωκᾶς
2419 1349 2858 1410 κατασκευάζειν
2885 1348 3070 1409 αὐτοῖς
3109 1346 3206 1414 τὴν
3257 1345 3444 1396 στάσιν
3481 1343 3689 1408 ἐπεχεί-

2122 1459 2227 1512 ρει.
2269 1440 2421 1504 Ἐνὸς
2453 1437 2543 1494 οὖν
2572 1441 2682 1492 τῶν
2740 1439 3044 1492 σταλέντων
3095 1437 3185 1488 τὸν
3237 1436 3345 1486 τῶν
3407 1433 3686 1502 ῐῐρασίκιων

2121 1533 2448 1604 ὑϐρίσαντος
2505 1533 2788 1602 δήμαρχον
2849 1532 2944 1584 καὶ
2985 1529 3179 1582 τοῦτον
3228 1527 3568 1594 ὠοήσαντος,
3621 1522 3690 1590 μὴ

2121 1627 2438 1694 ἐνεγκόντες
2462 1627 2510 1678 οἱ
2535 1625 2626 1680 τοῦ
2682 1627 2857 1693 δήμου
2913 1624 3068 1676 τοῦτο
3099 1621 3352 1690 ἔκραζον.
3386 1619 3443 1670 Et
3501 1617 3642 1670 infra
3672 1636 3683 1670 :

2134 1711 2384 1766 Ἱππικὸν
2441 1713 2628 1778 ἀγῶνα
2694 1712 2842 1777 ἄγων
3137 1711 3396 1763 ἐθεάσατο
3446 1709 3542 1759 σὺν
3577 1710 3688 1768 ταῖς

2046 1837 2095 1898 Β
2122 1803 2287 1856 αὐτοῦ
2321 1805 2492 1858 εἰκόσι
2519 1805 2614 1858 καὶ
2641 1805 2732 1856 τοῦ
2772 1804 3010 1875 Πρίσκου
3045 1805 3136 1854 sui.
3167 1802 3262 1870 τῆς
3306 1799 3471 1854 αὐτοῦ
3503 1817 3691 1866 γυναι-

2122 1894 2214 1956 κὸς
2247 1895 2542 1960 Δομεντίας
2573 1895 2876 1964 ἱσταμένας
2933 1895 3173 1958 εἰκόνας,
3205 1894 3297 1946 καὶ
3321 1892 3586 1960 ἐκμανεὶς
3609 1906 3692 1958 γε·

2127 1981 2304 2048 γονὼς
2332 1985 2720 2054 ἀποτμηὍῆναι
2761 1986 2888 2047 τοὺς
2908 1986 3222 2054 δημάρχους
3253 1984 3505 2036 ἐκέλευσε
3529 1998 3542 2011 ⁸
3579 1983 3693 2048 δεη-

2122 2071 2328 2128 θέντων
2354 2076 2410 2129 δὲ
2444 2077 2551 2130 τῶν
2574 2078 2762 2147 δήμων
2790 2078 2944 2146 μόλις
2984 2077 3196 2146 ἀφῆκεν
3229 2073 3443 2135 αὐτούς.
3479 2072 3694 2126 Venetae

2121 2176 2302 2219 autem
2359 2168 2500 2237 parti
2566 2169 2741 2237 magis
2811 2167 3012 2221 favisse
3065 2167 3426 2235 imperatores
3483 2179 3694 2230 semper

2120 2267 2249 2312 sunt
2281 2259 2406 2326 visi,
2451 2259 2768 2328 eisdemque
2825 2258 3113 2313 Prasinam
3175 2259 3359 2312 minus
3419 2255 3693 2308 aiiectam.

2121 2345 2424 2416 Theophila
2453 2363 2572 2402 eam
2607 2349 2678 2402 ob
2715 2361 2826 2401 rem
2864 2347 2918 2400 in
2979 2347 3258 2400 theatrum
3295 2344 3532 2398 venienti
3578 2358 3696 2397 δυο⁴

2120 2439 2390 2494 clamabat
2417 2441 2507 2495 illa
2537 2439 2679 2510 apud
2712 2438 2952 2494 Leonem
2989 2436 3420 2492 Grammaticum
3448 2449 3465 2488 :
3499 2435 3695 2496 Καλῶς

2117 2526 2304 2602 ἦλθες,
2366 2531 2666 2602 ἁσύγκριτε
2721 2532 3062 2602 φακτονάρη.
3098 2531 3300 2584 llorum
3342 2544 3409 2584 ne
3451 2529 3697 2596 reliquiae

2120 2624 2340 2692 quidem
2377 2625 2590 2680 ultimis
2645 2625 2864 2680 saeculis
2893 2626 3018 2679 licet
3081 2621 3465 2687 remanserint,
3529 2621 3696 2676 duces

2123 2724 2326 2779 tamen,
2361 2717 2444 2770 vel
2475 2717 2656 2786 quivis
2710 2717 2802 2772 alii
2844 2718 2896 2771 in
2924 2731 3114 2771 eorum
3173 2715 3351 2769 locum
3386 2714 3692 2783 Subrogati,

2120 2807 2436 2874 imperatori
2485 2811 2538 2862 in
2591 2809 2871 2880 publicum
2923 2807 3238 2878 procedenti
3305 2821 3428 2859 cum
3485 2805 3699 2858 vexillis

2119 2907 2374 2969 poterant
2402 2911 2582 2957 astare
2613 2921 2626 2968 ;
2666 2903 2939 2972 iidemque
2989 2908 3120 2957 sunt
3149 2899 3246 2970 qui
3307 2898 3574 2967 populum
3611 2913 3701 2966 per

2122 2994 2505 3060 contubernia,
2551 2996 2747 3061 tribus,
2802 2995 3053 3063 regiones
3091 3001 3146 3047 et
3200 2991 3426 3058 collegia
3463 2992 3698 3043 divisum

2121 3089 2402 3158 regebant,
2436 3102 2576 3156 quos
2607 3087 3020 3156 πρωτοπολιτας
3044 3099 3073 3141 a
3100 3084 3432 3154 Theophane
3463 3084 3704 3152 scriptos

445 3169 708 3225 Cotisulet
739 3174 832 3242 qui
861 3175 1136 3230 curiosius
1163 3185 1216 3230 et
1248 3177 1496 3233 diffusius
1530 3180 1644 3236 haec
1677 3182 1821 3236 volet
1847 3184 2018 3252 expli-
2044 3169 2092 3232 C
2123 3179 2466 3234 observahis.
2499 3177 2698 3250 ϐολὴ]

447 3269 586 3316 cata.
641 3262 848 3319 Unicus
909 3265 1200 3323 Balsamon
1261 3269 1610 3341 longissimos
1665 3275 2020 3328 historiarum

444 3362 650 3410 tractus
678 3359 864 3427 paucis
889 3362 1208 3432 perstringit
1229 3361 1280 3415 in
1300 3363 1369 3418 24
1395 3379 1659 3421 canonem
1679 3367 2021 3422 Trullanum.

447 3448 582 3502 Τότε
616 3451 717 3518 μὲν
748 3452 880 3521 γὰρ,
915 3454 1115 3524 inquit,
1145 3457 1253 3508 τῶν
1277 3457 1467 3526 δήμων
1492 3461 2025 3526 κατεξουσιαςὸντων

449 3543 508 3591 ἐν
539 3545 654 3605 ταῖς
697 3543 1111 3615 ἱπποδρομίαις,
1167 3551 1262 3601 καὶ
1304 3550 1602 3606 ποιούντων
1659 3553 1882 3616 ταύτας,
1934 3556 2024 3607 ὅτε

453 3637 550 3689 καὶ
607 3637 755 3698 ὅπως
821 3638 1138 3707 ἠϐούλοντο,
1189 3640 1252 3692 ἐκ
1303 3641 1712 3710 δαπανημάτων
1769 3647 2021 3708 οἰκείων,

448 3724 525 3783 ὡς
577 3728 673 3780 καὶ
722 3728 952 3798 ἐχόντων
1008 3731 1190 3796 οἴκους
1239 3734 1334 3785 καὶ
1401 3734 1651 3799 ἱππῶνας
1695 3737 1790 3789 καὶ
1855 3739 2023 3808 μέχρι

451 3819 545 3871 καὶ
576 3817 672 3872 νῦν
711 3820 1190 3893 περισωζομένους
1231 3826 1328 3878 καὶ
1361 3826 1662 3894 προσόδους
1692 3828 1854 3899 χάριν
1915 3831 2023 3883 τῶν

452 3910 847 3981 ῑπποδρομών,
909 3913 1005 3966 καὶ
1062 3915 1156 3968 τοῦ
1216 3917 1484 3986 βασιλέως
1536 3920 2021 3992 προσκαλουμένου

449 4004 542 4054 καὶ
578 4006 658 4064 εἰς
681 4003 839 4058 τοῦτο
892 4007 966 4076 μὴ
1035 4005 1470 4075 ἐξουσιάζοντος.
1526 4010 1700 4066 πολλὰ
1753 4013 2021 4084 στασιώδη

450 4097 545 4149 καὶ
571 4098 748 4150 ἄτοπα
780 4100 1114 4154 συνέπιπτον
1154 4101 1405 4168 γίνεσθαι
1431 4107 1574 4158 κατὰ
1596 4107 1691 4159 τὸν
1725 4106 1825 4174 τῆς
1859 4109 2024 4160 ἱππο-

449 4187 680 4257 δρομίας
710 4191 925 4258 κηρὸν,
959 4191 1070 4242 τῶν
1103 4194 1202 4260 μὲν
1232 4195 1686 4264 προστιθεμένων
1714 4195 1791 4263 τῷ
1859 4197 2021 4267 δήμῳ

449 4279 560 4331 τῶν
590 4281 855 4346 Βενέτων,
884 4283 995 4335 τῶν
1026 4283 1083 4335 δὲ
1123 4284 1197 4352 τῷ
1235 4285 1392 4352 μέρει
1419 4287 1527 4338 τῶν
1580 4288 1888 4356 Πρασίνων.
1931 4291 2023 4344 Ἑν

453 4374 662 4439 καιροῖς
692 4373 745 4424 δέ
764 4391 874 4426 τισι
900 4374 993 4425 καὶ
1026 4375 1252 4444 πόλεμοι
1293 4380 1784 4448 συνεκροτήοησαν
1841 4381 2022 4451 ἐμφύ-

453 4463 557 4515 λιοι
587 4465 752 4533 μέσον
776 4465 1068 4518 ἀντιθέτων
1099 4469 1306 4539 μερῶν,
1332 4471 1424 4522 καὶ
1448 4471 1590 4523 κατὰ
1613 4472 1714 4541 τῆς
1747 4471 2022 4541 βασιλείου

455 4555 742 4624 περιωπῆς
771 4557 961 4626 ἀναιδῆ
997 4561 1218 4629 ῥήματα
1263 4563 1310 4614 oi
1345 4562 1578 4632 δημόται
1607 4563 2018 4634 ἁπηρεύξαντο,

457 4645 640 4709 καθὼς
665 4647 770 4699 ἀπὸ
811 4648 1089 4719 διαφόρων
1147 4653 1417 4720 χρονικῶν
1465 4652 1621 4707 τοῦτο
1670 4659 2022 4726 παρίσταται.

455 4734 698 4791 Partium
732 4738 949 4793 illarum
989 4741 1129 4810 (qua:
1153 4742 1315 4812 δῆμοι
1337 4753 1388 4798 et
1406 4744 1660 4814 δημόται,
1689 4755 1748 4801 ut
1779 4747 1890 4816 jam
1945 4748 2024 4802 le-

455 4828 636 4897 gimus
666 4839 718 4884 et
746 4831 994 4886 scribunt
1025 4832 1383 4904 TheOphanes
1415 4845 1468 4892 et
1495 4838 1798 4904 (Iedrenus,
1826 4854 2029 4894 vocan-

457 4923 568 4989 tur)
604 4925 861 4990 partium,
892 4926 1134 4996 inquam,
1171 4929 1348 4999 capita
1394 4931 1630 4986 ducesve
1659 4933 1930 5003 δήμαρχοι
1974 4945 2028 4987 et

454 5013 732 5087 δημάρχαι
775 5020 933 5087 quasi
988 5023 1098 5073 τῶν
1164 5023 1355 5093 δήμων
1412 5025 1672 5094 ἄρχοντες
1709 5027 2024 5090 audiebant,

456 5110 858 5182 popularesque
885 5114 987 5168 sibi
1012 5115 1258 5170 subditos
1286 5117 1367 5171 vel
1396 5115 1623 5173 aﬂ‘ectos
1648 5119 2026 5184 recensebant,

457 5197 544 5252 vel
603 5201 766 5256 etiam
818 5186 1148 5276 quandoque
1200 5207 1266 5262 ad
1304 5221 1398 5262 eos
1449 5208 1563 5276 qui
1601 5225 1697 5277 per
1752 5211 2026 5265 civitatem

457 5293 780 5350 oriebantur
811 5299 1081 5355 tumultus
1123 5308 1178 5354 et
1223 5301 1523 5358 seditiones
1578 5302 1875 5356 ducebant.
1942 5302 2030 5357 Si-

457 5393 696 5440 mocalta
755 5404 873 5456 VIII,
933 5391 1008 5446 7:
1061 5393 1204 5456 Τοὺς
1260 5393 1617 5464 δημάρχουςὸ
1673 5394 2031 5466 αὐτοκράτωρ

457 5477 916 5549 εἰσκαλεσάμενος
942 5483 1023 5548 είς
1078 5486 1144 5537 τὰ
1171 5483 1441 5553 βασίλεια,
1474 5485 1567 5548 οὓς
1615 5485 1893 5555 διοικητὰς
1924 5486 2033 5538 τῶν

457 5567 648 5636 δήμων
706 5573 864 5626 είωοε
917 5575 979 5630 τὸ
1033 5575 1238 5646 πλῆθος
1295 5576 1592 5632 ἀποκαλεῖν
1651 5579 1917 5650 (ὀνόματα
1977 5579 2034 5631 δὲ

461 5659 672 5728 τούτοις
701 5665 927 5738 Σέργιος
959 5669 1050 5720 καὶ
1085 5669 1333 5738 Κοσμᾶ-)
1363 5669 1694 5723 ἐπυνθάνετο
1719 5670 1829 5720 τῶν
1862 5668 2035 5737 δημο-

463 5754 728 5810 τευόντων
753 5760 846 5811 ἐπὶ
868 5758 1064 5813 λεπτοῦ
1091 5760 1177 5813 τὸν
1200 5762 1454 5831 ἀριθμόν.
1493 5761 1549 5813 Ὀ
1575 5761 1673 5831 μέν
1698 5757 1791 5813 οὖν
1813 5760 2035 5829 Σέργιος

2199 3273 2256 3325 Ρ.
2287 3273 2375 3328 48.
2407 3271 2742 3326 Antidorum.
2777 3270 2954 3340 Inepte
2983 3270 3181 3326 Junius
3211 3280 3453 3324 mutuum.
3485 3286 3699 3322 munus.

2127 3363 2272 3418 Nihil
2303 3365 2502 3420 melius
2533 3381 2693 3434 quam
2728 3365 2904 3433 ipsum
2935 3365 3183 3419 Griecum
3214 3378 3409 3418 nomen
3441 3363 3701 3416 retinere.

2127 3455 2257 3511 Erat
2283 3459 2438 3526 panis
2469 3474 2534 3512 ex
2566 3473 2674 3526 quo
2699 3473 2797 3526 pro
2826 3449 3168 3512 Eucharistia
3199 3456 3543 3512 conficienda
3583 3469 3705 3524 pars

2124 3549 2364 3613 desecta,
2391 3550 2592 3620 quique
2618 3553 2742 3604 a‘nte
2771 3551 3042 3620 liturgiam
3067 3565 3163 3620 per
3189 3549 3445 3618 templum
3468 3549 3706 3601 circum-

2127 3641 2269 3696 latus
2300 3642 2498 3696 fuerat.
2547 3643 2595 3698 ls
2623 3644 2770 3696 finita
2809 3643 3026 3711 liturgia
3082 3643 3522 3697 distribuebatur
3563 3656 3706 3709 pra:-

2121 3734 2372 3788 sentibus
2413 3733 2814 3787 benedictionis
2847 3735 3041 3802 gratia,
3098 3743 3158 3788 ut
3210 3734 3298 3804 qui
3331 3731 3707 3786 Eucharistize

2127 3825 2419 3896 participes
2451 3839 2558 3879 non
2590 3824 2842 3890 fuissent,
2895 3827 3086 3881 saltem
3142 3832 3211 3880 de
3265 3827 3368 3880 hoc
3414 3825 3706 3878 benedicta

2127 3931 2265 3986 pane
2299 3917 2711 3988 participarent.
2755 3917 2964 3973 G‘aers.

2198 3989 2451 4081 [Summa
2512 4011 2824 4067 Grmcorum
2863 4027 2994 4080 erga
3040 4013 3337 4080 ἀντιδωρον
3385 4010 3708 4062 communio-

2126 4101 2208 4154 nis
2238 4103 2515 4168 vicarium,
2547 4118 2740 4172 panem
2773 4103 3149 4165 benedictum,
3204 4102 3397 4168 religio
3426 4110 3533 4164 est,
3575 4112 3636 4154 ut
3663 4099 3706 4152 si

2123 4201 2598 4248 sacramentorum
2635 4208 2741 4246 non
2775 4200 2859 4247 est
2902 4195 3201 4262 particeps,
3263 4191 3393 4245 illud
3449 4193 3706 4260 ipsemet,

2125 4286 2288 4341 etiam
2321 4285 2635 4354 imperator,
2680 4294 2738 4339 ut
2769 4286 2855 4340 hic
2882 4287 3055 4350 vides,
3087 4288 3136 4337 in
3170 4283 3404 4338 ecclesia
3435 4284 3502 4337 de
3536 4297 3708 4336 manu

2128 4380 2431 4437 sacerdotis
2461 4381 2636 4434 sacris
2667 4379 2837 4434 ﬁnitis
2865 4381 3121 4449 accipiat.
3165 4377 3240 4432 De
3265 4393 3330 4432 eo
3361 4392 3461 4432 nos
3504 4376 3562 4428 in
3600 4377 3709 4430 Eu-

2057 4505 2102 4562 D
2133 4473 2453 4543 chologicis.
2479 4468 2684 4543 ϐολὴ]

2200 4565 2260 4620 Ρ.
2298 4565 2388 4621 49.
2426 4565 2716 4634 Ριιιειιὶοιω
2777 4563 3104 4618 Germanice
3159 4563 3448 4631 spiciferae.
3488 4564 3702 4616 Gnms.

2203 4655 2549 4727 [Corruptius
2578 4654 2897 4722 pronuntiat
2929 4654 3122 4722 vulgus
3167 4652 3594 4719 παιγνιδιὼτας,
3628 4652 3712 4703 ιιι-

2129 4764 2294 4809 sores,
2321 4747 2414 4814 qui
2445 4746 2694 4800 videlicet
2725 4745 2921 4798 ludunt
2947 4744 3183 4798 musicis
3216 4743 3635 4807 instrumentis,
3661 4753 3713 4796 et

2129 4856 2191 4896 ea
2228 4840 2310 4893 vel
2337 4839 2552 4908 pulsant
2584 4839 2662 4891 rei
2717 4837 2930 4891 inflant.

2203 4931 2348 4986 Ibid.
2389 4932 2838 5003 [Βυκκινάτωρες
2893 4929 3086 4984 scribit
3121 4927 3439 4982 Theodotus
3476 4927 3530 4980 in
3578 4927 3712 4981 Iure

2132 5019 2245 5076 GR.
2273 5022 2567 5076 Choniates
2597 5021 2852 5091 βύκανον,
2876 5019 2969 5074 alii
2999 5018 3242 5088 βύκινον.
3271 5017 3470 5088 Com.)

2204 5111 2339 5166 Ibid.
2378 5111 2662 5166 Surulistac
2696 5123 2726 5163 a
2775 5108 3003 5163 summa
3063 5108 3437 5163 instrumento
3470 5107 3710 5161 musico.

2113 5205 2288 5271 Quod
2315 5222 2443 5259 num
2474 5204 2672 5260 Junius
2697 5213 2843 5258 recte
2875 5201 3421 5257 in‘adnotationibus
3465 5200 3583 5256 suis
3615 5215 3717 5254 cx-

2136 5298 2318 5366 plieet,
2345 5298 2468 5366 quis
2507 5313 2606 5352 nos
2631 5303 2814 5350 certos
2843 5293 3005 5370 faciet
3024 5294 3049 5346 Ἰ
3078 5293 3280 5346 Gns'rs.

2208 5390 2608 5462 [Symphoniaci
2633 5389 2947 5450 cornicines,
2966 5387 3188 5454 jouetm
3205 5385 3269 5438 de
3287 5394 3495 5438 corneis
3521 5383 3554 5435 ὰ
3581 5388 3718 5434 ὑστι-

2136 5483 2286 5552 quin.
2336 5482 2739 5554 Symphoniaca
2789 5480 2907 5534 sive
2941 5478 3152 5532 musica
3215 5491 3445 5536 cornua,
3507 5476 3717 5545 quibus

2138 5578 2440 5633 etiamnum
2477 5575 2641 5631 hodie
2668 5575 2860 5629 ludunt
2888 5571 3196 5627 Dervisides
3223 5569 3461 5638 religiosi
3489 5569 3712 5632 Tui-cae,

2143 5669 2440 5738 σουραύλια
2469 5677 2663 5722 vocant
2697 5665 2890 5728 Graeci,
2931 5663 3238 5718 Dervisides
3273 5661 3528 5716 inﬂantes
3557 5659 3717 5726 ejus-

2143 5763 2286 5817 modi
2351 5761 2710 5816 instrumenta
2769 5755 3186 5824 σουραυλιστάς,
3258 5767 3409 5814 voce,
3476 5760 3534 5804 ut
3569 5747 3716 5802 ηιᾚὶ
