3952 6222
244 250 324 315 3εῇ
1287 246 1670 305 GiiETSERi
1708 246 1797 304 ET
1841 247 2081 306 GUARI
2130 249 2375 309 NOT:E.

3369 263 3475 325 322

241 364 433 432 quidem
496 358 734 424 videtur,
793 374 903 431 prie
972 361 1363 432 σονρουλιστάς
1420 366 1600 419 minus
1664 380 1768 420 cori

1895 365 2054 419 nibus
2084 378 2385 423 coronaute
2411 380 2599 424 narrat
2627 372 2979 425 πεπτωκέναι
3005 372 3069 425 τὰ
3095 373 3369 445 σκῆπτρα,
3402 378 3477 440 ὡς

239 467 396 525 rupta.

298 548 374 601 Ib.
406 546 559 619 [Ἐπὶ
600 547 717 601 τῶν
742 548 919 617 ὤμων
948 549 1171 603 αὐτῶν.
1204 547 1461 620 Barangi,
1503 566 1642 622 quos
1673 568 1783 607 non

237 660 329 696 uno
385 644 497 696 loco
550 622 966 713 κελεκυφάρους
1003 644 1181 698 dictos
1220 647 1485 713 reperias,
1520 645 1784 715 bipennes

232 750 395 790 coram
424 735 749 800 imperatore
781 734 1027 789 humeris
1063 736 1316 790 solebam
1354 749 1569 806 gestare
1604 740 1782 795 .Anna

231 826 451 880 Alexiad.
497 842 585 878 tv:
626 825 771 887 Τοὺς
798 825 855 878 δὲ
885 826 979 878 ἐπὶ
1011 826 1123 878 τῶν
1174 826 1341 896 ὤμων
1380 832 1448 880 τὰ
1481 831 1784 900 ἑτερόκοπα

228 920 472 986 etprima;
519 916 647 987 ξίφη
708 918 1179 987 παρακατασχὼν.
1215 918 1436 977 Nicetes
1479 922 1532 975 in
1590 923 1783 978 Alexio

228 1028 296 1064 tt:
332 1010 434 1061 Καὶ
480 1011 587 1061 ἀπὸ
633 1008 791 1062 τοῦδε
831 1010 882 1062 οἱ
925 1010 1024 1078 μὲν
1084 1011 1373 1083 δορυφόροι
1407 1016 1473 1067 τὰ
1530 1016 1624 1068 ἐπὶ
1674 1018 1783 1070 τῶν

225 1102 373 1168 ὤμων
402 1098 896 1170 ἐτερόθηκταηξίφη
953 1102 1326 1172 κατήνεγκαν.
1376 1104 1530 1158 Anna
1587 1122 1783 1162 rursus

224 1194 252 1245 Ι.
281 1210 311 1246 n
337 1210 350 1245 :
383 1194 664 1261 Συνήγαγε
694 1193 821 1258 τοὺς
855 1194 945 1247 ἐπὶ
968 1194 1076 1247 τῶν
1109 1195 1278 1266 ὤμων
1308 1197 1376 1249 τὰ
1404 1197 1531 1270 ξίφη
1562 1200 1786 1270 κραδαί·

220 1304 411 1349 κοντας.
445 1286 640 1358 ϐοιιι.]

278 1381 731 1446 ΙαλΒηλόθυρα.
798 1377 966 1446 Infra,
1008 1396 1130 1435 cum
1171 1381 1239 1437 de
1279 1383 1638 1439 coronatione
1678 1385 1785 1439 im-

218 1472 472 1541 peratoris
502 1472 839 1541 disputatur,
860 1473 1158 1543 aliquoties
1180 1476 1320 1530 idem
1352 1490 1550 1531 nomen
1582 1493 1781 1532 occur-

219 1569 296 1629 rit,
325 1566 706 1635 compositunr
730 1580 797 1621 ex
835 1568 946 1620 velo
973 1566 1173 1622 Latino
1203 1578 1254 1621 et
1283 1569 1476 1624 Graeco
1509 1568 1671 1640 θύρα,
1696 1587 1782 1625 ve-

216 1659 377 1711 latam
416 1673 514 1713 seu
558 1662 820 1721 relatura,
857 1673 978 1728 quae
1001 1668 1084 1714 est
1115 1660 1237 1714 loco
1260 1659 1468 1729 ianuae.
1497 1660 1782 1718 Reclamat

216 1752 466 1808 Meursius
496 1770 508 1804 :
534 1749 654 1804 Non
682 1762 756 1805 est
791 1751 1048 1817 velatura,
1071 1753 1315 1820 degeneri
1341 1753 1489 1807 uerbo
1520 1754 1779 1821 Romano,

212 1845 291 1897 sed
307 1842 736 1912 παραπέτασμα,
763 1844 904 1912 quod
926 1843 1394 1912 diductumjttnute
1414 1846 1587 1899 instar
1609 1857 1784 1902 trans-

213 1944 370 1988 euntes
431 1935 778 1987 transmittit.
844 1933 1231 2003 AristOphanis
1312 1935 1638 1993 scholiastes
1716 1938 1782 1993 ad

214 2022 371 2077 Ranas
396 2038 413 2076 :
435 2027 919 2094 Παραπετάσμασι
937 2028 1059 2088 ταῖς
1082 2028 1329 2094 σκηναῖς,
1356 2029 1465 2090 τοῖς
1490 2029 1781 2100 Περσικοῖς

213 2117 430 2186 βήλοιςῆ
463 2117 816 2189 βηλοθύροις.
854 2116 961 2172 Sed
1000 2133 1110 2171 non
1142 2119 1302 2174 video
1340 2133 1439 2172 cur
1478 2120 1780 2192 βηλόθυρον

212 2224 301 2263 non
335 2210 511 2280 possit
533 2225 657 2267 esse
694 2223 1010 2281 utrumque,
1045 2211 1221 2266 velum
1255 2213 1689 2283 seilicetjanute,
1722 2227 1781 2272 ut

210 2314 384 2357 nomen
418 2304 607 2371 ipsum
640 2302 871 2369 indicat,
909 2312 964 2357 et
1002 2302 1178 2357 velum
1216 2303 1337 2358 loco
1363 2304 1567 2372 janute.
1601 2306 1777 2359 Etiam

211 2395 255 2447 in
282 2395 609 2450 Pontiﬁcum
639 2395 867 2450 historia
891 2395 1034 2462 apud
1053 2395 1403 2449 Anastasium
1430 2400 1695 2463 occurrit,
1721 2399 1775 2453 in

207 2487 465 2556 Stephano
502 2486 570 2542 Vl
598 2487 785 2542 :Fecit
848 2488 1115 2558 velotltyra
1154 2488 1323 2559 289
1353 2501 1604 2559 quatuor.
1636 2491 1778 2547 Con-

208 2582 310 2635 tulit
336 2583 608 2654 velothyra
628 2585 797 2638 serica
829 2584 937 2638 tria
965 2584 1022 2636 in
1041 2584 1267 2637 circuitu
1300 2584 1510 2639 altaris.
1536 2586 1636 2641 Ubi
1675 2589 1770 2641 ah-

204 2678 363 2731 solute
386 2692 487 2746 pro
526 2677 952 2746 peripetasmate
977 2676 1151 2745 accipi
1180 2675 1415 2731 videtur.
1448 2676 1649 2733 Ibidem
1676 2696 1776 2750 pro

205 2754 460 2838 προθύρου
489 2769 664 2823 codex
693 2770 833 2824 alter
866 2767 1064 2824 Boicus
1112 2767 1438 2839 βηλοθύρου,
1481 2779 1535 2826 et
1568 2773 1775 2830 rectius

205 2877 315 2915 meo
336 2863 571 2930 judicio.
606 2858 812 2920 Gners.

262 2953 394 3009 Ibid.
432 2954 767 3026 [Πιλατίχια
818 2962 973 3010 vocat
1022 2966 1215 3011 auctor
1257 2970 1467 3023 pannos
1514 2957 1772 3028 palmaris

1891 452 2034 520 ἔθος,
2066 456 2325 510 inclinata
2348 458 2681 529 demissaque
2731 462 2893 528 fuisse
2927 479 3031 517 non
3067 465 3210 531 regia
3245 476 3479 534 sceptra,

1886 544 1982 600 sed
2016 547 2204 601 bellica
2233 551 2382 619 signa
2412 551 2707 616 vexillaque
2743 553 2795 606 itt
2847 556 3209 623 subjectionis
3268 569 3320 610 ct
3350 574 3480 628 erga

1888 652 2078 694 recens
2097 655 2420 697 coronatum
2447 644 2705 697 Basiliam
2728 645 3051 700 obedientia:
3070 661 3476 717 argumentum.

1889 729 1965 781 Ex
2005 732 2206 797 quibus
2229 733 2489 804 σκῆπτρα
2524 738 2731 789 minora
2771 740 2968 793 vexilla
3019 757 3300 808 vocamus;
3331 745 3473 801 sicut

1860 819 2057 890 eavea
2084 823 2292 892 majora
2326 844 2347 891 ;
2383 836 2611 896 utraque
2663 845 2793 883 vero
2826 830 3111 902 βασιλικῆς
3170 838 3336 904 τιμῆς
3379 838 3472 889 καὶ

1888 919 2322 985 στρατευμάτων
2353 921 2575 987 σημεῖα.
2599 920 2798 977 Fateor
2833 923 3209 980 illustrissimo
3267 928 3470 996 Cyrillo

1888 1002 2256 1074 Trapezuntis
2296 1010 2516 1080 [ιι-(πευιὶ
2546 1021 2597 1066 et
2632 1014 2875 1069 Antonio
2930 1013 3107 1068 Cralis
3142 1015 3332 1070 lectori
3361 1017 3469 1077 ΟΡ.

1886 1098 2176 1153 πιλατίκια
2205 1103 2541 1172 proindeque
2594 1106 2847 1175 σκῆπτρα
2908 1106 3085 1159 clavas
3141 1123 3205 1160 ea:
3237 1125 3367 1161 auro
3425 1120 3475 1162 et

1884 1200 2103 1258 argento
2159 1195 2500 1263 principibus
2552 1196 2795 1266 pra'ferri
2847 1198 3037 1254 solitas
3069 1199 3475 1267 interpretanti-

1890 1281 2016 1347 bus,
2054 1286 2339 1353 prtemissa
2372 1302 2482 1341 non
2509 1288 2735 1342 omnino
2770 1289 3082 1359 displicere:
3107 1288 3296 1346 atcum
3316 1291 3476 1345 πιλα-

1886 1373 2039 1426 τῐκια
2089 1376 2310 1445 capitis,
2376 1380 2523 1448 quod
2585 1383 2917 1451 exponimus
2968 1385 3033 1437 ad
3090 1400 3143 1453 p.
3188 1384 3277 1449 54,
3332 1384 3473 1440 serio

1886 1461 2082 1517 bantur
2138 1469 2448 1538 μαργέλλια
2482 1472 2545 1523 ὲκ
2582 1471 2883 1541 σύρματος,
2916 1490 3038 1543 quin
3071 1475 3288 1530 nonnisi
3336 1491 3470 1544 pan-

1885 1570 1984 1610 nos
2010 1572 2145 1612 auro
2170 1567 2346 1618 textos
2372 1563 2635 1631 indicant,
2672 1574 2725 1619 et
2748 1566 2934 1623 solida:
2961 1583 3025 1621 ex
3063 1582 3203 1622 auro
3235 1569 3313 1623 vel
3374 1584 3468 1622 ar-

1889 1660 2049 1716 gento
2079 1651 2246 1704 clavae
2321 1666 2596 1723 nequeant
2648 1657 2879 1726 palmari
2936 1658 3212 1728 descripta
3270 1659 3469 1715 molee

1890 1741 2030 1796 collo
2058 1744 2346 1800 commode
2372 1748 2627 1815 pendere,
2648 1764 2811 1817 quam
2837 1764 2901 1803 ex
2932 1751 3466 1819 prepositissenten-

1889 1832 1977 1889 tiis
2010 1836 2301 1891 certiorem
2333 1839 2494 1908 eligat
2534 1856 2723 1909 aequus
2748 1841 2923 1896 lector
2947 1842 3237 1911 judicabit.
3303 1842 3463 1898 Certe

1887 1940 2007 1978 cum
2048 1926 2375 1982 ἀπελατίκια
2403 1948 2794 2002 nonnunquam
2825 1934 3005 2004 legant
3042 1937 3216 2004 regia,
3254 1949 3316 1990 ea
3332 1952 3463 1991 vero

1885 2013 2069 2070 clavas
2112 2016 2457 2087 interpretari
2488 2029 2685 2092 cogant
2716 2022 2785 2074 τὰ
2830 2023 2969 2091 μετὰ
2992 2025 3184 2094 χεῖρας
3214 2028 3279 2078 ἐκ
3311 2025 3464 2095 σιδήο

1887 2124 1982 2177 ρον
2018 2111 2352 2165 ἀπελατίκια
2408 2115 2551 2183 apud
2611 2114 2933 2172 Nicetamin
2996 2117 3254 2173 Manuele
3311 2119 3349 2172 Ι.
3406 2119 3462 2185 5,

1883 2203 1999 2257 haec
2033 2204 2162 2259 mihi
2187 2222 2286 2261 ceu
2317 2209 2523 2278 aequior
2578 2211 2821 2266 secunda
2852 2212 3121 2289 sententia
3184 2212 3461 2283 recipitur.
3500 2272 3507 2285 κ

1883 2293 2078 2367 Cosa]

1951 2385 2012 2440 P.
2052 2388 2140 2444 50.
2171 2393 2420 2460 Ζωῦφιον
2448 2395 2866 2461 animalculum,
2892 2407 2951 2452 ut
2990 2415 3189 2466 musca,
3243 2402 3455 2466 vermis,

1880 2494 2130 2534 araneus.
2160 2480 2355 2538 Junius
2387 2485 2609 2555 ζούφιον
2641 2488 2833 2553 edidit,
2856 2497 2909 2541 et
2935 2490 3100 2542 stulte
3161 2489 3456 2543 admodum

1883 2572 2171 2627 Arabicum
2206 2592 2325 2629 esse
2345 2578 2498 2642 dicit,
2528 2580 2860 2649 stultiusque
2905 2576 3083 2636 adhuc
3139 2596 3298 2635 suum
3352 2582 3455 2636 hoc

1877 2666 2166 2720 Arabiettm
2201 2669 2426 2739 ζούφιον
2457 2673 2872 2741 interpretatur.

1950 2756 2091 2813 Ibid.
2116 2759 2183 2815 Ut
2205 2771 2439 2817 veterem
2465 2765 2741 2819 notionem
2764 2766 3087 2823 diadematis
3119 2767 3457 2837 assequaris,

1878 2849 2087 2920 inspice
2121 2868 2396 2918 nummos,
2429 2870 2569 2925 quos
2619 2872 2744 2921 cum
2806 2858 2897 2911 alii
2973 2860 3264 2929 vulgarunt
3339 2871 3451 2915 tum

1878 2957 1981 3013 ego
2020 2951 2153 2998 tom.
2189 2944 2256 2998 ΙΙΙ
2283 2947 2347 3001 tle
2376 2946 2433 3002 S.
2462 2947 2640 3004 Cruce
2693 2949 2730 3002 Ι.
2758 2965 2797 3005 t.
2840 2948 3087 3005 Nolanda
3114 2962 3294 3007 autem
3326 2967 3454 3009 sunt

204 3049 574 3119 longitudinis,
607 3040 880 3105 ιηοῖιευηε
909 3048 1165 3114 nimirum
1203 3063 1233 3103 α
1276 3050 1476 3120 pollice
1506 3054 1574 3106 ad
1602 3054 1765 3108 mini.
1797 3040 1840 3098 ο
1877 3038 1987 3092 hare
2021 3050 2139 3105 qua:
2159 3037 2245 3092 hic
2274 3040 2338 3093 de
2368 3040 2719 3097 distinctione
2742 3044 3065 3099 diadematis
3091 3054 3455 3106 etstemmatis

206 3155 336 3195 mum
367 3141 608 3212 digitum
638 3156 801 3196 manu
829 3148 1055 3197 extensa
1078 3140 1418 3215 interceptae,
1456 3144 1769 3201 latitudinis

203 3249 316 3288 vero
337 3236 515 3303 ipsius
549 3249 766 3298 manus,
795 3244 1031 3303 quatuor
1064 3234 1321 3291 videlicet
1353 3237 1667 3307 digitorum.
1696 3239 1768 3293 Ita

208 3330 419 3396 hujusce
436 3343 568 3399 cap.
599 3344 652 3398 p.
690 3327 759 3381 54
779 3326 1063 3381 πιλατικια
1086 3327 1400 3396 huiusmodi
1426 3330 1772 3387 demonstrat

206 3420 601 3491 ἀπῃωρημένα.
656 3418 825 3474 Canto
881 3420 1067 3481 itaque
1113 3428 1271 3476 erant
1323 3420 1502 3476 atIixa.
1572 3421 1769 3478 Cantus

204 3521 367 3565 autem
400 3514 492 3568 ille
529 3527 627 3566 seu
658 3509 824 3581 pilum
846 3511 1050 3582 potius,
1089 3511 1234 3566 unde
1278 3512 1766 3579 πιλατίκιον,ἰ11υ‹1

196 3612 269 3656 cst
298 3605 440 3672 quod
470 3605 766 3673 σκῆπτρον
793 3604 947 3658 dicit.
989 3601 1109 3658 Uno
1141 3604 1312 3673 igitur
1341 3605 1512 3660 verbo
1550 3607 1765 3663 πιλατί-

196 3713 303 3748 κιον
330 3698 575 3753 estexile
591 3697 854 3751 vexillum
879 3698 1001 3766 (une
1018 3698 1320 3767 banderole)
1352 3700 1464 3769 pilo
1484 3715 1579 3755 seu
1605 3703 1769 3771 virgte

195 3802 509 3855 appensum.
532 3785 835 3840 Conﬁrmat
853 3786 1246 3855 expositionem
1268 3786 1652 3858 Theophanes,
1676 3792 1764 3847 ubi

194 3879 513 3947 σκήπτροις,
540 3893 659 3946 qua:
696 3878 980 3930 πιλατίκια
1022 3887 1180 3932 vocat
1205 3879 1289 3933 hic
1306 3890 1515 3946 auctor,
1544 3883 1764 3937 vexillo-

194 3986 298 4021 rum
331 3970 506 4040 aﬂigit
542 3984 790 4024 sensum:
812 3969 871 4023 Ὀ
884 3970 1035 4022 Λέων
1059 3970 1255 4040 Μάνην
1274 3971 1414 4039 μετὰ
1440 3972 1539 4040 τῆς
1557 3973 1764 4042 βασιλι-

190 4060 282 4128 κῆς
300 4062 469 4130 τιμῆς
486 4064 590 4115 καὶ
611 4061 1044 4132 στρατευμάτων
1062 4063 1157 4115 καὶ
1185 4062 1505 4133 σκήπτρων,
1526 4066 1617 4117 καὶ
1632 4064 1760 4135 βάν-

186 4153 281 4208 δων
304 4154 772 4224 εἱςΊερουσαλὴμ
804 4155 1104 4224 ἐκπέμπει.
1130 4153 1264 4209 Vide
1292 4155 1349 4209 τὸ
1378 4158 1657 4227 σκῆπτρον
1676 4160 1763 4214 hic

190 4245 404 4299 minime
432 4245 675 4311 referre;
701 4261 820 4315 qua»
857 4259 1092 4315 namque
1120 4245 1436 4301 detulerunt
1462 4259 1554 4304 aut
1594 4251 1760 4308 mise-

188 4345 300 4389 runt
324 4338 695 4406 imperatores
719 4338 939 4406 antiqui'
959 4346 1173 4406 sceptra
1198 4338 1222 4391 Ἰ
1249 4341 1332 4394 vel
1360 4357 1481 4410 qute
1525 4357 1759 4398 consue-

189 4430 307 4483 tudo
330 4429 607 4484 Romanis
635 4430 864 4484 tlueibus
883 4445 1139 4484 concessa
1168 4431 1411 4486 edocuit?
1437 4430 1754 4487 Triodiutn:

186 4515 293 4573 Ἐπὶ
311 4523 588 4591 βασιλέως
608 4523 882 4592 παρουσίᾳ
902 4522 1333 4593 προπορεύονται
1355 4522 1422 4575 τὰ
1439 4524 1650 4578 ἐκείνου
1675 4541 1764 4593 ση-

188 4617 301 4681 μεῖα
326 4618 422 4667 καὶ
446 4615 1008 4685 σκῆπτρα.ἓιιι›ι1ἰιιιι-
1027 4632 1043 4670 :
1065 4615 1294 4669 Μέλλων
1321 4616 1594 4687 ὁΧριστὸς
1620 4617 1763 4687 μετὰ

183 4706 329 4776 δόξης
367 4709 663 4778 προελθεῖν
692 4708 777 4760 διὰ
824 4709 924 4776 τῆς
972 4709 1349 4777 ἁναστασίμου
1376 4710 1591 4780 ἡμέρας
1627 4728 1758 4781 upo-

184 4800 386 4867 πέμπει
411 4802 474 4853 τὸ
502 4801 785 4868 σκῆπτρον
812 4799 1001 4866 αὑτοῦ,
1027 4800 1127 4870 τὴν
1154 4800 1445 4873 βασιλικὴν
1481 4805 1756 4875 σημαίαν,

182 4890 263 4939 τὸν
293 4892 573 4954 {menum
612 4879 900 4959 σταυρόν.’
934 4893 1172 4948 Observa
1230 4894 1291 4945 τὸ
1343 4897 1626 4966 σκῆπτρον
1689 4902 1754 4970 τῇ

181 4986 383 5054 σημαία
425 4985 820 5051 compositum,
852 4986 1086 5039 acvelut
1168 4988 1400 5043 rationis
1457 4992 1622 5046 unius
1678 4993 1755 5048 si-

179 5092 332 5144 gnum
365 5089 419 5131 ct
472 5078 634 5146 regia:
691 5079 993 5146 tnajestatis
1052 5093 1435 5148 argumentum
1499 5082 1753 5150 proferri.

176 5167 539 5237 TneOphanes
577 5171 629 5223 in
674 5169 853 5224 Leone
907 5170 1237 5239 Cepronymi
1279 5189 1291 5225 :
1331 5173 1579 5243 Προῆλθε
1608 5175 1664 5227 δὲ
1719 5178 1751 5247 ή

176 5262 463 5329 βασίλισσα
483 5264 690 5336 Εἰρήνη
730 5264 870 5334 μετὰ
895 5265 986 5317 τοῦ
1015 5266 1301 5334 προελθεῖν
1325 5267 1454 5329 τοὺς
1486 5267 1749 5337 βασιλεῖς,

172 5357 547 5428 ἁψικευομένη
576 5358 681 5412 ὑπὸ
711 5360 821 5410 τῶν
871 5357 1166 5428 σκήπτρων
1224 5357 1312 5411 διὰ
1358 5360 1467 5413 τῶν
1520 5363 1749 5430 σχολῶν.

172 5447 437 5518 Σκῆπτρα
466 5449 617 5504 velut
654 5448 757 5507 sibi
792 5449 1014 5518 propria
1048 5447 1367 5503 deferebant
1428 5453 1573 5505 circa
1641 5454 1752 5507 lrc-

172 5552 285 5591 nem
313 5541 548 5595 scholae:
569 5551 621 5596 at
653 5556 759 5595 non
789 5541 923 5595 adeo
947 5549 1161 5610 sceptra
1184 5555 1343 5601 quam
1375 5542 1552 5596 bunda
1583 5546 1751 5597 vexil-

168 5634 321 5718 laque
340 5642 482 5687 sunt
523 5632 726 5688 scholis
755 5635 1131 5688 accommoda.
1156 5633 1522 5700 Theophanes
1558 5652 1749 5691 rursus

163 5721 212 5777 in
245 5725 518 5780 Micltaclc
555 5725 835 5794 Theophili
870 5724 928 5781 F.
965 5742 1029 5784 eo
1060 5729 1322 5785 Basiliam
1364 5729 1596 5800 propriis
1629 5744 1744 5782 ma-

1875 3138 1928 3181 ct
1958 3145 2104 3184 zona»:
2146 3132 2424 3201 militaris,
2462 3134 2710 3207 adeoque
2773 3136 2842 3193 de
2895 3150 3078 3209 torque
3131 3142 3449 3202 traduntur.

1874 3216 2077 3275 Csars.

1948 3309 2091 3367 Ibid.
2116 3311 2340 3384 [Saccus
2355 3319 2523 3375 vestis
2549 3328 2656 3386 est,
2680 3331 2736 3374 ut
2757 3323 3105 3391 patriarchar,
3122 3325 3193 3381 ita
3214 3328 3452 3398 impera—

1874 3403 1983 3457 tori
2047 3407 2291 3475 propria.
2357 3408 2660 3480 Utrumque
2708 3417 2876 3470 aeneis
2935 3415 3128 3484 ﬁguris
3173 3430 3227 3475 et
3262 3435 3451 3478 n'slro

1871 3508 2097 3566 sumptu
2150 3498 2206 3553 in
2259 3499 2657 3572 Eucltologicis
2712 3507 3131 3577 descripsimus.
3183 3512 3451 3585 Superest

1876 3590 2217 3658 huncvcrbis
2244 3594 2364 3647 rudi
2386 3592 2627 3651 Minerva
2653 3598 3003 3657 delineemus.
3030 3603 3245 3661 Talaris
3268 3611 3448 3665 tunica

1874 3697 1939 3738 ex
1973 3684 2362 3743 villososerico
2382 3696 2551 3742 totum
2603 3705 2801 3761 corpus
2843 3693 3123 3766 obtegens,
3171 3700 3449 3771 nullisque

1871 3778 2087 3831 sinuum
2116 3778 2278 3834 undis
2310 3780 2452 3835 circa
2483 3780 2611 3835 illud
2635 3782 2831 3838 ludens
2880 3795 2976 3840 aut
3018 3796 3185 3854 mota,
3253 3806 3443 3847 verum

1869 3867 2118 3921 nonnihil
2154 3878 2411 3939 angusta,
2449 3871 2649 3926 liberos
2698 3883 2757 3925 ut
2792 3874 3005 3928 videtur
3042 3875 3291 3933 incessus
3333 3897 3443 3936 non

1867 3960 2213 4029 permittens,
2229 3961 2393 4030 290
2419 3976 2481 4014 ac
2504 3961 2739 4031 denique
2758 3966 2901 4018 sacci
2925 3966 3150 4034 ﬁguram
3177 3970 3441 4040 referens,

1866 4067 2051 4105 saccus
2066 4061 2167 4107 est.
2189 4051 2376 4107 Rubro
2392 4052 2576 4107 colore
2595 4053 2751 4123 tingit
2766 4070 2869 4110 ms.
2893 4054 3192 4126 Tilianutn,
3211 4059 3440 4134 Regium

1866 4145 2234 4215 Sandionysii,
2266 4145 2534 4203 Manuelis
2572 4148 2745 4203 ultimi
2774 4148 3107 4223 Joannisqne
3129 4154 3222 4210 lilii
3269 4157 3444 4230 impe-

1866 4248 2111 4294 ratorum
2169 4248 2333 4293 totam
2395 4239 2620 4311 clligiem
2697 4257 3115 4323 repraesentans,
3172 4252 3437 4312 violaceo,

1868 4330 2109 4403 Uterque
2128 4349 2437 4403 purpureus
2455 4334 2684 4389 habetur
2726 4345 2780 4392 et
2827 4336 3210 4407 imperatorem
3262 4346 3441 4404 decet.

1786 4388 1840 4448 Β
1870 4388 2069 4499 ϐολαί]

1945 4520 2024 4574 Ib.
2052 4521 2302 4575 Φυάλιν.
2343 4520 2418 4574 lta
2453 4524 2712 4578 scribitur
2762 4526 2904 4593 apud
2963 4528 3256 4587 Codinum.
3291 4534 3440 4591 Inte-

1865 4630 2021 4686 grum
2046 4626 2129 4669 est
2147 4614 2393 4683 φυάλιον,
2419 4617 2605 4669 velum.
2638 4615 2751 4669 Viri
2800 4620 2963 4683 docti,
2988 4620 3088 4674 hoc
3113 4634 3196 4677 est
3216 4623 3436 4695 Junius,

1865 4707 2043 4777 inquit
2075 4708 2432 4769 Glossarium,
2452 4709 2870 4778 interpretantur
2897 4714 3112 4765 vitream
3128 4721 3434 4774 carbasum.

1868 4799 1990 4854 Non
2014 4802 2295 4855 assentior.
2326 4801 2654 4856 llecentiores
2676 4802 2849 4857 ϐττινεὶ
2868 4805 3155 4858 crassiores
3198 4824 3437 4875 pronun-

1864 4891 2087 4943 tiatione
2111 4902 2158 4944 et
2195 4890 2599 4953 πλατνάζοντες
2628 4892 2704 4944 sic
2730 4893 3020 4960 efferebant
3079 4894 3245 4948 velum
3290 4897 3437 4952 Lati-

1863 4999 2072 5036 norum.
2104 4982 2359 5036 Germani
2392 4998 2606 5051 quoque
2637 4994 2832 5038 vocant
2866 5000 3086 5041 sacrum
3112 4988 3437 5061 velum,quo

1862 5075 2125 5130 moniales
2158 5076 2427 5140 velantur,
2453 5076 2538 5128 ein
2564 5076 2739 5128 weihel
2772 5091 2867 5131 seu
2890 5080 3024 5146 well,
3050 5081 3331 5139 manifesta
3365 5101 3431 5141 ex

1859 5168 2046 5221 vocula
2078 5170 2186 5220 velo
2227 5168 2460 5236 origine.
2492 5165 2697 5221 Gners.

1935 5262 2161 5333 [Φιάλην
2192 5260 2255 5313 ad
2296 5276 2379 5313 me
2403 5261 2594 5314 scribit
2639 5260 2907 5333 Georgius
2933 5263 3188 5320 Coresius
3227 5264 3432 5321 Chien-

1858 5353 1954 5420 sis,
1988 5367 2215 5422 eamque
2247 5361 2406 5407 vocat
2454 5353 2890 5423 πολυχρὼματον
2952 5357 3280 5429 ὑφασμένην
3334 5362 3432 5414 καὶ

1858 5447 2255 5515 πεπλεγμένην
2318 5444 2667 5517 καλύπτραν,
2728 5449 2918 5518 capitis
2985 5452 3207 5520 tegimen
3266 5455 3431 5508 variis

1858 5540 2113 5594 coloribus
2149 5541 2512 5621 intertextum.
2556 5541 2637 5597 An
2680 5542 2750 5597 ob
2777 5558 2983 5612 pennas
3017 5548 3100 5598 vel
3138 5545 3431 5602 volitantes

1857 5636 2193 5705 mobilesque
2222 5652 2465 5707 gemmas
2519 5637 2727 5707 φνάλην
2782 5630 3059 5692 fontanam
3117 5641 3424 5696 machinam

1862 5728 2179 5798 grandinem
2239 5745 2504 5801 aquarum
2572 5746 2807 5801 superne
2856 5742 3193 5790 eructautetn
3259 5734 3425 5790 fuerit
