3952 6222
413 191 521 262 323
1509 187 1592 247 IN
1634 182 1932 247 LIBRUM
1974 180 2015 239 D

2127 170 2447 236 )FFiClIS
2482 166 2589 228 (ΖΡ,
3557 152 3653 215 324

414 312 647 373 imitata,
682 308 820 362 alius
844 303 1192 376 iudicaverit.
1221 303 1293 358 De
1318 301 1513 373 pltyala
1537 302 1684 357 fonte
1712 302 1763 355 in
1788 298 2001 355 Eur-lto-
2028 302 2074 361 Α
2103 292 2169 345 de
2216 286 2567 343 tununtuaria
2616 276 2909 376 Andronici
2964 273 3022 376 in
3072 270 3268 376 sgnum
3293 265 3658 376 ‘Pmmmi‘il'fo

413 402 606 470 logicis
638 400 1019 454 disseruimus.
1056 393 1256 466 Gustu]

484 492 616 545 P51.
650 489 1275 559 'i‘rapaaucltiaatropwa
1315 503 1408 543 seu
1482 484 1751 554 troplueo.
1776 482 1983 537 Gnars.

484 583 736 655 [Tropaea
776 590 938 635 sonat
987 581 1103 636 haec
1164 581 1332 636 dictio
1400 580 1838 647 triumphosque,
1900 592 1998 629 nec

416 672 728 727 immerito:
759 672 923 725 refert
966 674 1107 726 enim
1136 682 1421 740 augustum
1450 666 1583 725 illud
1616 682 1668 725 et
1706 687 1777 738 pri
1803 671 1997 719 tinstnn

411 765 647 834 tegimen
716 762 912 834 capitis
974 762 1267 817 eandicans
1349 763 1655 833 etgemmis
1721 767 1996 816 ornatum,

412 856 523 923 qua
562 858 627 910 de
695 864 848 925 parta
913 856 1139 909 victoria
1209 853 1539 909 laetabantur
1617 850 1998 923 imperatores.

410 948 671 1003 (ioresfus
704 949 755 1001 in
792 947 1102 1016 rescriptis.
1139 943 1343 1017 Cornu]

487 1036 573 1093 Ib.
630 1037 1023 1093 Justiniauetim
1078 1053 1106 1091 tt
1154 1031 1466 1092 Iustiniano
1513 1037 1865 1106 imperatore,
1908 1029 1999 1103 qui

414 1131 560 1199 quali
608 1130 847 1198 tegmine
870 1131 1066 1200 capitis
1089 1145 1221 1185 usus
1246 1130 1339 1200 sit,
1365 1140 1591 1200 apparet
1626 1129 1808 1199 aliqua
1841 1127 2004 1182 modo

415 1238 480 1277 ex
523 1224 769 1293 antiquis
824 1224 1195 1289 numismatis,
1232 1242 1467 1296 quarunt
1517 1222 1777 1277 nonnulla
1813 1220 2001 1275 lectori

413 1314 707 1383 spectanda
745 1316 1134 1384 proposuimus
1165 1327 1295 1371 tam.
1334 1316 1393 1370 ill
1424 1318 1492 1370 de
1521 1315 1578 1370 S.
1614 1314 1811 1376 Crucc,
1842 1328 1881 1374 ι,
1912 1310 2002 1365 9.0.

488 1398 691 1459 ibidem
757 1406 903 1471 dixi,
968 1404 1297 1463 Justinianei
1355 1408 1585 1463 fortnam
1651 1419 1770 1460 esse
1840 1419 2003 1474 quam

418 1494 615 1547 ibidem
655 1497 1074 1561 repraasentatus
1121 1511 1379 1549 nummus
1447 1494 1711 1564 antiquus
1764 1487 2003 1546 exhibet.

416 1583 689 1653 improbat
725 1586 826 1641 hac
854 1584 972 1641 Nic.
1004 1587 1341 1643 Alamannus
1378 1588 1433 1640 in
1468 1584 1869 1641 Commentario
1937 1583 2003 1637 ad

2103 380 2287 436 ’Δλλοι
2322 377 2378 430 δὲ
2431 375 2531 446 τὴν
2589 370 2902 441 καπνηρὰν,
2963 364 3159 435 inquit,
3221 364 3315 414 καὶ
3370 372 3665 446 πυραμοειέ

2099 472 2166 541 δῆ
2201 470 2365 541 ὲρέαν
2388 445 2496 536 τῆςί
2533 460 2780 531 κεφαλῆς
2842 457 3171 526 ἀφελόμενοι
3240 450 3458 521 πυρσὴν
3488 540 3493 541 7
3520 445 3667 515 αὐτῷ

2103 540 2446 632 περιέθεντο,
2477 557 2574 611 καὶ
2598 553 2793 625 στολὴν
2850 546 3135 622 βασιλικὴν
3181 545 3440 599 ἐνέδυσαν
3472 540 3669 607 ἕτεροι.

2101 650 2302 725 Gom.]

2172 721 2581 800 Gestaminibus
2605 752 2726 809 qum
2756 737 3058 805 imperator
3083 731 3189 784 fert
3224 730 3277 781 in
3304 726 3502 795 capite,
3536 721 3674 776 adde

2104 835 2267 889 etiam
2328 833 2461 887 illttd
2530 830 2673 901 quod
2733 826 3000 896 Georgius
3061 819 3395 890 Acropolila,
3446 830 3678 883 magnus

2105 924 2401 995 logotlteta,
2428 924 2481 976 in
2499 937 2598 977 sua
2635 919 2913 975 Chronica
2940 909 3551 985 appellattpyramidem,
3587 907 3677 959 ubi

2105 1017 2173 1071 de
2204 1016 2392 1070 isaaco
2425 1016 2752 1082 imperatore
2774 1028 2801 1063 a
2831 1008 3084 1076 Bulgaris
3109 1004 3322 1059 devicta
3352 1002 3461 1070 agit
3490 1016 3541 1071 p.
3569 1000 3642 1052 22
3669 1015 3681 1047 :

2107 1108 2176 1162 Et
2214 1110 2308 1161 hoc
2344 1117 2590 1174 tempore,
2635 1104 2835 1173 inquit,
2878 1099 3099 1169 Bulgari
3128 1098 3292 1151 cautis
3324 1096 3681 1148 Romanarum

2107 1201 2289 1269 spoliis
2326 1199 2599 1269 acquisitis
2649 1196 2928 1264 superbius
2971 1191 3388 1258 iusalentiusque
3437 1203 3489 1241 se
3536 1202 3684 1254 gere-

2107 1295 2271 1348 bant:
2310 1293 2419 1346 Ka‘t
2450 1292 2559 1361 γὰρ
2598 1291 2691 1342 καὶ
2738 1290 2802 1340 ὲκ
2850 1287 2962 1340 τῶν
3002 1284 3302 1355 βασιλικῶν
3340 1280 3689 1348 παρασήμων

2108 1388 2176 1440 τὰ
2229 1387 2611 1453 καιριώτερα⁸
2675 1383 2773 1443 τάς
2825 1397 2884 1431 τε
2944 1378 3053 1447 γὰρ
3113 1376 3204 1429 τοῦ
3264 1372 3528 1443 βασιλέως
3584 1368 3689 1428 τὰς

2112 1482 2427 1549 πυραρῐδας
2479 1476 2834 1530 ἁνελὰεοντο.
2884 1473 2962 1525 Ad
3017 1486 3136 1540 quae
3191 1470 3456 1535 interpres
3508 1463 3688 1516 Tlteo-

2110 1574 2279 1627 dorus
2348 1571 2571 1625 Dousa:
2639 1568 2895 1637 Πυραμίς
2929 1574 3043 1618 erat
3098 1562 3270 1631 pileus
3329 1556 3702 1615 aruminatus,’

417 1692 677 1731 arcanam
712 1678 995 1732 historiam
1024 1680 1298 1749 i‘t‘OCupii,
1325 1681 1450 1748 quia
1471 1688 1593 1733 ante
1621 1666 2000 1733 Justinianum
2042 1650 2079 1703 Β
2111 1669 2285 1721 instar
2318 1664 2632 1734 pyramidis,
2677 1660 3039 1716 Orientalium
3078 1656 3369 1725 principum
3404 1661 3691 1720 gestauwn.

422 1770 789 1836 Theodosius,
824 1771 1153 1834 Marcianus.
1218 1772 1347 1836 Leo,
1374 1771 1546 1835 Zeno,
1594 1771 1916 1826 Anastasius
1949 1777 2004 1823 et

416 1861 665 1916 Justinus
732 1863 979 1918 eamdem
1050 1865 1355 1934 πτερωτήν,
1428 1865 1669 1926 cristam,
1741 1865 1793 1916 in
1852 1861 2003 1931 galea

421 1963 726 2020 gestarant,
759 1966 815 2008 ut
845 1955 1103 2010 ineorum
1134 1955 1481 2009 numismatis
1513 1949 1757 2023 apparet;
1840 1963 2004 2020 atque

419 2047 512 2101 illa
544 2056 627 2101 est
656 2058 819 2114 quam
849 2044 1239 2117 τροπαιουχίαν
1303 2047 1551 2102 vocatam
1578 2047 1719 2101 idem
1756 2045 2003 2101 Codinus

420 2137 679 2192 afﬁrmat.
712 2137 909 2192 Verum
951 2147 1009 2193 ut
1043 2137 1389 2194 Justinianus
1418 2134 1660 2207 integras
1727 2135 1890 2192 urbes
1951 2149 2007 2191 et

424 2245 512 2285 res
581 2231 718 2285 alias
771 2246 802 2285 a
871 2245 972 2286 sua
1042 2231 1266 2286 nomine
1346 2231 1639 2285 ambitiose
1702 2230 2009 2285 nominavit

421 2320 706 2376 exstinctis
791 2321 987 2392 priscis
1070 2322 1550 2394 appellationibus,
1649 2323 1723 2377 ita
1774 2330 1828 2377 et
1884 2322 2010 2375 huic

428 2406 623 2477 capitis
651 2408 921 2479 φορέματι
951 2424 1042 2464 seu
1077 2411 1368 2481 gestamini
1398 2427 1556 2466 suum
1634 2413 1830 2467 nomen
1908 2410 2011 2464 im-

428 2504 632 2569 ponere
659 2502 856 2569 potuit,
898 2501 1025 2555 licet
1064 2502 1133 2555 ab
1185 2504 1629 2560 antecessoribus
1688 2504 1804 2558 suis
1842 2503 2007 2559 etiam

430 2602 753 2660 usurpatum
787 2592 1004 2648 fuisset.
1042 2594 1111 2648 At
1144 2593 1547 2651 Justinianeum
1607 2597 1711 2651 ilOC
1760 2596 2009 2651 diadema

426 2700 535 2740 non
561 2685 811 2740 bellicum
840 2694 930 2739 aut
963 2699 1242 2743 castrense
1264 2689 1383 2751 fuit,
1432 2693 1524 2744 sed
1580 2689 1839 2755 civicum;
1905 2694 2013 2758 tuto

427 2773 560 2827 etin
597 2776 770 2829 sacris
807 2783 861 2829 et
889 2776 941 2831 in
982 2777 1233 2831 ecclesiis
1260 2779 1534 2833 utebatur.
1569 2777 1673 2833 Sed
1733 2790 1787 2833 et
1846 2778 2012 2834 Codi-

433 2876 538 2921 nus
576 2868 711 2921 satis
747 2867 953 2923 indicat
979 2870 1356 2939 tropaeucitian
1405 2876 1461 2925 et
1520 2870 1931 2926 Justiniancum
1960 2874 2015 2929 et

434 2958 537 3010 alia
570 2958 799 3012 arbitrio
852 2959 1197 3027 imperatoris
1229 2969 1336 3014 tam
1377 2962 1517 3014 domi
1566 2977 1670 3031 qua
1737 2962 1865 3015 alibi
1929 2979 2017 3033 ge-

428 3057 574 3106 !tata
596 3066 609 3101 :
632 3047 709 3102 ait
729 3050 872 3103 enim
896 3067 909 3104 :
945 3050 1071 3102 Ἐπὶ
1097 3050 1154 3103 δὲ
1177 3051 1419 3120 κεφαλῆς
1451 3052 1743 3122 φορέματα
1761 3053 2015 3124 διάφορα,

434 3139 567 3193 ποτὲ
608 3141 710 3211 μὲν
735 3140 796 3193 τὸ
834 3138 1241 3210 ὀνομαζόμενον
1299 3144 1717 3214 τροπαιουχεαν,
1777 3146 1907 3198 ποτὲ
1965 3144 2023 3198 δὲ

443 3234 898 3301 Ἰουστινιάνειον,
938 3235 996 3286 ἐν
1045 3235 1227 3299 ἄλλοις
1287 3236 1344 3290 δὲ
1400 3236 1708 3307 ὑπέρτερον
1744 3249 1851 3293 etc.
1889 3240 2023 3292 ’Λπὸ

434 3326 534 3394 μὲν
574 3321 668 3379 οὖν
696 3327 955 3380 τοιούτων
987 3328 1317 3398 φορεμάτων
1372 3330 1532 3400 φορεῖ
1572 3332 1600 3384 ὁ
1655 3328 1907 3399 βασιλεὺς
1936 3327 2022 3385 οἶα

439 3419 505 3471 ἂν
540 3412 807 3488 panaria.
841 3418 913 3473 Ex
947 3421 1148 3487 quibus
1171 3421 1361 3476 Cadini
1390 3422 1573 3477 verbis
1596 3422 1760 3492 liquet
1794 3423 2027 3493 impera-

435 3518 616 3564 torem
642 3510 790 3563 varia
808 3510 1071 3568 habuisse
1092 3512 1287 3579 capitis
1307 3514 1619 3582 φορέματα,
1646 3524 1700 3565 et
1752 3513 2022 3567 arbitratu

437 3616 539 3655 sua
563 3615 711 3655 nunc
745 3601 851 3656 hoc
882 3618 1029 3656 nunc
1072 3602 1205 3657 illud
1256 3612 1525 3671 gestasse.
1557 3601 1883 3657 Justinianei
1913 3602 2023 3656 Ior-

434 3710 582 3749 mam
608 3695 765 3750 nobis
806 3695 1139 3751 Alemannus
1180 3696 1399 3751 exhibet
1435 3710 1503 3750 ex
1540 3694 1725 3750 tabula
1758 3696 2022 3765 quadam,

438 3801 562 3857 qua:
618 3801 784 3857 Opere
836 3788 1053 3843 musivo
1116 3783 1392 3843 Ravenna.-
1447 3797 1657 3843 exstat:
1699 3803 1807 3842 non
1859 3802 2025 3857 nega-

432 3878 614 3960 verim
653 3876 1031 3933 Justinianum
1097 3879 1193 3933 tali
1244 3879 1440 3949 capitis
1480 3886 1796 3951 tegumenta
1828 3895 2023 3935 nsum:

436 3972 530 4027 sed
568 3972 670 4027 hoc
709 3986 827 4028 esse
876 3973 1056 4043 ipsum
1108 3970 1518 4028 Justinianeum
1571 3987 1636 4029 ex
1698 3974 1877 4029 tabula
1934 3973 2025 4028 illa

437 4064 654 4135 probari
692 4080 802 4118 non
843 4074 1041 4133 potest.
1084 4065 1291 4122 Gns'rs.

509 4156 668 4225 291
714 4155 782 4228 [A
829 4155 1147 4213 Justiniano
1208 4170 1485 4230 acceptam
1522 4161 1849 4232 καλύπτραν
1906 4161 2028 4230 ejus

440 4248 775 4302 numismata
818 4257 872 4302 et
926 4250 1151 4319 antiqua
1196 4259 1502 4305 statuarum
1548 4258 1930 4314 montimenta,
1976 4252 2022 4305 si

2113 1760 2277 1828 Cujus
2303 1768 2483 1828 postea
2508 1758 2697 1809 iterum
2721 1756 2907 1807 (luctor
2926 1752 3198 1804 meminit:
3228 1749 3336 1800 Καὶ
3357 1749 3422 1797 τὰ
3448 1748 3543 1814 μὲν
3568 1746 3697 1812 ἐρυ-

2115 1852 2220 1920 θρὰ
2236 1845 2781 1901 πέδιλαὰπεῦὰλλετο
2803 1845 3016 1912 καὶτῆς)
3053 1841 3474 1910 περιμάργαρον
3515 1853 3697 1904 πυρα-

2119 1945 2244 2011 μίδα
2278 1983 2291 2007 ,
2320 1944 2399 2003 εἰς
2450 1942 2514 2011 ἢν
2548 1940 2642 1992 καὶ
2704 1938 2851 2000 λίθος
2902 1936 3285 2006 ὑπερκάθηται
3346 1934 3621 1991 κέκκινος,
3664 1930 3699 1981 Et

2118 2034 2371 2102 βασιλικὰ
2425 2032 2696 2101 σύμϐολα.
2760 2029 3201 2091 Cantacuzenns,
3266 2028 3315 2091 i,
3374 2027 3427 2087 5,
3490 2025 3695 2093 pileum

2119 2130 2263 2181 hunc
2313 2142 2406 2180 sm
2465 2127 2656 2178 tiaram
2712 2124 2779 2178 ab
2836 2123 3043 2177 inserto
3105 2120 3305 2174 unione
3356 2126 3454 2172 Seu
3515 2116 3701 2185 lapide

2121 2221 2358 2291 pretioso
2391 2216 2790 2289 synecdocbice
2828 2214 3078 2268 nautinat
3112 2213 3202 2265 τὸν
3237 2211 3332 2264 ἐπὶ
3389 2211 3486 2278 τῆς
3521 2226 3703 2277 κεφα-

2119 2315 2219 2385 λῆς
2257 2314 2428 2366 λίθον.
2458 2310 2523 2364 Et
2546 2312 2603 2376 4,
2636 2310 2727 2375 '57,
2764 2309 2879 2363 haec
2904 2307 3092 2360 eadem
3127 2306 3265 2359 tiara
3301 2310 3386 2358 est
3418 2303 3706 2357 (iantacu-

2120 2417 2258 2457 zeno
2284 2403 2416 2472 λίθῳ
2445 2399 2868 2469 κεκοσμημένος
2900 2398 3073 2460 πῖλος.
3103 2397 3200 2451 Est
3250 2391 3556 2465 symbolum
3591 2395 3706 2446 im-

2120 2496 2323 2566 periit,
2356 2495 2407 2550 5.
2441 2487 2711 2560 Quocirca
2741 2490 3017 2546 diversum
3045 2490 3218 2543 forma
3257 2488 3431 2543 fuisse
3456 2490 3708 2556 oportuit

2121 2589 2272 2642 illum
2332 2603 2493 2656 quem
2538 2585 2803 2655 fugitivus
2835 2582 3188 2636 Andronicus
3218 2580 3536 2635 Comnenus
3594 2579 3705 2632 im-

2123 2689 2342 2749 perator
2388 2678 2590 2743 induit,
2655 2677 2782 2732 licet
2844 2674 3144 2745 pyramidis
3186 2686 3405 2743 quoque
3456 2671 3704 2741 speciem

2123 2784 2233 2843 pra:
2262 2784 2321 2827 se
2352 2772 2559 2827 ferret:
2594 2770 2759 2823 Πῖλον
2805 2769 2914 2839 γὰρ
2965 2766 3307 2839 βαρϐαρικὸν
3360 2768 3424 2835 τῇ
3484 2764 3704 2833 κεφαλῇ

2124 2864 2509 2936 περιθέμενος,
2539 2864 2598 2926 ὃς
2634 2865 2713 2927 εἰς
2763 2862 2857 2928 ὀξὺ
2885 2863 3067 2932 λήγων
3108 2859 3375 2930 πυραμίδι
3422 2857 3707 2918 eructat,

2123 2958 2222 3029 τὴν
2252 2956 2538 3028 βασιλικὴν
2574 2957 2804 3008 εἴσεισιν
2833 2954 2994 3019 αὖθις
3019 2954 3250 3025 τριήρη,
3284 2960 3343 3006 ιιι
3378 2952 3455 3006 ait
3482 2950 3711 3007 Nicetes

2124 3051 2161 3105 l.
2193 3067 2229 3105 tt
2264 3055 2330 3105 de
2353 3048 2664 3103 Andronico
2690 3047 2998 3102 Comneno.
3024 3046 3246 3102 Grande
3277 3054 3456 3101 tamen
3484 3046 3713 3103 aliunde

2126 3144 2267 3198 inter
2306 3145 2454 3198 hunc
2484 3143 2829 3197 barbaricum
2864 3141 3257 3212 pyramidalem
3308 3140 3513 3210 pileum
3554 3149 3608 3194 et
3640 3142 3712 3194 il-

2126 3236 2235 3289 lum
2300 3235 2530 3288 alterum
2590 3233 3002 3301 itnperalOrittm
3035 3232 3414 3287 intercessisse
3466 3240 3711 3300 oportet,

2125 3344 2247 3383 rum
2278 3329 2624 3382 Andronicus
2662 3330 2807 3383 hunc
2834 3326 3209 3391 barbaricum,
3268 3340 3335 3380 ne
3370 3338 3713 3394 agnoscere-

2125 3432 2213 3475 tur
2246 3424 2559 3491 imperator.
2600 3420 2996 3488 assttmpserit:
3030 3419 3177 3475 sicut
3227 3427 3279 3472 et
3315 3412 3578 3472 turbitiati
3633 3416 3713 3471 illi

2126 3515 2274 3585 pilei,
2300 3516 2484 3585 σχῆμα
2522 3513 2830 3584 πυραμίδος
2857 3512 3099 3583 ἔχοντες,
3131 3510 3333 3581 quibus
3360 3525 3623 3581 proceres
3657 3512 3711 3564 in

2126 3612 2246 3664 aula
2277 3609 2563 3679 Cpolitana
2620 3609 2940 3671 utebantur,
2997 3606 3189 3673 utique
3239 3604 3309 3659 ab
3351 3604 3713 3672 imperatoris

2127 3701 2473 3770 καλύπτραις
2508 3716 2602 3755 seu
2636 3699 2964 3768 tegumentis
2996 3697 3049 3751 in
3084 3696 3424 3768 pyramidem
3453 3695 3715 3763 fastigia-

2128 3796 2201 3850 tis
2235 3793 2640 3865 discrepabant.
2679 3790 2815 3847 Vide
2846 3789 3151 3862 Gregoram
3184 3791 3253 3846 ad
3315 3789 3526 3846 calcem
3586 3788 3717 3845 Hisé

2128 3890 2301 3945 toriae.

2200 3981 2397 4045 Graeci,
2446 3980 2669 4049 recepta
2703 3995 2732 4033 a
2790 3978 2998 4033 Latinis
3050 3976 3224 4046 (Ipoli,
3272 3977 3415 4032 inter
3454 3975 3713 4032 Baidnini

2129 4074 2171 4129 il
2206 4072 2550 4142 imperatoris
2573 4071 2817 4141 symbola
2846 4080 3168 4140 repererunt
3197 4069 3497 4140 calyptram
3533 4068 3715 4123 forma

2131 4166 2339 4221 Latinis
2367 4165 2565 4220 usitata
2593 4174 2936 4218 constantem
2974 4173 3025 4217 et
3057 4162 3357 4217 unianibus
3388 4161 3713 4215 distinctam

2133 4276 2255 4314 cum
2295 4258 2478 4328 lapillo
2515 4257 2665 4312 rubri
2701 4256 2904 4312 coloris
2936 4256 2989 4310 in
3025 4255 3228 4311 vertice
3283 4254 3500 4324 capitis,
3537 4262 3597 4307 ut
3660 4254 3718 4309 in

441 4356 563 4410 quae.
593 4341 896 4410 snpersint,
929 4343 1148 4412 scriptis
1179 4342 1385 4398 clarius
1431 4344 1761 4400 edocebunt.
1813 4345 2018 4418 Caua]
2054 4351 2095 4405 D
2124 4352 2399 4405 Pandecte
2428 4349 2618 4404 scribit
2673 4347 3041 4403 Leunciavius
3096 4364 3159 4403 ex
3200 4346 3439 4402 Przetore
3489 4345 3719 4401 Graecia:

505 4432 642 4486 Ibid.
677 4430 782 4484 Pro
811 4431 1115 4502 ὑπέρτερον
1145 4433 1380 4488 libenter
1410 4434 1647 4504 legerem
1680 4436 2026 4507 ύπέρπυρον,

444 4530 503 4575 ιιι
553 4524 628 4576 sit
659 4531 940 4591 gestamen
1011 4523 1208 4591 capitis
1269 4524 1444 4581 instar
1515 4524 1656 4595 ignis
1711 4525 2023 4586 flammans.

444 4615 659 4670 Gns'rs.

513 4730 921 4803 [Καλύπτρας.
972 4729 1146 4800 Hujus
1177 4745 1376 4786 nomen
1426 4731 1674 4787 innuisse
1705 4741 1758 4785 et
1800 4731 2027 4802 figuram

440 4833 868 4896 repraesentasse
890 4823 1104 4879 videtur
1125 4823 1406 4879 Cedrenus
1434 4824 1486 4878 in
1510 4824 1713 4878 Basilio
1734 4840 1748 4877 :
1769 4824 2031 4892 Στεφάνῳ

445 4916 631 4988 χρυσῷ
659 4902 822 4986 λόφον
848 4916 1155 4987 ἐφύπερθεν
1178 4917 1352 4987 ἔχοντι
1380 4916 1783 4987 ἐθριάμϐευσεν
1806 4920 2034 4981 ἐστεφα-

450 5010 716 5079 νωμένος.
777 5010 1135 5081 ’Υπέρπυρον
1188 5010 1479 5079 legendum
1522 5008 1767 5078 suggerit
1807 5006 2030 5061 Grctsc-

448 5117 564 5157 rus.
599 5100 715 5156 Nan
752 5104 960 5170 ignare,
991 5118 1077 5157 me
1110 5103 1355 5157 hercule.
1393 5101 1547 5172 Legit
1579 5102 1722 5155 enim
1760 5100 1898 5154 idem
1927 5098 2031 5153 Co-

450 5196 629 5249 resius
663 5196 791 5251 dum
830 5195 1083 5249 rescribit
1113 5212 1127 5249 :
1160 5196 1234 5247 Τὸ
1282 5195 1605 5264 ὑπέρπυρον
1658 5190 1896 5263 tegimen
1949 5198 2033 5245 est

449 5287 666 5356 capitis,
705 5288 925 5342 hostilis
962 5288 1248 5356 sanguinis
1282 5285 1597 5341 eﬂ'undendi
1640 5300 1842 5350 romcn,
1896 5283 2030 5352 regii

449 5378 656 5433 furoris
686 5381 738 5432 in
772 5380 1115 5435 adversarios
1172 5378 1471 5450 profecturi
1529 5380 1766 5449 signum,
1829 5375 2030 5430 eximia

447 5485 690 5540 purpura
752 5469 1016 5537 fucatum,
1054 5486 1162 5539 quo
1222 5485 1282 5525 se
1340 5472 1702 5541 imperatores
1760 5468 1846 5523 vel
1899 5465 2031 5521 belli

416 5627 421 5633 ,
453 5574 701 5649 tempore
735 5566 814 5617 vel
850 5565 902 5618 in
925 5566 1046 5634 ipso
1073 5564 1332 5619 conﬂictu
1364 5564 1645 5622 velabant.
1708 5560 1846 5616 illud
1917 5559 2029 5611 far-

452 5667 598 5713 tasse
625 5656 838 5727 τιύρσης
871 5657 1092 5738 nomine
1125 5654 1362 5735 ~I‘iicetas
1411 5655 1587 5712 voluit
1649 5650 1903 5720 intelligi,
1940 5650 2031 5706 ubi

2137 4444 2403 4499 historico
2433 4441 2658 4495 inedita.

2206 4534 2439 4591 Basilius
2475 4532 2980 4605 Porpltyrogenitns
3011 4535 3155 4602 apud
3180 4529 3450 4585 Zonaram
3511 4527 3719 4583 trium-

2135 4632 2267 4699 pltat
2291 4629 2460 4699 τιάρᾳ
2481 4626 2793 4690 ταινιωθεὶς
2818 4626 3001 4697 ὀρθία,
3031 4624 3098 4695 ἦν
3136 4621 3345 4693 τοῦφαν
3384 4622 3545 4675 καλεῖ
3573 4621 3602 4673 ὁ
3624 4621 3724 4690 δη-

2139 4718 2320 4791 μώδης
2345 4721 2443 4773 καὶ
2469 4719 2639 4783 πολὺς
2679 4718 2992 4787 ἄνθρωπος,
3029 4716 3194 4785 292
3235 4714 3418 4784 inquit
3446 4713 3721 4768 Zonaras.

2133 4810 2298 4864 Addit
2326 4820 2568 4881 etymon,
2606 4808 2794 4863 nescio
2816 4821 2980 4878 quam
3010 4821 3136 4861 vere
3160 4825 3173 4860 :
3201 4806 3384 4874 Τῡφον
3412 4802 3566 4875 οἶμαι
3589 4805 3729 4857 ὠνοσ-

2140 4904 2430 4972 μασμὲνην
2469 4901 2548 4963 ὡς
2575 4900 2920 4969 τετυφῶσθαι
2949 4899 3214 4953 ποιοῦσαν
3239 4899 3367 4962 τοὺς
3400 4897 3577 4969 ταύτῃ
3593 4898 3729 4950 ἀνα-

2135 4996 2455 5066 δουμὲνους.
2497 4994 2630 5061 Qua:
2664 5003 2750 5051 est
2780 4993 2956 5065 magis
2984 4994 3073 5063 pia
3101 5007 3266 5063 quam
3309 5005 3437 5047 vera
3465 4991 3719 5059 origina-

2137 5090 2231 5144 tia.
2270 5089 2550 5144 Cedrenus
2575 5088 2642 5142 de
2665 5075 2854 5143 eodem
2903 5086 3149 5156 ejusdem
3186 5084 3368 5141 Basilii
3404 5085 3727 5153 triumpho:

2135 5183 2395 5252 Στεφάνῳ
2438 5180 2629 5251 χρυσῷ
2675 5180 2838 5249 λόφον
2885 5178 3197 5249 ἐφύπερθεν
3251 5178 3434 5248 ἔχοντι
3483 5175 3731 5246 ἐθριάμ-

2137 5277 2332 5328 ὁευσεν
2388 5274 2873 5344 ἐστεφανωμένος.
2905 5271 3145 5327 Cristata
3195 5271 3456 5325 nimirum
3516 5282 3729 5324 corona

2138 5376 2358 5437 propter
2390 5366 2611 5437 tupham
2665 5380 2763 5420 seu
2796 5362 3133 5433 ﬂammulam
3171 5403 3187 5427 ,
3224 5378 3331 5432 qua
3386 5359 3734 5432 insignieba-

2138 5470 2249 5525 tur,
2291 5474 2455 5529 quam
2486 5457 2771 5514 Cedrenus
2804 5469 2963 5512 vocat
2995 5456 3186 5525 λόφον,
3217 5455 3289 5509 ob
3332 5468 3497 5524 quam
3526 5453 3732 5522 vulgus

2140 5557 2335 5608 tiaram
2378 5534 2537 5607 istam
2573 5550 2747 5619 ιιιρΙιιε
2775 5548 3000 5604 nomine
3031 5540 3234 5605 aﬂ'ecit.
3265 5547 3473 5603 Gnsrs.

2210 5647 2271 5702 Ρ.
2306 5644 2394 5699 5!.
2450 5643 2766 5715 [Σταυρόν.
2802 5640 2919 5698 Duo
2952 5648 3084 5698 sunt
3116 5640 3468 5712 imperatoris
3505 5644 3733 5707 sceptra
