3952 6222
220 261 312 324 325
830 306 835 311 ,
1263 253 1650 313 GRETSERI
1700 252 1791 309 ET
1835 248 2072 307 GOAlll
2120 247 2360 307 NOT/E.

3346 240 3451 305 328

215 376 421 446 σταυρδς
458 374 548 427 καὶ
578 370 810 447 νάρθηξ,
847 386 978 426 crux
1008 380 1054 427 et
1091 369 1284 440 ferula.
1323 372 1397 423 De
1428 370 1631 439 quibus
1671 367 1762 438 Sy-

1880 368 2171 419 nocentius.
2214 364 2545 434 Mandylium
2576 378 2708 419 suos
2752 362 2959 418 natales
3014 360 3181 415 etiam
3236 359 3453 413 nemine

213 483 350 525 1110011
378 465 771 523 Thessalonicae
795 465 1085 533 episcopus
1115 480 1129 516 :
1161 463 1319 516 Μετὰ
1349 464 1409 514 τὸ
1439 460 1628 513 λαϐεῖν
1657 462 1752 512 τὸν

212 560 417 628 σταυρὸν
440 557 517 620 εις
548 558 746 626 δεῖγμα
781 556 881 624 τῆς
910 554 1215 617 εὐσεϐείας,
1255 554 1345 608 καὶ
1369 553 1467 624 τὴν
1491 552 1751 613 ἀκακίαν,

210 658 328 723 ὅπερ
376 651 499 723 χοῦς
534 652 654 703 ἐστι
698 652 987 720 σημαίνων
1011 649 1073 701 τὸ
1134 647 1382 718 φθαρτὸν
1429 648 1530 714 τῆς
1578 642 1755 716 ἀρχῆς

210 749 290 801 καὶ
313 746 403 815 τὴν
427 746 485 797 ἐκ
509 743 702 797 τούτου
730 742 1088 803 ταπεῑνωσιν,
1118 741 1215 793 καὶ
1251 738 1333 790 ἔτι
1371 738 1565 808 ῥάϐδον
1618 738 1757 805 λαμ-

212 841 361 903 ϐάνει,
379 838 435 890 ού
463 837 687 907 βαρεῖαν
713 839 836 889 τινὰ
860 838 956 891 καὶ
974 834 1242 905 σκληρὰν,
1265 835 1381 888 ἀλλ’
1406 834 1645 903 ἐλαφρὰν
1664 834 1759 885 καὶ

211 931 431 1001 μαλακὴν
448 930 535 983 διὰ
556 929 615 982 τὸ
639 928 989 981 παιδευτικὸν
1012 930 1070 981 ἑν
1091 931 1372 997 πραότητι
1396 927 1490 981 καὶ
1515 926 1588 995 μὴ
1613 925 1759 995 ὀργί-

209 1027 286 1075 λον
310 1024 394 1075 καὶ
424 1022 742 1091 φθαρτικὸν,
781 1021 917 1090 μηδὲ
968 1019 1258 1090 συντρίϐον
1323 1020 1417 1073 καὶ
1473 1016 1756 1085 ἁφανίζον.

211 1117 328 1171 Illud
357 1129 513 1185 porro
543 1115 766 1177 mirum,
799 1114 1042 1181 ligneum
1081 1121 1294 1166 tantum
1326 1121 1625 1180 utrumque
1651 1108 1757 1163 UP.

211 1210 573 1277 imperatorum
602 1205 768 1261 fuisse
798 1214 1096 1274 sceptrum.
1147 1205 1221 1258 De
1274 1204 1534 1258 narthece
1565 1217 1652 1257 res
1682 1211 1762 1256 est

210 1300 409 1355 indubia
439 1316 454 1351 :
495 1296 647 1353 cruci
680 1296 873 1367 lignea:
901 1296 1107 1365 efﬁgies
1142 1294 1409 1349 Mauuelis
1437 1310 1558 1349 eam
1594 1307 1760 1347 manu

208 1392 452 1464 gestantis
485 1397 774 1446 attestatur
797 1389 850 1442 in
880 1387 1317 1459 Saudionysiaco
1339 1398 1393 1442 et
1421 1385 1592 1457 Regio
1619 1399 1759 1439 ms.:

208 1488 252 1539 in
283 1502 343 1541 eo
371 1481 648 1553 siquidem
685 1481 868 1536 crucis
903 1482 1050 1551 virga
1082 1481 1279 1535 citrino
1335 1486 1548 1535 tantum
1580 1479 1763 1535 colore

208 1579 352 1644 picta,
383 1592 517 1629 crux
546 1585 729 1628 autem
777 1574 830 1627 in
860 1582 1108 1628 extremo
1158 1576 1261 1627 fixa
1290 1589 1427 1629 auro
1476 1577 1601 1629 ficta
1637 1589 1766 1628 con-

205 1670 432 1738 spicitur.
465 1666 843 1735 Eamdcmque
879 1678 1075 1721 auctor
1105 1665 1438 1722 clarioribus
1479 1666 1631 1721 omni
1662 1680 1762 1719 co-

1858 456 2196 510 admonente
2227 455 2433 524 prodit.

1928 547 2281 616 Imperatoris
2303 547 2487 600 itidem
2512 544 2746 615 insignia
2775 557 2924 599 erant
2945 558 3211 613 purpurea
3235 538 3451 601 πέδιλα,

1861 655 1985 708 qua:
2017 654 2161 693 nunc
2185 638 2346 708 293
2373 639 2566 703 calcei,
2596 652 2744 692 nunc
2773 637 3042 697 sandalia,
3074 649 3222 689 nunc
3254 649 3449 696 ocrezc,

1860 740 2009 787 nunc
2043 731 2281 801 crepida:
2320 731 2631 786 vertuntur.
2668 733 2733 784 Et
2783 730 2998 799 quidem
3029 728 3233 797 ἐρυθρά
3264 726 3449 787 rubra,

1860 826 2093 879 κόκκινα
2158 834 2253 878 5011
2316 823 2639 891 κοκκοὸαφῆ
2678 826 2831 875 cocco
2887 823 3099 882 tincta,
3159 834 3265 873 non
3326 822 3450 873 sine

1862 916 2058 985 aquilis
2084 933 2098 975 ;
2128 932 2251 986 quae
2283 923 2337 970 et
2370 916 2611 984 τζάγγαι
2664 930 2757 969 5011
2815 913 3053 979 τζάγκαι
3104 914 3447 977 dicebantur,

1864 1025 2038 1077 usque
2077 1010 2141 1062 ad
2193 1025 2369 1078 genua
2410 1008 2802 1079 pertingentia.
2842 1006 2887 1059 si
2928 1008 3060 1065 Udes
3094 1005 3364 1073 Proc0pio
3409 1008 3443 1057 I.

1864 1118 1925 1173 111
1961 1101 2034 1156 De
2074 1102 2326 1156 aedificiis
2377 1101 2694 1156 Iustiniani.
2748 1100 3108 1168 ’Υποδήματα
3160 1101 3322 1168 μέχρι
3371 1104 3446 1160 εἰς

1864 1197 1994 1262 γόνυ
2027 1194 2283 1263 φοινικοῦ
2307 1194 2618 1265 χρώματος,
2650 1194 2685 1248 ἃ
2717 1194 2779 1262 δὴ
2833 1194 3057 1262 βασιλέα
3117 1192 3281 1260 μόνον
3317 1193 3453 1244 Ῥω·-

1868 1288 2046 1358 μαῖων
2079 1304 2137 1339 τε
2176 1288 2273 1339 καὶ
2334 1288 2565 1356 Περσῶν
2618 1286 2935 1339 ὑποδεῖσθαι
2971 1286 3146 1353 Θέμις.
3207 1284 3448 1338 Ρο510115

1868 1382 2212 1451 temporibus
2249 1381 2389 1434 idem
2429 1382 2607 1433 honos
2637 1380 2870 1448 principi
2921 1378 3190 1448 Bulgaria:
3221 1392 3448 1432 conces-

1868 1490 1982 1541 sus,
2023 1475 2164 1527 inter
2190 1477 2347 1543 cujus
2377 1473 2609 1542 insignia
2631 1483 2789 1527 erant
2822 1489 2984 1526 aurea
3016 1488 3235 1537 corona,
3273 1480 3331 1524 ut
3366 1480 3450 1524 cst

1868 1566 2010 1637 apud
2041 1566 2308 1621 Joannem
2344 1567 2729 1635 (Europalalam
2757 1565 2810 1620 in
2835 1565 3124 1628 Tzimisce,
3153 1565 3248 1617 καὶ
3284 1562 3449 1632 τιάρα

1870 1660 2180 1729 νενησμένη
2214 1660 2279 1712 ὲκ
2336 1658 2563 1728 βύσσου,
2620 1659 2720 1711 καὶ
2770 1658 2968 1711 πέδιλα
3023 1657 3259 1726 ἐρυθρὰ,
3325 1671 3449 1725 qua:

204 1763 304 1816 lore
332 1761 513 1815 verbis
563 1759 828 1829 depingit,
888 1760 980 1812 ubi
1030 1759 1288 1829 superius
1349 1759 1415 1813 de
1455 1758 1757 1827 primicerii

1872 1747 2097 1803 Zonarae
2121 1758 2252 1804 sunt
2280 1748 2635 1817 φοινικόκροα
2657 1758 2708 1803 01
2732 1747 2932 1803 Ν1001ῑο
2962 1749 3015 1801 111
3050 1747 3261 1802 Joanne
3285 1745 3451 1800 Com-

207 1855 375 1910 baculo
400 1870 450 1907 0.
484 1852 539 1917 4,
573 1867 626 1921 p.
666 1849 752 1911 19,
790 1867 842 1905 v.
904 1851 992 1913 l6,
1056 1852 1175 1906 ait:
1220 1850 1529 1903 Δικανίκιον
1594 1850 1761 1903 αὐτοῦ

207 1947 342 2012 ξύλον
363 1944 811 2017 κεχρυσωμένον,
833 1941 946 1996 οἷον
966 1943 1027 1996 τὸ
1074 1942 1170 1997 τοῦ
1222 1942 1509 2013 βασιλέως.
1537 1940 1760 1995 Δικανί-

210 2056 310 2093 κων
342 2039 505 2095 teiam
539 2046 817 2092 vocatum.
843 2034 995 2090 Gesn
1021 2033 1043 2107 ]

266 2126 341 2182 Ib.
368 2128 439 2182 De
472 2126 644 2181 blatio
675 2126 786 2197 jam
814 2140 978 2194 supra
1011 2125 1254 2179 diximus
1283 2122 1321 2178 l.
1354 2138 1416 2190 tt,
1441 2138 1492 2178 c.
1525 2123 1578 2189 5,
1612 2121 1678 2178 ad
1707 2137 1759 2192 p.

208 2218 279 2273 18.
302 2217 505 2274 Gasrs.

257 2312 363 2365 Ibid
374 2353 383 2364 .
403 2309 649 2383 [Κώδικι
668 2308 865 2374 ἐοικὸς
881 2306 1208 2376 δεδομένον
1225 2306 1377 2375 μετὰ
1392 2306 1760 2375 μανδυλίου.

205 2404 495 2459 Graecorum
528 2404 921 2473 imperatorum
951 2402 1180 2471 efﬁgiem
1234 2402 1433 2472 pictam
1472 2400 1525 2454 ni
1589 2401 1764 2456 lector

206 2499 398 2562 viderit,
436 2497 537 2552 vix
585 2496 701 2551 haec
735 2496 1019 2567 percipiat.
1047 2496 1126 2551 1111
1182 2496 1486 2566 longiorem
1528 2494 1759 2550 fasciam

208 2592 494 2661 margaritis
528 2602 779 2645 ornatam
833 2589 980 2644 velut
1039 2589 1325 2645 humerale
1386 2588 1454 2643 ab
1518 2588 1763 2642 humeris

206 2696 331 2740 retro
359 2684 692 2756 pendentem
727 2698 755 2737 a
783 2684 974 2738 dextro
1007 2683 1179 2738 latere
1215 2693 1339 2737 ante
1373 2690 1564 2753 pectus
1623 2683 1763 2735 reci-

206 2778 340 2847 piunt
368 2787 420 2833 ct
480 2777 712 2834 sinistro
774 2775 1001 2830 brachio
1058 2782 1470 2845 superponunt;
1532 2788 1594 2827 ca
1637 2788 1766 2825 vero

208 2880 464 2939 partequa
496 2885 721 2924 manum
757 2866 998 2939 attingit,
1060 2868 1379 2938 adjunctum
1413 2874 1468 2922 et
1514 2874 1761 2921 assutum

209 2962 349 3017 habet
380 2962 680 3017 rotundum
718 2960 1022 3023 saeculum,
1061 2959 1257 3013 κώδικι
1288 2958 1487 3025 ἐοικός,
1542 2957 1765 3011 involu-

206 3069 338 3108 crum
368 3054 638 3107 nimirum
701 3054 966 3107 volumini
1024 3053 1353 3121 complicato
1413 3051 1527 3106 sive
1578 3050 1764 3121 potius

208 3146 423 3199 iuvoluto
452 3144 661 3207 simile,
695 3143 839 3211 quod
873 3151 959 3199 est
991 3143 1124 3198 illud
1175 3142 1393 3213 βλὰτιον
1429 3141 1553 3213 ἔχον
1600 3140 1764 3211 χῶμα

207 3236 336 3297 ἐντὸς
364 3238 456 3288 καὶ
496 3233 750 3287 καλεῖται
773 3232 1001 3287 ἀκακία.
1031 3232 1227 3289 Fascia
1264 3250 1395 3290 vero
1419 3251 1515 3290 seu
1552 3233 1761 3304 μανδύ-

208 3324 319 3388 λιον,
372 3324 608 3379 linteum
668 3322 961 3393 oblongius
994 3323 1215 3377 mantile
1248 3323 1454 3377 dictum
1495 3321 1761 3387 referens,

208 3413 305 3481 ipsa
330 3428 554 3485 quoque
589 3412 882 3483 μανδυλίου
911 3414 1141 3468 sortitur
1167 3413 1610 3483 appellationem.
1644 3409 1763 3476 Quo

207 3506 471 3573 observato
540 3505 769 3573 visaque
825 3504 1177 3569 imperatoris
1247 3503 1413 3573 ﬁgura
1450 3543 1464 3569 ,
1503 3503 1631 3572 quid
1690 3502 1764 3555 sit

208 3568 579 3665 imperaiorent
605 3596 663 3644 ἑν
691 3596 756 3662 τῇ
789 3594 1058 3664 ἀριστερᾷ
1085 3594 1274 3663 φέρειν
1305 3593 1518 3663 βλάτιον
1573 3590 1765 3643 κὼδικι

206 3689 363 3751 ἐοικὸς
387 3688 535 3755 μετὰ
569 3685 861 3755 μανδυλίου
896 3686 1201 3756 δεδεμένον,
1235 3684 1563 3754 relinquitur
1590 3683 1759 3738 mani-

205 3780 403 3834 festum.

268 3870 343 3925 lb.
370 3871 801 3944 [Κόνινιᾶμμον,
828 3881 879 3926 01
907 3871 1070 3941 χῶμα
1097 3870 1440 3941 distinguunt
1470 3885 1533 3924 ex
1560 3868 1764 3940 judicio

205 3962 454 4019 hodierni:
487 3962 644 4027 κόνις
668 3964 837 4030 pulvis
866 3971 968 4027 est,
997 3961 1179 4031 ἄμμος
1209 3977 1391 4028 arena,
1419 3960 1583 4031 χῶμα
1614 3971 1763 4014 terra

202 4056 437 4124 frugifera
462 4056 603 4111 satis
629 4064 683 4110 et
714 4055 915 4124 plantis
935 4056 1151 4109 idonea.
1178 4052 1374 4108 Suidas
1399 4052 1585 4123 χῶμα,
1611 4052 1761 4123 χοῦν.

204 4144 327 4202 Hinc
356 4147 448 4201 tibi
479 4147 657 4200 Annae
718 4146 1014 4200 Comnena:
1041 4144 1076 4198 l.
1111 4160 1145 4199 11
1185 4145 1458 4199 obscurus
1491 4145 1646 4197 locus
1676 4144 1764 4197 lu-

203 4250 304 4288 cem
336 4238 561 4307 accipit.
598 4234 904 4290 Extraneos
936 4238 1143 4289 milites
1199 4247 1229 4286 a
1284 4232 1595 4301 terrigenis,
1650 4231 1765 4285 sive

205 4326 381 4381 melius
420 4328 603 4393 dicas,
651 4326 985 4396 alienigenas
1015 4325 1081 4378 ab
1134 4323 1405 4393 indigenis
1449 4323 1762 4394 distinguit.

1866 1855 2009 1894 neno
2029 1840 2421 1909 φοινικοϐαφῆ.
2452 1840 2601 1894 1110111
2628 1840 2992 1911 Bulgarorum
3019 1840 3276 1909 princeps
3302 1838 3452 1893 Gne-

1865 1933 1944 1986 015
1980 1931 2238 2001 βασιλεύς
2284 1932 2684 2002 appellabatur,
2744 1940 2800 1985 ut
2848 1932 3021 2001 liquet
3052 1946 3117 1985 ex
3177 1931 3450 2000 legatione

1866 2023 2191 2094 Luitprandi
2226 2025 2291 2079 ad
2325 2024 2691 2094 Nicephorum
2752 2023 3009 2086 Pltocam,
3044 2037 3155 2092 quo
3222 2024 3451 2077 nomine

1867 2132 1935 2171 ne
1977 2117 2370 2187 imperatorem
2426 2118 2643 2187 quidem
2696 2117 3008 2172 Occidentis
3055 2116 3447 2186 dignabantur,

1869 2225 2028 2279 quem
2062 2213 2208 2282 ῥῆγα
2268 2211 2650 2280 indigitabant.
2692 2208 2769 2264 Ex
2818 2209 3035 2264 calceis.
3077 2204 3370 2278 purpureis
3400 2215 3452 2261 ct

1869 2302 2175 2370 aquiliferis
2206 2305 2427 2375 agnitus
2475 2314 2559 2358 est
2590 2304 2736 2357 inter
2770 2317 3039 2357 caesorum
3091 2302 3346 2356 cumulos
3399 2310 3453 2354 ct

1869 2396 2107 2447 tumulos
2142 2392 2543 2448 Constantinus
2596 2394 2825 2447 ultimus
2855 2392 3089 2462 Cpoleos
3128 2392 3448 2462 imperator.

1870 2488 2168 2554 ['ltt'uttzcs,
2215 2490 2271 2552 5,
2318 2488 2403 2542 18.
2467 2487 2575 2543 llas
2630 2476 2880 2555 crepidas
2942 2488 3199 2557 ἐρυθρᾶς,
3245 2495 3303 2541 111
3356 2502 3450 2540 eas

1867 2581 2106 2651 appellat
2141 2579 2410 2649 Gregmas
2456 2582 2490 2632 l.
2517 2581 2570 2645 5,
2619 2580 3086 2650 quemadmodum
3144 2590 3197 2633 et
3238 2594 3451 2648 purpu-

1868 2687 2008 2735 ram,
2042 2672 2226 2726 statim
2254 2670 2593 2739 arripiebant
2638 2670 2715 2724 illi
2742 2670 2832 2740 qui
2868 2670 3154 2739 imperium
3225 2669 3451 2723 invade-

1869 2765 2021 2820 bant.
2077 2762 2421 2832 QuaprOptcr
2465 2763 2534 2818 de
2598 2762 2889 2818 Theodoro
2945 2763 3228 2817 Comueno
3289 2773 3447 2832 capta

1869 2858 2265 2915 Thessalonica
2326 2856 2596 2925 Georgius
2641 2855 2957 2924 Acropolita
3016 2858 3069 2910 in
3124 2856 3444 2912 Chronico:

1870 2950 2187 3022 Πορφυρὶδα
2215 2967 2272 3002 τε
2307 2948 2601 3002 ὑποδύεται
2631 2949 2725 3001 καὶ
2756 2948 2947 3001 πέδιλα
3006 2948 3238 3019 ἐρυθρὰ.
3291 2948 3447 3004 01)11-

1869 3056 1975 3111 que
2013 3052 2222 3095 strenue
2274 3040 2616 3106 imperatoria
2659 3040 2863 3105 munia,
2896 3040 3126 3093 creando
3176 3042 3446 3107 despotas,

1868 3134 2336 3196 sebastocratoras,
2382 3149 2600 3203 magnos
2640 3133 2968 3198 domesticos,
3016 3135 3448 3198 protovestiarios

1867 3238 1916 3281 et
1947 3228 2003 3280 id
2036 3243 2198 3297 genus
2251 3227 2411 3280 alios.
2478 3226 2689 3292 Quibus
2744 3235 2872 3283 ante
2930 3226 3113 3281 omnia
3167 3229 3449 3281 invasorcs

1868 3322 2069 3388 sceptri
2109 3319 2441 3390 imperatorii
2479 3318 2860 3387 privabantur,
2925 3333 3088 3387 quam
3122 3321 3360 3388 primum
3394 3321 3449 3373 in

1870 3414 2244 3483 legitimorum
2272 3414 2621 3468 dominorum
2653 3423 2973 3483 potestatem
3002 3416 3312 3469 veniebant.
3349 3416 3447 3471 (Ἰο-

1868 3519 2059 3558 ronam
2108 3504 2517 3573 imperatoriam
2549 3519 2710 3559 nemo
2767 3505 2871 3560 sibi
2925 3508 3203 3571 sumebat,
3260 3509 3355 3561 sed
3394 3508 3448 3560 in

1866 3596 2229 3651 corunatione
2277 3611 2373 3651 seu
2427 3597 2853 3667 inauguratione
2922 3610 3080 3652 suaa
3134 3598 3450 3667 patriarcha

1867 3687 2192 3757 accipiebat.
2222 3686 2453 3743 Gners..

1937 3777 1998 3832 Ρ.
2034 3778 2094 3832 51
2128 3787 2183 3833 01
2218 3778 2311 3833 54.
2344 3778 2597 3834 Pilaticia
2632 3785 2998 3834 accersuntur
3029 3793 3058 3832 a
3085 3778 3229 3849 Cyro
3253 3779 3452 3833 Persa-

1867 3888 1989 3926 rum
2062 3886 2210 3941 rege,
2269 3872 2439 3925 imoa
2472 3871 2665 3933 Medis,
2720 3886 2956 3938 quorum
3022 3886 3118 3926 rex
3160 3872 3450 3941 etjudices

1869 3962 1997 4017 talia
2042 3961 2281 4031 pilaticia
2321 3977 2382 4015 ex
2440 3962 2583 4015 00110
2619 3961 2989 4029 dependentia
3030 3966 3295 4032 gestarint
3326 3973 3447 4017 tan-

1870 4070 2034 4125 quam
2064 4052 2285 4124 juridici
2316 4051 2552 4106 honoris
2588 4062 2641 4107 et
2674 4051 2837 4107 olIicii
2874 4054 3130 4123 insignia.
3168 4053 3447 4123 Quidquid

1868 4147 1939 4201 sit
1965 4146 2030 4199 de
2060 4160 2140 4209 re,
2177 4143 2511 4200 vocabulum
2561 4143 2780 4199 videtur
2830 4144 3090 4199 Latinum
3127 4161 3154 4199 a
3188 4147 3317 4215 pilo,
3346 4148 3451 4201 1100

1868 4246 1951 4291 est
1983 4237 2106 4291 telo.
2136 4234 2271 4289 Nam
2328 4237 2473 4305 quod
2497 4233 2691 4292 Junius
2736 4253 2801 4292 ex
2835 4236 3212 4295 Orientalibus
3249 4240 3452 4309 linguis

1869 4324 1921 4381 id
1951 4324 2191 4391 deducit,
2244 4326 2445 4394 quibus
2476 4325 2555 4379 ait
2582 4325 2877 4395 pilaticium
2906 4341 3019 4379 esse
3056 4326 3442 4396 disquisitiom’s

204 4413 313 4469 11105
336 4419 618 4488 ἑταίρους,
653 4416 754 4471 1105
791 4416 1045 4499 indigitat
1088 4416 1321 4478 ὁπόσους
1353 4417 1417 4469 ὲκ
1449 4414 1542 4480 τοῦ
1578 4419 1762 4485 χώμα-

1872 4425 1917 4471 et
1940 4417 2359 4471 accuratissima:
2403 4418 2718 4486 cognitionis
2775 4428 3194 4482 monumentum,
3244 4418 3298 4472 id
3329 4419 3452 4473 ideo

206 4517 570 4579 to;.qaotquot
588 4520 707 4562 sunt
734 4525 761 4562 e
779 4509 996 4577 propria
1025 4517 1164 4560 terra
1192 4508 1323 4561 nati.
1352 4507 1411 4561 L.
1439 4525 1498 4563 111
1521 4509 1606 4562 1110
1628 4508 1769 4564 alius

200 4596 497 4655 illustratur
526 4603 626 4655 τού
646 4601 867 4664 πλείους
886 4601 1213 4670 τριακοσίων
1234 4600 1587 4670 στρατιωτῶν
1605 4595 1765 4670 ἦσαν,

204 4690 287 4741 καὶ
334 4692 542 4745 τούτων
576 4694 641 4745 ὲκ
670 4692 764 4745 τοῦ
821 4690 1096 4760 χώματος.
1152 4691 1291 4761 Ergo
1327 4693 1373 4746 si
1426 4690 1768 4745 involucrum

204 4784 441 4838 manibus
508 4785 862 4854 imperatoris
918 4793 1186 4853 gestatum
1254 4786 1416 4853 χιτιμα
1464 4785 1765 4848 contineat,

203 4874 322 4935 qud
352 4878 501 4929 aliud
540 4893 703 4945 quam
732 4887 955 4939 terram,
981 4879 1137 4945 cujus
1192 4878 1443 4946 symbolo
1472 4876 1766 4932 innotescit

203 4965 497 5029 humilitas.
538 4968 854 5036 intelliges?
888 4966 1084 5039 Coum]

268 5059 402 5113 Ibid.
434 5062 634 5113 Aracia
663 5062 788 5130 quid
826 5063 915 5126 511,
945 5063 1122 5115 oculis
1154 5061 1353 5116 intueri
1390 5062 1517 5115 licet
1548 5062 1765 5115 111111111-

203 5147 407 5213 ginibus
444 5151 834 5218 imperatorqu
866 5152 1101 5220 przetixis
1131 5151 1448 5221 Nicephoro
1484 5153 1764 5223 Gregortc,

202 5250 246 5289 et
268 5240 318 5292 in
349 5257 576 5295 nummo
596 5241 889 5296 Theodosii
918 5242 1121 5313 Magni,
1152 5260 1313 5313 quem
1346 5245 1517 5299 habes
1542 5257 1673 5300 tom.
1702 5244 1767 5298 Ill

202 5333 258 5386 de
287 5332 343 5390 ὃ.
378 5335 558 5389 Cruce
587 5337 621 5391 l.
645 5353 682 5403 1,
718 5340 931 5391 tametsi
967 5337 1235 5394 Baronius
1262 5340 1547 5394 existimat
1576 5349 1763 5409 gesta-

204 5440 315 5479 men
348 5428 486 5482 illttd
518 5426 811 5485 Theodosii
841 5428 1020 5501 Magni
1053 5446 1174 5487 esse
1208 5447 1420 5487 sacrum
1448 5433 1767 5503 Evangelio-

204 5531 312 5571 rum
344 5519 618 5575 codicem.
656 5521 859 5578 1111110111
892 5540 991 5594 pro
1023 5524 1207 5580 acacia
1238 5524 1562 5595 suspicabar
1584 5525 1767 5594 legen-

203 5606 321 5661 dqu
354 5612 530 5663 ἀκίαε
569 5611 659 5665 sed
712 5614 930 5682 vulgata
983 5616 1253 5685 scriptura
1291 5615 1515 5670 retineri
1558 5625 1763 5684 potest,

204 5693 306 5752 imo
328 5698 490 5754 debet
517 5716 531 5766 ;
564 5710 615 5753 et
639 5708 720 5756 est
755 5701 935 5757 acacia
986 5702 1286 5757 innocentia
1332 5711 1392 5757 ct
1420 5701 1653 5759 Aeacius
1673 5701 1763 5753 In-

1875 4509 2001 4565 fecit
2034 4524 2103 4564 ne
2138 4508 2474 4564 nesciremus
2531 4525 2695 4579 quam
2728 4509 2961 4565 feliciter
2996 4525 3161 4580 supra
3213 4510 3451 4579 ζωΰφιον

1872 4613 1937 4653 ex
1958 4598 2194 4653 Arabico
2214 4598 2464 4653 formarit
2492 4615 2505 4662 ;
2541 4614 2652 4653 non
2683 4598 2881 4669 impari
2911 4598 3174 4654 felicitate
3208 4600 3448 4666 pilaticia
3497 4584 3506 4592 ’

1872 4706 1938 4745 ex
1972 4688 2195 4745 Oriente
2245 4690 2403 4746 nobis
2459 4705 2609 4746 nunc
2660 4691 2907 4745 advehit.
2945 4689 3079 4745 Vide
3110 4700 3243 4746 tom.
3281 4691 3350 4745 111
3383 4693 3450 4746 de

1876 4781 1933 4836 S.
1965 4782 2164 4849 Cruce,
2192 4799 2231 4847 t,
2273 4782 2360 4836 15.
2392 4780 2608 4852 Ubique
2637 4793 2822 4838 autem
2855 4782 3205 4837 scribendum
3229 4783 3447 4836 πιλατι·

1873 4891 2010 4937 κιον,
2048 4890 2153 4929 11011
2179 4876 2557 4939 ἀπελατίκιον,
2586 4878 2786 4945 sceptri
2824 4890 3017 4945 genus,
3043 4878 3188 4945 quod
3222 4876 3446 4945 palatini

1873 4969 2005 5021 certi
2048 4968 2306 5038 gerebant
2338 4968 2798 5035 quemadmodum
2826 4969 2919 5023 alii
2954 4970 3111 5023 multi
3136 4971 3196 5021 τὸ
3235 4971 3450 5024 δικανι-

1873 5077 2013 5123 κιον,
2048 5077 2211 5129 supra
2245 5062 2281 5115 l.
2315 5061 2369 5125 2,
2405 5075 2453 5114 0.
2485 5059 2533 5114 ϐ.
2566 5059 2772 5115 Gners.

1949 5151 2638 5224 1ὑ.[Ἀρχοντόπου.ιον
2709 5153 3000 5220 ἁσκεπές.
3050 5153 3324 5225 Gregoras
3378 5155 3445 5209 ad

1880 5240 2138 5297 Historia:
2177 5243 2422 5298 calcem:
2478 5242 2613 5312 Περί
2649 5259 2712 5311 γε
2768 5246 2872 5315 μὴν
2903 5244 3004 5315 τῆς
3042 5246 3136 5297 ἐπὶ
3198 5244 3449 5314 κεφαλῆς

1873 5334 2213 5404 καλύπτρας,
2232 5335 2325 5387 ἐπὶ
2348 5335 2456 5386 τῶν
2487 5336 2755 5405 πρότερον
2782 5337 3047 5407 βασιλέων
3065 5337 3187 5399 ἔθος
3201 5339 3328 5399 τοὺς
3350 5337 3448 5406 μὲν

1871 5425 2051 5493 χρόνῳ
2126 5425 2539 5495 προϐεϐηκότας
2598 5428 2657 5480 ὲν
2680 5431 2793 5491 τοῖς
2852 5428 3149 5496 βασιλείοις
3204 5418 3445 5499 χρῆσθαι

1870 5517 2214 5585 καλύπτραις
2265 5518 2574 5589 πυραμίδος
2620 5520 2720 5590 μὲν
2751 5523 3002 5591 ἐχούσαις
3053 5521 3260 5591 σχῆμα,
3289 5539 3452 5592 σηρι‹

1870 5610 1987 5670 κοῖς
2017 5605 2066 5661 δ’
2097 5607 2361 5680 ἐνδύμασι
2398 5612 2539 5665 κατά
2585 5612 2645 5663 τὸ
2675 5613 2942 5681 ἀνάλογον
2974 5615 3196 5685 ἑκάστῳ
3224 5614 3447 5685 ἀξίωμα

1870 5701 2335 5774 καλυπτομέναις,
2353 5704 2471 5759 ὅσοι
2497 5704 2543 5759 δ’
2567 5707 2625 5760 ὲν
2653 5706 2859 5776 ἡλικίᾳ,
2894 5707 3121 5773 τούτους
3148 5708 3203 5761 δὲ
3235 5711 3449 5773 πάντας
