3952 6222
390 237 488 299 327

1493 224 1570 282 Ν
1617 219 1904 280 LIBRUM
1951 220 1972 275 l

2096 219 2414 282 .)FFtCllS
2449 223 2554 282 (ΣΡ.
3381 259 3384 262 ·
3513 215 3609 282 328

389 347 650 411 καθάπαξ
707 343 1015 399 ἁκάλυπτον
1065 339 1210 407 ἔχειν
1264 339 1360 404 τὴν
1423 336 1687 405 κεφαλήν.
1752 333 1946 386 Subdit

2125 331 2180 383 P.
2209 333 2295 387 .56.
2329 334 2801 404 [Προσκωςοῦσι.
2822 333 2929 389 Pro
2961 332 3208 394 muneris
3231 345 3382 388 more
3410 343 3614 388 certum

391 440 687 494 Andronici
739 436 984 490 Junioris
1033 441 1190 486 aetate
1245 432 1512 498 pileorutn
1567 443 1690 498 quae
1739 426 1952 480 luberet
2054 427 2259 480 cultum
2307 427 2624 496 imperatori
2703 426 2929 496 palatini
2995 440 3251 496 proceres
3302 423 3614 480 exhibuere.

391 543 668 599 acceptam
695 544 723 580 a
753 526 1068 594 proceribus
1096 524 1346 586 fortnam,
1373 521 1600 588 juvenes
1633 533 1762 574 vero
1791 517 1952 572 etiam
2055 517 2295 572 Pltranzi
2337 519 2392 573 in
2421 519 2754 586 logothetam
2781 519 2921 573 clam
2953 519 3206 572 instituto
3237 517 3622 585 dicitimpera-

393 633 532 674 tet-to
563 622 740 685 capite
777 617 1036 686 palatium
1072 615 1478 682 frequentasse.

465 713 522 766 Ρ.
561 713 651 764 53.
683 710 1101 781 [Upoagsdpovq
1125 705 1414 774 λέγοντες
1441 703 1716 771 στίχους.
1761 698 1954 753 Versus

393 815 452 858 ut
475 789 762 856 Celebrate:
786 798 1068 852 festivitati
1091 810 1390 864 congruos,
1419 796 1492 846 ita
1521 793 1679 846 simul
1709 791 1958 859 proprias

395 893 736 961 imperatoris
777 889 965 944 laudes
1004 897 1060 942 et
1121 886 1466 941 subditorum
1519 884 1573 937 in
1606 881 1771 952 29!.
1805 881 1955 934 illum

395 1002 518 1040 vota
577 987 896 1053 eapientes.-
935 980 1306 1048 Quorumdam
1360 976 1669 1045 huiusmodi
1735 989 1955 1030 sensum

396 1080 678 1132 acerbiore
737 1077 789 1128 in
820 1076 1205 1140 imperatorem
1249 1069 1616 1140 Nicephorum
1647 1075 1831 1120 motus
1853 1064 1960 1118 bile

396 1171 580 1224 retulit
637 1170 690 1222 in
724 1182 823 1222 sua
865 1166 1132 1234 legatione
1197 1161 1594 1230 Luitprandus.
1631 1157 1738 1212 Leo
1769 1156 1962 1212 Grant-

398 1265 628 1318 maticus
654 1271 749 1314 aut
795 1259 972 1327 quivis
997 1257 1137 1309 alius
1165 1255 1218 1308 in
1256 1253 1436 1307 Leone
1476 1251 1736 1305 Armenio
1765 1266 1777 1301 :
1821 1249 1961 1305 ’Υπὸ

397 1359 615 1410 πάντων
638 1351 970 1415 ἐδοξάζοντο,
1011 1349 1105 1402 καὶ
1128 1349 1174 1399 οἱ
1196 1347 1358 1414 δῆμοι
1383 1345 1643 1414 ὲμέλισαν
1679 1341 1962 1409 ποιήματα

396 1447 516 1500 καθ’
579 1447 811 1496 ἕκαστον
859 1437 993 1511 ἦχον
1050 1439 1188 1507 πρὸς
1251 1437 1533 1504 εὐφημίαν
1562 1433 1744 1485 αὐτῶν
1779 1435 1962 1485 πᾶσαν

394 1537 586 1607 ἡδονὴν
613 1534 898 1596 κολακείας
917 1533 1244 1604 παρέχοντα.
1271 1529 1513 1584 Observa
1537 1528 1782 1581 musicos
1804 1537 1963 1580 tonos

2060 624 2146 664 tor
2177 613 2318 677 apud
2347 611 2653 667 Pontanum
2692 615 3041 681 interpretem
3069 628 3082 665 :
3119 608 3196 664 Tu
3234 621 3454 681 magnus
3482 612 3626 680 logo-

2060 706 2200 758 theta
2234 716 2378 759 esto:
2416 713 2619 758 tantum
2653 721 2815 759 neme
2836 719 2931 772 pro
2954 720 3096 758 more
3120 701 3270 772 ofﬁcii
3309 705 3385 758 tui
3415 705 3623 758 adores.

2066 797 2266 869 Gesn]

2132 901 2218 956 Ib.
2251 903 2581 964 Potestatus,
2604 901 2672 955 ab
2701 899 2887 956 Italico
2917 909 3145 970 potesta,
3177 899 3352 954 ethoc
3380 915 3408 952 a
3434 897 3632 953 Latino

2060 1005 2316 1065 potestas.
2383 994 2659 1066 signiﬁcat
2721 991 3036 1062 praefectum
3085 1005 3181 1046 seu
3211 990 3499 1060 praesidem
3527 1005 3628 1044 seu

2061 1098 2373 1160 praetereat.
2459 1087 2641 1156 qualis
2719 1092 2778 1141 et
2848 1085 2953 1140 iste
3033 1081 3408 1138 Gennensiutn
3489 1092 3629 1136 erat.

2133 1180 2356 1236 Prolixa
2411 1179 2658 1249 quidem,
2715 1186 2769 1231 at
2801 1177 2927 1232 huic
2957 1177 3077 1232 loco
3105 1190 3349 1246 congrua
3379 1172 3634 1242 Gregorm

2064 1272 2328 1337 narratio,
2369 1287 2534 1342 quam
2568 1269 2729 1342 295
2778 1271 2942 1324 habet
2971 1270 3024 1334 4,
3057 1268 3111 1324 9.
3149 1267 3392 1336 Singulis
3439 1268 3636 1320 diebus

2068 1364 2368 1419 Dominicis
2417 1365 2482 1418 ad
2539 1364 2930 1433 imperatorem
2985 1361 3273 1416 colendum
3317 1359 3634 1415 Genuenses

2066 1456 2413 1526 Venetosque
2439 1457 2491 1510 in
2522 1457 2782 1526 palatium
2810 1455 3138 1512 convenisse
3172 1464 3404 1510 testatur
3434 1455 3636 1509 Canta-

2068 1567 2306 1606 cuzcnus
2331 1554 2380 1618 1,
2419 1551 2506 1605 12.
2537 1551 2609 1605 De
2640 1550 2857 1606 Pisanis
2887 1549 2994 1605 CP.
3026 1547 3400 1603 habitantibus
3427 1547 3633 1602 iterum

396 1648 425 1685 a
453 1630 654 1684 Graecis
678 1636 803 1681 octo
828 1623 1130 1685 numerari,
1154 1631 1208 1676 et
1237 1623 1303 1676 ad
1345 1621 1684 1690 singulorum
1711 1618 1960 1673 inﬂexio-
1994 1654 2038 1710 Β
2066 1661 2246 1701 sermo
2275 1646 2333 1700 ﬁt
2365 1660 2394 1699 a
2425 1643 2614 1700 mecm
2643 1644 2817 1700 Alex“
2847 1643 2990 1699 term
3021 1643 3056 1696 ι.
3085 1641 3138 1698 5.

401 1739 519 1777 nem
575 1721 792 1790 poetica
823 1717 1086 1786 opuscula
1121 1715 1436 1769 referuntur
1463 1712 1770 1766 decantata.
1805 1708 1962 1774 Vide,

400 1817 442 1872 si
474 1816 608 1869 tanti
633 1824 736 1874 est,
775 1810 1168 1878 Euchologium
1206 1816 1452 1861 nostrum
1489 1823 1539 1858 v.
1563 1801 1716 1875 ἦχος.

472 1909 612 1962 Ibid.
648 1906 754 1978 [Ἡ
791 1904 1052 1972 εὐφημία
1080 1901 1198 1954 τῶν
1234 1898 1558 1968 ὀνομάτων.
1595 1894 1966 1952 l’ronuntiatis

399 2018 588 2056 eorum
623 1998 1335 2066 nominibusnuncupantur
1363 2002 1507 2055 vola,
1531 2006 1763 2061 quorum
1790 1989 1964 2048 forma

402 2097 514 2150 haec
544 2105 626 2148 est
653 2110 716 2147 ex
751 2089 1085 2158 EucholOgiu
1105 2097 1159 2140 et
1201 2087 1357 2140 aliis:
1398 2081 1572 2153 Ὑπὲρ
1605 2083 1712 2134 τῶν
1746 2081 1966 2140 abaetis"

403 2188 612 2240 στάτων
660 2184 812 2237 θεοσέ
825 2200 966 2256 πτων
996 2180 1089 2234 καὶ
1123 2177 1484 2248 φιλοχρίστων
1511 2175 1776 2244 βασιλέων
1805 2173 1966 2244 ἡμῶν

414 2277 754 2346 Ἀνδρονίκου
795 2274 888 2326 καὶ
920 2270 1137 2340 Μιχαὴλ
1173 2268 1266 2321 τοῦ
1319 2268 1525 2336 Κυρίου
1561 2266 1863 2335 δεηϐῶμεν.
1904 2263 1967 2319 Et

402 2373 492 2441 Τῷ
539 2367 912 2435 εὐσεϐεστάτῳ
971 2365 1073 2426 καὶ¹
1138 2361 1467 2432 φιλοχρίστῳ
1523 2359 1758 2430 δεσπότῃ
1812 2358 1968 2427 ἡμῶν

402 2451 726 2534 Ἀνδρονίκῳ
746 2457 998 2512 πολλὰ.τὰ
1023 2456 1139 2524 ἔτη.
1162 2454 1315 2508 Anna
1345 2454 1410 2507 de
1433 2470 1492 2507 se
1519 2453 1632 2523 ipsa
1655 2453 1691 2504 I.
1713 2451 1778 2508 6:
1801 2452 1970 2518 Κάγὼ

403 2553 763 2623 εὐφημείσθειι
793 2550 1038 2620 ἔμελλον.
1072 2549 1488 2600 Κωνσταντίνον
1542 2547 1640 2598 καὶ
1670 2546 1874 2597 Ἀνναν
1909 2545 1967 2596 ἐν

403 2645 586 2716 ταυτῷ
610 2645 912 2713 ὲξεφώνουν
935 2644 1119 2704 ἐντοῖς
1150 2639 1424 2709 εὐφημίας
1449 2639 1660 2709 καιροῖς
1689 2639 1737 2690 οἱ
1757 2638 1854 2707 τῆς
1881 2635 1971 2688 εὺ-

407 2740 615 2810 φημίας
647 2737 1094 2808 προεξάρχοντες.
1137 2729 1340 2802 ϐολιι.]

480 2833 540 2884 Ρ.
573 2829 663 2883 54.
726 2826 830 2881 Διὰ
887 2825 1177 2879 σιτανίων
1209 2823 1290 2878 vel
1331 2823 1658 2890 σητανίων.
1689 2821 1768 2874 Ex
1795 2822 1973 2875 sericis

406 2924 536 2992 ﬁlis.
596 2919 732 2974 Nam
779 2918 922 2972 Italis
967 2927 1075 2970 seta
1108 2919 1193 2971 est
1232 2915 1466 2970 sericum
1494 2913 1516 2979 ,’
1563 2915 1707 2968 unde
1776 2915 1971 2982 nuperi
2027 2983 2033 2990 .

409 3011 582 3067 Graeci
633 3025 794 3066 suum
837 3010 1094 3064 sitnnium
1145 3021 1243 3063 seu
1269 3007 1530 3061 setanium
1561 3010 1966 3074 procuderunt;
1998 2993 2046 3060 C

406 3107 514 3160 nisi
547 3105 670 3175 quis
702 3101 852 3157 malit
877 3116 905 3154 a
941 3101 1137 3154 Latino
1171 3109 1282 3153 seta
1301 3100 1604 3165 deducere;
1641 3100 1796 3167 quasi
1840 3099 1975 3168 pila-

409 3199 535 3252 tieia
567 3198 656 3250 illa
678 3195 745 3250 de
764 3195 897 3248 sctis
919 3207 1182 3262 suspensa
1208 3190 1430 3246 fuerint.
1455 3190 1712 3244 Germani
1741 3191 1974 3244 chordas

406 3306 499 3344 seu
532 3287 663 3343 ﬁdes
693 3294 889 3341 vocant
935 3285 1128 3350 saitcn,
1182 3292 1365 3352 aperte
1393 3297 1420 3335 a
1457 3292 1589 3337 seta.
1622 3281 1724 3336 Sed
1759 3283 1978 3336 Glossa-

410 3381 546 3434 riutn
593 3395 644 3432 v.
672 3377 908 3431 σιτάνιον
969 3385 1098 3431 etv.
1133 3376 1415 3443 γαῖτάνιον
1481 3385 1633 3444 putat
1686 3376 1974 3443 legendum

408 3471 928 3537 rescribendumque
983 3469 1069 3521 διὰ
1127 3469 1535 3536 γαῖτανέων,θχ
1596 3468 1820 3538 cingulis
1879 3481 1973 3522 seu

408 3568 553 3618 sonis
579 3582 596 3620 :
618 3581 741 3619 nam
763 3565 1044 3633 γαῖτάνιον
1064 3571 1150 3615 est
1184 3560 1485 3630 cingulum.
1522 3559 1638 3614 Non
1661 3562 1929 3615 assentior
1960 3581 1973 3616 :

363 3643 366 3646 ἑ
406 3660 662 3720 facerem,
718 3657 760 3710 si
791 3657 946 3710 crisis
983 3656 1097 3708 lnec
1135 3654 1316 3723 aliquo
1349 3669 1454 3708 ms.
1485 3653 1782 3720 exemplari
1815 3653 1977 3722 adju-

411 3769 436 3804 v
446 3761 649 3806 aretur.
680 3750 879 3804 Gna'rs.

485 3841 870 3914 [llallucinatio
899 3839 1041 3894 oculi
1068 3839 1341 3902 σιτανίων,
1365 3841 1617 3894 εἱτανῐων
1649 3839 1787 3906 vice,
1813 3847 1974 3908 prout.

411 3936 612 3988 habent
644 3933 833 4004 llegia,
865 3933 1113 4003 legentis.
1138 3932 1277 3986 Sunt
1301 3944 1482 3987 autem
1507 3933 1739 3998 εἱτάνια,
1769 3948 1799 3985 a
1830 3931 1975 4002 vulgi

407 4027 736 4096 quibusdam
762 4027 1045 4093 γαῖτάνια,
1075 4025 1143 4079 ab
1180 4024 1303 4079 aliis
1339 4023 1576 4091 γαθάνια
1600 4023 1976 4094 pronuntiata,

409 4122 715 4173 orttaliores
776 4117 919 4170 vitta:
973 4115 1089 4170 sive
1118 4115 1362 4179 tamiola’,
1391 4116 1620 4169 vestium
1649 4115 1867 4170 laciniis
1908 4115 1975 4169 ad

411 4210 645 4264 invicem
691 4207 1018 4277 colligendis
1071 4207 1155 4260 vel
1203 4206 1596 4274 componendis
1660 4206 1860 4269 nodis,
1919 4214 1976 4260 et

410 4303 476 4356 ad
538 4312 792 4354 ornatum
817 4307 1037 4362 assume,
1077 4295 1157 4350 vel
1193 4295 1430 4366 denique
1458 4307 1518 4350 ut
1543 4311 1606 4350 ex
1632 4296 1698 4351 iis
1731 4296 1875 4349 aliud
1906 4296 1970 4349 ad
2002 4335 2053 4396 Β

411 4391 660 4444 decorem
685 4391 936 4457 pendeat.

486 4478 626 4533 Ibid.
663 4477 1076 4550 [Παλαμιαῖον.
1137 4478 1384 4544 Quatuor
1429 4493 1624 4533 manus
1681 4477 1971 4548 digitorum

415 4588 696 4626 mensura.
719 4571 915 4643 Gesn.)

1025 4662 1254 4720 CAPUT
1287 4662 1352 4718 ll.

444 4781 846 4836 Observationes
875 4790 923 4832 et
977 4779 1351 4848 explicationes
1393 4781 1447 4832 in
1500 4788 1658 4846 caput
1703 4777 1753 4844 7,
1807 4777 1946 4849 quod

902 4861 977 4905 est
1002 4854 1064 4904 de
1094 4867 1271 4904 mensa
1292 4851 1644 4919 imperatoris.

485 4942 549 4997 P.
617 4943 702 4997 55.
766 4941 996 4996 Faustas
1057 4942 1478 4998 acclamationes
1539 4941 1780 4996 suaviter
1839 4940 1982 4995 ridet

412 5035 731 5089 Graecorum
799 5035 937 5088 haud
1001 5049 1248 5088 summus
1314 5034 1524 5087 amicus
1581 5032 1976 5102 Luitprandus.

414 5126 618 5180 (ἔθετε.
937 5173 943 5180 .

486 5217 626 5272 Ibid.
655 5216 853 5286 ["Oom
880 5216 1160 5286 φοροῦσι.
1197 5215 1374 5272 Habes
1401 5217 1527 5271 illos
1561 5215 1824 5271 distincte
1849 5232 1982 5272 enu-

416 5321 654 5362 meratos
687 5311 854 5375 notis,
895 5326 943 5364 c.
975 5309 1026 5364 ’5.

487 5398 571 5452 Ib.
595 5398 611 5468 ι
631 5400 854 5468 Ὀρίζει.
880 5400 1170 5454 Recentior
1194 5401 1427 5468 phrasis,
1451 5416 1554 5471 qua
1574 5403 1752 5457 virum
1777 5403 1982 5458 honore

416 5492 498 5542 vel
539 5489 686 5544 cultu
725 5491 949 5560 dignum
1009 5492 1216 5562 aliqttid
1249 5491 1436 5548 facere
1469 5495 1556 5549 vel
1583 5495 1767 5550 dicere
1794 5496 1979 5564 expri-

419 5591 595 5636 munt.
643 5583 846 5650 Ὀρέξει
880 5584 908 5634 ὁ
940 5584 1192 5652 βασιλεὺς
1227 5602 1335 5639 non
1383 5587 1556 5655 jubet,
1594 5588 1687 5643 sed
1725 5589 1855 5642 dicit
1899 5589 1978 5641 vel

420 5683 551 5734 μιτιι
588 5686 893 5739 Imperator.

2144 1752 2225 1806 Ib.
2269 1769 2316 1806 ν.
2361 1753 2450 1807 19.
2499 1751 2765 1806 Colicium
2829 1765 2924 1807 seu
2955 1751 3260 1812 eollicium.
3309 1748 3450 1804 idem
3486 1748 3636 1819 qtmd

2071 1847 2254 1903 κόλλιξ
2290 1855 2344 1902 et
2375 1844 2662 1908 κόλλασος,
2719 1859 2917 1914 nempe
2943 1858 3115 1912 genus
3167 1842 3443 1912 quoddam
3470 1843 3638 1911 panis

2072 1939 2314 2004 rotundi,
2351 1947 2409 1992 ut
2443 1937 2620 2007 inquit
2648 1934 2869 2000 Junius,
2892 1945 2946 1990 et
2973 1934 3216 1990 delicati.
3246 1934 3451 1988 Gens.

2145 2039 2423 2110 [Koltxtov
2464 2041 2620 2107 panis
2666 2036 2934 2092 rotundus
2975 2049 3039 2090 ac
3072 2036 3124 2088 in
3157 2047 3369 2089 corona:
3411 2035 3640 2086 modum

2071 2142 2375 2186 contortus.
2405 2130 2600 2202 Goan.]

2146 2246 2202 2298 P.
2235 2245 2325 2300 57.
2352 2241 2653 2304 Κὸνσουλος
2675 2241 2740 2295 e'x
2767 2238 2961 2293 Latino
2993 2237 3198 2292 consul.
3223 2237 3299 2291 lta
3335 2237 3644 2290 vocabatur

2075 2339 2167 2408 qui
2195 2336 2408 2391 Pisanis
2432 2333 2587 2403 Cpoli
2632 2339 2883 2400 praeerat.
2917 2330 3116 2384 Eodem
3150 2329 3371 2383 nomine
3404 2330 3645 2382 Aneoni-

2078 2431 2188 2485 tani
2233 2443 2392 2484 suum
2422 2425 2736 2494 praelectum
2769 2421 3104 2478 salutabant.
3145 2419 3209 2474 Et
3237 2419 3398 2474 hodie
3426 2417 3644 2488 Tripoli

2080 2519 2580 2579 AleXandrimCairi
2621 2532 2714 2573 seu
2755 2514 2987 2584 Memphi
3022 2521 3356 2569 mercatores
3390 2517 3440 2566 et
3475 2525 3645 2580 nego-

2076 2615 2304 2668 tiatores
2342 2611 2540 2666 Gallici
2574 2623 2704 2664 suos
2733 2607 2938 2662 habent
2963 2607 3239 2660 consules.

2151 2717 2233 2772 Ib.
2272 2714 2435 2786 Virgo
2479 2714 2652 2768 hodie.
2701 2710 3028 2766 Contacium
3066 2709 3169 2764 hoc
3207 2706 3335 2762 fecit
3357 2705 3647 2763 Romanus

2078 2811 2330 2868 melodus
2368 2808 2743 2864 contaciorum
2779 2813 2994 2869 auctor,
3050 2811 3105 2856 et
3128 2811 3308 2857 exstat
3347 2801 3399 2856 in
3432 2799 3644 2857 Menam

2078 2911 2150 2964 ΞΒ
2179 2907 2516 2964 Decembris.
2552 2903 2828 2975 [ntegrum
2863 2903 2938 2956 ita
2987 2900 3185 2954 habet:

2091 3052 2154 3105 Ἢ
2196 3048 2474 3119 Παρθένος
2507 3045 2748 3119 σήμερον
2778 3043 2870 3119 τον
2893 3039 3216 3119 ᾧπεροιξσιον
3245 3035 3442 3119 τ-ιξτςι,

2081 3122 2188 3174 Καὶ
2220 3123 2252 3190 ἡ
2287 3108 2358 3188 ﬁ
2395 3117 2456 3170 τὸ
2479 3108 2746 3190 animum)
2783 3108 3175 3190 τῷρετροσὶτέρ
3207 3108 3502 3174 πρσσὰγει.

2084 3194 2148 3241 ’Δ
2159 3181 2357 3258 γγιέλὶη⁷
2379 3187 2518 3258 μετὰ
2560 3181 3228 3258 ¹ιτοιμένωνλδοξολοχοῡσι,

2078 3250 2256 3326 Mai-yet
2292 3257 2348 3309 δὲ
2379 3250 2529 3326 ’μετὰ
2559 3250 2789 3326 ἀστέρος·
2809 3250 3152 3326 ὁδοιτξοροῦαι
3173 3261 3188 3277 ⁶

2081 3333 2156 3382 Δι’
2184 3315 2331 3400 μᾶς
2359 3315 2469 3396 fde
2505 3315 2774 3394 ἐγεννήθη
2831 3315 3046 3375 παιδίον
3069 3321 3208 3383 νέον,
3233 3321 3263 3372 ὁ
3291 3315 3650 3460 πῐὲεέξὼνων

3461 3419 3508 3450 υ.

2150 3523 2211 3590 i‘.
2243 3534 2332 3589 58.
2364 3531 2570 3591 Μίνσος
2601 3545 2631 3582 a
2686 3523 2880 3580 Latino
2917 3525 3131 3578 missus.
3163 3515 3451 3575 Ferculum
3481 3523 3650 3580 verti,

2081 3627 2210 3698 quia
2247 3627 2454 3680 missus
2488 3636 2599 3680 non
2643 3628 2776 3673 sum
2808 3615 3020 3669 Latinis
3048 3612 3260 3683 singula
3295 3611 3519 3675 fercula,
3548 3614 3653 3664 sed

2080 3719 2413 3774 ferculorum
2447 3711 2856 3783 quamplurium
2893 3707 3067 3761 illatio
3119 3713 3174 3760 ct
3202 3703 3491 3772 appositio.
3544 3701 3654 3758 llic

2081 3821 2259 3867 autem
2319 3807 2550 3878 singulis
2617 3803 2830 3873 singula
2889 3799 3244 3856 tradebantur
3277 3795 3504 3860 fercula,
3532 3805 3651 3849 non

2081 3890 2277 3974 integri
2307 3901 2531 3954 missus.
2565 3896 2769 3951 Gnsrs.

2153 4005 2412 4078 [Joannes
2435 3999 2572 4056 Citri
2597 3999 2651 4053 in
2675 3995 2944 4064 ReSpons.
2970 3989 3116 4047 luris
3141 3989 3255 4047 GR.
3281 3991 3316 4044 l.
3346 3989 3412 4046 5:
3439 3989 3656 4043 Μὶνσον

2078 4101 2140 4152 τὺ
2169 4096 2292 4151 καθ’
2326 4094 2592 4162 Ἕλληνας
2661 4090 2758 4160 μὲν
2783 4089 2840 4140 τὸ
2867 4084 3067 4140 κανοῦν
3097 4084 3272 4155 δηλοῖ,
3305 4083 3444 4137 κατὰ
3469 4083 3526 4134 δὲ
3550 4082 3657 4151 τὴν

2092 4191 2301 4259 Ἰταλὴν
2348 4187 2602 4255 γλῶσσαν
2651 4183 2710 4235 τὸ
2760 4179 3155 4250 πεπραγμένον
3220 4178 3336 4238 τοῖς
3372 4175 3659 4246 ὀψοποιοῖς

2083 4284 2316 4338 ἐδεστόν.
2351 4278 2511 4333 Κατὰ
2534 4276 2694 4329 τοῦτο
2721 4273 2828 4342 γὰρ
2860 4271 2928 4325 τὰ
2951 4274 3008 4323 ὲν
3047 4271 3166 4332 ταῖς
3185 4267 3491 4338 τραπέζαις
3521 4269 3660 4335 ἑφα-

2091 4375 2370 4444 πλούμενα
2410 4371 2593 4423 ὀθόνια.
2656 4365 2917 4436 μινσάλισ.
2969 4361 3244 4429 λέγονται,
3274 4355 3360 4413 οἶα
3388 4358 3521 4429 πρὸς
3557 4358 3658 4410 κό-

2083 4489 2218 4543 σμον
2251 4467 2347 4534 τῆς
2367 4462 2642 4533 τραπέζης
2665 4457 2758 4510 καὶ
2788 4454 2897 4508 τῶν
2935 4454 3138 4524 μῐνσων
3168 4449 3448 4520 τιθέμενα.
3476 4447 3656 4514 Quam

2082 4567 2305 4636 opipare
2349 4569 2514 4627 porro
2560 4551 2784 4621 μίνσους
2839 4546 2954 4600 sive
2995 4543 3200 4598 fercula
3239 4558 3268 4595 e
3309 4556 3412 4596 sua
3465 4555 3657 4595 mensa

2081 4632 2422 4712 distribuerit
2437 4644 2673 4699 Isaacius
2696 4639 2958 4709 Angelus,
2978 4635 3219 4692 declarat
3234 4633 3453 4688 Nicctas
3471 4648 3524 4703 p.
3546 4632 3658 4690 579

2081 4750 2255 4805 Gosu.

2153 4833 2234 4888 Ib.
2278 4829 2486 4900 Βρύσος
2515 4824 2596 4878 vel
2624 4821 2800 4894 βρύση
2835 4819 2960 4875 fons
3005 4827 3110 4882 est,
3140 4831 3168 4870 a
3205 4813 3356 4886 βρύω
3386 4813 3531 4882 quod
3566 4822 3660 4866 est

2080 4924 2337 4982 scaturio.
2411 4920 2550 4974 llinc
2621 4913 2838 4986 βρύοις,
2924 4913 3081 4983 quasi
3133 4911 3287 4964 dicas
3348 4905 3656 4961 scaturitio.

2082 5019 2263 5074 Gnc'rs
2279 5055 2296 5070 .
3444 5009 3447 5012 ’

2155 5115 2398 5192 [Βρύσην
2427 5113 2624 5168 dicunt
2651 5109 3000 5165 communius
3031 5107 3252 5176 fontem.
3281 5105 3484 5161 Glossat-
3506 5103 3660 5158 Gm-

2082 5211 2304 5267 cobarb.
2347 5207 2620 5280 Ἀργύρου
2647 5203 2848 5274 κρῆναι
2875 5201 3125 5254 λαλοῦσιν
3146 5241 3162 5266 ,
3189 5201 3354 5270 ἤγουν
3373 5201 3428 5251 αἱ
3456 5196 3661 5268 βρὺσαι

2083 5302 2178 5356 τοῦ
2223 5299 2460 5370 ἀσημιου
2511 5297 2792 5351 λαλοῦσιν.
2850 5294 3209 5363 Curopalates
3264 5293 3434 5346 refert
3471 5291 3659 5344 locum

2087 5391 2412 5447 Βασιλακὶου
2445 5389 2655 5459 βρύσην
2688 5387 2915 5448 dictum,
2948 5386 3037 5438 ubi
3078 5385 3146 5439 ab
3170 5385 3378 5438 elIossis
3407 5379 3660 5436 Basilacii

2085 5485 2256 5540 oculis
2285 5481 2566 5553 sanguinis
2597 5481 2768 5549 fontes
2803 5481 3124 5542 eruperunt.
3153 5473 3352 5546 δοκι]

2158 5583 2244 5638 Ib.
2272 5581 2432 5637 Μετὰ
2465 5583 2532 5636 τὸ
2563 5581 2833 5636 δεῖπνον.
2863 5579 2988 5634 Post
3023 5596 3246 5645 canam,
3266 5577 3463 5634 melius
3492 5589 3664 5646 quam

2089 5687 2210 5745 post
2268 5676 2580 5746 prandium,
2639 5683 2696 5732 ut
2750 5673 3170 5748 Junius,-quia_
3191 5687 3376 5729 mensa
3414 5671 3506 5726 illa
3528 5681 3666 5750 vere
