3952 6222
214 383 289 446 an

1240 344 1631 424 cna'rssui'
1662 363 1751 420 ur
1794 362 2030 421 coam
2061 362 2302 422 noris.
2762 390 2789 407 ρ

3273 346 3381 409 330

208 513 330 553 unus
352 502 500 547 erat:
538 498 658 544 erat
716 487 856 541 enim
882 484 1149 554 jejunium
1188 481 1381 549 vigilia:
1412 476 1723 533 Nativitatis
1760 488 1793 537 Α
1831 475 1969 528 Nam
2002 476 2188 554 etipso
2224 482 2419 526 sancta:
2464 489 2522 523 ac
2560 487 2760 535 magum
2792 466 3225 533 Quadragesimw
3255 472 3382 515 tem-

214 587 400 641 Domini.

266 678 309 730 P.
333 676 409 729 59.
448 673 661 725 Postero
689 670 791 722 die.
852 668 1122 720 Hactenus
1155 662 1461 733 percensuit
1486 660 1721 713 Codinus

212 769 311 838 quid
339 767 385 819 in
410 764 589 833 Vigilia
652 760 954 814 nativitatis
986 758 1101 809 lieri
1158 752 1542 808 consueverit:
1579 766 1721 801 mmc

211 856 370 929 qttidin
398 856 512 922 ipso
561 851 695 905 festo
720 859 930 917 agatur,
963 847 1204 913 exponit.
1238 844 1440 897 (ἔθετε.

268 947 330 999 lb.
363 943 504 1015 [Τὴν
527 937 1049 1004 τεσσαιακδστήν.
1074 935 1273 987 Christi
1306 932 1545 985 natalitia
1571 943 1725 983 seve—

209 1038 308 1091 rinri
342 1035 542 1106 jejunio
589 1030 944 1099 quadraginta
976 1026 1165 1079 diebus
1200 1032 1472 1092 protracto
1531 1036 1716 1073 mona-

206 1131 321 1182 sticae
349 1128 487 1195 leges
509 1135 563 1178 et
594 1124 678 1191 pia
716 1120 1074 1190 quorumdam
1105 1116 1324 1169 devotio
1359 1113 1720 1182 prtcveuiunt.

207 1220 438 1288 Jejunium
487 1214 620 1267 illud
684 1210 1100 1279 σαραντάμερυν
1156 1205 1373 1274 vulgus,
1432 1202 1728 1257 correctior

208 1310 355 1376 lingua
410 1302 935 1371 τεσσαρανθήμερον
1017 1306 1196 1349 vocat.
1276 1291 1727 1361 Τεσσαρακοστὴν

206 1399 402 1450 observo
438 1394 505 1447 ab
531 1401 755 1446 auctore
806 1387 1146 1456 nuncupari:
1178 1395 1234 1438 at
1260 1384 1401 1437 nude
1424 1393 1476 1437 et
1505 1383 1729 1435 omnino

180 1478 372 1555 'jejune,
436 1494 494 1537 ut
550 1482 714 1550 hujus
762 1477 1106 1533 abstinentiae
1172 1473 1434 1542 temporis
1486 1471 1555 1524 ab
1620 1469 1729 1521 alio

207 1574 453 1629 Paschalia
511 1571 773 1624 solemnia
800 1567 963 1637 296
996 1563 1351 1634 pt'aacedentc,
1401 1569 1455 1615 et
1485 1559 1615 1626 ἁγία
1637 1557 1731 1608 καὶ

208 1665 383 1733 μεγάλη
439 1661 859 1729 τεσσαρακοστή
916 1657 1084 1720 dicto,
1132 1654 1426 1709 discrimen
1466 1651 1727 1718 assignet.

204 1755 369 1827 00.33.]

1825 584 1948 635 pore
1978 550 2156 619 die'bus
2215 563 2433 618 Sabbati
2467 577 2528 613 ac
2572 561 2856 612 Dominica:
2912 556 3062 608 multi
3105 562 3383 607 vescuntur

1825 658 2076 724 piscibus,
2142 656 2264 707 aliis
2295 669 2495 721 quoque
2550 653 2642 704 alii
2672 652 2851 701 diebus
2880 668 2895 709 ,'
2958 657 3079 700 sunt
3108 648 3269 699 etiam
3293 647 3383 711 qui

1826 745 1887 795 iis
1916 745 2123 794 omnino
2161 758 2214 795 se
2251 743 2525 794 abstinent.
2574 739 2709 803 Quid
2745 741 2909 806 ergo?
2942 738 3240 789 dicemusne
3267 733 3385 785 illos

1830 830 1929 900 {ide
1961 833 2116 883 etiam
2144 831 2279 882 inter
2302 847 2355 881 se
2378 830 2630 881 dissidere
2651 828 2676 879 ."
2704 827 2765 879 In
2799 826 2982 878 ritibus
3007 841 3205 893 quoque
3229 822 3388 873 eccle-

1827 921 2059 973 siasticis
2078 921 2397 973 consuetudo
2423 929 2496 977 est
2528 920 2676 971 varia
2703 934 2719 969 :
2752 933 2871 969 nam
2902 916 3181 983 Cpofitana
3219 912 3390 979 major

1827 1010 2043 1062 ecclesia
2061 1012 2111 1061 in
2128 1009 2455 1063 celebrandis
2466 1009 2645 1077 o/ﬁciis
2658 1009 2761 1060 alio
2778 1023 2921 1059 more
2940 1007 3124 1066 utitur,
3154 1003 3256 1055 alio
3275 1017 3391 1053 vero

1830 1100 2035 1167 majora
2064 1102 2398 1162 monasteria,
2438 1099 2543 1151 alio
2588 1101 2792 1151 minora
2823 1098 2893 1149 ad
2925 1098 3148 1165 quietem
3181 1107 3390 1144 accom-

1829 1191 2067 1252 modata,
2119 1190 2337 1257 denique
2363 1189 2469 1242 alio
2499 1190 2833 1242 sacerdotum
2867 1188 3203 1241 sa'cularium
3226 1185 3394 1239 eccle-

1830 1282 1942 1333 site.
1983 1278 2120 1343 Quin
2150 1290 2198 1333 et
2254 1280 2649 1335 Tabennesiotce
2700 1282 2753 1332 in
2782 1292 2884 1332 uno
2912 1281 3191 1347 eodemque
3223 1295 3397 1331 caeno-

1832 1371 1913 1425 bio
1943 1373 2114 1425 varios
2154 1372 2438 1440 jejunandi
2482 1372 2840 1439 psallendique
2900 1372 3081 1423 modos
3114 1372 3398 1436 habebant,

1831 1463 1955 1515 aliis
1979 1479 2070 1530 per
2094 1464 2308 1516 biduum
2326 1463 2712 1531 jeianantibus,
2738 1463 2857 1515 aliis
2875 1478 2967 1531 per
2996 1462 3398 1527 hebdomadam,

1832 1567 1881 1607 et
1918 1554 1997 1607 his
2030 1556 2239 1622 quidem
2263 1556 2331 1606 ad
2363 1570 2650 1621 vesperam,
2693 1553 2802 1605 illis
2827 1568 2944 1605 vero
2968 1554 3030 1605 de
3058 1554 3227 1604 media
3255 1563 3405 1605 nocte

1834 1661 2014 1698 sacros
2071 1644 2287 1713 hymnos
2335 1644 2683 1706 canentibus;
2738 1645 2876 1711 quod
2918 1643 3078 1710 ﬁebat
3124 1644 3283 1695 etiam
3346 1646 3401 1696 in

1837 1737 2153 1788 monasterio
2180 1736 2584 1788 Acarmetorum.
2627 1733 2822 1788 Subdit
2860 1732 3188 1801 Gregorius:
3242 1732 3402 1802 297

259 1850 331 1905 η.
358 1820 536 1903 ’ϐπερὶ
587 1860 692 1899 non
730 1853 940 1899 tantum
984 1849 1108 1894 ante
1142 1838 1349 1893 pascha
1388 1835 1482 1891 sed
1514 1844 1569 1889 ει
1611 1841 1735 1886 ante
1770 1820 1811 1874 Β
1843 1825 2037 1880 Mirum
2066 1844 2220 1896 porro
2240 1828 2395 1896 fuerit
2429 1829 2636 1881 curiste
2660 1830 2738 1880 vir
2762 1835 2809 1880 et
2827 1825 3024 1896 lingua:
3046 1827 3403 1878 diversitatem

204 1943 289 1995 alia
315 1940 439 1993 festa
480 1937 774 2007 praecipua,
798 1945 856 1987 ut
880 1942 961 1987 est
988 1930 1194 1984 Natalis
1218 1927 1459 1991 Domini,
1487 1924 1732 1995 quadra-

206 2045 431 2100 gesimam
486 2027 909 2098 praemittebant,
972 2023 1067 2077 sed
1101 2018 1579 2090 quadragesimam
1621 2032 1728 2069 non

206 2138 272 2189 re,
301 2118 384 2176 sed
409 2121 530 2176 solo
564 2119 807 2181 nomine,
860 2122 1048 2183 utpote
1090 2112 1298 2181 jejunio
1322 2110 1512 2178 paucis
1539 2107 1733 2160 diebus

203 2212 619 2279 circumscripto.
672 2209 724 2262 ld
778 2208 954 2261 disces
982 2220 1044 2257 ex
1069 2204 1411 2262 Balsamone,
1441 2199 1534 2269 qui
1559 2200 1609 2251 in
1646 2213 1732 2251 re-

202 2314 374 2367 sponso
395 2300 460 2352 ad
499 2298 570 2351 55
582 2295 941 2365 qudéstionem
958 2290 1123 2344 Marci
1152 2287 1475 2358 patriarcha:
1496 2286 1734 2339 Alexan—

201 2392 319 2444 drini
349 2392 416 2445 ita
449 2390 683 2445 scribit:
715 2385 830 2439 Nos
848 2382 1177 2450 defendimus
1195 2379 1409 2446 jejunio
1442 2375 1737 2429 necessario

198 2482 457 2548 procedere
514 2478 633 2535 luet:
681 2480 909 2546 quatuor
930 2472 1086 2541 festa,
1119 2469 1371 2521 nimirum
1402 2466 1591 2532 festum
1611 2479 1738 2516 san-

199 2582 377 2625 ctorum
428 2569 811 2639 apostolorum,
866 2560 1078 2615 Natalis
1105 2557 1325 2623 Christi,
1385 2555 1736 2623 transforma-

198 2665 337 2718 tionis
366 2663 567 2718 Christi
600 2672 647 2714 et
684 2659 779 2711 Dei
806 2656 995 2719 nostri,
1028 2661 1076 2706 et
1102 2650 1502 2705 obdormitionis
1541 2656 1737 2700 sanctw

200 2758 430 2825 Deiparte,
494 2755 585 2809 sed
610 2764 811 2805 tantum
861 2757 1053 2817 septem
1111 2747 1337 2799 dierum.
1396 2739 1567 2795 Unum
1599 2741 1736 2794 enim

195 2858 258 2901 est
303 2845 659 2917 quadraginta
706 2844 908 2895 dierum
956 2838 1213 2907 iejunium
1263 2835 1434 2888 sancti
1480 2843 1527 2885 et
1562 2835 1739 2902 magni

195 2939 467 2993 Paschalis.
525 2936 680 3001 Quod
721 2936 766 2987 si
825 2933 941 3002 quis
996 2930 1114 2999 plus
1143 2932 1301 2997 quam
1340 2937 1531 2994 septem
1560 2924 1739 2978 diebus

194 3033 315 3083 circa
360 3032 550 3101 festum
605 3038 906 3080 sanctorum
955 3021 1310 3091 apostolorum
1342 3029 1389 3071 et
1418 3018 1611 3085 festum
1641 3033 1734 3070 na—

194 3119 302 3169 talis
321 3118 516 3170 Christi
534 3115 758 3182 jejunet,
788 3126 878 3164 seu
905 3118 1085 3176 sponte
1108 3123 1195 3160 seu
1219 3105 1422 3158 ordinis
1455 3104 1537 3157 sui
1560 3105 1738 3172 regula

196 3207 448 3273 impulsus,
484 3219 589 3271 non
614 3199 1011 3267 vituperabitur.
1056 3194 1329 3261 Quomodo
1350 3203 1528 3246 autem
1546 3202 1593 3244 et
1621 3207 1741 3258 pro-

192 3306 291 3361 pter
319 3298 440 3363 quid
467 3302 592 3346 ante
610 3291 1013 3359 unumquodque
1038 3287 1225 3340 horum
1241 3294 1468 3354 quatuor
1494 3283 1742 3351 festorum

185 3384 407 3448 jejunare
438 3384 746 3441 debeamus,
770 3378 1099 3432 declaratum
1126 3377 1182 3429 in
1209 3373 1455 3444 synodali
1479 3372 1744 3426 decisione

100 3456 107 3465 ’
189 3474 244 3524 de
273 3488 329 3524 eo
356 3490 387 3525 a
422 3471 578 3525 nobis
636 3472 802 3539 facta.
863 3468 966 3533 Qui
1010 3468 1175 3537 igitur
1209 3480 1313 3517 non
1348 3463 1595 3531 jejunant
1626 3467 1747 3513 ante

192 3562 587 3630 unumquodque
647 3562 834 3611 horum
870 3565 1100 3627 quatuor
1155 3556 1431 3623 festorum,
1488 3552 1602 3604 sine
1634 3549 1745 3602 ulla

184 3650 380 3701 omnino
428 3648 772 3703 excusatione
827 3644 1033 3713 magnis
1083 3639 1501 3696 emendabuntur
1556 3637 1744 3705 panis.

188 3733 373 3789 Eadem
408 3734 583 3789 tradit
612 3731 902 3786 Balsamon
935 3732 989 3783 in
1024 3729 1307 3797 responsis
1340 3726 1407 3779 ad
1438 3724 1748 3793 interroga-

186 3824 348 3880 tiones
377 3823 756 3894 quorumdam
781 3823 1201 3884 monachorum,
1238 3832 1361 3886 quae
1386 3822 1749 3881 exstantpost

183 3915 625 3971 Nomocanonem
671 3913 870 3967 Photii.

242 4007 418 4063 Graeci
471 4006 887 4076 quiritabantur
950 4000 1291 4071 hmcjejunia
1342 3997 1612 4053 aLatinis
1636 4013 1747 4052 non

180 4102 451 4154 observari
476 4139 495 4165 ,
537 4113 607 4153 ac
629 4097 861 4167 proinde
889 4096 990 4149 hac
1014 4095 1179 4149 etiam
1205 4108 1269 4146 es
1304 4099 1459 4161 parte
1490 4107 1614 4147 cum
1651 4091 1750 4145 iis-

181 4190 290 4244 dem
312 4192 674 4247 concordiam
696 4189 818 4243 iniri
850 4202 960 4242 non
990 4200 1174 4256 posse.
1198 4184 1457 4238 Instituta
1486 4195 1537 4238 et
1572 4198 1746 4237 mores

180 4298 341 4335 omnes
371 4286 597 4337 diversa
620 4283 828 4335 omnino
853 4289 996 4342 sunt,
1024 4280 1205 4347 inquit
1228 4278 1447 4356 Marcus
1461 4275 1746 4345 Ephesius,

174 4372 371 4439 jejunio
425 4386 481 4429 et
538 4377 673 4428 ritus
721 4372 1064 4427 ecclesiastici
1108 4380 1157 4424 et
1202 4369 1423 4423 similia.
1466 4368 1599 4433 Qua:
1625 4383 1747 4437 ergo

1839 1918 2119 1973 sicarium
2168 1922 2593 1974 indumentorum
2633 1935 2792 1989 genus
2818 1918 2943 1972 vitio
2990 1934 3092 1971 non
3142 1919 3353 1971 verterit
3387 1936 3405 1981 ;

1841 2021 1933 2065 aut
1964 2013 2102 2081 quod
2140 2012 2223 2065 illi
2272 2014 2491 2079 ﬂectant
2536 2028 2702 2081 genua
2722 2027 2838 2064 cum
2876 2011 3107 2075 adorant
3148 2020 3196 2063 et
3227 2020 3403 2073 orant,

1839 2114 2105 2158 servantes
2141 2118 2337 2156 morem
2369 2103 2729 2172 antiquitatis,
2764 2118 2856 2155 nos
2881 2118 2999 2156 vero
3031 2103 3264 2154 minime.

1914 2196 2086 2250 Porro
2114 2196 2205 2263 qui
2248 2195 2424 2248 Natali
2462 2195 2728 2262 integram
2763 2195 3237 2262 quadragesimum
3270 2206 3407 2260 pra:-

1843 2288 2151 2353 mittcbant,
2184 2287 2223 2339 ii
2274 2285 2705 2355 auspicabantur
2735 2300 2765 2338 a
2807 2286 2873 2340 M
2921 2285 3006 2339 die
3060 2283 3406 2348 Novembris,

1844 2386 1903 2431 ut
1937 2378 2213 2440 monachi,
2242 2392 2379 2445 quos
2410 2377 2475 2430 ad
2518 2378 2619 2429 hoc
2643 2376 2935 2445 peculiaris
2959 2379 3146 2446 regula
3205 2376 3413 2445 obliga-

1843 2469 1953 2522 bat.
1991 2468 2260 2533 Monac/ri,
2286 2469 2464 2536 inquit
2486 2468 2799 2527 Balsamon,
2852 2470 2941 2536 qui
2972 2484 3191 2522 suarum
3221 2469 3411 2537 funda-

1844 2561 2043 2613 tionum
2077 2561 2539 2613 constitutionibus
2572 2570 2835 2629 coguntur
2872 2560 3099 2627 amplius
3140 2561 3409 2628 jejunare,

1846 2651 2048 2704 scilicet
2086 2670 2116 2704 a
2142 2655 2273 2721 {esto
2303 2652 2551 2707 Omnium
2612 2663 2914 2706 sanctorum
2946 2661 2994 2706 et
3020 2670 3050 2705 a
3100 2654 3166 2706 N
3221 2656 3412 2707 mensis

1843 2746 2166 2807 Novembris,
2201 2744 2280 2797 vel
2313 2746 2466 2797 inviti
2488 2757 2739 2815 cogentur
2768 2746 2919 2814 sequi
2954 2753 3156 2799 statuta
3193 2762 3412 2798 suarum

1846 2835 2233 2903 fundationum,
2259 2836 2506 2903 quoniam
2562 2836 2657 2889 hoc
2677 2846 2752 2889 est
2806 2839 3115 2889 canonicum
3166 2847 3214 2889 et
3266 2840 3384 2891 salu

1847 2935 1999 2989 tare;
2032 2927 2467 2989 quemadmodum
2509 2936 2559 2981 et
2609 2927 2753 2990 laici,
2806 2929 2895 2995 qui
2954 2944 3053 2981 sua
3098 2938 3281 2997 sponte
3342 2931 3415 2981 ita

1843 3012 2271 3080 iejunant,laude
2284 3024 2334 3069 et
2359 3015 2655 3083 gratiarum
2670 3017 2873 3069 actione
2894 3016 3038 3084 digni
3067 3016 3416 3071 habebuntur.

1847 3103 2001 3169 Quod
2032 3105 2248 3159 dicitde
2269 3106 2407 3162 festo
2442 3106 2691 3160 Omnium
2720 3117 3042 3171 sanctorum,
3080 3108 3135 3163 id
3167 3109 3380 3161 releren
3400 3138 3413 3145 -

1850 3196 1977 3249 dum
2001 3204 2084 3251 est
2110 3196 2176 3251 ad
2193 3198 2463 3267 jejunium
2490 3208 2617 3252 ante
2651 3197 2851 3252 festum
2897 3200 3143 3252 omnium
3193 3210 3415 3267 aposto-

1850 3287 2050 3350 lorum,
2080 3289 2224 3357 quod
2254 3288 2428 3343 Graeci
2488 3288 2771 3343 celebrant
2833 3290 3025 3343 ultimo
3103 3291 3190 3343 dic
3246 3287 3417 3353 Junii.

1849 3376 2009 3444 cujus
2034 3378 2361 3448 principium
2398 3387 2516 3432 erat
2547 3378 2749 3435 festum
2787 3378 3043 3436 Omnium
3076 3391 3417 3440 sanctorum.

1848 3471 1994 3540 quod
2023 3469 2190 3525 Graeci
2225 3470 2501 3525 celebrant
2554 3474 2727 3539 prima
2780 3472 3060 3527 Dominica
3120 3486 3242 3541 post
3276 3474 3420 3529 Pen-

1853 3571 2093 3616 tecostcn
2128 3578 2141 3613 :
2175 3578 2296 3616 cum
2322 3572 2501 3617 autem
2526 3562 2847 3619 Pentecoste
2882 3565 3167 3618 sitfestum
3197 3568 3419 3633 mobile,

1849 3652 2161 3707 necessario
2204 3655 2369 3707 etiam
2432 3654 2630 3709 festum
2682 3655 2923 3710 Omnium
2986 3666 3286 3709 sanctorum
3336 3669 3422 3712 est

1850 3747 2048 3802 festum
2090 3747 2287 3802 mobile
2310 3751 2450 3817 apud
2482 3735 2726 3813 Graecos,
2756 3766 2899 3805 nunc
2928 3750 2983 3803 in
3005 3750 3163 3816 Maio,
3198 3753 3418 3806 nuncin

1848 3837 2011 3893 Junio
2065 3853 2378 3894 occurrens.
2439 3839 2555 3905 Quo
2614 3842 2747 3895 titut
2790 3841 3053 3911 jejunium
3113 3842 3257 3895 illud‘
3294 3855 3422 3896 ante

1782 3964 1789 3971 ι
1849 3928 2219 3997 apostolorum
2239 3928 2435 3981 festum
2456 3930 2617 3982 etiam
2645 3931 2784 3995 apud
2809 3929 3108 3983 monachos
3128 3930 3421 3997 aliquando

1854 4015 2091 4079 brevius,
2130 4015 2420 4084 aliquando
2441 4016 2657 4084 longius
2684 4016 2845 4070 fuerit
2876 4033 2890 4070 :
2920 4018 3164 4081 brevius,
3200 4020 3246 4073 si
3278 4020 3418 4073 Pcn-

1855 4116 2056 4159 tecoste
2089 4106 2140 4159 in
2175 4105 2397 4160 Jonium
2435 4106 2741 4173 incidisset,
2777 4108 3010 4178 longius,
3040 4109 3164 4162 siin
3194 4109 3418 4165 Maium.

1851 4194 1985 4251 Vide
2015 4197 2275 4268 Typicum
2327 4197 2496 4252 Sabae.
2865 4190 2891 4211 ⁹

1921 4288 2331 4345 Observandum
2360 4301 2413 4344 et
2444 4291 2565 4351 hoc,
2595 4290 2813 4347 Graecos
2840 4294 3417 4349 commemorationem

1851 4384 2092 4436 omnium
2148 4381 2389 4437 ﬁdelium
2420 4381 2800 4437 defunctorum
2860 4400 3019 4452 agere
3048 4385 3183 4440 feria
3233 4388 3423 4457 quinta

179 4463 253 4517 hic
284 4468 433 4531 unio,
470 4468 571 4519 ubi
597 4464 798 4517 nullum
840 4473 1024 4529 patens
1048 4478 1111 4515 ac
1144 4462 1488 4527 manifestum
1531 4468 1746 4527 apparet

1854 4484 1980 4527 ante
2001 4471 2378 4538 PentecoSien,
2413 4482 2469 4528 ut
2493 4483 2708 4529 constat
2760 4488 2824 4528 ex
2857 4474 2996 4529 libro
3032 4476 3216 4530 ritttali
3268 4477 3423 4533 Nice-

181 4552 419 4621 signuns?
477 4557 551 4610 Et
604 4556 860 4623 quomodo
905 4555 1040 4608 uniti
1093 4561 1239 4615 sunt,
1272 4553 1363 4620 qui
1414 4566 1512 4603 sua
1534 4551 1753 4602 retinere

178 4646 388 4701 colunt?
446 4647 572 4701 Hac
609 4648 745 4701 enim
776 4648 887 4715 lege
916 4662 1070 4701 suum
1112 4651 1178 4697 ad
1213 4644 1456 4697 unionem
1484 4642 1754 4709 prazbuere

180 4748 457 4800 “seruum,
475 4737 723 4804 quamvis
745 4752 777 4787 a
796 4735 1019 4789 Patrum
1036 4733 1409 4787 traditionibus
1425 4732 1752 4786 desciverint.

176 4821 489 4894 Respondet
526 4827 833 4899 Gregorius
880 4826 1323 4896 protosyncellus
1379 4825 1431 4877 in
1496 4824 1747 4891 apologia

172 4930 266 4982 pro
332 4922 589 4975 concilio
649 4920 990 4983 Florentino,
1045 4932 1167 4985 qua:
1193 4925 1371 4971 exstat
1426 4914 1495 4968 ad
1548 4914 1750 4968 calcem

170 5010 415 5076 ejusdem
456 5011 776 5065 Florentini
826 5010 1048 5063 concilii
1075 5009 1128 5061 in
1160 5008 1297 5062 edit.
1330 5008 1575 5061 Romana
1602 5005 1752 5059 Grai-

172 5100 455 5155 co—Latina
491 5120 507 5156 :
542 5100 726 5155 Nescit
750 5118 891 5172 ergo,
912 5109 967 5154 ut
989 5101 1143 5169 plane
1163 5100 1390 5164 videtur,
1417 5099 1639 5153 eximius
1669 5097 1752 5149 hic

169 5196 239 5244 vir
268 5198 447 5249 varios
480 5199 545 5249 in
581 5198 680 5249 hac
709 5200 867 5251 etiam
918 5212 1113 5265 magna
1143 5195 1268 5248 urbe
1318 5194 1607 5264 Cpolitana
1637 5210 1751 5247 ser-

169 5292 270 5340 eari
325 5305 538 5355 mores,
582 5291 1011 5358 jeiuniorumque
1041 5305 1104 5343 ac
1129 5291 1328 5342 rituum
1357 5288 1748 5341 ecclesiastico-

169 5393 275 5430 runt
301 5396 421 5433 esse
442 5380 813 5433 diversitates.
846 5380 1088 5449 Namque
1119 5390 1242 5433 ante
1280 5378 1482 5433 Christi
1500 5378 1752 5432 Natalem

168 5480 278 5521 sunt
314 5473 415 5539 qui
469 5471 761 5524 ordiuntur
809 5473 1077 5540 jejunium
1115 5488 1179 5525 ex
1203 5474 1289 5525 die
1314 5471 1381 5525 15
1416 5470 1748 5534 Novembris,

164 5559 254 5611 alii
305 5577 374 5614 es:
416 5561 515 5613 die
549 5558 926 5623 6Decembris,
983 5561 1076 5613 alii
1107 5576 1172 5613 ea:
1222 5561 1325 5626 20;
1388 5561 1457 5612 ad
1501 5562 1749 5613 honorem

163 5664 357 5719 quoque
388 5651 744 5705 Ascensionis
766 5650 964 5705 Christi
989 5653 1206 5720 quidam
1222 5651 1470 5720 jejunare
1493 5653 1749 5721 incipiunt

163 5758 215 5797 es
236 5744 518 5807 Kalendis
542 5744 687 5809 Maii,
706 5755 753 5797 et
783 5746 893 5799 alia
922 5746 986 5797 ab
1012 5746 1136 5799 aliis
1144 5747 1353 5816 jejunio
1382 5748 1743 5803 observantur.

469 5840 749 5898 Ps'raos.
781 5838 893 5899 Gn.
929 5838 1158 5901 CLVII.

1857 4562 2033 4631 phori,
2061 4562 2153 4629 qui
2184 4561 2648 4619 Pentecostarium
2682 4564 3017 4620 insoribitur.
3047 4566 3252 4621 Gnsrs.

1897 4653 2070 4706 ’Ibid.
2108 4653 2481 4725 ['Anoxpswv,
2504 4657 2931 4723 carnispririum,
2954 4657 3223 4710 cclclirius
3257 4673 3423 4711 unum

1857 4744 2059 4799 habent
2087 4745 2282 4811 Grazci,
2325 4747 2609 4800 Dominica
2660 4748 3035 4816 sexagesimre,
3065 4757 3117 4800 et
3170 4750 3421 4816 κρεωφά-

1855 4853 1949 4903 γον
1971 4840 2325 4903 carnivorum,
2361 4841 2405 4892 si
2436 4840 2509 4892 ita
2542 4840 2784 4906 proferre
2817 4840 2995 4902 liceat,
3020 4840 3161 4891 diem
3195 4838 3423 4891 solemni

1855 4926 2135 4981 Paschalis
2159 4929 2320 4982 festo.
2372 4927 2442 4981 Ut
2468 4944 2592 4981 vero
2618 4929 2791 4994 sacris
2851 4929 3122 4998 mysteriis
3173 4930 3421 4996 corporis

1854 5024 1907 5070 et
1936 5016 2221 5086 sanguinis
2254 5017 2463 5071 Christi
2494 5017 2865 5087 participaturi
2895 5016 3163 5087 jejunium
3214 5029 3419 5085 septem

1854 5109 1936 5161 vel
1967 5110 2208 5178 quinque
2256 5109 2448 5163 saltem
2504 5111 2715 5162 dierum
2778 5112 3105 5178 praemittere
3150 5111 3268 5179 lege
3310 5111 3421 5177 iam

1854 5197 1982 5251 olim
2013 5201 2185 5267 posita
2214 5213 2421 5266 usuque
2460 5197 2777 5251 memoriam
2821 5212 3033 5251 omnem
3070 5207 3426 5265 praavertentc

1853 5299 2076 5363 recepto
2107 5298 2378 5355 tenentur,
2411 5290 2485 5342 ita
2503 5303 2609 5342 non
2633 5290 3105 5359 unurmirroxpemv
3128 5291 3214 5343 vel
3249 5308 3426 5357 κρεω-

1854 5382 2028 5449 φάγον
2054 5381 2196 5435 diem
2241 5396 2336 5451 per
2383 5397 2612 5446 annum,
2646 5383 2739 5436 sed
2772 5394 3037 5450 quatuor,
3078 5396 3225 5434 more
3254 5384 3427 5449 magis

1852 5472 2057 5525 usitato
2087 5480 2393 5527 numerant.
2439 5472 2765 5526 Cclebratur
2796 5475 2886 5528 hic
2932 5475 3197 5526 natalium
3232 5482 3285 5526 et
3338 5490 3427 5527 rc-

1854 5566 2211 5643 surrectionis
2228 5565 2454 5627 Christi,
2489 5575 2604 5619 tum
2625 5567 2972 5621 dormitionis
3002 5565 3241 5634 Deiparrc
3265 5565 3428 5633 festo,

1853 5659 1941 5711 ille
1969 5658 2184 5727 quoties
2202 5658 2469 5728 jejunium
2502 5670 2631 5715 ante
2680 5668 2978 5713 memorata
3041 5661 3332 5721 solemnia,
3364 5662 3447 5719 ob,

1851 5760 2164 5807 secuturam
2204 5753 2687 5829 communionem,
2771 5754 3141 5823 auspicantur.
3234 5752 3435 5807 Tomos

3047 5848 3111 5904 11
