3952 6222
500 330 595 393 33i

1575 322 1655 381 ΙΝ
1692 318 1996 379 LIBRUM
2040 316 2137 377 DE
2170 313 2504 376 OFFICIIS
2547 312 2656 372 ΕΡ.

3627 312 3717 374 332

497 437 717 493 unionis
758 436 899 489 inter
955 433 1370 489 Constantinum
1419 429 1948 500 Porphyrogenitum
2010 436 2064 479 et
2096 436 2138 490 Α
2176 425 2229 476 In
2256 439 2365 492 quo
2395 421 2659 490 Calcpiuo
2684 419 2885 487 reperit
2936 416 3132 471 Junius
3159 418 3351 487 ἔδαφος
3375 432 3496 474 esse
3547 423 3625 477 vel
3650 427 3716 480 si—

492 530 610 598 ejus
638 541 889 581 socerum
932 524 1237 578 Romanum
1275 522 1421 575 Juris
1464 520 1558 575 GR
1585 522 1619 573 Ι.
1654 537 1689 574 ιι
1727 538 1743 584 ς
1776 521 1910 587 Τρὶς
1968 517 2058 568 τοῦ

493 616 739 672 ἐνιαυτοῦ
767 615 1127 683 ἀξιωθήσεται
1174 614 1273 680 τῆς
1332 610 1684 672 ἀπολαύσεως
1735 608 1841 661 τῶν
1901 605 2061 658 θείων

498 708 839 777 μυστηρίων,
872 704 1021 768 ἅπαξ
1049 705 1146 773 μὲν
1178 705 1235 756 ὲν
1298 704 1364 772 τῇ
1429 700 1759 769 σωτηριώδει
1801 696 1893 750 τοῦ
1926 694 2059 748 Θεοῦ

493 800 588 849 καὶ
610 797 861 865 Σωτῆρος
896 795 1052 863 ἡμῶν
1077 794 1389 855 ἀναστάσει,
1421 790 1670 859 δεύτερον
1697 793 1753 843 ὲν
1776 792 1842 858 τῇ
1871 788 2064 857 κοιμή-

494 906 574 940 σει
605 887 705 955 τῆς
728 886 999 955 ἀχράντου
1025 885 1310 951 δεσποίνης
1340 883 1625 945 Θεοτόκου,
1661 880 1756 933 καὶ
1802 880 1985 949 τρίτον
2009 879 2062 929 ὲν

492 982 557 1048 τῇ
587 976 844 1044 γενεθλίῳ
872 976 1052 1046 ἡμέρᾳ.
1101 976 1194 1027 τοῦ
1223 974 1488 1043 Χριστοῦ,
1530 972 1617 1055 διὰ
1641 972 1699 1023 τὸ
1738 972 1794 1022 ὲν
1840 968 2064 1030 ταύταις

494 1066 849 1138 προηγεῖσθαι
892 1065 1167 1135 νηστείαν.
1220 1064 1359 1120 llinc
1421 1063 1656 1135 percipis
1707 1077 1805 1116 cur
1872 1074 2064 1114 carnes

492 1173 617 1229 post
674 1158 941 1227 jejunium
1006 1156 1295 1211 delibaturi
1376 1155 1674 1223 πασχάζειν
1745 1168 1805 1208 se
1859 1152 2064 1214 dicant,

490 1249 633 1318 quod
656 1248 1066 1312 communione,
1089 1265 1209 1315 qua:
1231 1263 1415 1301 verum
1444 1247 1642 1314 pasoha
1661 1254 1766 1310 est,
1786 1244 2065 1313 praemESsa

487 1355 685 1407 corpus
714 1342 875 1392 etiam
914 1338 1157 1406 paschali
1208 1336 1331 1389 cibo
1377 1338 1599 1389 reﬁcere
1658 1336 2065 1404 aggrediantur.

491 1433 561 1483 De
585 1420 899 1483 Graecorum
929 1427 1140 1495 jejunio
1159 1425 1380 1478 uberiOr
1408 1435 1493 1478 est
1545 1424 1854 1478 dissertatio
1884 1433 2067 1476 nostra

490 1521 553 1572 ad
574 1519 955 1585 Euchnlogica,
980 1517 1155 1583 inqua
1176 1513 1858 1584 jejunium,apostolorum,
1881 1514 1946 1567 de
1961 1527 2070 1581 quo

489 1610 778 1665 Gretserus
816 1609 927 1671 hic,
970 1610 1226 1675 quodque
1273 1607 1455 1659 minus
1492 1604 1830 1673 frequentata
1858 1618 1923 1657 eo
1984 1605 2072 1657 die

492 1702 878 1757 communione
911 1714 1102 1766 parum
1126 1698 1475 1761 observatur,
1512 1697 2069 1756 includimus.Trans-

494 1792 833 1861 ﬁgurationis
873 1804 1064 1859 porro,
1101 1790 1246 1858 quod
1279 1797 1548 1843 memorat
1577 1788 1888 1854 Balsamon,
1923 1792 2067 1857 apud

490 1883 837 1945 Gretserum,
879 1880 991 1950 jam
1027 1879 1374 1949 antiquatum
1399 1890 1507 1945 est,
1550 1880 1627 1933 vel
1664 1889 1812 1933 certe
1838 1878 2072 1949 quinde-

492 1976 577 2031 nis
646 1985 773 2029 aute
835 1974 1079 2041 Deipara:
1100 1972 1486 2026 dormitionem
1516 1972 1696 2026 carnis
1739 1972 2074 2025 comeslione

491 2067 679 2121 diebus
718 2061 925 2120 orbatis
981 2046 1485 2132 comprehenditur.
1519 2060 1718 2133 60am]

567 2179 623 2232 P.
663 2152 753 2231 θθ.
785 2178 864 2230 Ad
894 2172 1397 2229 circumstationem.
1428 2174 1598 2243 Cujus
1635 2174 1923 2242 imaginem
1954 2175 2073 2229 vide

497 2272 768 2339 depictam
831 2285 860 2321 a
908 2268 1144 2336 Corippo
1194 2276 1350 2335 poeta
1396 2267 1652 2321 Africano
1706 2268 1773 2321 de
1823 2265 2072 2320 laudibus

492 2360 691 2418 Justiui
728 2361 817 2425 lli,
846 2360 948 2413 l58
980 2387 1046 2397 —
1075 2359 1199 2414 169.

568 2479 836 2544 Integrum
865 2474 1156 2528 idiomelon
1171 2483 1349 2528 exstat
1373 2475 1425 2526 in
1447 2473 1648 2529 Menmo
1669 2473 1739 2526 25
1763 2472 2070 2526 Decembris

491 2578 545 2620 et
575 2565 865 2620 ascribitur
880 2561 1076 2616 Joanui
1114 2564 1400 2619 monacho.

493 2700 660 2771 298
692 2697 881 2767 Μάγοι
939 2696 1188 2766 Περσῶν
1210 2696 1517 2763 βασιλεῖς,
1551 2698 1918 2775 ἐπειγνόνζες⁸
1952 2712 2061 2747 σα.

500 2839 613 2894 Τὸν
635 2840 733 2892 ἐπὶ
766 2838 876 2908 γῆς
906 2838 1197 2906 τεχθέντα
1223 2838 1493 2908 βασιλέα
1523 2766 1963 2905 οὺράνιονὲςνως

507 2911 645 2962 Ὑπὸ
684 2906 968 2977 λαμπροῦ
1017 2908 1273 2976 ἀστέρος
1320 2907 1657 2977 ἑλκόμενοι
1685 2910 1963 2975 ἔφθασαν
1998 2906 2068 2959 ἐν

498 3048 661 3117 Δῶρα
688 3048 1140 3117 προσφέροντες
1168 3047 1431 3116 ἐγκριτα,
1475 2976 2061 3114 χρυσέδῗηῗινάῗὲέἱόα-

1345 3118 1478 3189 [νον
1501 3118 1610 3189 Δρςαὶ
1659 3118 1958 3189 σμύρναν.

498 3190 608 3242 Kal
630 3189 927 3253 πεσόντες
960 3185 1458 3257 προσεκύνησαν·
1498 3187 1633 3238 ἴδον
1668 3188 1777 3254 γὰρ
1822 3187 1891 3240 ἐν
1921 3185 2000 3251 τῷ

498 3261 784 3327 Σπηλαίῳ
805 3258 1035 3326 ,βρέφος
1057 3259 1337 3326 κείμενον
1366 3259 1472 3311 τὸν
1499 3257 1786 3324 ἄχρονον.

569 3393 669 3447 Est
730 3401 914 3447 autem
975 3393 1267 3447 idiomelon
1330 3391 1537 3462 proprii
1594 3390 1718 3446 festi
1772 3391 2068 3445 canticum.

502 3480 755 3537 ldiomela
822 3483 1026 3551 ubique
1092 3484 1143 3535 itt
1196 3481 1350 3536 libris
1403 3481 1694 3536 ritualibus
1753 3480 2069 3536 Graecorum

497 3579 657 3633 obvia
684 3585 832 3633 sunt.
860 3578 1043 3646 Inepte
1078 3577 1274 3634 Junius
1303 3578 1390 3632 hic
1432 3577 1624 3632 scribit
1662 3575 1943 3645 ίδιώμελον
1977 3591 2075 3645 per

497 3690 563 3737 ω,
595 3671 733 3725 infra
768 3670 1033 3738 ἱδιόμελον
1061 3684 1157 3738 per
1176 3688 1203 3721 ο
1232 3670 1453 3740 μικρόν,
1482 3679 1540 3724 ut
1595 3670 1823 3740 originis
1843 3679 1896 3723 et
1924 3685 2073 3723 cont-
2148 3694 2153 3698 -

499 3762 785 3831 positionis
825 3762 960 3815 ratio
986 3761 1255 3830 postulat;
1286 3761 1614 3831 planumque
1649 3762 1708 3814 tit
1739 3775 1805 3815 ex
1832 3759 2073 3825 Menteis,

499 3854 591 3907 ubi
617 3854 763 3908 nulla
795 3852 1071 3923 ίδιώμελα,
1098 3854 1200 3908 nisi
1226 3852 1411 3909 forsan
1436 3867 1625 3907 errore
1656 3852 2074 3923 typographico,

497 3944 592 3998 sed
613 3960 760 3999 mera
796 3945 1036 4015 ίδιόμελα
1062 3944 1317 4014 reperies.
1371 3944 1580 3998 Gne'rs.

570 4055 653 4107 lb.
683 4056 1000 4126 [Ἰδιόμελον
1029 4060 1293 4112 canticum
1318 4058 1468 4126 ferite
1487 4058 1785 4127 proprium,
1811 4058 1884 4111 ait
1903 4054 2075 4110 Meur-

497 4146 633 4198 sius.
692 4143 891 4199 Verunt
955 4148 1306 4217 ἰδιαμεὶῳδεί,
1366 4148 1465 4201 sibi
1523 4149 1625 4216 ipsi
1682 4157 1886 4208 cantat,
1946 4146 2075 4215 quia

498 4234 647 4287 solus
680 4250 740 4289 se
767 4237 938 4290 audit.
982 4237 1074 4291 Est
1101 4240 1281 4307 itaque
1309 4239 1514 4306 proprii
1564 4246 1748 4290 cantus
1810 4235 2073 4301 modulus,

499 4324 590 4391 qui
618 4324 872 4381 nimirum
908 4330 1121 4396 proprio
1153 4345 1214 4381 ac
1239 4330 1443 4396 privato
1521 4328 1829 4380 modulandi
1891 4344 2075 4399 genere

499 4412 809 4481 occinitur,’
855 4419 1068 4486 hacque
1136 4418 1347 4471 ratione
1394 4417 1691 4488 ¹τροπαρίῳ
1740 4417 1811 4471 ad
1862 4421 2076 4473 alterius

502 4518 712 4561 cantum
740 4508 1051 4576 inﬂectendo
1068 4509 1381 4578 opponitur.
1414 4509 1566 4575 Vide,
1597 4508 1640 4562 si
1669 4510 1795 4577 quid
1825 4526 2068 4566 merean~

501 4612 610 4664 tur,
646 4600 1036 4671 Euchologica.
1070 4599 1270 4673 GOAR.]

569 4720 630 4774 P.
662 4718 750 4773 62.
781 4716 1011 4774 I’ercula
1038 4717 1185 4769 humi
1219 4719 1416 4785 posita.
1440 4718 1635 4775 Junius
1661 4720 1817 4775 nobis
1850 4732 2073 4789 persua-

498 4815 629 4868 dere
657 4812 937 4867 conteudit
968 4825 1173 4881 ponere
1215 4813 1416 4866 fercula
1466 4813 1553 4865 ἐπ’
1588 4813 1837 4881 ἐδάφους,
1893 4811 1959 4865 id
1988 4818 2074 4863 est

501 4904 676 4967 humi,
711 4904 852 4957 idem
886 4917 1007 4956 esse
1033 4902 1180 4970 quod
1207 4917 1407 4970 ponere
1438 4916 1602 4971 super
1654 4916 1923 4965 mensam,
1947 4899 2072 4968 quia

500 5010 689 5049 mensa
715 5004 800 5049 est
839 4993 1003 5047 etiam
1036 4993 1231 5060 ἔδαφος
1259 5008 1355 5047 seu
1380 4992 1551 5046 solum
1579 5006 1676 5046 seu
1732 5000 2073 5044 sustentacu-

501 5091 632 5141 lum.
665 5091 745 5142 An
792 5086 1026 5155 vigilans
1088 5086 1191 5140 ista
1238 5085 1525 5154 scripserit
1582 5083 1780 5139 Junius
1820 5083 2073 5152 equidem

500 5179 712 5241 dubito,
737 5191 862 5231 eum
892 5176 1135 5230 Codinus
1164 5190 1421 5245 expresse
1447 5176 1595 5230 dicat
1631 5175 1959 5229 domesticos
1982 5172 2074 5226 τοῦ

501 5268 844 5339 δομεστικίου
885 5266 1106 5335 μίνσους
1155 5268 1441 5334 κειμένους
1495 5264 1583 5318 ἐπ’
1635 5265 1887 5333 ἐδάφους,
1929 5263 2076 5315 humi

506 5357 578 5412 rel
612 5359 667 5410 in
696 5357 991 5423 pavimento
1029 5358 1251 5424 positos,
1294 5371 1361 5409 ea
1399 5355 1516 5409 solo
1543 5356 1754 5411 levasse
1811 5356 1866 5409 in
1928 5370 2080 5408 men-

505 5466 619 5501 satu
645 5448 1014 5517 imperatoris,
1039 5459 1091 5500 et
1121 5446 1285 5515 hujus
1329 5444 1563 5499 faciendi
1617 5455 1743 5500 tunc
1775 5455 1980 5499 tantunt
2026 5454 2081 5499 et

508 5542 643 5595 alias
678 5554 958 5609 nunquam
988 5548 1306 5608 potestatem
1334 5539 1611 5593 habuisse.
1658 5538 1739 5590 An
1790 5540 1933 5606 quod
1963 5536 2077 5603 jam

505 5647 588 5687 est
619 5634 672 5685 in
698 5648 906 5693 mensa,
936 5631 1131 5683 dicitur
1178 5629 1343 5683 leVari
1378 5630 1430 5681 itt
1470 5627 1752 5682 mensam?
1783 5634 1837 5680 et
1889 5642 2076 5693 supra,

504 5724 791 5779 duasestaci
849 5722 939 5776 isti
988 5720 1196 5775 τιθέασι
1244 5720 1369 5783 τοὺς
1426 5720 1645 5788 μίνσους
1692 5720 1779 5772 ἐπ’
1830 5718 2078 5787 ἐδάφους.

2167 516 2427 583 gnificare
2468 513 2753 567 mensam?

2239 604 2323 658 Ib.
2349 605 2420 656 Τὸ
2443 603 2743 675 μινσά).ιον,
2768 620 2960 673 mappa
2985 619 3193 657 mensa".
3212 603 3413 659 Citrius
3432 606 3482 659 in
3502 605 3725 674 Respon-

2165 699 2241 751 sis
2277 714 2290 749 :
2334 698 2443 750 Καὶ
2488 696 2556 748 τὰ
2591 697 2647 748 ὲν
2668 699 2784 757 ταῖς
2805 695 3104 765 τραπέζαις
3132 696 3516 765 ἐφοπλούμενα
3558 699 3725 753 ὀθόνια

2168 772 2421 856 μινσάλια
2454 785 2722 852 λέγονται,
2749 782 2837 838 οἷοι
2892 786 3029 856 πρὸς
3080 787 3281 852 κόσμον
3308 787 3405 858 τῆς
3463 792 3725 860 τραπέζης

2168 879 2260 930 καὶ
2295 878 2401 929 τῶν
2426 876 2629 943 μίνσων
2660 876 2935 945 τιθέμενα.

2244 966 2307 1022 Ρ.
2344 968 2433 1020 6³5.
2469 966 2571 1020 Pro
2606 967 2872 1019 ἰσοπέδιον
2905 969 3280 1035 reponendum
3306 978 3389 1022 est
3418 968 3726 1021 σουππέδιον

2168 1059 2505 1128 suppedium,
2534 1058 2836 1112 scabellum
2870 1060 3090 1126 pedum,
3133 1071 3457 1128 usurpatum
3489 1075 3517 1113 a
3550 1060 3725 1113 Niceta

2168 1153 2433 1206 Cltoniate
2470 1163 2522 1205 et
2560 1152 2629 1205 ab
2660 1151 2803 1216 aliis,
2845 1161 2898 1204 ut
2931 1151 3089 1204 docet
3120 1151 3390 1206 Meursius
3415 1152 3465 1204 in
3511 1151 3725 1207 Lexico.

2171 1242 2437 1297 Scribitur
2458 1241 2619 1296 etiam
2656 1242 2915 1294 σωπέδιον
2949 1250 3002 1295 et
3030 1242 3296 1294 συπέδιον.
3317 1242 3522 1303 ϐηετδ.

2243 1334 2601 1407 lbid.[iliror
2624 1351 2723 1389 cur
2753 1351 2859 1389 non
2894 1335 3123 1404 primam
3174 1346 3227 1390 et
3274 1352 3585 1405 germanam
3636 1338 3731 1391 lec-

2175 1429 2377 1483 tionem
2439 1428 2741 1480 ὶσουπέδιον
2795 1427 3074 1496 reliquerit
3123 1427 3436 1483 Gretserus.
3496 1430 3577 1481 An
3635 1444 3759 1481 non-

2172 1520 2393 1575 Graecos
2422 1528 2676 1574 auctores
2712 1519 2917 1573 Grzecis
2953 1520 3131 1589 potius
3154 1535 3316 1588 quam
3358 1519 3588 1573 'Latinis
3644 1536 3730 1587 par

2172 1620 2251 1665 est
2289 1612 2364 1664 uti
2394 1610 2655 1664 vocibus?
2682 1610 3011 1662 Σουππέδιον
3033 1626 3158 1663 vero
3197 1610 3410 1675 Latina,
3440 1610 3732 1663 ἰσουπέδιον

2174 1705 2252 1756 vel
2277 1703 2607 1756 εἰσουπέδιον
2634 1702 2821 1758 Graeca
2852 1719 2952 1757 vox
2974 1714 3073 1765 est,
3105 1720 3268 1772 quam
3300 1704 3577 1758 communi
3611 1720 3734 1757 con-

2174 1811 2336 1847 sensu
2363 1804 2581 1849 tuentur
2605 1792 2759 1864 Regii
2795 1796 3031 1851 codices.
3051 1794 3371 1849 Utrumlibet
3394 1809 3520 1851 vero
3543 1810 3733 1865 sequa-

2177 1885 2587 1955 ris,snppedium
2598 1886 2711 1942 sive
2724 1887 3007 1941 scabellum
3060 1891 3247 1956 pedum
3302 1888 3736 1956 interpretabere,

2175 1979 2330 2044 cujus
2348 1978 2464 2030 vice
2483 1977 2873 2045 σκιμποδίσκον
2890 1990 2941 2032 et
2958 1979 3134 2033 ποδῶν
3154 1980 3377 2049 θρανίδα
3391 1980 3612 2049 scripsit
3631 1995 3739 2033 cor-

2175 2069 2371 2123 rectior
2389 2065 2616 2122 Nicctas
2641 2070 2691 2121 in
2716 2069 2903 2124 Alexio
2921 2068 2962 2123 ll
2984 2082 3036 2124 et
3063 2070 3271 2125 Isaaeio
3295 2077 3520 2139 Angelo,
3553 2073 3613 2126 in
3637 2072 3735 2126 (ΞΡ.

2173 2161 2430 2215 nimirum
2454 2172 2623 2216 statu.
2652 2162 2805 2217 Prior
2844 2164 2998 2218 locns
3037 2173 3121 2220 est
3161 2166 3251 2217 ἐπί
3284 2183 3425 2228 τινος
3470 2164 3739 2235 μετεώρου

2175 2252 2566 2321 σκιμποδίσκου
2594 2254 2732 2305 κατὰ
2753 2254 2843 2305 τὸν
2860 2254 3140 2324 Μάκρωνα
3162 2256 3589 2326 παρευρεθὲντος
3620 2257 3741 2317 στὰς

2173 2346 2333 2408 αὑτός
2360 2362 2373 2400 :
2398 2347 2553 2415 cujus
2584 2346 2689 2400 alia
2711 2347 2872 2401 lectio
2912 2350 3123 2417 reponit
3162 2349 3252 2401 ὲτιί
3284 2366 3427 2412 τινος
3469 2350 3740 2420 μετεώρου

2174 2438 2477 2491 σουπεδίου.
2500 2438 2651 2491 Alius
2666 2438 2734 2489 τὰ
2754 2438 2809 2489 δὲ
2828 2437 2921 2490 τοῦ
2942 2438 3175 2507 Χριστοῦ
3194 2443 3285 2493 καὶ
3306 2439 3412 2491 τῶν
3436 2440 3608 2506 ἁγίων
3631 2440 3741 2493 θεῖα

2171 2528 2478 2596 εἰκάσματα
2504 2529 2581 2589 εἰς
2609 2528 2763 2597 ἕδρας
2797 2528 2892 2581 καὶ
2923 2528 3099 2581 ποδῶν
3153 2528 3405 2597 θρανιδας
3449 2531 3739 2597 παρῆγονι

2175 2619 2462 2673 substituit
2492 2620 2596 2672 alia
2628 2621 2937 2688 εἰκάσματα
2968 2621 3047 2681 εἰς
3095 2620 3419 2690 ποδαρούλια
3452 2624 3545 2673 καὶ
3584 2638 3743 2673 σουπ-

2174 2710 2330 2763 πὲδια
2422 2709 2839 2773 κατεσκεύαζον.
2890 2710 3159 2763 Σωπέδιον
3213 2721 3266 2764 ct
3317 2711 3562 2763 σοπέδιον
3624 2713 3748 2780 legit

2174 2801 2351 2855 adhuc
2376 2799 2643 2855 Meursius
2668 2801 2771 2854 hoc
2804 2801 2995 2856 eodem
3055 2802 3241 2864 verbo,
3302 2818 3424 2871 quae
3465 2803 3737 2865 Graecam.

2175 2892 2481 2955 utasserui,
2513 2893 2803 2945 let-tionem
2860 2892 3125 2945 ίσοπέδιον
3149 2893 3494 2949 conﬁrmant.
3544 2894 3749 2973 G‘osn]

2246 2984 2329 3038 Ib.
2351 2983 2732 3055 Panag'arium
2771 2997 2823 3039 et
2846 2986 3101 3054 panagia.
3127 2985 3261 3039 lllud
3291 2996 3406 3041 erat
3429 2990 3663 3042 scutella
3687 2989 3740 3042 in

2094 3105 2140 3163 ο
2180 3094 2284 3148 qua
2318 3078 2550 3148 panagia
2595 3078 2947 3132 efferebatur.
2984 3077 3124 3141 Quid
3195 3094 3323 3133 vero
3388 3080 3546 3133 haec?
3612 3081 3749 3134 Mira

2174 3169 2392 3226 Junius.
2424 3172 2509 3223 Ait
2538 3170 2819 3238 panagiam
2847 3184 2958 3222 esse
2981 3170 3145 3239 299
3168 3186 3339 3223 vocem
3366 3172 3661 3226 barbaram
3689 3187 3751 3226 ex

2178 3262 2365 3316 Latino
2397 3263 2549 3331 panis
2584 3271 2631 3314 et
2662 3260 2843 3314 Grtrco
2867 3260 3039 3328 ἅγιος,
3097 3263 3403 3331 signiﬁcare
3459 3280 3657 3327 partem
3723 3283 3755 3319 a

2175 3353 2538 3407 sacerdotibus
2572 3361 2981 3416 consecratum;
3038 3354 3153 3420 ejus
3194 3372 3346 3407 usum
3385 3372 3417 3407 a
3452 3356 3630 3410 Gallis
3699 3359 3754 3409 in

2177 3446 2433 3501 Cra'ciam
2467 3446 2809 3509 importataet
2836 3460 2950 3497 esse
2981 3461 3001 3498 :
3054 3443 3338 3503 Gallorum
3398 3450 3537 3502 enim
3609 3466 3760 3504 more

2174 3554 2365 3603 pauent
2400 3554 2430 3589 a
2457 3536 2826 3613 sacerdotibus
2856 3539 3171 3603 consecrari,
3202 3540 3354 3608 cujus
3383 3540 3559 3609 frusta
3624 3544 3757 3597 dilio

2174 3639 2355 3697 genter
2393 3637 2681 3682 asset-vent.
2706 3626 2907 3683 Eadem
2970 3628 3141 3683 ferme
3194 3630 3492 3697 Meursius,
3544 3636 3759 3688 saltem

2176 3717 2320 3784 quod
2351 3720 2416 3770 ad
2440 3719 2909 3771 consecrationem
2941 3719 3156 3782 attinet,
3182 3720 3272 3787 qui
3299 3721 3431 3774 dicit
3453 3724 3757 3791 panagiam

2173 3822 2282 3860 esse
2311 3822 2500 3875 panem
2558 3819 2975 3861 eonsecratuma
3019 3810 3398 3864 sacerdotibus.
3450 3811 3763 3867 Crederem

2168 3898 2292 3951 haec
2319 3910 2440 3949 vera
2473 3912 2617 3958 esse,
2666 3897 2775 3950 nisi
2826 3897 2929 3965 ipsi
3003 3897 3175 3952 Graeci
3239 3899 3308 3953 ab
3374 3916 3608 3956 assensu
3674 3919 3763 3955 me

2176 3988 2548 4057 prohiberent.
2591 3987 2684 4040 Est
2744 3988 2890 4040 enim
2945 3989 3180 4058 panagia
3244 4004 3348 4043 vox
3410 3991 3602 4046 Graeca
3634 4008 3667 4046 a
3701 3994 3761 4045 ιι.

2143 4076 2414 4147 -Virginis
2446 4076 2687 4146 epitheto
2715 4079 2786 4132 ob
2840 4079 3104 4133 visionem
3136 4082 3427 4149 quamdam
3483 4083 3770 4140 divinitus

2177 4168 2411 4223 oblatam
2466 4168 2534 4221 ad
2582 4182 2777 4236 panem
2830 4169 3134 4236 translata;
3197 4186 3299 4226 nec
3380 4186 3761 4229 consecratur

2175 4259 2407 4328 panagia
2436 4259 2893 4323 asacerdotibus,
2948 4261 3041 4315 sed
3088 4261 3195 4317 alia
3244 4264 3482 4332 quadam
3534 4270 3774 4323 ratione

2180 4352 2421 4406 ctelestis
2458 4350 2852 4406 benedictionis
2878 4351 3037 4421 plena
3092 4366 3215 4409 esse
3269 4356 3553 4422 creditur;
3606 4373 3775 4413 neca

2081 4438 2085 4443 ί
2110 4446 2151 4500 D
2180 4443 2521 4501 Gallisvenit
2550 4443 2616 4496 ad
2641 4443 2882 4505 Graecos.
2913 4444 3007 4498 sed
3032 4448 3101 4498 alt
3131 4446 3414 4515 apostolis.
3474 4446 3619 4511 Qua:
3649 4466 3782 4503 om-

2178 4537 2267 4588 nia
2293 4549 2358 4589 ει
2396 4534 2706 4593 Graecorum
2741 4533 3036 4606 Horolegio
3068 4537 3217 4591 clara
3258 4547 3567 4609 testataque
3630 4542 3782 4595 ﬁunt

2179 4625 2270 4679 ubi
2329 4626 2444 4680 hac
2467 4626 2535 4680 de
2560 4626 3337 4695 panagialtabentur.praetixo
3396 4632 3485 4685 tati
3535 4634 3724 4687 titulo
3766 4654 3781 4688 :

2181 4718 2314 4787 Περὶ
2349 4719 2448 4784 τῆς
2503 4716 2766 4785 ὑψώσεως
2812 4717 2914 4785 τῆς
2973 4720 3268 4784 παναγίας,
3323 4722 3477 4784 ὅπως
3529 4723 3782 4791 γέγονε,

2181 4806 2276 4859 καὶ
2322 4807 2411 4860 διὰ
2458 4806 2532 4859 τί.
2587 4806 2741 4860 Μετά
2806 4806 2907 4877 τὴν
2937 4807 3031 4860 τοῦ
3086 4809 3336 4879 Σωτῆρος
3379 4812 3537 4881 ἡμῶν
3572 4814 3788 4884 Ἰησοῦ

2182 4896 2418 4966 Χριστοῦ
2480 4899 2719 4966 φρικτὴν
2776 4899 3077 4950 ἀνάστασιν
3156 4904 3253 4952 καὶ
3298 4902 3397 4971 τὴν
3444 4902 3541 4954 τοῦ
3596 4905 3787 4971 ἁγίου

2185 4990 2499 5057 Πνεύματος
2563 4989 2808 5053 κάθοδον,
2852 4990 2945 5042 καὶ
3005 4990 3111 5052 ἓως
3179 4989 3271 5042 τοῦ
3331 4993 3615 5063 μερισμοῦ
3670 4996 3796 5049 τῶν

2187 5082 2363 5148 ἀγίων
2394 5079 2709 5134 ἀποστόλων
2741 5082 2828 5133 διὰ
2854 5082 2922 5133 τὸ
2942 5084 3227 5151 κήρυγμα,
3257 5078 3399 5152 ἦσαν
3461 5087 3693 5149 πάντες
3741 5090 3800 5140 ei

2185 5171 2473 5225 ἀπόστολοι
2507 5170 2879 5240 ὁμοθυμαδὸν,
2917 5173 3014 5225 καὶ
3045 5174 3186 5242 μετὰ
3239 5176 3343 5243 τὴν
3365 5175 3534 5244 εὐχὴν
3601 5181 3675 5231 ἐν
3714 5181 3808 5246 τῷ

2185 5263 2393 5333 ἀρίστῳ
2446 5264 2890 5331 ἀνακεκλιμὲνοι,
2946 5267 3199 5333 ἀφιέντες
3246 5268 3404 5320 κενὸν
3452 5271 3675 5332 τόπον,
3738 5276 3808 5325 ἐν

2186 5356 2361 5423 τούτῳ
2390 5355 2838 5426 προσκεφάλαιον
2856 5356 3107 5410 ἐτίθεσαν
3144 5360 3238 5412 καὶ
3267 5360 3360 5411 ἐπὶ
3408 5359 3487 5428 τῷ
3512 5377 3813 5429 «pocae-

2189 5447 2401 5516 φιλαιῳ
2464 5446 2658 5514 τμῆμα
2699 5445 2890 5514 ἄρτου,
2946 5446 3006 5511 ἐξ
3068 5440 3129 5499 οὗ
3177 5449 3367 5517 ἤσθιον
3422 5450 3502 5509 εἰς
3561 5455 3818 5522 μοῖραν

2191 5538 2427 5608 Χριστοῦ
2454 5539 2644 5607 ’μετὰ
2667 5537 2725 5589 δὲ
2750 5536 2810 5589 τὸ
2841 5524 3071 5608 ἄριστον
3122 5540 3480 5607 ἀνιστάμενοι
3534 5543 3658 5593 καὶ
3712 5544 3825 5595 εὑ-

2189 5627 2573 5697 χαριστοῦντες
2602 5628 2913 5697 ἐλάμϐανον
2946 5630 3006 5681 τὸ
3032 5629 3225 5698 τμῆμα
3266 5630 3359 5682 τοῦ
3400 5630 3607 5699 ἄρτου,
3650 5633 3687 5685 5
3728 5637 3826 5698 εἰς

2190 5718 2288 5787 τὴν
2317 5717 2407 5769 τοῦ
2441 5716 2645 5787 Κυρίου
2680 5717 3009 5788 ἐπικέκλητο
3037 5721 3253 5789 μοῖραν.
3284 5722 3453 5775 Τοῦτο
3480 5721 3533 5774 δὲ
3564 5723 3828 5793 ὑψοῦν.
