3952 6222
191 333 269 395 ιο

1277 331 1671 392 GRETSEBI
1714 332 1811 391 ET
1838 331 2072 391 GOABI
2112 332 2345 391 NO'L'E.

3264 332 3370 396 331

192 466 257 509 τες
278 444 437 511 ἔλεγον
459 459 472 473 ο
514 460 531 490 ι
572 442 705 506 Δόξα
742 459 845 506 σοι,
866 444 892 493 ὁ
922 442 1051 504 Θεὸς
1088 442 1265 510 ἡμῶν,
1286 443 1414 507 δόξα
1439 459 1542 507 σοι,
1573 443 1693 508 δόξα

1804 455 1941 507 pane
1975 441 2138 494 simul
2165 441 2316 495 unito
2341 438 2622 508 relinquit.
2654 437 2850 493 Panem
2878 438 2955 493 sic.
2989 442 3370 503 accommoda-

193 538 329 602 ῐίστρὶ
354 532 440 583 καὶ
466 531 577 600 Υἱῷ
618 533 712 583 καὶ
745 530 885 600 ἁγίῳ
922 532 1219 600 Πνεύματι,
1270 550 1287 583 ι
1318 534 1409 584 καὶ
1456 533 1576 585 ἀντὶ
1605 530 1698 585 τοῦ

196 627 304 693 μέγα
328 624 380 673 τὸ
407 624 599 691 ὄνομα,
626 622 686 674 τὸ
714 622 950 691 Χριστὸς
980 623 1207 688 ἀνέστη,
1244 622 1348 683 ἕως
1370 624 1467 690 τῆς
1496 624 1699 691 ἀναλή-

188 721 314 784 ψεως.
353 715 573 766 Ἐκτοτε
601 713 659 765 δὲ
693 715 837 781 μέγα
871 714 929 765 τὸ
958 714 1130 782 ὄνομα
1162 714 1261 779 τῆς
1316 714 1475 781 ἁγίας
1534 716 1701 784 Τριά-

188 809 268 868 δος.
296 804 445 873 Κύριε
496 803 671 872 Ἰησοῦ
708 805 931 871 Χριστὲ,
971 804 1159 874 βοήθει
1213 821 1326 874 μοι.
1373 805 1483 858 Καὶ
1527 806 1699 858 ταῦτα

188 900 264 964 μὲν
283 897 503 949 ἐτελεῖτο
525 895 721 959 οὕτως,
747 898 924 948 ἐποίει
956 897 1014 948 δὲ
1044 897 1201 948 τοῦτο
1245 898 1477 960 ἕκαστος
1520 897 1699 950 αὐτῶν

185 989 282 1039 ἔνθα
302 989 444 1055 ἔτυχε
481 988 643 1056 μέχρι.
678 987 776 1055 τῆς
799 989 1111 1056 κοιμήσεως
1140 987 1239 1055 τῆς
1266 988 1551 1042 Θεοτόκου.
1571 989 1697 1040 Ὅτε

183 1081 225 1132 δὲ
250 1079 329 1148 τὴν
353 1079 693 1147 παγκόσμιον
718 1079 935 1143 σύναξιν
986 1080 1075 1132 διὰ
1100 1079 1338 1147 νεφελῶν
1368 1080 1697 1148 ἐποιήσαντο

182 1170 350 1236 nam
396 1169 494 1235 τῆς
533 1169 800 1221 Θεοτὸκου
860 1170 1149 1240 δεσποίνης
1212 1171 1568 1239 μετάστασιν,
1628 1171 1697 1222 τὰ

181 1261 325 1312 εἰκότα
345 1261 660 1322 τελέσαντες
692 1246 831 1329 μετᾶ
864 1263 963 1330 τὴν
993 1262 1171 1331 ταφὴν
1228 1262 1419 1331 αὐτῆς,
1450 1262 1694 1331 δηλονότι

179 1346 228 1419 τῇ
253 1351 387 1421 τρίτῃ
440 1351 646 1418 ἡμέρα,
680 1350 1040 1420 παραμυθίαν
1069 1350 1390 1418 ποιούμενοι
1427 1352 1524 1403 καὶ
1557 1350 1696 1419 μετὰ

183 1443 445 1510 τὺᾶριστον
477 1441 833 1505 ἀναστάντες,
883 1443 942 1494 τὸ
988 1444 1185 1511 τμῆμα
1241 1442 1335 1493 τοῦ
1391 1444 1561 1511 ἄρτου
1598 1442 1693 1494 τοῦ

177 1535 237 1594 εἰς
261 1533 412 1600 ὄνομα
439 1532 702 1602 κειμένου
728 1532 967 1602 Χριστοῦ
993 1534 1135 1586 κατὰ
1173 1532 1233 1585 τὸ
1264 1533 1452 1591 εἰωθὸς
1477 1532 1693 1601 swee-

180 1637 356 1683 σιντες,
410 1624 509 1675 καὶ
563 1622 622 1672 τὸ
662 1621 809 1689 μέγα
858 1624 917 1674 τὸ
956 1622 1129 1690 ὄνομα
1187 1620 1599 1689 προσειπόντες,
1649 1615 1692 1674 ὦ

1804 540 1916 585 tum
1944 532 2047 585 alia
2074 541 2225 600 parte
2262 533 2397 587 disci
2424 534 2691 599 cooperit.
2735 533 2807 586 lta
2854 533 2997 587 enim
3049 533 3233 589 discus
3283 534 3372 589 ille

1802 630 2146 688 comparatur
2169 623 2388 675 cardine
2412 637 2478 677 ex
2500 638 2603 675 una
2623 632 2773 691 parte
2793 639 2913 675 cum
2932 624 3224 691 Superioris
3246 640 3369 692 paro
3436 686 3443 691 _

1802 712 1872 766 tis
1892 714 2050 766 oculo
2068 714 2370 782 colligatus,
2411 723 2469 767 ut
2511 714 2671 768 modo
2714 730 2996 783 rapsarum
3037 716 3367 779 includatur,

1800 803 1883 857 sin
1907 804 2089 859 minus
2109 805 2243 858 velo.
2271 804 2333 857 Et
2353 806 2431 858 sic
2448 810 2671 874 apponit
2706 807 2757 859 in
2780 822 2987 870 mensa,
3014 808 3192 875 inqua
3217 809 3368 862 solus

1799 891 1965 946 abbas
1990 893 2070 947 vel
2096 909 2517 961 proegumenus,
2550 899 2641 966 qui
2666 898 2871 951 scilicet
2914 900 3123 953 abbatis
3144 917 3367 955 munere

1797 992 1956 1037 antea
1980 984 2269 1042 defunctus
2305 989 2500 1051 fuerat,
2529 990 2611 1042 vel
2647 992 2736 1057 qui
2762 991 2994 1054 abbatis,
3016 991 3144 1044 dum
3164 993 3253 1046 ille
3270 993 3363 1046 ab-

1797 1084 1902 1141 est,
1926 1076 2100 1130 locum
2126 1086 2289 1141 tenet,
2317 1091 2371 1133 et
2392 1082 2593 1133 δικαίον
2615 1083 2910 1150 appellant,
2936 1083 3159 1136 assidet.
3187 1082 3363 1135 Finito

1798 1166 2030 1235 prandio
2056 1175 2107 1220 et
2136 1168 2293 1236 signo
2320 1170 2446 1223 dato
2501 1171 2552 1222 in
2598 1171 2780 1224 contio
2837 1172 2931 1239 (ita
3004 1172 3104 1240 ipsi
3167 1184 3366 1228 vocant

1795 1259 2177 1326 campannlam
2208 1275 2273 1311 ex
2325 1277 2431 1315 tere
2488 1261 2862 1330 fabrefactam)
2927 1278 3118 1316 omnes
3168 1258 3362 1318 'assurv

1795 1340 1947 1415 gunt,
2008 1358 2061 1403 et
2110 1352 2387 1421 conceptis
2441 1352 2691 1416 precibus
2762 1354 2971 1406 discum
3024 1354 3173 1407 illum
3234 1372 3360 1409 cum

1796 1452 1966 1505 pane,
2025 1441 2114 1506 qui
2177 1432 2416 1508 παναγία
2488 1452 2611 1507 est,
2670 1444 3023 1509 cpbemcrius
3102 1447 3362 1499 susmllit.

1794 1526 2141 1583 Postmodum
2203 1541 2444 1586 reserato
2476 1533 2813 1601 panagiario,
2870 1541 2922 1586 et
2975 1533 3148 1588 frusto
3194 1536 3286 1588 illo
3330 1553 3361 1591 c

1796 1635 1933 1688 pane
1959 1623 2141 1678 exciso
2167 1638 2430 1679 converso
2462 1635 2520 1679 ut
2576 1626 2715 1680 mica
2775 1626 2916 1679 nuda
2967 1628 3215 1694 superior
3264 1630 3356 1690 sit,

176 1711 410 1780 θαύματος
446 1712 775 1783 παραδόξου,
807 1713 840 1780 ἠ
872 1714 1041 1782 νεκρὰ
1098 1711 1290 1782 ὥσπερ
1342 1711 1511 1774 ζῶσα,
1552 1713 1692 1777 μετὰ

1797 1723 2089 1780 praesentat
2116 1716 2321 1778 abbati,
2385 1719 2481 1784 qui
2541 1721 2803 1773 extremis
2859 1719 3051 1789 digitis
3097 1720 3354 1774 miculam

174 1805 367 1873 νεφέλης
405 1806 512 1879 ,καὶ
565 1806 885 1872 φωτοποιῶν
939 1805 1189 1872 ἀγγέλων
1264 1805 1690 1872 παρισταμένων

174 1895 302 1964 αὐτῇ,
349 1896 436 1948 ἐπὶ
490 1896 567 1966 τῷ
594 1897 715 1966 ἀέρι
764 1897 1136 1964 ἐπιφαίνεται,
1179 1915 1197 1946 ι
1238 1896 1493 1965 Χαίρετε,
1534 1915 1552 1947 ι
1607 1896 1693 1948 λέ-

173 2004 330 2051 γουσα,
367 2005 383 2036 ι
425 1976 511 2041 ὅτι
543 1988 662 2054 μεθ’
687 1988 842 2057 ὑμῶν
869 1989 986 2057 είμι
1043 1989 1223 2049 πάσας
1257 1988 1355 2049 τὰς
1396 1987 1632 2056 ἡμέρας,
1669 2003 1687 2036 ι

170 2077 298 2130 τοῦτο
329 2079 385 2131 ἐκ
402 2079 502 2131 τοῦ
526 2079 656 2131 Υἰοῦ
685 2080 743 2131 τὸ
772 2077 1068 2148 χαροποιδν
1117 2078 1299 2139 αὐτοῖς
1355 2075 1690 2129 ἐπιδιδοῦσα.

171 2170 219 2220 Οί
247 2170 292 2222 δὲ
311 2171 544 2240 μαθηταὶ
571 2172 663 2223 τοῦ
687 2170 965 2240 θαύματος
1000 2169 1393 2237 ἐκπλαγέντες,
1425 2169 1548 2221 ἀντὶ
1572 2168 1689 2233 τοῦ,

168 2261 309 2329 Κύριε
338 2263 517 2330 Ἰησοῦ
577 2263 821 2333 Χριστὲ,
874 2281 893 2314 ι
939 2263 1186 2329 Παναγία
1227 2261 1458 2315 Θεοτόκε
1509 2261 1692 2329 βοήθει

170 2352 290 2419 ἡμῖν,
318 2373 335 2404 ι
362 2354 809 2423 ἁνεκραύγασαν.
831 2351 962 2407 Εἶτα
984 2354 1060 2423 τῷ
1093 2355 1249 2423 τάφῳ
1277 2352 1692 2423 προσελθόντες,

168 2446 239 2495 καὶ
275 2445 341 2515 μὴ
370 2446 628 2515 εὑρόντες
658 2446 718 2497 τὺ
744 2445 1012 2512 πανάγιον
1078 2445 1251 2513 αὐτῆς
1314 2444 1496 2512 σῶμα,
1546 2442 1693 2496 ἐπεί-

167 2532 339 2601 σθησαν
378 2535 600 2604 ἀληθῶς
634 2536 716 2587 ὅτι
759 2534 1053 2604 σύσσωμος
1088 2535 1236 2599 ζῶσα
1273 2536 1574 2604 ιτριήμερος
1619 2534 1694 2595 ὡς

160 2625 185 2675 ὁ
226 2625 333 2688 Υἱὸς
384 2628 561 2694 αὐτῆς
616 2629 682 2680 ἐκ
757 2627 967 2696 νεκρῶν
1025 2627 1308 2680 ἀναστᾶσα
1378 2628 1472 2679 καὶ
1526 2643 1695 2696 μετα-

162 2718 306 2768 στᾶσα
363 2720 439 2779 εἰς
495 2717 763 2787 οὐρανοὺς
837 2717 1248 2787 μεταϐέϐηκεν,
1314 2720 1411 2771 σὺν
1472 2718 1695 2788 Χριστῷ

162 2809 486 2874 βασιλεύουσα
530 2813 611 2872 είς
667 2812 791 2873 τοὺς
830 2810 1035 2873 αἰῶνας
1102 2810 1212 2864 τῶν
1257 2810 1689 2881 αίώνων,ἁμήν.

214 2899 280 2952 Ex
319 2901 399 2956 his
425 2902 606 2956 lucem
645 2900 773 2955 dare
805 2900 1365 2971 licebitCuropalataa,
1416 2918 1539 2959 cum
1595 2918 1694 2958 ex-

160 2990 329 3058 plicent
362 2993 623 3062 quidnam
653 2995 881 3063 panagia
922 2994 1107 3059 fuerit,
1147 2995 1288 3049 unde
1340 2994 1448 3049 hoc
1497 3008 1692 3048 nomen

1793 1806 1987 1874 arripit
2024 1814 2077 1859 et
2128 1808 2209 1859 ori
2269 1807 2576 1876 impositam
2630 1812 2912 1875 absumit;
2980 1813 3174 1867 deinde
3236 1814 3359 1867 aliis

1793 1894 2074 1949 monachis
2102 1905 2314 1949 servato
2352 1897 2547 1951 ordine
2563 1898 2811 1964 offertur,
2844 1900 2934 1968 qui
2977 1900 3165 1975 eodem
3198 1902 3360 1957 modo

1794 1984 2044 2039 miculam
2101 2002 2164 2042 ex
2231 1990 2544 2058 panagiario
2631 1992 2961 2048 aul‘eruntet
3039 1996 3357 2049 comedunt.

1793 2073 1929 2131 Tum
1998 2078 2166 2133 abbas
2214 2080 2398 2134 vinum
2452 2082 2608 2137 calici
2676 2084 2917 2139 infusum
2979 2087 3140 2151 bibit,
3193 2104 3354 2157 quem

1794 2182 1984 2223 omnes
2017 2182 2349 2238 sequuntur;
2393 2181 2447 2227 et
2476 2174 2664 2242 gratiis
2715 2174 2824 2230 Deo
2868 2178 3003 2231 actis
3052 2179 3357 2234 discedunt.

1794 2258 1858 2312 Et
1885 2259 1973 2315 hic
1994 2270 2079 2315 est
2114 2266 2309 2319 modus
2334 2266 2606 2321 exaltandi
2638 2269 2948 2338 panagiam,
2981 2273 3231 2339 quamvis
3262 2273 3357 2326 alii

1793 2347 1899 2399 alio
1922 2364 2141 2419 quoque
2170 2353 2330 2407 modo
2360 2366 2687 2424 prteparent.
2717 2357 2852 2411 bam
2906 2361 3200 2416 szecnlares
3229 2378 3353 2417 cum

1793 2439 2023 2494 solemni
2056 2443 2305 2501 convivio
2336 2447 2481 2500 cives
2541 2448 2843 2515 excipiunt,
2904 2461 3028 2517 post
3086 2468 3354 2519 mensam,

1795 2532 2157 2593 in_dexteram
2184 2536 2591 2599 adolescentuli,
2627 2554 2690 2592 ex
2723 2541 2870 2595 clero
2904 2551 3107 2605 tamen,
3157 2550 3355 2611 paulu-

1794 2623 1903 2678 lum
1935 2635 2271 2680 conlractatn
2300 2637 2353 2682 et
2374 2629 2757 2684 volmsinistrm
2798 2632 3104 2700 impositam
3128 2651 3187 2688 ex
3219 2652 3357 2704 pane

1794 2724 2120 2782 praeparant,
2191 2726 2244 2771 et
2305 2721 2579 2787 conceptis
2634 2723 2887 2788 precibus
2977 2728 3239 2781 sacerdos
3285 2729 3357 2782 ibi

1795 2814 1981 2859 astans
2008 2808 2216 2875 primus
2258 2809 2451 2863 micam
2513 2812 2731 2880 accipit,
2780 2826 2963 2882 postea
3025 2818 3145 2872 aliis
3174 2820 3362 2873 adole-

1792 2912 1956 2955 scens
1977 2903 2262 2973 suggerit;
2314 2905 2455 2973 quod
2515 2918 2763 2961 remanet
2814 2908 2930 2976 ipse
2992 2911 3043 2962 in
3106 2914 3362 2977 manibus

1799 2993 2033 3048 maxima
2057 3009 2182 3049 cum
2216 2998 2567 3053 veneratione
2583 3001 2877 3055 consumit.
2914 3021 2932 3054 ι
2976 3002 3099 3056 Haec
3123 3003 3243 3069 ille;
3268 3006 3364 3074 qui

156 3085 412 3152 acceperit,
443 3083 730 3153 quomodo
780 3084 1007 3139 exaltari
1047 3093 1100 3165 et
1139 3085 1379 3153 quando.
1420 3086 1687 3154 quibusve
1716 3082 1761 3144 C
1792 3098 1914 3140 cum
1970 3087 2074 3142 alio
2134 3103 2351 3158 quoque
2430 3093 2590 3146 modo
2657 3094 2956 3162 prscparari
3029 3099 3359 3159 consentiat.

158 3174 305 3227 verbis
365 3174 813 3231 consueverit.A
869 3175 1230 3230 sanctissimae
1250 3191 1379 3246 ergo
1450 3176 1688 3247 Virginis

151 3266 380 3332 epitheto,
400 3266 553 3337 quod
596 3274 681 3322 est
700 3267 951 3336 panagia,
977 3267 1127 3320 venit
1154 3254 1278 3335 pani
1327 3268 1420 3335 qui
1470 3267 1690 3324 Christo

151 3360 384 3413 asservari
407 3358 649 3423 solebat,
700 3356 863 3427 300
881 3372 1153 3425 quemque
1186 3368 1372 3426 postea
1441 3360 1692 3429 religiose

150 3449 487 3513 particulatim
545 3448 1389 3517 comedebankvenitﬂnquam,
1450 3450 1692 3518 panagia:

150 3553 341 3594 nomen.
368 3540 624 3595 Transiit
652 3549 831 3593 autem
876 3538 1107 3607 panagia
1155 3539 1320 3593 etiam
1384 3539 1451 3594 ad
1510 3548 1693 3608 postc-

145 3631 292 3687 riores
309 3633 560 3690 Graecos.
609 3634 816 3710 Gnsrs.

202 3721 311 3791 [Dei
332 3724 699 3786 Gcnitricem,
724 3740 825 3778 ceu
863 3740 926 3781 ex
961 3724 1107 3779 omni
1170 3732 1321 3794 parte
1367 3732 1610 3779 sanetam
1636 3733 1693 3779 et

144 3823 433 3871 sanctorum
469 3817 726 3871 omnium
757 3816 1186 3877 sanctissimam,
1216 3816 1692 3883 ἁντονομαστικῶς

142 3905 321 3961 Graecia
371 3909 657 3975 παναγίαν
711 3924 775 3963 ex
834 3923 986 3963 more
1040 3921 1341 3977 nuncupat.
1380 3906 1685 3963 Buecellam

139 4012 333 4070 quoque
355 4004 519 4071 panis
554 4012 701 4056 certo
741 4001 845 4055 ritu
868 4003 920 4054 in
952 4017 1150 4054 mensae
1170 4002 1278 4055 line
1297 4003 1686 4056 comedendam

138 4091 306 4145 eodem
342 4096 578 4147 nomine
612 4092 883 4160 παναγίαν
937 4092 1250 4161 religiosior
1306 4101 1463 4146 vocat
1518 4106 1686 4146 usus:

139 4194 214 4233 ras
233 4190 407 4236 autem
442 4186 499 4236 in
555 4196 666 4251 quo
724 4179 1037 4235 reconditur
1068 4179 1208 4234 vele
1255 4194 1363 4248 quo
1419 4182 1691 4250 promitur

140 4273 276 4337 panis
295 4273 642 4343 hujusmodi;
680 4271 1058 4340 παναγιάριον.
1104 4270 1404 4340 Imperator
1460 4272 1513 4326 in
1542 4271 1688 4335 aula,

140 4366 359 4420 monachi
395 4366 452 4420 in
491 4364 865 4427 monasteriis,
888 4363 1083 4431 vulgus
1110 4362 1163 4415 in
1196 4361 1443 4417 ecclesiis
1504 4363 1589 4415 vel
1636 4363 1687 4416 in

136 4455 363 4511 domibus
385 4458 564 4511 ritum
601 4440 748 4509 hunc
797 4454 1085 4523 perficiunt
1118 4469 1276 4524 aqua
1340 4453 1551 4507 ratione
1602 4468 1692 4505 ex-

137 4546 256 4610 pleat
298 4549 640 4619 imperator,
714 4554 1110 4600 commonstrat
1156 4554 1351 4600 auctor
1403 4553 1589 4598 noster
1634 4543 1688 4597 in
1726 4536 1729 4537 ⁷

135 4641 495 4705 sequentibus.
539 4635 837 4692 Monacbos
861 4650 925 4690 ea
951 4651 1009 4691 se
1033 4635 1319 4690 devotione
1360 4641 1687 4689 exercentes
1718 4662 1721 4663 ν

138 4727 371 4786 describit
401 4731 825 4788 eruditissimus
850 4729 1081 4783 Allatius
1099 4727 1174 4783 De
1200 4729 1293 4782 lib.
1327 4727 1473 4782 Eccl.
1511 4725 1686 4780 Graec.

136 4820 394 4875 disseruit.
439 4823 502 4888 1,
540 4823 627 4877 bis
644 4821 832 4877 verbis
864 4838 878 4880 :
912 4836 933 4871 ι
981 4817 1114 4886 Quis
1140 4818 1546 4888 siQGrmcorum
1592 4816 1694 4871 iste

134 4909 249 4963 ritus
286 4914 486 4980 paucis
510 4912 823 4979 expediam,
854 4920 915 4966 ut
941 4912 1036 4981 qui
1057 4919 1131 4964 tot
1156 4925 1327 4978 nugas
1354 4910 1408 4962 in
1446 4908 1688 4963 medium

131 5000 415 5070 proferunt,
447 5004 568 5072 iam
605 5004 858 5056 desinant
902 5002 1153 5070 ineptire.
1210 5002 1514 5069 Antequam
1574 5017 1692 5055 mo-

134 5090 271 5142 nachi
291 5093 347 5145 in
374 5108 639 5148 mensam
672 5093 989 5162 procedant,
1027 5094 1114 5147 cui
1154 5093 1203 5145 id
1245 5109 1385 5147 onus
1426 5094 1694 5148 incumbit

132 5178 212 5245 (illi
238 5184 557 5254 ἐφημέρων
588 5189 835 5251 vocant),
864 5184 917 5238 in
937 5184 1091 5237 disco
1152 5183 1269 5237 sive
1296 5184 1526 5238 scutella
1592 5184 1691 5253 (illi

130 5286 435 5343 nuncupant
467 5274 855 5343 παναγιὰριον)
886 5283 1169 5342 acceptum
1190 5289 1386 5341 panem
1408 5274 1474 5327 ad
1517 5275 1695 5329 instar

127 5368 285 5421 crucis
314 5370 370 5421 in
403 5377 658 5437 quatuor
715 5367 907 5421 dividit
942 5377 1124 5434 partes
1177 5368 1437 5434 aequales,
1496 5382 1559 5421 ex
1597 5383 1697 5422 an-

126 5456 233 5517 gula
257 5459 521 5514 interiori
553 5458 708 5527 panis
740 5457 1012 5523 abscindit
1060 5456 1296 5511 frustum
1369 5458 1548 5511 cultro
1589 5458 1696 5512 cir-

126 5552 377 5617 cumiens,
416 5553 574 5606 adeo
598 5561 653 5605 ut
682 5565 745 5605 ex
780 5566 884 5605 una
912 5560 1063 5620 parte
1113 5551 1298 5618 anguli
1344 5550 1693 5605 acuminatas

128 5642 205 5701 sit,
241 5659 305 5697 ex
334 5645 523 5700 altero
558 5644 815 5698 circ-.ulari
845 5643 1013 5713 figura
1037 5643 1289 5713 trigonus
1340 5641 1695 5712 imperfectus

126 5746 405 5806 appareat;
432 5749 490 5792 et
516 5736 605 5792 sic
633 5739 874 5792 excisum
898 5752 1001 5792 suo
1036 5736 1155 5792 loco
1176 5750 1280 5791 una
1310 5750 1431 5792 cum
1478 5734 1694 5805 reliquo

1797 3193 1956 3247 quem
1999 3179 2115 3247 ipse
2150 3182 2497 3236 observatum
2540 3186 2794 3253 probavi,
2826 3196 3048 3255 accepta
3100 3188 3199 3242 viri
3227 3190 3365 3242 ami-

1801 3269 2003 3323 cissimi
2022 3271 2200 3337 venia,
2232 3273 2580 3343 subjungam.
2605 3274 2835 3329 Remota
2859 3293 3047 3332 mensa
3075 3294 3104 3333 e
3129 3279 3360 3334 fratrum

1750 3385 1760 3395 -
1801 3367 1940 3411 etetu
1971 3357 2148 3422 aﬂuit,
2171 3361 2262 3428 qui
2297 3362 2432 3415 alios
2471 3362 2785 3430 pmnitcntia
2826 3364 3128 3431 prmmissa,
3162 3367 3263 3421 hoc
3278 3378 3364 3422 est

1797 3451 2042 3518 corporis
2077 3451 2455 3506 incurvatione
2484 3462 2799 3517 veneratus,
2829 3453 2967 3507 dixit
3000 3472 3013 3507 :
3053 3456 3360 3523 Εὖλογεῖτε,
3424 3450 3431 3455 ’

1801 3543 2039 3611 Πατέρες
2063 3544 2228 3610 ἅγιοι,
2288 3546 2674 3615 συγχωρήσατέ
2742 3563 2832 3615 μοι
2896 3547 2971 3616 τῷ
3028 3549 3357 3619 ἁμαρτωλῷι

1798 3636 2021 3691 Cunctis
2050 3634 2111 3691 Ὀ
2131 3636 2260 3699 Θεὸς
2284 3637 2634 3707 συγχωρήσῃ,
2667 3639 3142 3707 respondentibus,
3168 3642 3361 3711 imagi-

1803 3742 1925 3780 nem
1954 3727 2017 3780 Β.
2049 3726 2292 3797 Virginis
2320 3728 2373 3782 in
2406 3744 2563 3783 muro
2590 3730 2823 3798 positam
2847 3730 3082 3785 adorans
3106 3747 3173 3787 ac
3202 3733 3361 3786 thure

1800 3815 2181 3885 suﬂ'umigans,
2206 3817 2446 3870 vicinum
2469 3816 2687 3885 imagini
2720 3833 2912 3886 panem
2940 3819 2993 3870 in
3015 3819 3168 3873 disco
3204 3835 3364 3887 repo-

1800 3909 1964 3960 situm
1990 3908 2247 3962 extremis
2276 3908 2451 3961 aufert
2475 3908 2659 3977 digitis
2711 3918 2765 3961 et
2818 3910 2869 3962 in
2928 3909 3171 3963 oumium
3229 3926 3363 3964 con-

1798 4008 1983 4067 spectu
2026 4000 2219 4059 elevat,
2255 3998 2441 4054 dicens
2498 4000 2639 4067 μέγα
2689 4000 2748 4052 τὸ
2779 4000 2967 4070 ὄνομα.
3016 4001 3362 4069 Subjunxere

1799 4089 1977 4142 cuncti
2013 4088 2109 4156 τῆς
2166 4088 2327 4153 ἁγίας
2375 4089 2623 4157 Τριάδος.
2682 4089 2777 4143 Ille
2811 4090 3050 4157 παναγία
3107 4091 3359 4157 Θεοτόκε,

1800 4180 1981 4249 βοήθει
2006 4180 2159 4247 ἡμῖν.
2188 4177 2535 4247 Respondent
2565 4180 2656 4233 alii
2699 4183 2816 4242 ταῖς
2843 4183 3010 4249 αὐτῆς
3045 4184 3364 4252 πρεσϐείαις

1795 4271 1823 4321 ὁ
1847 4270 1977 4331 Θεὸς
2006 4269 2225 4346 ἐλέησον
2260 4270 2353 4321 καὶ
2386 4270 2758 4346 σῶσονὴμᾶς.
2806 4270 2924 4324 Mox
2956 4272 3212 4327 omnibus
3267 4291 3363 4328 ac-

1794 4376 1958 4417 censo
1992 4337 2154 4415 υιῖιτθ
2188 4361 2443 4429 expiatis,
2476 4361 2819 4430 τραπεζσὶρου
2851 4363 3176 4430 rcfeclomrt'i
3200 4366 3361 4420 obse-

1798 4455 1929 4521 quio
1963 4453 2259 4507 buccellam
2303 4453 2533 4506 divisam
2560 4469 2749 4508 omnes
2818 4471 3245 4523 consumpsere;
3308 4468 3365 4512 et

1797 4557 2087 4599 commune
2108 4545 2359 4610 poculum
2416 4544 2676 4613 -Deipara2
2736 4544 2958 4598 nomine
3016 4546 3362 4601 benedictum

1795 4636 2043 4689 devotius
2072 4636 2393 4690 exbausere.
2419 4635 2575 4690 Unde
2621 4637 2787 4688 ritum
2849 4637 2994 4692 bunc
3020 4639 3363 4703 processisse

1796 4725 2064 4780 afﬁrmant
2095 4726 2290 4790 Graeci,
2347 4742 2413 4780 ex
2474 4727 2716 4795 ipsorum
2776 4728 3043 4779 sententia
3104 4726 3366 4792 librisque

1796 4818 2286 4873 retulitGretserus
2316 4834 2329 4869 :
2354 4832 2453 4872 nos
2479 4832 2672 4885 preces
2701 4818 3076 4887 adiungendas
3099 4817 3364 4883 exposui-

1798 4927 1919 4965 lllllS
1945 4911 1998 4963 in
2034 4910 2396 4977 Ettchologio,
2447 4908 2650 4977 quibus
2704 4907 3103 4973 expositionem
3144 4924 3362 4962 omnem

1797 5011 1848 5053 et
1877 5001 2163 5070 mysticum
2194 5012 2437 5059 sensum,
2475 5006 2589 5049 tum
2624 4998 2879 5064 precibus
2917 5006 3032 5050 tum
3068 4999 3175 5051 ritu
3234 5014 3367 5052 eon-

1796 5094 2028 5157 clusum,
2063 5094 2275 5147 abunde
2296 5090 2682 5157 subjnnximus
2714 5104 2778 5143 ex
2817 5088 3104 5159 Sytneonis
3131 5090 3369 5145 Thessa-

1799 5183 2088 5236 lonicensis
2116 5182 2355 5251 scriptis.
2381 5178 2586 5250 90am]

1870 5274 1928 5328 P.
1975 5275 2167 5328 63.74)
2231 5274 2336 5325 τοῦ
2399 5274 2698 5339 οίνοχειόυ
2756 5273 2922 5339 φέρει
2983 5272 3365 5327 σκουτέλιον.

1798 5365 1980 5434 Inepte
2000 5363 2196 5417 Junius
2224 5363 2382 5434 301
2412 5364 2629 5417 vinaria:
2662 5365 2867 5432 capidis
2907 5364 3180 5416 sculclam.
3235 5362 3367 5416 Nam

1795 5458 2048 5525 οίνοχείον
2073 5466 2155 5508 est
2189 5458 2274 5508 hic
2308 5456 2424 5524 ipsa
2460 5456 2593 5508 cella
2648 5456 2879 5520 vinaria,
2932 5455 3089 5523 cujus
3145 5470 3369 5523 prutnus

1797 5547 2005 5600 condus
2036 5555 2153 5598 erat
2176 5546 2454 5614 pincerna.
2485 5545 2645 5599 Cellae
2668 5562 2799 5614 ergo
2828 5547 3048 5599 vinaria:
3078 5547 3364 5599 SCtIlCUntll

1800 5636 2029 5703 ferebat,
2064 5651 2158 5689 seu
2194 5637 2480 5689 scutellam
2515 5653 2632 5705 quae
2700 5638 3085 5691 asset-vehatur
3131 5639 3181 5688 in
3233 5637 3368 5691 (-ella

1802 5729 2032 5784 \inaria.
2066 5728 2227 5785 Forte
2261 5729 2549 5801 legendum
2583 5737 2666 5785 est
2695 5732 3005 5799 οἰνοχοεῖον.
3037 5728 3233 5787 Gncrs.
