3952 6222
508 331 618 392 335

1624 329 1704 391 ΙΝ
1748 326 2045 390 LIBRUM
2089 327 2185 388 DE
2225 326 2550 387 OFFICIIS
2588 332 2693 391 (ΣΡ.

3656 325 3763 389 336

579 439 718 492 Ibid.
762 436 1150 491 Σκουτέλιον.
1206 435 1450 508 [viscum
1508 437 1663 492 illum
1702 438 1784 489 τοι
1837 450 2074 505 pntmnnt
2108 446 2152 502 Α
2182 436 2364 488 bunuli
2397 439 2454 489 l9
2485 438 2845 493 accubituum.
2903 436 3087 492 idem:
3122 434 3189 490 In
3250 436 3480 489 crastino
3531 433 3763 488 Sabbato

508 534 858 600 interpretor,
894 531 946 583 in
1003 545 1108 599 qua
1160 531 1343 583 tinum
1386 538 1440 583 et
1493 544 1634 598 aqua
1700 532 2082 598 prnp'tmntur,

508 638 738 691 qna-quc
770 621 1007 674 bibentis
1041 629 1223 673 mento
1276 621 1341 673 ad
1402 620 1662 673 honorem
1714 614 2083 689 supponitur;

507 719 767 783 οἰνοχείον
808 729 977 776 vero,
1011 714 1165 781 cujus
1231 722 1315 766 est
1374 712 1488 766 lucc
1552 714 1757 782 patina,
1820 726 2082 780 nusquam

509 806 640 858 mihi
678 816 833 859 SOnat
859 805 1045 857 cellam
1075 806 1357 869 vinariam,
1396 807 1488 858 sed
1539 805 1787 874 cyathum
1856 819 1967 873 quo
1996 803 2087 856 ti—

510 911 637 949 nunt
668 906 722 949 et
754 912 894 964 aqua
925 896 1235 948 offeruntur
1270 897 1595 949 haurienda.
1628 892 1830 966 Goitn.]

581 986 661 1037 Ib.
701 988 989 1041 Grunatza.
1018 987 1113 1041 llic
1150 986 1348 1040 Junius
1396 988 1590 1041 iterum
1626 995 1771 1041 totus
1801 988 1859 1040 lit
1889 988 2081 1057 Syrus,

509 1088 565 1129 ut
595 1074 649 1130 ct
676 1080 835 1145 paulo
859 1088 979 1147 post
1008 1079 1063 1131 in
1104 1094 1236 1132 voce
1267 1080 1502 1146 lapatza.
1536 1078 1700 1133 Forte
1757 1082 1924 1134 vestis
1970 1081 2085 1134 haec

508 1171 754 1221 ευιιΐερῑτι
796 1178 1013 1221 crates
1070 1168 1159 1221 illa
1216 1169 1325 1223 tela
1382 1170 1649 1237 pretiosa,
1716 1184 1853 1223 auro
1915 1171 2085 1222 inter-

507 1262 729 1321 stincta,
768 1275 931 1328 quam
963 1260 1081 1312 Itali
1107 1262 1380 1327 granitum
1410 1271 1624 1322 vocant,
1660 1269 1717 1315 ut
1745 1271 1829 1315 est
1853 1263 1887 1316 Ι.
1925 1279 1982 1316 ιιι
2013 1261 2086 1317 De

506 1350 926 1401 cauenizatione
959 1350 1015 1400 S.
1071 1349 1276 1415 Ditlaci,
1310 1367 1357 1403 c.
1389 1351 1480 1404 9.0.
1519 1350 1724 1405 Gna'rs.
1984 1328 1997 1340 ο

514 1474 517 1477 ‹
579 1439 722 1491 Ibid.
760 1438 1110 1509 [ι’ρίενάτζα.
1170 1440 1244 1494 De
1301 1456 1408 1509 qua
1461 1441 1842 1511 Bullcngertts.
1904 1443 2084 1498 Vestis

507 1529 782 1599 Cpolitani
820 1531 1167 1597 imperaturis
1196 1541 1455 1598 granatza
1515 1534 1682 1599 dicta,
1743 1532 2083 1600 reliquorum

507 1622 816 1691 principum
845 1623 1076 1690 lapntza,
1111 1635 1369 1694 granatza
1396 1626 1615 1694 quidem
1676 1627 1834 1694 quasi
1872 1626 2011 1680 laxis
2032 1635 2087 1679 ct

508 1717 806 1768 liuentibus
849 1715 1077 1768 manicis
1114 1718 1298 1769 trabea
1334 1726 1385 1770 et
1415 1717 1578 1771 vestis
1609 1720 1810 1785 nitens,
1847 1732 1908 1772 es
1945 1718 2117 1772 dua-'

2190 540 2372 583 sancto
2389 532 2548 583 exivit
2566 532 2849 599 imperator
2868 532 2919 584 in
2942 530 3293 585 tribunalibus
3320 530 3381 583 l9
3404 530 3762 583 accubituum.

2190 621 2432 675 Codinus
2464 622 2555 674 lib.
2583 624 2653 675 De
2674 622 2874 693 origin.
2896 622 2993 690 Cp.
3014 640 3026 673 :
3051 624 3155 674 Καὶ
3177 623 3242 674 τὰ
3276 623 3404 673 δέκα
3430 624 3585 675 ἐννέά
3605 626 3765 676 ἀκοῦ-

2184 712 2311 765 6nd
2335 714 2426 764 καὶ
2451 715 2509 764 ab
2535 702 2806 783 στέψήμον
2826 717 2917 769 καὶ
2929 717 3015 770 τὸν
3034 717 3159 770 ναὸν
3176 716 3268 769 τοῦ
3288 716 3443 784 ἁγίου
3469 717 3765 784 Στεφάνου.

2256 804 2403 857 Idem
2428 803 2812 873 Luitprandus,
2849 825 2922 869 γι,
2949 810 3003 873 2,
3041 809 3224 862 tlealio
3243 800 3440 876 palatio
3466 809 3766 878 Magnanra

2186 896 2332 949 dicto
2360 914 2371 947 :
2412 896 2509 949 Est
2536 896 2687 966 Cpoli
2714 899 2902 953 domus
2933 902 3138 969 palatio
3176 902 3421 965 contigua
3450 901 3597 953 miris
3659 918 3768 953 ma-

2188 989 2471 1054 gnitudinis
2504 976 3020 1057 ac'pulchritudinis,
3090 1008 3208 1059 qua:
3241 1009 3274 1045 α
3323 993 3522 1047 Graecis
3566 1011 3595 1061 ρ
3651 995 3769 1046 loco

2186 1078 2214 1128 λ
2245 1081 2413 1146 posita
2431 1064 2868 1149 Megaura,quasi
2896 1098 3082 1151 niugna
3104 1100 3238 1137 aura
3273 1099 3366 1152 pro
3389 1086 3517 1136 aula
3544 1085 3772 1137 dicitur.

2188 1177 2336 1225 [tunc
2360 1176 2535 1242 itaque
2562 1174 2961 1242 Constantinus,
2996 1188 3107 1231 tum
3142 1180 3202 1232 ob
3238 1180 3593 1247 Hispanorum
3622 1196 3769 1231 nun-

2188 1266 2308 1326 tios,
2339 1267 2427 1332 qui
2466 1277 2587 1318 tunc
2636 1268 2834 1320 noriter
2878 1284 2936 1321 eo
3000 1279 3267 1334 venerant,
3329 1278 3436 1321 tum
3467 1269 3526 1322 ob
3593 1282 3671 1321 me
3716 1276 3771 1318 et

2191 1355 2569 1423 Liutcfrcdum,
2588 1360 2683 1412 hoc
2708 1360 2859 1412 modo
2877 1360 3058 1427 parari
3076 1361 3262 1428 jussit.
3283 1359 3471 1422 Λῖνεα,
3497 1361 3588 1418 sed
3608 1361 3778 1411 deau-

2190 1455 2306 1498 ratu
2329 1448 2568 1515 quwdam
2593 1451 2750 1501 arbor
2785 1460 2905 1504 ante
2940 1450 3272 1519 imperatoris
3325 1451 3503 1504 oculos
3568 1451 3777 1511 stabat,

2188 1538 2340 1604 cujus
2360 1555 2534 1591 ramos
2563 1540 2746 1593 itidem
2770 1557 2932 1595 wreos
2957 1543 3148 1594 diversi
3166 1544 3369 1612 generis
3388 1543 3770 1608 denuraurquc

2190 1630 2417 1682 volucres
2444 1630 2731 1699 replebant,
2752 1649 2868 1701 quze
2893 1634 3179 1686 secundum
3208 1634 3402 1700 species
3442 1649 3567 1686 suus
3588 1632 3778 1683 divar-

2190 1735 2371 1771 sarunt
2408 1722 2580 1773 avium
2612 1738 2752 1775 roces
2810 1724 3137 1776 emittebant.
3202 1723 3268 1776 In
3322 1725 3509 1792 primis
3541 1738 3655 1775 vero
3683 1738 3784 1774 so-

509 1808 611 1860 lius
634 1808 861 1860 vocibus
897 1807 1050 1877 Syris
1083 1809 1321 1877 qbaraua
1361 1812 1518 1863 tzach
1547 1828 1563 1864 :
1623 1820 1815 1865 contra
1853 1812 2085 1879 lapatza,
2122 1786 2161 1840 Β
2192 1809 2323 1861 lium
2347 1810 2655 1878 Itttjusmodi
2679 1823 2794 1865 erat
2830 1823 2943 1865 arte
2965 1815 3330 1881 compositum,
3362 1815 3489 1867 utin
3510 1823 3782 1865 momento

509 1914 607 1968 pro
634 1901 788 1968 lappa
828 1901 1008 1963 tzach,
1043 1902 1342 1955 constricta
1399 1909 1608 1966 trabea,
1674 1904 1800 1972 quia
1860 1904 2086 1957 manica:

508 2001 665 2045 erant
694 1994 898 2045 stricta:
923 2001 975 2045 et
997 1992 1052 2044 in
1090 2007 1288 2045 zonam
1323 1993 1592 2061 impastae.
1645 1994 1973 2048 Granatzam
1997 2008 2086 2047 rc-

510 2081 1243 2150 l'ertejusmodigrandioris
1284 2082 1496 2134 nummi
1541 2081 1768 2152 elligies,
1797 2098 1915 2152 qua!
1946 2082 2089 2151 apud

508 2174 825 2229 Cretserum
850 2186 996 2228 lOtllO
1018 2174 1085 2227 lll
1112 2174 1182 2227 De
1208 2190 1393 2238 cruce,
1416 2173 1510 2227 fol.
1533 2172 1624 2237 92,
1652 2174 1867 2228 visitur.
1888 2172 2086 2244 Gustu]

579 2269 797 2334 Quaerat
820 2268 964 2336 quis,
1001 2283 1130 2320 nunt
1177 2266 1476 2334 imperator
1521 2267 1673 2320 solus
1701 2282 1903 2321 mensa:
1936 2281 2090 2320 asse-

508 2362 667 2417 derit.
706 2360 1027 2430 Respondeo
1058 2360 1339 2413 ordinarie
1405 2357 1682 2414 assedisse
1701 2359 1900 2423 solum,
1931 2358 2092 2411 adhi-

508 2455 695 2508 huisse
719 2462 903 2506 tamen
933 2451 1232 2519 aliquando
1267 2453 1429 2505 etiam
1481 2451 1644 2514 alios,
1678 2458 1736 2504 ut
1763 2453 2089 2520 Augustam,

507 2546 672 2608 ﬁlios,
714 2544 991 2613 principes
1025 2544 1186 2607 aulae,
1241 2541 1374 2611 quin
1430 2552 1484 2596 et
1548 2543 1754 2612 legatos
1814 2544 2088 2596 variarum

507 2637 770 2706 gentium,
804 2643 868 2687 ut
916 2643 1135 2688 constat
1186 2649 1253 2687 ex
1307 2633 1585 2701 legatione
1640 2633 1975 2702 Luitprandi
2023 2632 2091 2687 ad

507 2729 875 2796 Nicephorum
915 2726 1173 2779 Phocam.
1211 2724 1457 2780 Mensam
1513 2726 1887 2794 imperatoris,
1915 2724 2093 2794 qualis

508 2816 784 2883 prtecipue
820 2814 977 2868 festis
1008 2813 1207 2867 diebus
1233 2829 1355 2867 esse
1382 2816 1546 2879 solet,
1579 2815 1835 2883 graphice
1880 2815 2095 2868 descri-

507 2907 587 2959 bit
613 2905 1005 2973 Luitprandus,
1044 2905 1198 2958 testis
1250 2906 1529 2969 oculatus,
1560 2905 1600 2959 l.
1627 2920 1680 2958 v1
1715 2903 1918 2959 Rerum
1999 2919 2095 2974 per

509 2998 696 3051 orbem
742 3007 1018 3064 gestarum
1046 3012 1075 3049 c
1119 2997 1197 3050 ’ὄπ
1269 2995 1365 3048 Est
1423 2997 1630 3063 domus,
1702 2997 2093 3066 ittquit,juxta

2189 1899 2402 1959 humile.
2421 1902 2678 1954 excelsius
2709 1903 2883 1966 modo,
2908 1919 3066 1971 quam
3094 1919 3214 1957 mos:
3236 1904 3499 1957 videretur
3524 1902 3783 1956 sublime.

2192 1991 2297 2043 Sed
2328 1989 2509 2054 sedile,
2532 1991 2670 2058 quod
2700 2003 2812 2045 erat
2845 1994 3115 2047 immensa:
3161 1992 3569 2062 magnitudinis,
3592 1994 3781 2044 incer-

2191 2088 2302 2133 tum
2325 2091 2503 2134 utrum
2537 2085 2663 2136 terei
2691 2099 2755 2136 an
2782 2083 2963 2152 lignei,
3018 2100 3192 2137 verum
3239 2100 3370 2137 auro
3420 2084 3540 2136 tecti
3596 2083 3784 2136 leones

2188 2173 2345 2242 quasi
2377 2172 2764 2228 custodiebant.
2807 2174 2872 2226 In
2906 2174 3004 2227 hac
3029 2175 3192 2243 igitur
3219 2176 3444 2227 duorum
3505 2175 3787 2227 eunucho-

2195 2281 2312 2316 rum
2348 2264 2579 2318 humeris
2634 2264 2936 2319 incumbens
2976 2276 3096 2319 ante
3150 2267 3489 2333 imperatoris
3534 2282 3785 2333 praesen-

2196 2356 2325 2408 tiam
2353 2371 2468 2407 sum
2518 2357 2794 2409 deductus.
2830 2356 3064 2427 Cumque
3085 2359 3137 2409 in
3169 2362 3394 2411 adventu
3447 2374 3559 2411 meo
3589 2357 3779 2411 leones

2194 2448 2428 2516 rugitum
2454 2449 2771 2513 emitterent,
2805 2464 2920 2502 aves
2944 2451 3228 2503 secundum
3262 2452 3456 2518 species
3503 2467 3627 2503 suas
3648 2468 3788 2517 per-

2192 2550 2500 2609 strepereut,
2561 2540 2709 2593 nullo
2755 2557 2870 2593 sum
2921 2551 3140 2604 terrore,
3202 2542 3349 2595 nulla
3418 2543 3787 2596 admiratione

2195 2640 2506 2690 commotus.
2545 2631 2790 2699 quoniam
2820 2631 3028 2700 quidem
3053 2647 3117 2685 es:
3140 2632 3219 2683 his
3259 2632 3496 2684 omnibus
3542 2648 3626 2684 eos
3680 2634 3785 2701 qui

2196 2722 2320 2774 bene
2349 2733 2596 2775 noverant
2619 2725 2820 2793 {ueram
2851 2731 3202 2789 percontatus.
3259 2727 3429 2777 Tertio
3452 2727 3624 2794 itaque
3666 2726 3784 2777 im-

2194 2821 2490 2881 peratorem
2524 2811 2726 2881 pronus’
2768 2814 2996 2867 adorans
3055 2826 3207 2881 caput
3234 2801 3493 2879 sustuli,»
3526 2827 3574 2869 et
3616 2833 3782 2885 quem

2194 2905 2341 2970 prius
2369 2905 2637 2956 moderata
2664 2920 2910 2957 mensura
2933 2920 2964 2957 a
2992 2915 3131 2958 terra
3151 2905 3407 2959 eleuatum
3436 2908 3610 2961 sedere
3642 2910 3782 2975 vidi,

2197 3010 2320 3047 mox
2345 2994 2469 3047 aliis
2505 2995 2746 3047 indutum
2782 2997 3002 3048 vestibus
3033 3012 3185 3063 penes
3216 2997 3400 3050 domus
3445 2998 3662 3066 laquear
3687 3016 3785 3053 se-

510 3088 961 3157 llippodromum,
994 3087 1294 3157 aquilonem
1327 3102 1524 3151 versus,
1552 3089 1702 3141 mirae
1719 3100 1768 3140 et
1792 3087 2092 3161 altitudinis
2122 3116 2164 3174 C
2197 3091 2319 3139 dere
2348 3088 2605 3154 prospexi.
2657 3086 2809 3151 Quod
2856 3088 3097 3155 qualiter
3150 3089 3313 3157 ﬁeret,
3383 3092 3610 3159 cogitare
3667 3108 3783 3146 non

508 3189 557 3232 et
579 3180 1014 3248 pulchritudinis,
1034 3194 1153 3247 quis
1177 3178 1446 3232 decannea
1478 3178 1661 3231 cubita
1678 3190 1914 3232 vocatur.
1943 3178 2095 3244 Quod

510 3287 696 3324 nomen
721 3289 826 3324 non
858 3272 921 3324 ab
955 3258 1029 3335 re,
1066 3271 1158 3324 sed
1190 3286 1255 3324 ea:
1285 3270 1669 3341 apparentibus
1706 3272 1881 3324 causis
1906 3272 2097 3327 sortita

509 3372 630 3427 est;
660 3363 790 3415 δέκα
822 3364 959 3423 enim
991 3362 1189 3428 erce,
1223 3361 1411 3416 Latine
1442 3364 1640 3426 decent,
1673 3365 1828 3418 ἐννέα
1878 3378 2096 3429 novem;

511 3453 689 3506 cubita
727 3462 817 3506 aut
858 3471 889 3506 a
923 3453 1162 3507 cubando
1220 3455 1477 3508 inclinata
1529 3455 1607 3508 vel
1656 3464 1874 3508 curvata
1927 3454 2100 3508 dicere

510 3559 810 3612 possumus.
869 3541 983 3595 Hoc
1041 3552 1218 3595 autem
1269 3543 1409 3608 ideo,
1466 3544 1720 3612 quoniam
1778 3544 1985 3612 quidem
2034 3544 2099 3599 l9

511 3649 707 3709 mensis
727 3634 778 3685 in
806 3649 867 3685 ea
895 3649 1009 3702 qua:
1039 3631 1326 3685 secundum
1377 3647 1590 3685 carnem
1634 3638 1711 3683 est
1743 3630 1809 3684 ι).
1837 3630 1909 3684 Ν.
1971 3629 2099 3684 Jesu

513 3725 714 3779 Christi
749 3726 1027 3778 nativitate
1084 3735 1440 3792 apponuntur.
1466 3721 1533 3775 In
1592 3721 1780 3791 quibus
1814 3722 2101 3789 imperator

512 3820 719 3885 pariter
756 3827 804 3871 et
827 3818 1052 3871 conviva:
1104 3832 1206 3869 non
1231 3816 1478 3878 sedendo,
1540 3822 1597 3866 ut
1650 3814 1854 3866 ceteris
1895 3814 2097 3878 diebus,

513 3909 604 3962 sed
646 3910 990 3962 recumbeudo
1017 3907 1324 3976 epulantur.
1379 3904 1580 3970 Quibus
1626 3905 1682 3957 in
1740 3904 1923 3956 diebus
1997 3919 2098 3956 non

513 4003 798 4069 argenteis,
824 4002 913 4053 sed
943 4009 1147 4053 tantum
1173 4000 1349 4053 aureis
1381 3999 1521 4052 vasis
1557 3998 1913 4051 ministratur.
1970 3992 2099 4049 Post

513 4092 684 4144 cibum
712 4101 883 4143 autem
920 4092 1094 4143 aureis
1127 4092 1264 4143 vasis
1291 4091 1456 4143 tribus
1504 4098 1629 4143 sunt
1686 4105 1842 4158 poma
1898 4089 2097 4151 delata,

512 4197 630 4251 qua:
660 4182 721 4234 ob
767 4184 1080 4235 immensum
1120 4183 1323 4249 pondus
1366 4197 1468 4233 non
1528 4182 1799 4233 hominum
1836 4181 2099 4245 manibus,
2144 4240 2149 4245 η

515 4273 606 4324 sed
638 4287 877 4338 purpura
911 4273 1057 4323 tectis
1100 4270 1346 4323 vehiculis
1371 4281 1492 4323 sunt
1517 4270 1710 4323 allata.
1747 4270 2102 4339 Apponuntur

516 4368 691 4411 autem
708 4359 810 4410 duo
828 4359 924 4409 hoc
945 4360 1097 4410 modo
1119 4373 1136 4409 :
1166 4359 1409 4410 inmensa
1423 4375 1514 4426 per
1548 4361 1814 4425 foramina
1839 4360 2101 4427 laquearis

2200 3178 2366 3242 potui,
2393 3179 2495 3229 nisi
2529 3178 2666 3245 forte
2687 3194 2746 3230 eo
2776 3180 2843 3230 sit
2876 3181 3151 3234 subvectus
3177 3181 3376 3249 ergalio
3407 3197 3509 3250 quo
3535 3184 3786 3235 torcula-

2202 3268 2338 3319 rium
2394 3267 2603 3320 arbores
2662 3268 3037 3322 subvehuntur.
3068 3269 3171 3323 Per
3198 3286 3251 3324 se
3265 3283 3442 3325 autem
3470 3272 3605 3343 nihil
3625 3274 3781 3327 locu-

2203 3365 2306 3419 tus,
2336 3360 2585 3427 quoniam
2619 3371 2666 3412 et
2704 3360 2751 3413 si
2783 3360 2952 3422 vellet,
2982 3363 3316 3426 intercapedo
3348 3365 3583 3417 maxime
3626 3366 3786 3419 inde-

2202 3464 2381 3501 corum
2412 3448 2625 3516 faceret,
2664 3450 2862 3503 devita
2918 3448 3228 3522 Berengarii
3274 3462 3323 3507 et
3367 3453 3627 3522 sospitate
3682 3472 3785 3525 per

2201 3536 2518 3607 logothetam
2550 3547 2627 3591 est
2670 3547 3030 3606 percontatus.

2273 3626 2573 3694 Etatllpoli
2609 3627 2756 3679 aliud
2791 3628 3076 3695 palatium,
3114 3629 3202 3683 cui
3236 3628 3488 3699 πορφύρα
3521 3644 3619 3684 seu
3641 3646 3783 3695 pur-

2202 3736 2337 3788 pura
2372 3733 2592 3782 nomen,
2614 3719 3046 3787 parturientibus
3069 3731 3124 3773 et
3147 3721 3485 3789 parientibus
3532 3722 3781 3789 impera-

2205 3808 2812 3863 tricihusdestinatum.
2852 3810 3008 3862 Anna
3041 3809 3337 3864 Commena
3371 3812 3408 3863 l.
3439 3827 3490 3865 VI
3553 3812 3786 3866 Alesiae

2205 3901 2289 3953 dis
2320 3916 2335 3953 :
2374 3899 2599 3953 Alexius
2629 3898 2951 3955 Comuenus
2972 3901 3196 3955 domum
3235 3905 3487 3956 reversus
3540 3903 3642 3971 τὴν
3674 3903 3781 3972 βι-

2207 3991 2378 4043 σιλίδα.
2410 3993 2551 4043 κατὰ
2583 3991 2644 4042 τὸ
2675 3991 3060 4059 ἀφωρισμένον
3092 3994 3277 4045 πάλαι.
3308 3995 3426 4055 ταῖς
3462 3994 3784 4056 τικτούσας

2204 4085 2310 4136 τῶν
2346 4082 2632 4151 βασιλίδων
2651 4082 2859 4151 οἴκημα.
2883 4083 2973 4134 hri
3002 4087 3121 4145 ταῖς
3155 4084 3340 4138 ὠδῖσιν
3364 4084 3592 4154 εὕρηκε.
3628 4087 3783 4155 Πορ-

2205 4174 2382 4243 φύραν
2422 4174 2579 4227 τοῦτο
2637 4174 2903 4227 ἀνέκαθεν
2960 4175 3337 4244 ὀνομάζουσιν,
3388 4177 3447 4242 ἐξ
3481 4177 3539 4230 οὗ
3580 4181 3673 4230 καὶ
3716 4180 3785 4231 τὸ

2203 4263 2311 4316 τῶν
2332 4265 2849 4333 πορφυρογεννήτων
2869 4265 3040 4334 ὅνομα
3066 4269 3147 4329 εἰς
3174 4269 3273 4338 τὴν
3303 4269 3630 4339 οἰκουμένην
3662 4270 3784 4323 διέ-

2204 4354 2400 4423 δραμε.
2449 4354 2845 4425 Luitprandus,
2886 4372 2926 4421 ι,
2972 4359 3053 4411 Ξῖ
3104 4358 3611 4430 Porphyrogenitum
3666 4377 3785 4414 non

517 4459 620 4501 tres
637 4457 756 4501 sunt
792 4449 965 4515 funes,
998 4447 1222 4516 pellibus
1249 4451 1521 4502 deauratis
1552 4451 1696 4513 tecti,
1731 4465 1848 4504 cum
1881 4451 2096 4507 annulis
2131 4456 2173 4511 ι)
2203 4445 2258 4497 in
2289 4461 2543 4514 Purpura.
2570 4447 2658 4499 sed
2680 4449 2733 4499 ίιι
2759 4446 2911 4500 domo
2938 4464 3056 4516 om
3096 4448 3370 4520 Porp/tyra
3393 4453 3612 4516 dicitur,
3678 4470 3789 4505 na-

514 4541 688 4590 aureis
714 4538 955 4604 depositi,
983 4538 1071 4606 qui
1109 4538 1276 4601 ansis,
1303 4554 1419 4607 qum
1445 4541 1499 4592 in
1527 4540 1747 4593 scutulis
1774 4542 1916 4611 (lege
1977 4557 2097 4595 scu-

516 4629 680 4699 tellis)
711 4630 1008 4697 prominent
1029 4630 1282 4698 impositi,
1319 4631 1701 4698 adjuvantibus
1730 4632 1950 4702 inferius
1968 4650 2096 4704 qua-

516 4732 636 4772 tuor
664 4727 755 4771 aut
785 4734 844 4771 eo
881 4719 1109 4784 amplius
1132 4718 1454 4782 hominibus,
1474 4735 1566 4787 per
1624 4722 1881 4784 vertibile,
1954 4724 2094 4791 quod

514 4826 675 4878 supra
696 4810 1030 4879 laquearium
1058 4820 1156 4875 est,
1202 4810 1463 4879 ergalt'um
1519 4812 1571 4863 in
1624 4827 1859 4866 mensam
1915 4814 2098 4867 subce-

515 4904 740 4965 huntur,
764 4900 1045 4978 eodemque
1072 4901 1223 4953 modo
1261 4901 1615 4969 deponuntur.
1670 4901 1792 4956 llwc
1814 4900 2103 4972 Luitpran-

515 4992 620 5045 dus
655 5008 668 5043 ;
699 4992 793 5043 sed
826 5005 924 5058 pro
945 4991 1259 5061 cubitalege
1287 4993 1550 5065 accubitu.
1588 4991 1831 5049 ZOnaras
1860 4995 1912 5047 in
1968 4996 2097 5049 illud

516 5086 746 5137 canonis
772 5081 1015 5139 Truliani
1044 5082 1115 5137 74
1146 5083 1408 5137 ἁκούίιτα
1435 5084 1756 5155 στρωννύειν
1777 5102 1794 5139 :
1817 5087 1849 5155 ἣ
1879 5103 1935 5140 τε
1961 5087 2103 5153 λέξις

514 5177 622 5227 τῶν
667 5177 968 5229 ἁκουὸίτων
1008 5177 1115 5228 τῶν
1160 5178 1403 5231 Λατίνων
1464 5180 1609 5238 ἐστὶν
1658 5177 1950 5247 (ἀκούμὸω
1995 5181 2102 5245 γὰρ

516 5272 664 5338 παρᾶ
712 5268 1001 5339 Ῥωμαῖοις
1025 5270 1086 5323 τὸ
1111 5272 1447 5339 avertimus),
1501 5271 1759 5339 σημαίνει
1816 5271 2103 5341 στρώμνας

515 5364 755 5431 ἡρμὲνας
794 5367 869 5426 εἰς
901 5364 1030 5433 ὕψος
1085 5367 1178 5416 καὶ
1233 5364 1505 5431 μαλακάς.
1563 5364 1736 5419 Αὖται
1781 5366 1836 5418 δὲ
1894 5369 2103 5434 τρυφῆς

517 5456 611 5507 καὶ
657 5457 925 5522 μαλακίας
975 5456 1134 5507 εἰσίν.
1179 5454 1436 5522 Ejusdem
1507 5458 1712 5525 palatii,
1769 5458 1913 5525 quod
1949 5474 1977 5509 a
2040 5459 2104 5513 19

516 5548 769 5599 accubitis
798 5563 894 5600 seu
922 5546 1073 5600 leCtis
1104 5546 1493 5599 tricliniaribus
1519 5561 1710 5600 nomen
1739 5549 1965 5611 invenit,
1996 5564 2105 5601 tue-

514 5639 671 5690 mittit
691 5640 890 5691 Paulus
910 5634 1178 5690 Diacmus
1199 5636 1359 5705 302
1384 5637 1435 5689 in
1462 5636 1637 5693 Leone
1656 5657 1668 5692 :
1684 5638 1961 5692 Silentium
1982 5654 2106 5691 con-

515 5740 599 5783 tra
626 5738 837 5783 sanctas
865 5746 925 5782 ac
974 5720 1289 5783 venerabiles
1356 5729 1631 5785 celebravit
1660 5734 1862 5805 qiconas
1922 5733 1974 5784 in
2009 5732 2106 5783 tri-

2206 4546 2314 4588 tunt
2343 4538 2567 4603 appello.
2594 4537 2661 4590 Et
2699 4540 2946 4608 quoniam
3004 4557 3081 4593 res
3137 4544 3386 4609 processit
3404 4544 3456 4595 in
3519 4545 3784 4607 medium,

2206 4628 2343 4698 quod
2356 4629 2420 4682 de
2443 4628 2600 4697 hujus
2631 4630 3065 4699 Porphyrogcuiti
3088 4636 3262 4702 genesi
3307 4636 3627 4695 audivimus,
3656 4652 3793 4703 pro-

2204 4722 2455 4791 feramus.
2476 4719 2855 4775 Constantinus
2890 4724 3183 4791 imperator
3209 4727 3501 4794 Augustus,
3525 4742 3588 4778 ea:
3620 4728 3791 4793 Cttst

2206 4814 2414 4866 nomine
2447 4811 2624 4880 Cpolis
2653 4823 2728 4867 est
2762 4815 2949 4867 sortita
3004 4816 3311 4870 vocabulum
3326 4818 3532 4881 civitas,
3559 4816 3791 4869 domum

2204 4906 2364 4959 istam
2381 4906 2656 4974 aediﬁcari
2668 4906 2855 4974 jussit,
2882 4908 2965 4960 cui
2994 4906 3270 4979 Porphyra
3291 4924 3475 4962 nomen
3500 4910 3789 4976 imposuit,

2204 4997 2468 5065 voluitque
2493 5013 2857 5051 successuram
2884 4999 3185 5053 nobilitatis
3212 5016 3324 5054 suis
3363 5001 3603 5061 sobolem
3652 5002 3794 5054 istic

2207 5088 2260 5139 in
2291 5087 2458 5139 lucem
2510 5088 2742 5154 prodire,
2799 5098 3056 5157 quatenus
3101 5091 3194 5159 qui
3248 5105 3343 5142 suo
3392 5105 3456 5143 ex
3498 5098 3797 5143 stemmate

2206 5189 2561 5242 nascerentur,
2597 5178 2861 5232 luculenta
2910 5180 3007 5233 hac
3060 5181 3415 5250 appellatione
3468 5179 3800 5249 Porphgro—

2206 5273 2364 5340 geniti
2412 5271 2828 5340 appellarentur.
2907 5272 3015 5326 Alii
3067 5272 3558 5343 porphyrogcnitos
3596 5271 3799 5327 dictos

2211 5374 2456 5428 censent,
2486 5364 2628 5432 quod
2661 5372 2815 5431 patre
2846 5364 3174 5433 imperatore
3207 5377 3258 5417 et
3290 5378 3535 5433 purpura
3586 5363 3801 5431 impe-

2208 5456 2326 5508 riali
2352 5458 2662 5509 convestito
2699 5458 2809 5509 nati
2844 5465 3047 5509 essent.
3086 5454 3163 5509 Ita
3209 5454 3451 5509 Zonaras
3506 5456 3559 5507 in
3631 5454 3802 5507 Con-

2207 5550 2449 5602 stantino
2480 5548 2623 5601 Dura
2650 5567 2663 5602 :
2700 5547 2990 5620 Imperium
3019 5548 3229 5617 reliquit
3260 5534 3588 5615 tribus'ftliis
3638 5546 3803 5610 suis,

2207 5656 2336 5709 quos
2370 5640 2584 5692 sustulit
2639 5657 2704 5694 ea:
2754 5641 2985 5711 Eugenio
3030 5649 3248 5710 conjuge
3290 5658 3407 5703 sua,
3465 5636 3802 5691 Michaelcm

2209 5732 2412 5799 quidem
2433 5741 2481 5784 et
2504 5732 2880 5800 Andronicum,
2914 5736 3123 5798 quando
3153 5736 3322 5789 adhuc
3339 5733 3595 5787 privatam
3618 5731 3810 5784 vitam
