3952 6222
205 352 317 417 337

1326 364 1715 423 GRETSERI
1755 364 1851 425 ET
1891 365 2134 427 GOARI
2186 369 2425 428 NOTrE.

3361 367 3464 429 3‘38

202 469 448 531 ducebat,
477 469 635 540 303
666 470 1066 527 Constantinum
1098 494 1216 529 vero
1254 496 1372 531 cum
1401 483 1518 545 jam
1542 482 1775 550 impera—
1805 482 1850 543 Δ
1877 482 2183 546 Christum,
2214 484 2421 538 dictum
2452 484 2796 552 epiphaniam
2825 499 2916 539 seu
2948 486 3359 553 threphaniam.
3393 485 3462 540 Et

205 563 550 629 ret,ipsaque
578 566 739 618 etiam
792 565 1027 635 Eugenio
1078 571 1147 621 ad
1209 571 1461 642 Angusta:
1536 573 1780 628 honorem

202 662 403 707 evecta.
446 651 583 706 Hinc
606 656 704 708 iste
729 656 875 710 solus
909 667 1023 711 erat
1082 661 1576 731 porphyrogenitus,
1631 680 1783 732 quem

205 744 385 793 statim
413 742 569 795 etiam
595 753 716 797 ante
733 745 867 799 alios
883 748 1240 815 imperatoriis
1281 753 1575 823 insignibus
1632 771 1786 807 exor-

206 834 372 886 nat-it.
407 832 612 887 Car/rs.

800 931 1027 986 CAPUT
1076 934 1166 989 lll.

282 1041 680 1099 Observationes
711 1046 766 1099 in
801 1058 955 1169 capgt
992 1051 1043 1131 8.,
1068 1050 1205 1132 quod
1228 1052 1382 1106 estde
1416 1052 1712 1122 Epiphania

928 1135 1112 1169 ommt.

928 1135 1112 1175 omtnt.

276 1204 339 1258 Ρ.
372 1205 461 1259 6i.
498 1207 717 1259 Festum
739 1208 1076 1277 Epiph’anizc,
1128 1213 1232 1266 hoc
1282 1226 1365 1267 est
1419 1219 1784 1285 apparitionis,

204 1297 408 1351 dicitur
435 1298 701 1366 singulari
742 1303 1028 1373 numerari
1066 1305 1379 1373 ἐπιφάνεια,
1418 1309 1620 1375 plurali
1682 1326 1785 1365 nu-

207 1403 363 1441 mero
426 1399 481 1441 et
533 1405 730 1459 genere
779 1403 973 1446 neutro
1022 1394 1089 1446 τὰ
1122 1395 1433 1465 ἐπιφάνεια,
1469 1398 1600 1465 quin
1635 1410 1687 1451 et
1718 1400 1787 1452 τὰ

203 1476 492 1543 incauta.
526 1478 829 1547 Aliquando
857 1480 922 1533 τὰ
949 1472 1254 1549 θεοφάνεία,
1288 1485 1413 1553 quia
1448 1485 1589 1540 Deus
1617 1502 1786 1557 appa-

198 1566 345 1619 ruit.
375 1567 658 1621 T’ribuitur
688 1571 789 1624 hoc
824 1586 1020 1625 nomen
1054 1571 1179 1627 huic
1208 1572 1347 1628 festo
1370 1576 1421 1643 1)
1449 1577 1575 1645 quia
1607 1577 1791 1631 Domi-

208 1674 317 1709 nus
338 1672 404 1711 eo
434 1658 522 1711 die
545 1661 717 1730 magis
748 1676 804 1715 se
839 1663 1226 1729 tuauil'estavit,
1258 1665 1313 1736 2)
1358 1668 1485 1737 quia
1538 1669 1787 1739 apparuit

207 1750 547 1810 hominibus,
581 1753 797 1819 quando
829 1754 1156 1822 baptismum
1188 1772 1253 1810 eo
1287 1758 1374 1810 die
1408 1760 1460 1811 in
1502 1757 1782 1814 Jordanca

1887 574 2066 627 adfert
2096 576 2304 645 aliquot
2335 576 2666 636 testimonia.
2718 591 2948 643 quorum
2997 579 3203 631 nullum
3264 588 3345 631 est
3396 580 3460 631 ad

1888 682 2023 719 rem.
2050 666 2219 720 Nemo
2241 675 2399 736 negat
2430 668 2774 735 theophaniae
2799 682 2894 720 seu
2922 669 3225 736 epiphaniae
3274 671 3460 739 appel-

1887 758 2145 811 lationem
2171 758 2332 811 etiam
2381 756 2651 811 nativitati
2701 757 2865 810 tribui
2915 773 3071 825 posse
3105 776 3119 809 :
3151 768 3279 812 tunc
3315 763 3460 812 enim
3548 786 3553 789 ι

1887 850 2141 919 apparuit
2173 847 2434 901 Dominus
2465 850 2611 900 inter
2648 846 2902 901 homines
2928 856 2978 901 ct
3016 860 3259 916 pastores
3284 852 3347 904 ad
3405 867 3463 907 se

1888 940 2076 1001 traxit,
2106 950 2235 999 ete.,
2269 948 2319 993 et
2347 940 2399 990 in
2430 940 2593 993 missa
2638 939 2800 1007 hujus
2835 937 2956 992 festi
3010 939 3206 1007 legitur
3238 960 3251 994 :
3282 944 3463 1011 Appa-

1889 1034 1993 1086 ruit
2024 1032 2196 1103 gratia
2226 1031 2518 1084 Salvatoris
2547 1031 2739 1097 nostri,
2771 1039 2874 1083 etc.
2908 1030 3011 1084 Sed
3043 1032 3335 1084 videndum
3375 1034 3465 1086 hic

1887 1121 2018 1190 quid
2046 1136 2178 1175 usus
2210 1122 2618 1175 ecclesiasticus
2650 1121 2806 1187 ferat;
2838 1123 2929 1191 qui
2960 1130 3119 1176 estet
3157 1123 3251 1179 fuit
3288 1132 3343 1176 ut
3367 1125 3464 1177 ah-

1889 1211 2353 1280 solutcloquendo
2375 1211 2492 1266 dies
2515 1211 2549 1266 6
2570 1210 2814 1265 Januarii
2840 1214 3117 1265 diceretur
3143 1212 3463 1281 Epiphania,

1890 1306 2050 1373 idque
2080 1319 2299 1373 propter
2332 1316 2439 1358 tres
2466 1319 2663 1358 causas
2692 1304 2851 1357 initio
2879 1304 3074 1381 dictas,
3094 1305 3195 1358 etsi
3218 1305 3308 1358 alii
3330 1306 3465 1357 alias

1889 1412 2080 1451 causas
2116 1396 2287 1461 magis
2316 1395 2687 1449 attendebant.
2720 1394 2781 1446 Et
2811 1397 2970 1462 pauci
3002 1403 3160 1448 erant
3181 1399 3271 1461 qui
3296 1396 3463 1447 Nata-

1891 1489 1991 1543 lem
2016 1488 2224 1542 Domini
2246 1486 2584 1540 celebrarent
2610 1487 2697 1539 dic
2721 1485 2753 1539 6
2781 1484 3025 1538 Januarii
3059 1505 3071 1549 ;
3107 1496 3159 1539 et
3193 1485 3303 1539 fere
3323 1486 3462 1537 intra

1888 1580 2179 1648 Epyptum
2218 1579 2333 1631 htec
2382 1578 2723 1630 consuetudo
2756 1578 3227 1642 conscribebatur,
3268 1589 3326 1630 ut
3383 1587 3468 1630 est

1890 1670 2030 1741 apud
2059 1670 2409 1730 Cassianum,
2444 1669 2635 1721 Collat.
2670 1668 2756 1733 10,
2788 1670 2841 1719 ‘2.
2864 1668 3077 1721 Profert
3101 1669 3462 1722 thtszmhonus

1893 1762 2071 1815 locum
2101 1775 2163 1813 ex
2190 1760 2435 1813 orat-ioue
2465 1759 2839 1825 Chrysostomi
2866 1759 2918 1811 in
2954 1757 3193 1811 Natalem
3228 1759 3463 1822 Domini,

205 1840 425 1896 Joanne
472 1845 734 1911 suscepit,
764 1847 817 1912 5)
853 1848 996 1915 quod
1030 1863 1095 1902 eo
1121 1850 1209 1905 die
1264 1850 1518 1905 Christus
1576 1862 1781 1906 mutata
1818 1826 1858 1879 Β
1889 1850 2091 1913 tom.V,
2127 1848 2443 1911 Sn‘illiano,
2479 1848 2677 1927 p.511,
2710 1847 2797 1900 ubi
2826 1847 2958 1899 dicit
2984 1847 3067 1898 rix
3084 1847 3341 1899 decimum
3368 1864 3466 1898 an-

206 1949 356 2001 aqua
386 1935 439 1986 in
464 1936 646 1989 vinum
677 1937 991 1994 hominibus
1013 1956 1073 1994 se
1108 1941 1549 1997 ntanil‘estavitin
1575 1946 1785 2014 nuptiis

206 2023 379 2077 t‘anaz
432 2024 689 2081 Galilaate.
742 2027 934 2083 Latina
978 2031 1221 2086 Ecclesia
1258 2048 1447 2088 omnes
1470 2034 1786 2093 hascausas

208 2118 379 2186 hujus
409 2120 512 2172 diei
561 2122 829 2189 sequitur,
871 2134 927 2175 ttt
959 2133 1102 2193 patet
1126 2142 1187 2178 cx
1220 2125 1496 2182 Breviario
1518 2126 1784 2181 Romano.

207 2210 388 2264 Graeci
422 2210 618 2266 festum
650 2214 753 2268 hoc
821 2217 1005 2269 colunt
1055 2219 1333 2283 potiSsime
1375 2221 1444 2273 ob
1494 2224 1786 2279 secundam

206 2316 435 2354 causam
470 2318 632 2356 :nam
669 2292 1065 2373 apparitionem
1088 2309 1479 2378 magisiactam
1513 2311 1790 2369 celebrant

206 2396 335 2447 inse
358 2395 549 2449 natalis
581 2396 784 2451 Christi
814 2397 1063 2463 festo,23
1098 2398 1430 2468 Decembris,
1465 2414 1525 2458 ut
1558 2412 1705 2473 patet
1724 2419 1788 2459 ex

208 2486 454 2559 Menaeis.
485 2488 540 2542 8.
566 2488 1019 2560 Chrysostomus,
1052 2491 1214 2549 Hom:
1246 2494 1311 2550 de
1342 2496 1612 2563 baptismo
1634 2496 1791 2551 Chri-

202 2582 272 2635 sti
314 2599 331 2633 :
361 2580 531 2646 Quam
562 2583 623 2636 ob
653 2573 871 2637 cau'sam
922 2584 1032 2639 [nec
1076 2587 1437 2657 (solemnitas)
1479 2589 1787 2658 ἐπιφάνεια,

204 2675 317 2727 hoc
341 2684 421 2727 est
439 2674 722 2739 apparitio,
749 2678 1049 2744 appe'latur
1073 2680 1095 2732 Ρ
1116 2678 1255 2743 Quia
1285 2682 1530 2735 nimirum
1555 2698 1657 2735 non
1680 2699 1794 2735 om-

204 2765 365 2817 nibus
406 2765 720 2832 manifestus
754 2777 831 2819 est
860 2767 1119 2832 redditus.
1147 2787 1263 2823 cum
1291 2783 1451 2841 parta
1486 2781 1561 2825 est
1596 2773 1789 2834 editus.

202 2858 299 2910 srd
340 2873 457 2909 cum
485 2868 562 2911 est
591 2858 891 2926 baptizatus
926 2880 938 2915 :
975 2864 1101 2915 naui
1130 2867 1200 2916 ad
1246 2865 1383 2917 hunc
1439 2881 1601 2934 usque
1653 2865 1792 2919 diem

205 2948 368 3015 vulgo
392 2958 505 3000 erat
532 2950 764 3019 ignotus.
796 2950 937 3005 Nam
968 2944 1434 3023 incognitum‘eum
1464 2957 1629 3023 fuisse
1673 2956 1792 3009 vnl-

204 3057 295 3109 go,
336 3057 498 3109 neque
532 3045 777 3111 quisnam
809 3055 941 3099 esset
966 3045 1246 3115 plerosque
1303 3049 1534 3114 scivissa,
1588 3056 1793 3102 constat

1887 1961 2008 1997 num
2028 1946 2134 2014 agi,
2170 1959 2287 1996 cum
2316 1943 2555 2007 ecclesia,
2589 1942 2771 2010 inqua
2808 1940 2941 1992 hanc
2973 1941 3266 1993 orationem
3307 1940 3464 2003 dixit,

1886 2039 2078 2106 festum
2102 2037 2296 2089 natalis
2321 2034 2579 2089 celebrare
2618 2035 2834 2103 coeperit
2880 2034 3116 2100 diemque
3161 2034 3491 2105 nativitatis,

1887 2128 2201 2197 cognoverit.
2238 2127 2341 2182 Sed
2372 2128 2550 2181 oratio
2595 2126 2707 2180 haec
2759 2141 2865 2178 non
2922 2133 3006 2178 est
3062 2126 3463 2194 Clzrysostomi.

1888 2220 2044 2273 Patet
2070 2220 2117 2290 ι)
2148 2236 2211 2273 cx
2252 2219 2413 2290 style,
2443 2218 2498 2287 2)
2532 2218 2659 2287 quia
2695 2216 2849 2287 Cpoli
2876 2226 3000 2271 ante
3030 2216 3088 2270 S.
3134 2217 3469 2287 Chrysosto-

1888 2329 2037 2367 mum
2068 2311 2263 2365 festum
2326 2310 2623 2364 nativitatis
2657 2312 2943 2379 agebatur,
2976 2317 3031 2362 ut
3068 2320 3209 2378 patet
3238 2325 3299 2362 ex
3340 2326 3467 2363 ora-

1892 2404 2035 2457 tione
2068 2401 2395 2455 Nazianzeni
2424 2402 2477 2453 in
2512 2399 2767 2454 Natalem
2790 2399 3076 2453 Dominiet
3126 2416 3189 2455 ex
3240 2401 3344 2453 alia
3414 2402 3469 2453 in

1889 2494 2023 2546 diem
2042 2491 2339 2544 Luminum.
2375 2491 2428 2558 5)
2461 2489 2597 2554 Quia
2622 2489 2736 2557 ipse
2768 2497 2959 2541 auctor
3006 2488 3164 2553 hujus
3220 2490 3457 2542 humilia:

1882 2584 2019 2639 dicit
2042 2582 2273 2637 natalem
2296 2581 2625 2635 celebratum
2646 2590 2699 2633 et
2731 2579 3007 2650 cognitum
3043 2579 3213 2634 fuisse
3234 2595 3264 2632 a
3280 2577 3432 2632 Thra
3448 2606 3468 2618 -

1892 2678 1973 2730 cia
2006 2690 2175 2742 usque
2207 2673 2409 2727 Gades.
2454 2674 2519 2726 At
2546 2671 2734 2740 Cpolis
2758 2679 2840 2725 est
2865 2670 2917 2724 in
2970 2669 3228 2724 Thracia.
3284 2668 3473 2737 Neque

1892 2769 1997 2823 alia
2033 2766 2337 2838 cpiphania:
2364 2765 2461 2819 fuit
2499 2764 2639 2818 ratio
2668 2763 2700 2817 6
2729 2762 2978 2818 Januarii
3012 2778 3175 2831 quam
3210 2778 3355 2815 nunc
3377 2762 3467 2823 sit.

1894 2861 1996 2917 nisi
2065 2861 2203 2931 apud
2234 2874 2441 2929 paucos
2472 2873 2675 2928 eosque
2709 2857 2823 2911 fere
2854 2855 3164 2927 Egyptios,
3200 2857 3292 2924 qui
3319 2864 3473 2908 nata-

1894 2954 1998 3011 lem
2034 2952 2247 3008 Domini
2272 2951 2302 3006 6
2325 2950 2567 3004 Januarii
2594 2950 2838 3004 obibant.

1966 3046 2280 3116 Appellatur
2302 3041 2490 3099 eadem
2520 3041 2859 3113 “Epiphania:
2913 3042 3230 3097 solemnitas
3279 3040 3473 3108 festum

203 3150 270 3185 ex
309 3134 427 3185 istis
456 3131 681 3188 Joannis
703 3134 959 3204 Baptista:
1008 3136 1175 3191 verbis
1232 3137 1431 3193 Joan.t
1467 3154 1481 3190 :
1520 3156 1539 3189 ‹
1590 3139 1793 3193 Medius
1823 3156 1867 3216 ο
1899 3138 2203 3202 Luminum,
2228 3144 2341 3191 tum
2367 3136 2436 3189 ob
2462 3135 2816 3205 baptismum,
2850 3142 2963 3187 tum
3016 3134 3142 3204 quia
3166 3130 3471 3187 Christiani

205 3234 439 3279 vestrum
475 3228 640 3289 stetit,
670 3242 821 3295 quem
846 3244 930 3281 vos
957 3230 1185 3283 nescitis.
1229 3247 1246 3279 ι
1271 3228 1408 3292 Quid
1453 3246 1568 3284 vero
1587 3232 1801 3295 miram,

206 3321 251 3371 si
284 3318 380 3369 alii
415 3334 517 3369 non
544 3328 778 3383 nossent,
798 3320 1009 3388 quando
1036 3320 1187 3373 illum
1218 3321 1378 3373 etiam
1407 3322 1513 3391 ipse
1560 3322 1803 3390 Baptista

205 3411 277 3462 ad
317 3426 433 3463 eum
477 3425 641 3480 usque
663 3411 798 3464 diem
832 3412 1168 3481 ignorabat?
1217 3432 1234 3462 ι
1272 3411 1338 3466 Et
1371 3430 1465 3483 ego
1511 3416 1802 3469 nesciebam

206 3518 362 3565 eum,
400 3520 418 3552 ι
478 3503 673 3571 inquit.
703 3503 928 3574 Latinos
955 3504 1023 3558 ob
1077 3504 1579 3561 manilestalionem
1630 3506 1803 3572 magis

208 3594 411 3646 factum
446 3593 549 3647 hoc
585 3592 777 3648 festum
805 3593 957 3649 obire
986 3602 1133 3663 patet
1158 3609 1224 3650 ex
1276 3595 1517 3651 homiliis
1566 3593 1668 3652 SS.
1705 3596 1805 3651 Pa-

208 3697 383 3749 trum,
403 3684 462 3738 S.
486 3685 861 3754 Augustini,S.
890 3685 1107 3753 Leonis,
1136 3687 1194 3741 S.
1222 3685 1439 3741 Maximi
1468 3697 1521 3741 et
1543 3686 1801 3741 aliorum.

208 3779 374 3837 Patet
402 3778 544 3835 idem
584 3793 648 3832 ex
682 3777 1005 3835 Germanica
1038 3778 1403 3846 appellatione
1442 3778 1609 3847 hujus
1656 3779 1800 3844 festi,

210 3886 340 3939 quas
363 3880 451 3925 est
465 3868 651 3925 Trium
680 3883 888 3937 regum,
914 3870 1007 3921 der
1034 3868 1255 3937 Iteiligen
1286 3868 1398 3921 drei
1430 3866 1582 3938 Irtinig
1607 3877 1717 3937 tog.
1738 3867 1803 3921 Et

212 3963 415 4031 legitur
447 3959 793 4031 Evangelium
824 3958 880 4014 S.
915 3960 1158 4014 Matthzci
1210 3958 1277 4023 de
1335 3959 1568 4013 adventu
1619 3972 1803 4027 mago-

215 4071 361 4107 rum.
388 4051 499 4107 Nec
526 4052 682 4107 aliter
709 4052 944 4109 haeretici
970 4063 1076 4105 tam
1106 4053 1159 4107 in
1192 4053 1513 4122 quotidiano
1548 4065 1801 4105 sermone

216 4161 385 4216 quam
427 4146 481 4199 in
513 4143 841 4197 kalendariis
888 4145 1001 4200 suis
1059 4144 1163 4199 hoc
1226 4146 1423 4199 lcstum
1490 4144 1798 4214 nominant.

212 4255 381 4309 quam
414 4238 508 4291 der
530 4237 755 4307 heiligen
782 4236 895 4289 drei
923 4236 1217 4306 Itonig-tag.
1247 4237 1373 4291 lude
1415 4238 1579 4291 etiam
1630 4238 1802 4304 liquet

214 4345 483 4385 numerus
499 4344 805 4397 magorum,
827 4328 912 4381 die
931 4329 1156 4397 heiligen
1174 4329 1286 4382 drei
1301 4328 1512 4398 konige:
1534 4345 1641 4382 non
1659 4328 1798 4383 dici-

216 4431 307 4472 tur
328 4422 411 4471 die
434 4417 660 4488 Iteiligen
686 4420 791 4471 vier
813 4417 1016 4487 kottige,
1040 4419 1124 4470 die
1148 4418 1370 4486 liciligen
1396 4433 1564 4470 zween
1590 4418 1792 4487 konige.

1907 3230 2047 3285 diem
2074 3231 2218 3283 hunc
2250 3228 2495 3283 accensis
2518 3226 2691 3282 cereis
2725 3226 3003 3281 celebrare
3039 3231 3472 3277 consueverunt.

1906 3322 2192 3378 humilius
2220 3330 2409 3376 annot.
2447 3321 2515 3375 ad
2539 3328 2682 3377 orat.
2733 3319 2785 3372 iu
2816 3327 3003 3374 sancta
3027 3317 3280 3379 Lumina,
3307 3323 3359 3369 et
3379 3313 3449 3367 Ba
3468 3345 3480 3358 η

1907 3417 2094 3471 ronius
2124 3416 2189 3469 ad
2224 3412 2576 3483 Martyrolog.
2616 3411 2774 3464 Rom.
2809 3410 2841 3464 6
2872 3409 2997 3466 Jan.
3033 3409 3137 3464 Sed
3159 3407 3475 3462 exstititcui

1907 3511 2022 3565 hac
2053 3509 2238 3580 opinio
2266 3506 2496 3563 Billiana
2522 3516 2575 3560 et
2613 3504 2924 3559 Baroniana
2958 3518 3067 3557 non
3090 3502 3329 3571 placeret
3353 3509 3476 3551 tan—
3570 3566 3573 3569 _

1906 3617 2069 3672 quam
2105 3602 2261 3671 longe
2292 3616 2322 3654 a
2347 3614 2474 3654 vero
2499 3597 2795 3665 avia.Quid
2821 3603 3045 3665 estergo
3074 3593 3270 3647 festum
3293 3590 3481 3645 Lumi-

1906 3709 2035 3747 num
2067 3691 2114 3746 si
2147 3707 2256 3745 non
2298 3689 2602 3760 epiphania:
2634 3704 2730 3743 seu
2775 3686 3032 3754 baptismi
3094 3681 3299 3735 Christi
3323 3680 3346 3731 ?
3372 3678 3477 3733 Rc-

1905 3786 2138 3854 spondet
2167 3798 2294 3840 esse
2326 3782 2525 3837 festum
2555 3796 2665 3851 quo
2694 3778 2989 3848 quotannis
3011 3773 3308 3828 Christiani
3338 3772 3474 3838 bap-

1906 3874 2139 3929 tismatis
2176 3888 2206 3928 a
2237 3889 2297 3928 se
2354 3869 2600 3938 suscepti
2661 3866 2978 3921 memoriam
3032 3860 3369 3915 recolebam.
3421 3857 3479 3910 ιιι

1906 3964 2103 4034 probat
2128 3977 2191 4015 ex
2222 3960 2476 4014 oratione
2494 3954 2920 4025 quadragesima
2958 3948 3311 4011 Nazianzcni,
3357 3961 3481 4014 qua:

1904 4068 1988 4115 cst
2010 4061 2062 4113 in
2094 4073 2304 4112 sacram
2329 4054 2668 4122 baptismum,
2698 4049 2790 4104 ubi
2820 4050 2873 4102 in
2911 4049 3031 4117 ipsa
3053 4045 3235 4099 statim
3255 4042 3480 4097 exordio

1906 4149 2005 4203 ista
2040 4148 2292 4216 leguntur
2324 4161 2337 4198 :
2375 4141 2509 4196 ﬂeri
2527 4141 2860 4211 splendidum
2890 4140 3150 4192 luminum
3183 4137 3319 4188 diem
3345 4134 3480 4188 cele-

1904 4240 2205 4303 bravimus;
2243 4236 2467 4291 salutem
2484 4236 2623 4288 enim
2648 4243 2881 4288 nostram
2896 4231 3085 4285 laetitia
3104 4228 3481 4296 prosequimu-

1903 4332 2155 4395 veniebat,
2179 4346 2240 4385 ac
2272 4330 2434 4382 multo
2456 4328 2665 4397 quidem
2690 4326 2859 4391 magis
2882 4339 3041 4395 quam
3083 4322 3259 4376 carnis
3320 4317 3480 4371 amici

1903 4426 2013 4478 dies
2036 4439 2122 4479 eos
2148 4422 2431 4492 quotannis
2455 4421 2715 4474 celebrant
2746 4420 2931 4490 quibus
2954 4416 3030 4473 vel
3056 4417 3166 4469 nati
3203 4413 3277 4467 vel
3297 4412 3485 4465 matri-

289 4509 506 4565 Murose
540 4509 835 4563 admodum
862 4509 929 4563 de
954 4509 1175 4575 regibus
1204 4508 1795 4563 disseritCasaubouus
1826 4503 1877 4563 D
1906 4516 2080 4569 ηιοηξο
2105 4515 2279 4581 juncti
2303 4506 2445 4576 sunt,
2478 4512 2553 4566 vel
2582 4527 2766 4565 nomen
2790 4517 3119 4577 acceperunt,
3147 4506 3223 4559 vel
3251 4513 3385 4557 certe
3406 4505 3484 4556 in-

220 4604 274 4655 in
305 4603 340 4655 2
360 4602 656 4657 Exercitat.
687 4609 879 4656 contra
912 4599 1229 4664 Barouium,
1256 4610 1309 4653 et
1329 4600 1543 4654 tandem
1564 4614 1628 4653 eo
1650 4599 1797 4652 venit

219 4705 280 4749 ut
311 4694 530 4763 regulos
566 4692 737 4748 fuisse
770 4706 876 4745 non
906 4690 1220 4753 diliiteatur,
1251 4690 1539 4743 dummodo
1578 4689 1657 4741 ita
1674 4704 1797 4742 sett-

221 4790 320 4839 tire
352 4786 425 4840 vel
466 4802 569 4840 non
597 4785 791 4839 sentire
814 4782 1099 4853 unicuique
1122 4783 1190 4836 sit
1226 4782 1470 4847 liberum,
1496 4797 1664 4850 neque
1704 4798 1797 4834 ar-

222 4880 412 4933 ticnlus
437 4879 562 4946 ﬁdei
597 4879 717 4931 inde
746 4878 999 4932 sudatur.
1036 4878 1167 4940 Quis
1226 4891 1324 4945 pro
1354 4868 1614 4929 'articulo
1671 4875 1797 4929 lidei

224 4971 326 5025 hoc
360 4971 526 5024 habet
557 4970 578 5021 ἲ
616 4967 942 5022 Communis
970 4977 1024 5023 et
1056 4973 1139 5022 est
1177 4975 1233 5021 et
1266 4966 1370 5021 fuit
1402 4966 1685 5034 persuasio
1732 4966 1798 5019 ti-

219 5064 421 5119 dcliutn
459 5078 474 5125 ;
502 5076 533 5116 a
558 5076 666 5129 qua
700 5069 917 5128 propter
946 5059 1285 5113 ratiunculas
1318 5057 1399 5111 vel
1442 5057 1624 5126 potius
1658 5059 1798 5113 stul—

222 5157 369 5208 titias
410 5152 800 5207 Calvinisticas
846 5150 1126 5206 discedere
1157 5165 1346 5221 parum
1365 5151 1679 5206 consultum
1706 5161 1801 5206 aut

224 5245 522 5310 expediens
542 5252 650 5299 est.

293 5337 456 5407 305.
505 5336 770 5392 Μαι-θείας
792 5339 970 5394 adhuc
1011 5341 1462 5408 grammatieatur
1514 5343 1657 5397 idem
1702 5342 1802 5395 Ca-

228 5431 503 5483 saubouus
517 5430 584 5483 de
602 5430 820 5485 nomine
837 5429 961 5485 festi
990 5433 1224 5487 Exercit.
1253 5449 1301 5487 c.
1330 5433 1422 5487 15.
1442 5433 1797 5503 Epiphaniam

228 5519 368 5573 enim
397 5535 493 5574 seu
527 5521 908 5590 theophaniam
943 5525 1123 5592 potius
1177 5534 1486 5595 competere
1531 5526 1798 5580 nativitati

229 5610 427 5666 Christi
460 5631 473 5667 :
502 5618 634 5667 tunc
664 5617 808 5669 enim
843 5618 1006 5670 etiam
1040 5618 1234 5685 ἐφάνη.
1266 5620 1541 5687 apparuit,
1569 5621 1803 5673 maxime

235 5700 560 5764 pastoribus,
579 5708 686 5754 etc.
713 5700 933 5758 Veteres
961 5705 995 5758 6
1022 5703 1270 5761 Januarii
1295 5707 1601 5762 celebrasse
1632 5708 1794 5762 Nata-

236 5794 333 5844 tcut
362 5788 600 5854 Domini,
627 5799 679 5843 ct
717 5790 833 5848 ideo
858 5793 996 5848 diem
1027 5795 1201 5858 illum,
1254 5795 1325 5850 ob
1356 5805 1539 5849 uatum
1593 5796 1799 5852 scilicet

1904 4617 1982 4661 ter
1986 4608 2200 4675 juvenes
2230 4603 2723 4670 ceasericwperunt,
2744 4600 2819 4653 vel
2859 4600 3027 4653 locum
3059 4598 3283 4665 aliquem
3315 4596 3484 4664 primo

1901 4698 2250 4763 incoluerunt,
2280 4696 2357 4751 vel
2384 4710 2691 4765 quacunque
2708 4695 2912 4746 demum
2934 4690 3057 4765 alia.
3072 4688 3133 4740 de
3152 4703 3319 4739 causa
3342 4702 3485 4738 mor-

1904 4790 2037 4844 tales
2067 4791 2260 4858 festum
2286 4790 2424 4842 diem
2460 4795 2644 4857 agunt.
2670 4785 2838 4837 Hodie
2866 4783 2928 4835 de
2958 4780 3215 4848 baptismo
3246 4788 3293 4831 et
3337 4777 3485 4829 bene-

1903 4879 2022 4945 ﬁcio
2041 4878 2160 4930 hinc
2183 4885 2389 4945 accepto
2416 4878 2484 4929 ad
2512 4892 2603 4927 nos
2637 4881 2882 4927 manante
2901 4871 3238 4923 disseremus.
3261 4867 3335 4919 Ex
3360 4866 3481 4934 qui-

1903 4972 2007 5027 bus
2035 4970 2216 5025 verbis
2249 4970 2458 5038 colligit
2492 4970 2683 5037 festum
2706 4965 2989 5017 Luminum
3020 4963 3155 5016 nihil
3182 4960 3327 5031 aliud
3349 4958 3482 5012 luis--

1904 5080 1964 5118 se
1997 5079 2160 5131 quam
2192 5063 2442 5132 baptismi
2468 5062 2534 5115 ab
2569 5073 2897 5128 unoquoque
2932 5054 3180 5124 suscepti
3232 5068 3479 5105 comme-

1906 5154 2291 5207 morationem.
2321 5151 2425 5206 Sed
2463 5147 2805 5220 persuasioui
2833 5146 2958 5200 huic
2985 5145 3275 5199 manifeste
3302 5144 3481 5197 Obstat.
3548 5196 3549 5199 η

1906 5248 1959 5301 lu
1991 5243 2184 5316 primis
2218 5242 2448 5310 ipsemet
2474 5239 2870 5300 Nazianzenus,
2905 5236 2997 5305 qui
3045 5235 3243 5289 festum
3289 5232 3477 5284 lnuni-

1906 5354 2035 5393 unm
2064 5345 2250 5405 aperte
2283 5332 2525 5385 nominat
2553 5328 2748 5382 festum
2790 5327 3130 5396 baptismatis
3147 5325 3352 5378 Christi
3380 5339 3471 5375 sua

1904 5423 2390 5500 epiphauite,305
2409 5414 2624 5494 quando
2642 5422 2891 5477 Christus
2916 5422 2966 5473 in
2985 5418 3218 5473 Jordaue
3249 5417 3485 5485 haptiza~

1906 5533 1996 5577 tus
2017 5521 2216 5574 mundo
2242 5518 2527 5586 apparuit:
2552 5515 2631 5569 sic
2649 5515 2792 5569 cuitu
2817 5515 2921 5568 ait:
2949 5511 3174 5566 Sanctus
3200 5510 3483 5563 Lumiunnt

1907 5615 2043 5676 dies,
2065 5610 2132 5663 ad
2160 5626 2312 5679 quem
2339 5608 2661 5676 pervenimus
2690 5622 2938 5675 quemque
2953 5605 3102 5657 hodie
3134 5604 3308 5655 divino
3339 5600 3482 5653 bcnc<

1906 5704 2027 5773 ﬁcio
2050 5701 2555 5766 celebravimuser
2586 5696 2847 5767 principio
2875 5695 3084 5765 quidem
3116 5694 3312 5747 Christi
3360 5693 3479 5751 mei,

1904 5798 1998 5851 [ωε
2014 5803 2087 5849 est
2121 5810 2247 5849 verat
2269 5793 2421 5857 lucis,
2448 5807 2649 5865 onmem
2669 5790 2925 5843 hominem
2942 5790 2993 5842 in
3015 5787 3261 5842 mundum
3289 5789 3488 5841 venien-
