3952 6222
468 315 577 376 339

1569 327 1651 387 IN
1696 327 1996 388 LIBRUM
2036 332 2134 391 DE
2165 333 2626 400 OFFICIISEP.

3588 343 3699 407 3ίο

469 440 571 483 tem
626 430 1004 496 illuminantis,
1071 433 1389 502 baptismum
1460 440 1636 505 liabet,
1709 460 1874 498 meam
1946 465 2027 502 au-

2150 453 2599 526 ἀπολυτρώσεως,
2634 461 2730 530 τὴν
2761 460 3009 529 εὐλογίαν
3033 461 3127 514 τοῦ
3171 461 3452 531 Ἰορδάνου.
3477 463 3710 532 Ποίησον

468 532 571 575 tem
622 538 825 591 quoque
876 526 1241 594 purgationem
1300 539 1569 596 operatur.
1632 531 1697 587 Et
1747 545 1871 604 post
1923 538 2040 592 lon-

468 630 590 683 gam
659 615 726 668 de
785 614 1057 683 baptismo
1124 618 1326 675 Christi
1381 608 1802 693 disputationem
1840 668 1855 692 ,
1891 630 2034 687 hanc

464 706 533 757 ad
568 706 737 773 ipsam
789 709 1304 769 orationis-calcem
1358 714 1622 770 subinlert
1673 720 1975 786 partenesin
2022 742 2034 777 :

464 798 574 848 Nos
609 805 778 848 autem
813 796 966 851 hodie
1013 798 1211 854 Christi
1241 802 1552 871 baptismum
1596 810 1787 863 honore
1813 812 2040 879 comple-

469 894 676 937 (tamur
706 903 769 938 ac
820 887 1010 953 festum
1064 890 1275 945 honeste
1327 894 1639 951 celebremus
1663 938 1677 962 ,
1710 916 1813 952 non
1847 903 2039 956 uentris

467 975 668 1027 deliciis
715 993 921 1044 operam
970 981 1309 1047 dantes,sed
1358 988 1702 1055 spiritualiter
1754 1009 1845 1047 nos
1901 996 2037 1061 ipsos

467 1065 803 1122 oblectantes.
836 1067 911 1121 lta
970 1072 1133 1125 etiam
1194 1074 1512 1145 Gregorium
1562 1081 1842 1138 intellexit
1880 1084 2039 1141 Nice-

467 1168 550 1209 tas
606 1159 924 1233 scholiastes
978 1164 1115 1230 eius.
1152 1165 1307 1228 Quod
1351 1169 1533 1223 itidem
1576 1186 1642 1226 ex
1677 1174 2036 1245 inscriptione

466 1245 657 1311 liquet,
687 1266 805 1316 qua:
832 1262 914 1304 est
944 1251 1048 1304 ista
1085 1270 1097 1306 :
1137 1256 1226 1316 Et;
1263 1256 1327 1308 τὰ
1357 1258 1488 1325 ἅγια
1512 1263 1665 1328 φῶτα
1703 1264 1813 1316 τῶν
1842 1267 2036 1335 ὲπιφα·

466 1340 594 1390 νίων
625 1339 797 1407 λόγος.
827 1343 970 1395 Idem
989 1344 1205 1412 planum
1233 1348 1288 1400 tit
1317 1363 1381 1400 ex
1405 1349 1697 1408 ritualibus
1723 1353 2035 1413 Graecorum

464 1428 643 1491 libris,
670 1432 758 1483 ubi
795 1435 1110 1502 προεᾶρτιον
1152 1436 1259 1488 τῶν
1316 1437 1509 1507 φώτων
1563 1444 1696 1498 nihil
1749 1455 1831 1501 est
1891 1448 2035 1503 aliud

463 1534 623 1585 quam
661 1521 960 1589 profestum
981 1526 1273 1593 epiphania:
1298 1543 1392 1583 seu
1428 1534 1787 1601 apparitionis
1836 1538 2036 1595 Christi

465 1610 531 1663 ad
565 1609 876 1677 Jordauem,
904 1616 1121 1684 quando
1152 1616 1203 1670 in
1227 1616 1465 1676 Iordane
1494 1623 1799 1694 baptizatus
1831 1638 1935 1696 est,
1955 1630 2036 1700 ip-

463 1714 695 1769 sumque
734 1701 931 1757 festum
967 1705 1055 1759 die
1079 1717 1231 1761 sexto
1257 1708 1499 1765 Januarii
1529 1718 1668 1783 apud
1703 1718 1924 1775 Graecos
1945 1730 2027 1776 ceé

462 1789 669 1845 lebrari’
694 1794 912 1848 solitum
936 1786 1233 1879 appellatur
1253 1799 1413 1871 ἑορτὴ
1456 1803 1565 1856 τῶν
1608 1806 1805 1873 φώτων
1832 1811 2028 1879 ;cujns

462 1883 836 1950 appellationis
859 1902 919 1938 ca
939 1876 1022 1941 est
1046 1890 1204 1953 ratio,
1238 1891 1363 1959 quia
1399 1893 1697 1952 Christiani
1729 1914 1795 1954 co
1835 1876 1949 1956 diei
1975 1905 2026 1958 in

463 1975 689 2029 ecclesia
717 1986 769 2031 et
790 1978 918 2032 alibi
950 1980 1117 2047 faces,
1137 1998 1341 2047 cereos,
1367 1987 1618 2043 lucernas
1640 1994 2028 2065 accendebant,

462 2072 522 2116 nt
555 2065 629 2119 ait
659 2065 897 2131 Nicctas,
928 2070 982 2123 in
1005 2072 1263 2128 honorem
1290 2076 1549 2146 baptizati
1576 2081 1801 2147 Christi,
1827 2087 1917 2153 qui
1946 2102 2031 2141 ve-

460 2169 523 2207 ra
552 2154 641 2209 lux
676 2166 855 2227 est,et
886 2161 1137 2232 baptismi
1164 2167 1231 2219 ab
1259 2168 1376 2236 ipso
1416 2169 1667 2235 instituti,
1692 2174 1783 2240 qui
1825 2185 1877 2230 et
1918 2177 2031 2245 ipse

462 2245 577 2312 φῶς
606 2251 697 2301 καὶ
741 2254 1017 2323 φωτισμὸς
1051 2258 1383 2327 nominatur,
1418 2269 1477 2314 ut
1505 2273 1662 2317 antea
1687 2264 1953 2323 diximus.

532 2337 800 2394 Caeterum
828 2343 982 2398 locus
1007 2360 1071 2399 ex
1104 2349 1349 2403 oratione
1380 2351 1446 2405 de
1477 2352 1749 2421 baptismo
1787 2372 1938 2411 nova:
1968 2357 2031 2411 il-

460 2429 497 2485 li
526 2432 764 2502 opinioni
796 2435 1243 2507 nibiladjumcnti
1274 2456 1305 2495 a
1327 2441 1489 2498 llert:
1529 2460 1654 2498 nam
1681 2445 2028 2515 baptismum,

463 2540 624 2591 quem
656 2526 909 2584 Christus
967 2534 1231 2599 suscepit,
1289 2543 1447 2588 vocat
1500 2536 1725 2590 salutem
1776 2548 2026 2605 nostram,

461 2617 624 2687 quia,
650 2629 707 2673 ut
737 2617 926 2675 Patres
953 2622 1101 2691 loqui
1134 2623 1330 2684 solent.
1354 2623 1600 2680 Christus
1631 2628 1897 2697 baptismo
1931 2647 2030 2685 suo

462 2726 638 2780 aquas
676 2713 1042 2767 sanctilicavit
1068 2724 1121 2768 et
1174 2726 1379 2770 nostra:
1416 2718 1579 2771 saluti
1617 2719 1670 2772 in
1706 2720 2029 2789 baptismate

464 2818 566 2855 suo
621 2802 983 2869 procurandae
1040 2805 1355 2859 destinavit.
1388 2816 1442 2861 et
1477 2808 1786 2864 salutiferas
1829 2811 2026 2870 eﬂ‘ecit.

463 2892 759 2954 Quorcirca
800 2902 1222 2947 consentaneum
1278 2911 1399 2950 esse
1426 2897 1500 2950 ait
1533 2898 1925 2965 Nazianzenus,
1972 2911 2029 2956 ut

461 2982 599 3035 sicut
630 2983 720 3034 alii
779 2983 918 3037 diem
982 2985 1216 3038 natalem
1278 3001 1461 3052 suum,
1521 2988 1852 3044 matrimonii
1887 3000 1938 3044 et
1974 2991 2024 3045 id

460 3087 635 3141 genus
667 3072 801 3127 alios
832 3075 1121 3143 quotannis
1167 3075 1462 3142 celebrant,
1499 3058 1770 3133 iisetiam
1802 3080 2026 3134 salutem

2144 545 2277 598 αὐτὸ
2309 547 2619 617 ἀφθαρσίας
2671 552 2870 620 πηγὴν,
2907 553 3175 621 ἀγιασμοῦ
3231 554 3423 622 δῶρον,
3457 555 3709 623 ἁμαρτη-

2145 634 2329 699 μάτων
2358 636 2632 708 λυτήριον,
2660 643 2978 712 νοσημάτων
3023 644 3394 713 ἁλεξητήριον,
3456 645 3713 711 δαίμοσιν

2141 719 2403 790 ὀλέθριον,
2431 729 2548 789 ταῖς
2577 729 2845 793 ἐναντίαις
2867 732 3159 801 δυνάμεσιν
3186 733 3502 801 ἀπρόσιτον,
3535 736 3711 803 ans-

2141 809 2299 880 λικῆς
2329 814 2510 884 ἰσχύος
2550 819 3002 890 πεπληρωμένον,
3034 822 3119 874 ἵνα.
3151 823 3351 885 πάντες
3378 824 3427 875 οἱ
3460 825 3707 893 ἀρυόμεο

2140 904 2339 956 venatui.
2393 905 2903 977 μεταλαμϐάνοντες
2958 912 3134 982 ἔχοιεν
3169 913 3300 965 αὐτὸ
3350 915 3483 984 πρὸς
3537 915 3710 967 καθα-

2142 991 2335 1060 ρισμδν
2362 994 2549 1064 ψυχῶν
2577 1000 2671 1052 καὶ
2700 1000 2988 1069 σωμάτων,
3044 1003 3178 1072 arpi);
3229 1002 3441 1070 ἔατρίαν
3490 1003 3708 1068 παθῶν,

2139 1081 2275 1148 πρὸς
2306 1082 2595 1154 ἁγιασμδν,
2629 1088 2764 1158 πρὸς
2820 1091 3000 1144 πᾶσαν
3050 1090 3318 1159 ὠφέλειαν
3378 1091 3707 1161 ἐπιτήδειον.

2139 1168 2248 1225 Nec
2274 1172 2328 1225 in
2354 1174 2477 1228 aula
2502 1177 2705 1243 solum,
2736 1180 2833 1233 sed
2866 1182 2915 1233 in
2949 1180 3067 1234 aliis
3091 1181 3346 1235 omnibus
3379 1180 3713 1236 Graecanicis

2118 1262 2389 1320 ecclesiis
2416 1281 2560 1335 aqua
2590 1272 2693 1323 hoc
2730 1268 2815 1323 die
2858 1269 3303 1334 benedicchatur,
3362 1270 3524 1325 etiam
3557 1271 3711 1340 apud

2138 1348 2443 1421 Ethiopas,
2467 1357 2558 1425 qui
2582 1357 2748 1411 hodie
2776 1359 2938 1415 undis
2966 1375 3073 1413 non
3106 1360 3268 1415 modo
3299 1374 3359 1415 sc
3385 1369 3708 1429 aspergunt,

2138 1439 2229 1497 sed
2262 1452 2315 1499 et
2347 1446 2563 1514 penitus
2591 1448 2942 1518 immergunt.
2975 1449 3041 1503 Et
3070 1450 3255 1505 lideles
3287 1450 3434 1506 circa
3465 1451 3709 1504 mediam

2138 1540 2379 1596 noctem,
2403 1547 2523 1602 quae
2545 1532 2745 1588 festum
2777 1537 3072 1601 antecedit,
3104 1536 3173 1591 ob
3213 1538 3566 1592 reverentiam
3603 1537 3712 1593 ba-

2136 1620 2319 1688 ptismi
2349 1637 2458 1691 quo
2496 1623 2755 1680 Salvator
2787 1636 2981 1681 noster
3017 1627 3218 1682 tinctus
3264 1637 3372 1692 cst,
3443 1638 3711 1697 aquatum

2140 1709 2309 1775 ibant,
2340 1714 2720 1783 unusquisque
2746 1715 2813 1769 ad
2845 1718 3060 1770 obvium
3116 1718 3218 1771 sibi
3262 1719 3492 1783 fontem,
3523 1719 3714 1772 rivum

2131 1808 2225 1850 aut
2256 1799 2505 1867 ﬂuvium,
2560 1806 2649 1857 cui
2713 1820 2866 1874 aquae
2901 1806 3044 1860 Deus
3076 1799 3217 1860 hinc
3267 1808 3716 1862 benedictionem

2133 1888 2466 1957 largiebatur
2524 1902 2583 1946 ut
2624 1895 2808 1949 multis
2867 1896 3027 1949 annis
3079 1897 3391 1965 incorrupta
3430 1905 3713 1953 maneret.

2131 1976 2313 2034 Testis
2348 1980 2589 2049 locuples
2621 1983 2784 2052 hujus
2812 1985 2888 2040 rei
2944 1984 3000 2039 S.
3036 1987 3484 2057 Chrysostomus,
3546 1986 3718 2043 hom.

2128 2068 2194 2122 de
2224 2070 2491 2139 baptismo
2523 2074 2724 2129 Christi
2768 2084 2895 2129 tom.
2926 2076 2966 2129 ν
3001 2093 3226 2145 operum
3254 2075 3598 2131 Graecorum.
3630 2075 3717 2129 In

2128 2160 2226 2212 hac
2249 2163 2581 2217 solemnitate
2618 2165 2961 2235 (Cpiphanim,
2994 2183 3101 2236 qua
3136 2166 3310 2222 Grzeci
3347 2168 3517 2234 μέγαν
3542 2168 3720 2234 ἁγια-

2131 2250 2266 2318 σμόν
2295 2251 2593 2323 celebrant)
2620 2255 2717 2308 sub
2769 2257 2997 2309 mediam
3040 2266 3239 2311 noctem
3285 2273 3462 2311 omnes
3507 2257 3712 2325 ὑδρευ-

2132 2344 2354 2411 σάμενοι
2384 2359 2500 2396 cum
2524 2361 2716 2414 aquam
2767 2347 3079 2415 acceperint,
3111 2349 3324 2399 domum
3357 2347 3535 2399 latices
3566 2347 3715 2414 refe-

2130 2444 2253 2485 runt
2284 2450 2345 2487 ac
2375 2437 2661 2491 recondunt
2689 2448 2737 2508 et
2757 2438 3134 2508 perintegrum
3153 2456 3345 2492 annum
3367 2449 3714 2498 conservant.

2129 2532 2308 2591 utpote
2341 2526 2477 2595 quod
2511 2506 2767 2581 hodierna
2788 2529 2872 2582 die
2892 2506 3237 2597 sanctificata'
3264 2531 3371 2583 sint
3401 2544 3549 2597 aqua:
3577 2529 3715 2596 (per

2129 2616 2457 2686 baptismum
2501 2620 2702 2677 Christi
2741 2624 2792 2676 in
2822 2622 3115 2691 Iordane);
3167 2626 3326 2694 ﬁtque
3379 2624 3707 2678 miraculum

2126 2708 2352 2773 eridens,
2388 2712 2514 2764 dum
2551 2713 2685 2767 nihil
2727 2717 2972 2785 temporis
3003 2715 3380 2786 longinquitate
3438 2733 3711 2784 aquarum

2129 2798 2344 2852 illarum
2368 2812 2561 2855 natura
2589 2805 2828 2867 vitiatur,
2850 2807 2943 2859 sed
2959 2806 3160 2874 integro
3184 2823 3342 2871 anno,
3376 2818 3531 2877 atque
3558 2808 3707 2881 adeo

2128 2888 2336 2946 biennio
2374 2903 2421 2945 et
2458 2895 2681 2949 triennio
2707 2910 2861 2964 sa'pe,
2885 2912 3000 2965 qua:
3033 2898 3187 2951 hodie
3229 2897 3330 2964 fuit
3363 2899 3574 2964 hausto,
3610 2904 3709 2956 iu—

2128 2992 2378 3049 corrupta
2406 2993 2455 3035 et
2482 3001 2654 3039 recens
2675 2968 2966 3053 permanet,
2992 3005 3054 3041 ac
3065 2997 3181 3057 post
3212 2996 3421 3044 tantum
3450 2998 3707 3061 temporis

2130 3088 2243 3123 cum
2276 3073 2340 3125 iis
2369 3089 2483 3141 qute
2507 3089 2671 3142 nuper
2716 3076 2911 3143 fuerint
2942 3092 2969 3128 e
2991 3076 3223 3145 fontibus
3249 3078 3452 3133 educta:
3503 3091 3702 3136 certat.

460 3173 723 3223 nostram,
784 3164 889 3218 hoc
944 3174 1028 3220 cst
1072 3166 1340 3236 baptisma
1374 3167 1601 3237 Christi,
1657 3172 2024 3226 anniversaria
2054 3167 2096 3224 C
2130 3159 2255 3215 Haec
2304 3161 2362 3217 S-
2399 3163 2842 3235 Chrysnslomus-
2884 3168 3023 3231 Quid
3063 3184 3191 3224 vero
3225 3170 3283 3225 S.
3337 3169 3703 3240 Epiphanius.

408 3310 411 3315 ρ
461 3255 717 3322 panegyri
746 3255 1113 3313 celebremus.

529 3343 742 3399 Maneat
773 3362 924 3417 ergo,
950 3347 1145 3403 festum
1180 3350 1469 3405 Luminum
1496 3366 1614 3415 esse
1658 3352 1857 3409 festum
1918 3358 2034 3425 epi-

459 3435 672 3505 phanirc
703 3453 797 3493 seu
818 3440 1295 3511 ephiphaniorum,
1316 3446 1531 3513 quando
1552 3445 1811 3503 Dominus
1837 3448 1889 3503 iu
1907 3448 2029 3505 Jor-

460 3529 599 3584 dane
634 3531 933 3599 baptizatus
963 3534 1165 3589 mundo
1190 3537 1439 3605 apparuit
1477 3546 1528 3591 ct
1585 3547 1645 3591 ut
1694 3539 2029 3595 fortunatum

461 3621 614 3675 sidus
650 3621 961 3678 felicissime
995 3625 1191 3680 illuxit:
1230 3627 1370 3681 hanc
1397 3629 1540 3682 enim
1597 3629 1765 3683 solam
1816 3629 2030 3685 Domini

382 3708 386 3713 ’
460 3714 805 3782 epiphaniam
849 3732 943 3770 seu
1002 3719 1395 3786 apparitionem
1442 3720 1712 3788 baptismo
1765 3722 2028 3777 illustnem

462 3799 631 3857 Graeci
668 3806 970 3859 solemnem
1013 3807 1238 3872 habent,
1271 3823 1369 3863 nec
1408 3809 1475 3863 de
1541 3811 1880 3879 apparitione
1916 3828 2029 3865 ma-

461 3894 543 3960 gis
574 3893 715 3949 facta
749 3898 1077 3952 mentionem
1108 3898 1271 3952 ullam
1321 3913 1386 3953 eo
1433 3899 1651 3968 quidem
1682 3901 1768 3955 die
1804 3901 2027 3967 faciunt,

461 4000 584 4040 eum
618 3987 795 4041 Latini
845 3990 1181 4058 potissimum
1250 3991 1337 4044 die
1369 4000 1523 4045 sexto
1553 3990 1794 4046 Januarii
1832 3995 2030 4048 solem-

463 4077 607 4131 niter
632 4080 871 4132 recolant
891 4081 1233 4149 cpiphaniam
1258 4096 1352 4135 seu
1380 4082 1892 4147 manilestationem,
1923 4099 2028 4154 qua

462 4156 715 4221 Christus
747 4169 927 4225 iulans
976 4171 1331 4225 orientalibus
1371 4173 1543 4242 magis
1592 4189 1711 4228 sese
1744 4175 2029 4244 patefecit;

461 4258 679 4310 tametsi
710 4273 813 4312 nec
844 4258 989 4312 illam
1056 4260 1270 4327 penitus
1304 4260 1576 4328 negligant
1606 4278 1726 4329 quae
1780 4263 1917 4317 facta
1949 4273 2032 4319 est

462 4345 527 4397 ad
556 4343 851 4399 Iordanem
899 4347 952 4399 in
1001 4347 1292 4414 baptismo,
1326 4363 1422 4401 nec
1470 4349 1612 4402 illam
1646 4363 1765 4416 quae
1801 4350 2031 4420 contigit

465 4437 518 4487 in
566 4437 766 4503 nuptiis
834 4438 884 4491 in
916 4437 1060 4490 Cana
1091 4438 1343 4501 Caliltcaa,
1393 4437 1610 4506 qu’ando
1666 4440 1897 4507 primum
1952 4442 2029 4496 si-

464 4543 626 4594 gnum
664 4528 809 4581 fecit.
850 4527 985 4582 lliuc
1023 4528 1172 4583 canit
1213 4529 1484 4583 Ecclesia:
1520 4528 1707 4583 Tribus
1759 4532 2027 4587 miraculis

464 4628 707 4671 ornatum
783 4619 919 4673 diem
979 4630 1217 4674 sanctum
1276 4620 1517 4674 colimus.
1569 4619 1635 4674 Et
1696 4630 1882 4674 octava
1911 4623 2027 4692 epi-

464 4711 675 4777 phanile
728 4712 1066 4779 potissimum
1118 4712 1441 4781 apparitioni
1525 4712 1590 4765 ad
1640 4708 1927 4765 Jordanem
1976 4714 2028 4767 in

460 4802 729 4871 baptismo
773 4805 1073 4867 dedicatur,
1147 4813 1205 4857 ut
1276 4804 1496 4872 planum
1571 4801 1628 4856 lit
1672 4817 1737 4856 ex
1774 4802 2029 4859 Romanae

458 4896 715 4951 Ecclesiae
742 4897 1028 4951 ritualibus
1056 4896 1228 4950 libris.

532 4992 588 5044 P.
619 4992 709 5047 05.
751 4991 1044 5057 'Aytarrpé';
1060 5005 1151 5044 seu
1181 4989 1496 5043 consecratio
1526 4999 1573 5044 et
1591 4992 1821 5058 aspersio
1858 5005 2023 5059 aqum.

462 5083 647 5137 Primo
678 5083 768 5135 die
810 5081 1075 5150 cujusque
1108 5081 1311 5134 mensis
1342 5096 1481 5149 aqua
1513 5079 1934 5134 bcnedicchatnr
1974 5089 2026 5133 et

459 5190 522 5227 ex
548 5174 829 5229 benedicta
853 5174 1102 5227 homines
1128 5172 1552 5240 aspergebantur
1577 5172 1627 5223 in
1659 5171 1861 5239 palatio
1886 5170 2025 5238 Cpo-

462 5265 661 5329 litano,
692 5279 924 5334 excepto
951 5263 1235 5329 Januario,
1279 5278 1386 5329 quo
1418 5262 1468 5315 id
1509 5261 1668 5316 ﬁebat
1703 5262 1789 5317 die
1842 5270 2019 5325 sexto,

436 5360 566 5419 bl.0c
605 5366 687 5411 est
737 5357 791 5410 in
833 5357 945 5425 ipsa
983 5354 1267 5423 epiphania
1312 5352 1547 5415 Domini,
1602 5361 1655 5405 ct
1691 5343 2018 5419 Septembri,

460 5465 571 5516 quo
610 5449 661 5501 id
708 5448 866 5501 ﬁebat
904 5448 991 5499 die
1030 5446 1094 5497 ll
1135 5444 1186 5497 in
1221 5444 1335 5511 ipsa
1367 5443 1697 5498 exaltalione
1728 5441 1785 5495 S.
1818 5444 2019 5497 crucis.

462 5535 660 5590 Forma
696 5534 1074 5589 benedicendec
1104 5548 1259 5601 aqua:
1289 5539 1464 5585 exstat
1511 5546 1574 5585 ex
1639 5530 1838 5586 Memno
1872 5532 1960 5587 dic
1989 5530 2022 5585 6

467 5627 707 5681 .'anuarii
732 5637 783 5680 ct
806 5628 856 5679 in
885 5625 1235 5693 Euchelogin,
1266 5632 1318 5676 ct
1345 5632 1427 5675 cst
1457 5622 1558 5676 ista
1592 5639 1604 5675 :
1641 5620 1802 5691 306
1836 5623 2019 5688 Ἀγία-

470 5734 561 5772 σδν
616 5720 672 5771 τὸ
725 5718 863 5789 ὕδωρ
919 5719 1090 5781 τοῦτο,
1130 5718 1216 5770 καὶ
1270 5715 1353 5777 δὸς
1403 5714 1544 5781 αὐτῷ
1598 5712 1694 5777 τὴν
1732 5715 1890 5782 χάριν
1924 5714 2019 5784 τῆς

2134 3253 2327 3308 Ιιιθιοδί
2358 3255 2461 3309 5i?
2518 3255 2651 3309 Mira
2694 3257 2975 3324 nimirum,
3008 3275 3073 3314 eo
3106 3260 3225 3329 ipso
3253 3261 3418 3326 festo,
3475 3264 3579 3319 hoc
3611 3276 3706 3320 est

2131 3354 2285 3401 sexto
2311 3346 2395 3400 die
2424 3344 2690 3411 Januarii,
2723 3346 2774 3399 in
2808 3344 3127 3403 memoriam
3185 3351 3381 3419 patrati
3414 3366 3444 3404 a
3472 3350 3701 3407 Christo

2131 3438 2400 3505 miraculi,
2422 3438 2684 3507 quosdam
2717 3437 2892 3494 fontes
2926 3449 3089 3510 atque
3107 3441 3239 3495 adeo
3260 3441 3436 3509 ipsum
3466 3443 3697 3496 ﬂuvium

2130 3526 2308 3582 Nilum
2342 3528 2477 3583 edici
2512 3530 2733 3585 vinosos
2760 3547 2854 3586 seu
2890 3532 2941 3585 in
2975 3532 3157 3585 vinum
3185 3533 3344 3586 verti.
3388 3533 3700 3589 Audiamus

2131 3619 2306 3688 ipsum
2360 3620 2417 3674 S.
2478 3617 2858 3689 Epiphanium.
2919 3621 3075 3676 Circa
3137 3622 3303 3691 ipsum
3360 3623 3698 3677 undecimam

2133 3712 2362 3783 (mensis
2391 3711 2546 3783 Tybi,
2575 3714 2667 3781 qui
2698 3723 2778 3767 est
2809 3725 2993 3767 sextus
3034 3714 3205 3768 nostri
3249 3712 3518 3785 Januarii)
3575 3726 3699 3783 post

2132 3819 2295 3857 annos
2325 3805 2535 3872 triginta
2580 3804 2779 3871 factum
2820 3814 2894 3857 est
2924 3806 3152 3874 primum
3201 3807 3403 3875 signum
3456 3807 3508 3859 in
3540 3806 3699 3861 Cana

2134 3894 2372 3951 Galilu’w
2394 3937 2408 3961 ,
2445 3897 2657 3965 quando
2688 3914 2825 3960 aqua
2853 3897 2998 3967 facta
3026 3908 3101 3951 est
3131 3899 3329 3951 vinum;
3361 3898 3700 3969 Quapropter

2130 3988 2285 4040 etiam
2309 3989 2361 4038 in
2388 3987 2566 4040 multis
2592 3986 2717 4040 locis
2738 4004 2895 4057 usque
2930 3990 2983 4041 in
2998 3990 3134 4042 hunc
3168 3989 3303 4042 diem
3324 3988 3419 4042 ltoc
3438 3991 3518 4058 ﬁt,
3548 3992 3694 4059 quod

2133 4089 2257 4131 tunc
2291 4078 2488 4146 factum
2517 4090 2615 4142 est,
2650 4081 2883 4133 divinum
2904 4082 3111 4150 signum
3144 4083 3196 4133 in
3223 4081 3571 4134 testimonium
3604 4084 3659 4135 in
3680 4113 3696 4123 -

2131 4169 2377 4231 credulis,
2418 4168 2553 4223 velut
2575 4179 2836 4222 testantur
2858 4170 2909 4221 in
2929 4169 3110 4222 multis
3136 4169 3264 4222 locis
3303 4170 3470 4239 fontes
3499 4186 3560 4221 ac
3583 4171 3695 4237 ﬂu-

2131 4262 2198 4314 cii
2233 4263 2283 4313 in
2314 4261 2488 4314 vinum
2540 4262 2792 4324 conversi,
2827 4258 3039 4329 Cibyres
3086 4262 3295 4329 quidem
3333 4263 3477 4314 urbis
3514 4260 3693 4316 Caria:

2132 4352 2266 4419 fons,
2302 4367 2403 4418 qua
2422 4352 2551 4403 hora
2579 4353 2863 4403 hauserunt
2894 4350 3125 4402 ministri
3149 4358 3197 4403 et
3217 4351 3324 4417 ipse
3341 4351 3510 4402 dixit:
3543 4350 3691 4403 «Dn-

2134 4447 2183 4489 te
2210 4438 2628 4490 architrielino.»
2664 4436 2905 4489 Testatur
2927 4445 2974 4489 et
3009 4436 3065 4489 in
3106 4437 3307 4490 Gerasa
3328 4439 3540 4492 Arabia:
3567 4441 3692 4507 forts

2131 4526 2393 4580 similiter.
2428 4524 2543 4579 Nos
2582 4526 2800 4579 bibimus
2822 4527 2881 4578 de
2906 4523 3119 4596 Cybires
3156 4526 3318 4595 fonte,
3353 4528 3548 4595 fratres
3570 4546 3689 4582 rero

2129 4617 2299 4670 nostri
2329 4618 2391 4671 de
2422 4632 2480 4669 eo
2508 4617 2687 4686 quiest
2718 4618 2772 4668 in
2815 4613 3042 4689 Gerasa,‘
3068 4617 3122 4669 in
3150 4630 3439 4686 martyrum
3470 4622 3685 4687 templo.

2129 4705 2230 4760 Sed
2253 4716 2301 4760 et
2336 4708 2485 4759 multi
2512 4708 2562 4759 in
2589 4705 2821 4776 /Egypto
2849 4706 2912 4759 de
2932 4706 3052 4761 Nilo
3102 4707 3199 4761 hoc
3226 4718 3503 4764 testantur.
3554 4711 3691 4766 Tres

2128 4813 2257 4866 ergo
2296 4814 2465 4866 aquas
2497 4798 2762 4861 nominat,
2795 4814 2913 4865 qua:
2946 4799 3092 4853 dicto
3118 4798 3252 4853 festo
3278 4801 3329 4852 in
3354 4801 3541 4855 vinum
3565 4816 3691 4854 ver-

2129 4900 2335 4954 tantur,
2368 4891 2419 4959 l)
2450 4891 2651 4943 fontem
2688 4889 3009 4960 (lihyresﬂ)
3044 4889 3241 4945 fontem
3273 4891 3327 4942 in
3381 4889 3609 4954 Gerasa,
3630 4893 3690 4959 5)

2127 4979 2334 5036 Nilum.
2366 4982 2499 5034 Cum
2537 4980 2696 5048 igitur
2731 4989 2839 5033 tres
2884 4980 2971 5033 isti
3030 4975 3203 5033 lentes
3247 4980 3438 5063 vitioso
3491 4997 3696 5050 sapore

2128 5085 2405 5138 nunquam
2433 5067 2688 5122 ﬂuxerint
2714 5068 2816 5124 nisi
2846 5068 2949 5122 hoc
2970 5069 3078 5133 die,
3112 5068 3461 5123 manifestum
3491 5070 3549 5123 lit
3584 5071 3696 5125 hoc

2127 5162 2452 5217 miraculum
2490 5176 2596 5215 non
2628 5175 2749 5215 esse
2783 5168 3054 5228 patratum
3082 5160 3184 5215 nisi
3216 5160 3306 5214 ad
3339 5162 3697 5216 recolendam

2128 5255 2442 5309 memoriam
2478 5252 2581 5305 vini
2605 5267 2669 5306 ex
2703 5266 2842 5319 aqua
2875 5266 2903 5305 a
2926 5250 3145 5305 Christo
3173 5251 3226 5304 in
3256 5251 3403 5305 Cana
3451 5252 3698 5309 Galilazte

2125 5344 2391 5413 produCti.
2417 5342 2479 5396 Et
2505 5342 2569 5394 de.
2597 5342 2682 5397 his
2703 5343 2878 5395 tribus
2909 5339 3173 5403 fontibus,
3197 5341 3372 5408 inquit
3399 5340 3697 5406 Duronius,

2123 5446 2255 5491 tum.
2293 5436 2307 5488 l
2346 5450 2488 5490 anno
2524 5435 2585 5487 5|
2618 5449 2673 5487 n.
2699 5435 2787 5499 33,
2822 5448 2881 5488 se
2901 5447 3009 5486 non
3041 5432 3352 5486 meminisse
3382 5431 3550 5485 ullum
3582 5434 3701 5490 sibi

2084 5569 2090 5575 -
2124 5531 2470 5597 scriptorem,
2496 5543 2587 5596 qui
2614 5525 2815 5581 Christi
2838 5525 3068 5579 natalem
3092 5524 3462 5589 antecesserit,
3487 5525 3703 5581 lectum

2123 5636 2266 5685 esse,
2295 5625 2385 5689 qui
2413 5628 2638 5675 testetur
2671 5620 2806 5674 duos
2834 5617 2957 5671 illos
2997 5618 3172 5672 fontes
3205 5626 3258 5671 et
3315 5616 3537 5670 ﬂuvium
3581 5616 3701 5670 Ni—

2121 5713 2228 5765 lum
2262 5710 2399 5765 vertl
2426 5709 2480 5763 in
2517 5708 2725 5763 vinum.
2761 5707 2856 5762 llic
2883 5706 3161 5760 illustriss.
3208 5704 3425 5760 Baronii
3473 5706 3703 5763 cundu-
