3952 6222
1553 70 1586 99 δ

324 206 448 274 at:
1435 162 1813 267 Gnarssm
1852 206 1949 265 ET
1986 203 2224 264 GOARI
2254 203 2494 263 Nom.
3489 199 3591 261 3t"!

321 317 533 369 etieius
565 296 922 368 calumniator
948 314 1110 384 307
1142 315 1504 369 Casaubonus
1542 316 1712 369 insilit
1746 316 1918 369 Exer-
1948 318 1991 373 Α
2023 309 2154 365 illud
2198 311 2313 380 jam
2362 312 2470 364 sibi
2511 310 2789 365 vindicent
2819 306 2959 379 apud
2982 309 3174 379 vulgus
3202 326 3216 375 ;
3245 310 3381 363 alias
3412 324 3590 377 quan-

322 412 435 456 cit.
470 405 561 467 15,
596 406 651 458 in
678 404 1091 459 celeberrimum
1126 406 1417 459 Annalium
1453 407 1801 476 scriptorem,
1829 408 1914 460 in-
2021 400 2310 472 docunqttc
2362 403 2414 456 in
2472 418 2629 457 usum
2674 404 2921 470 veniunt,
2957 404 3118 473 κηροὶ
3166 412 3220 457 οι
3248 403 3421 472 κηρία
3449 417 3592 456 nult-

321 497 577 563 einitque
605 497 768 550 etiam
800 505 930 551 ante
966 496 1170 552 Christi
1202 499 1498 553 adventum
1550 500 1680 553 alibi
1742 499 1915 555 fuisse

324 585 512 639 fomes
542 587 779 653 vinosus,
800 596 1073 659 testesque
1103 590 1288 645 laudat
1320 590 1910 655 Vitruvitttn,Plinium

323 684 383 727 et
415 676 633 745 eclogas
664 675 927 733 Sotionis.
963 680 1042 733 Ad
1070 680 1202 748 quid
1230 680 1346 736 haec
1379 681 1482 735 nisi
1522 681 1587 734 ad
1616 681 1909 735 [exendum

320 765 707 820 calumniam?
752 766 1015 823 Barouius
1052 785 1157 823 non
1184 771 1319 824 dicit
1358 787 1415 827 se
1444 787 1548 825 non
1592 772 1912 828 meminisse

321 857 481 925 quod
515 859 707 928 legerit
738 861 909 914 ullum
965 870 1244 918 auctorem
1280 864 1375 934 qui
1412 863 1645 919 fontium
1688 868 1910 920 vinoso-

322 963 457 1002 rum
489 962 616 1005 ante
645 952 924 1008 Christum
952 957 1293 1011 meminerit:
1316 958 1419 1012 sed
1451 958 1527 1012 ait
1562 975 1621 1013 se
1653 973 1757 1012 non
1796 974 1908 1011 me-

322 1042 564 1097 minisse
592 1044 737 1110 quod
782 1045 954 1099 ullum
994 1046 1196 1103 Christi
1252 1050 1587 1103 nativitatem
1624 1058 1903 1119 antegres-

323 1150 458 1187 sum
493 1135 704 1203 legerit,
745 1138 838 1206 qui
859 1139 997 1193 duos
1025 1156 1189 1210 supra
1221 1156 1285 1195 ex
1317 1142 1617 1211 Epiphanio
1640 1142 1905 1197 adductos

322 1226 513 1279 fontes
537 1237 589 1279 et
622 1227 800 1283 Nilum
831 1230 1050 1286 lluvium
1080 1233 1137 1286 in
1171 1235 1355 1288 vinum
1386 1236 1680 1305 aliquando
1718 1252 1907 1292 versos

317 1330 457 1369 esse
489 1317 572 1369 vel
603 1320 739 1373 verti
773 1323 1075 1390 scripserit.
1112 1323 1177 1379 Et
1204 1326 1305 1380 hoc
1338 1327 1497 1397 longe
1529 1329 1689 1383 aliter
1742 1330 1907 1383 tinnit

317 1422 495 1473 quam
529 1412 670 1477 quod
702 1412 937 1467 Baronio
963 1417 1226 1485 impostor
1253 1420 1631 1476 fraudulenter
1651 1423 1901 1492 imponit.

325 1499 439 1553 Sed
459 1501 668 1557 absiste
724 1504 868 1568 hinc,
904 1522 969 1559 ne
995 1520 1172 1562 actum
1206 1525 1391 1580 agam:
1422 1513 1531 1581 jam
1560 1496 1703 1567 enim
1733 1512 1903 1567 Baro-

322 1591 481 1645 nium
518 1593 587 1647 ab
615 1594 715 1648 hac
745 1606 797 1649 et
830 1598 1013 1652 multis
1038 1600 1157 1654 aliis
1191 1603 1665 1659 criminationibus
1691 1604 1901 1659 Casau-

324 1682 582 1739 bonianis
610 1688 867 1753 prmclare
891 1690 1185 1746 vindicavit
1216 1703 1398 1747 noster
1430 1694 1744 1751 lleriberlus
1771 1695 1905 1752 Ros-

322 1768 539 1832 weidus
580 1779 637 1833 in
677 1779 819 1851 Lege
849 1782 1069 1838 talionis
1108 1785 1175 1838 l2
1209 1785 1515 1839 tabularum
1564 1794 1619 1841 et
1662 1787 1716 1840 in
1745 1786 1904 1841 Anti-

323 1881 391 1920 ea
401 1871 541 1935 pello
561 1886 683 1927 suo.

400 1962 645 2016 Fuerunt
677 1973 731 2018 et
765 1966 913 2029 alibi,
969 1966 1063 2020 sed
1098 1975 1251 2021 extra
1312 1968 1618 2038 epiphania:
1681 1969 1902 2037 festum,

325 2066 521 2105 amnes
545 2053 722 2107 vinosi
749 2063 803 2107 et
833 2053 1008 2108 fontes
1045 2055 1225 2110 lactei.
1247 2053 1535 2126 'Sylvester
1565 2044 1825 2114 Giraltlus'
1848 2062 1901 2113 in

322 2137 614 2192 ltinerario
639 2139 1004 2209 Cambriamt,
1040 2145 1062 2197 1
1096 2162 1110 2198 :
1147 2143 1260 2198 Hoc
1313 2148 1682 2203 mihinotabile
1703 2151 1905 2203 videtur

316 2231 464 2298 quod
488 2233 680 2284 nostris
710 2234 890 2303 diebus
921 2243 1029 2287 tam
1054 2236 1271 2303 ﬂuvium
1303 2237 1439 2291 hunc
1466 2240 1744 2307 (Altinum)
1786 2247 1902 2294 vino

323 2340 547 2377 manare
583 2342 739 2393 quam
774 2327 989 2393 fontem,
1036 2345 1194 2408 .qttem
1249 2328 1402 2383 Pistil
1462 2331 1634 2396 Duwi,
1666 2334 1901 2402 ﬁstulam

323 2413 501 2467 David
530 2424 739 2476 vocant.
768 2416 850 2468 lac
868 2418 1073 2471 stillare
1105 2430 1426 2488 compertum
1451 2431 1549 2476 est.

399 2505 680 2560 Addamus
706 2517 756 2559 et
780 2508 901 2571 hoc,
930 2524 1125 2577 aquam
1152 2509 1427 2579 Jordanis,
1459 2524 1742 2583 postquam
1777 2531 1897 2571 eam

319 2598 578 2652 Christus
596 2608 851 2653 contactu
884 2611 940 2655 et
987 2602 1256 2670 baptismo
1286 2620 1385 2659 suo
1415 2614 1773 2673 consecravit,
1810 2613 1897 2662 in-

320 2692 698 2760 corruptionis
773 2708 997 2746 munere
1062 2693 1319 2750 donatam
1388 2714 1558 2753 esse.
1615 2700 1891 2756 lllustriss.

319 2781 582 2850 princeps
607 2781 859 2838 Nicolaus
899 2783 1323 2854 Christophorus
1358 2789 1673 2845 Ratlzivilus
1716 2794 1768 2844 in
1795 2808 1896 2847 suo

318 2876 689 2945 lloda‘porieo
731 2877 1251 2948 Hierosolymitano:
1308 2881 1515 2953 Aquam
1562 2883 1709 2937 valde
1735 2885 1899 2937 turbi-

2021 506 2314 563 cupa‘ntur.
2382 497 2551 550 Porro
2597 496 2819 563 λαμπάς
2875 497 3164 562 hodierna,
3202 512 3302 551 ceu
3366 498 3586 561 festiva,

2020 594 2165 638 tanta
2196 585 2335 639 mole
2358 589 2629 640 conﬂatur
2660 587 2744 640 vel
2776 586 3059 647 coloribus
3090 587 3332 658 pingitur
3365 604 3429 643 ac
3448 589 3586 643 artis

2020 682 2167 727 tanta
2214 677 2478 731 varietate
2509 677 2811 732 adornatur
2842 686 2901 732 ut
2921 678 3067 732 inter
3094 680 3339 748 reliquos
3395 695 3585 735 cereos

2016 759 2325 830 ἐκλάμπειν
2347 764 2629 819 verissime
2657 764 2931 822 videatur.
2967 767 3102 822 Hinc
3119 769 3284 839 308
3317 771 3583 840 virgatum

2015 850 2457 920 variegatumque
2485 867 2625 923 opus
2654 869 2814 909 ccreo
2837 855 2891 909 in
2918 857 3020 911 hac
3042 856 3330 914 festivitate
3349 874 3585 914 succen-

2013 943 2192 997 dendo
2218 952 2372 999 vetus
2394 953 2448 999 et
2476 960 2505 999 a
2536 947 2835 1017 majoribus
2854 961 3071 1019 accepta
3094 953 3350 1020 parmmia
3368 968 3586 1021 compa-

2014 1043 2113 1089 rat.
2134 1035 2205 1089 De
2225 1037 2315 1092 illo
2337 1051 2552 1107 quoque
2570 1055 2671 1095 nos
2689 1040 2810 1096 loco
2830 1042 3057 1111 praelato
3078 1045 3361 1099 nonnulla.
3377 1044 3581 1115 Cous]

2614 1151 2842 1210 CAPUT
2888 1155 2977 1210 IV.

2057 1240 2462 1315 Observationes
2491 1252 2541 1315 et
2577 1244 2953 1312 explicationes
2989 1246 3044 1299 in
3077 1262 3125 1298 ς.
3154 1246 3209 1308 9,
3260 1250 3397 1315 quod
3431 1260 3504 1301 est

2429 1312 2493 1365 de
2513 1314 2649 1381 festo
2678 1314 2966 1367 adoranda:
2998 1318 3190 1369 crucis.

2078 1403 2140 1454 P.
2171 1401 2261 1455 65.
2292 1398 2425 1456 Vide
2448 1417 2569 1470 quae
2590 1402 2657 1457 de
2679 1402 2964 1458 Dominica
2995 1406 3341 1462 adorationis
3367 1407 3425 1461 S.
3454 1422 3581 1462 cru-

2011 1488 2090 1542 cis
2127 1488 2179 1540 in
2212 1489 2388 1543 media
2422 1487 2854 1557 Quadragesima
2897 1492 3222 1559 scripsimus
3255 1502 3296 1547 t.
3349 1496 3387 1558 Ι,
3430 1496 3495 1549 dc
3518 1496 3578 1548 S.

2010 1578 2185 1633 Cruce
2242 1578 2278 1631 l.
2321 1594 2360 1639 ι.
2413 1593 2464 1632 e.
2510 1578 2686 1636 67.et
2738 1588 2775 1633 t.
2816 1579 2856 1633 ll
2911 1582 3115 1635 multas
3178 1583 3345 1636 habes
3407 1584 3578 1636 horni-

2010 1667 2110 1721 lias
2140 1684 2167 1721 a
2197 1667 2400 1722 Graecis
2424 1667 2673 1722 Patribus
2704 1669 2803 1722 hac
2829 1668 3109 1724 Dominiea
3142 1670 3337 1724 dictas.
3366 1673 3575 1728 (iners.

2078 1778 2224 1836 Ibid.
2246 1780 2529 1852 [Κυριακῇ
2574 1783 2737 1853 τρίτῃ
2769 1781 2877 1835 τῶν
2906 1783 3173 1851 νηστειῶν
3203 1784 3302 1853 τὴν
3334 1786 3580 1854 προσκύ-

2004 1890 2165 1941 νησιν
2219 1873 2562 1942 ἑορτάζομεν
2593 1874 2687 1926 τοῦ
2720 1874 2906 1941 τιμίου
2963 1875 3057 1927 καὶ
3090 1875 3366 1939 ζωοποιοῦ
3421 1893 3578 1929 σταυ-

2004 1965 2128 2033 ροῦ,
2164 1964 2239 2019 ait
2274 1963 2581 2020 Triodium.
2620 1965 2915 2020 Rationem
2952 1967 3242 2035 qumsitam
3268 1969 3575 2038 subiungit,

2004 2064 2064 2107 ut
2095 2069 2226 2109 crux
2249 2054 2536 2121 nimirum,
2585 2056 2860 2125 passionis
2893 2056 3095 2111 Christi
3138 2067 3575 2118 monumentum.

2005 2160 2105 2199 nos
2130 2146 2204 2218 ad
2237 2161 2357 2200 eam
2383 2146 2690 2203 ferventius
2711 2147 3054 2202 austeritatis
3075 2156 3321 2216 tempore
3341 2163 3579 2217 sequen-

2002 2237 2125 2291 dam
2143 2239 2366 2300 excitet,
2400 2238 2709 2306 praeteritos
2750 2239 3098 2294 abstinentia:
3127 2239 3350 2295 labores
3379 2253 3579 2294 conso-

2004 2330 2134 2397 piat,
2169 2339 2221 2383 et
2239 2329 2686 2398 velntpaschalis
2712 2330 3002 2385 hilaritatis
3029 2332 3229 2401 pignus
3259 2346 3379 2389 sese
3405 2332 3576 2402 ipsam

2003 2430 2295 2490 proponat.
2326 2421 2520 2476 Plures
2557 2419 2613 2474 in
2643 2421 2747 2474 hoc
2779 2420 2983 2477 festum
3014 2404 3271 2476 homilias
3303 2424 3578 2491 scripsere

2001 2513 2455 2582 Cltrysostomus,
2518 2510 2884 2579 Sophronius,
2939 2511 3261 2566 Theodorus
3314 2510 3574 2576 Studites,

2000 2602 2340 2671 Xiphilinus,
2388 2601 2712 2655 Philotheus
2746 2610 2800 2655 et
2847 2601 2962 2656 alii.
3026 2599 3578 2679 Vulgatioremocele-

2001 2694 2218 2749 britatis
2251 2693 2415 2746 ritum
2471 2692 2560 2747 his
2600 2692 2785 2747 verbis
2821 2691 3090 2760 Typicum
3154 2689 3311 2744 Saba:
3370 2691 3577 2744 consti-

1999 2784 2106 2837 tuit
2152 2798 2166 2834 :
2220 2783 2481 2851 Κυριᾳκῇ
2552 2781 2716 2852 τρίτῃ
2769 2780 2880 2833 τῶν
2930 2780 3102 2847 ἁγίων
3162 2778 3430 2847 νηστειῶν
3478 2779 3575 2846 τὴν

2003 2876 2379 2945 προσκύνησιν
2406 2873 2739 2944 ἑορτάζομεν
2766 2871 2862 2927 τοῦ
2919 2872 3104 2942 τιμίου
3151 2872 3246 2925 xal.
3287 2871 3565 2936 ζωοποιοῦ

316 2970 449 3020 dum
479 2967 734 3023 Iordanis
771 2969 944 3034 habet,
975 2974 1065 3024 sed
1091 2972 1376 3034 salubrem,
1401 2992 1518 3044 (μιαν
1555 2976 1609 3029 in
1654 2992 1773 3029 vase
1806 2992 1897 3031 as-

2006 2961 2591 3033 σταυροῦ.Δοξολογία
2645 2962 2883 3032 μεγάλη.
2948 2962 3123 3014 Ὅταν
3180 2962 3237 3015 δὲ
3296 2962 3576 3032 ψάλλομιν

314 3070 528 3114 servata
562 3076 829 3131 nunquam
855 3064 1228 3130 corrumpitur,
1260 3075 1411 3131 prout
1442 3066 1496 3116 in
1524 3081 1584 3117 ea
1610 3082 1771 3135 quam
1812 3076 1897 3119 at-

318 3152 425 3204 tuli
457 3168 654 3204 mecum
690 3152 1051 3205 indubitanter
1074 3168 1191 3205 sum
1219 3163 1487 3222 expertus.
1517 3155 1642 3210 Hinc
1662 3158 1895 3227 inclytus

317 3241 415 3296 ille
447 3242 728 3311 princeps.

392 3333 527 3389 illud
556 3337 792 3405 denique
820 3337 1046 3408 dignum
1097 3353 1297 3395 censeo
1350 3342 1493 3408 quod
1553 3342 1893 3407 observetur,

322 3428 636 3483 Donatistas
658 3429 782 3482 olim
815 3429 869 3483 in
895 3430 1080 3485 Africa
1111 3432 1421 3501 epiphanim
1440 3431 1638 3487 festum
1668 3450 1772 3489 non
1806 3450 1895 3489 eeo

322 3521 585 3586 lebrasse,
638 3530 699 3574 ut
734 3530 960 3576 testatur
1000 3521 1057 3577 S.
1100 3524 1444 3593 Augustinus
1495 3540 1661 3579 SCl‘m.
1698 3524 1767 3579 52
1820 3527 1893 3581 De

325 3623 569 3681 tempore.
630 3613 716 3669 bis
745 3614 955 3668 verbis:
1007 3615 1196 3670 Merito
1240 3618 1399 3670 istum
1434 3619 1570 3671 diem
1625 3635 1893 3687 nunquam

324 3704 593 3756 nobiscum
635 3704 867 3758 Iurretiri
913 3705 1210 3760 Donatista:
1276 3707 1540 3761 celebrare
1596 3708 1889 3774 voluerunt,

321 3797 444 3862 quia
471 3812 560 3848 nec
589 3798 846 3851 unitatem
868 3808 1068 3863 amant,
1098 3815 1189 3851 nec
1220 3800 1479 3855 Orientali
1503 3800 1776 3866 Ecclesiaz,
1803 3803 1892 3856 ubi

322 3890 572 3955 apparuit
599 3887 693 3939 illa
719 3887 893 3952 stella,
945 3891 1365 3943 communicant:
1391 3908 1481 3945 nos
1514 3900 1690 3944 autem
1721 3892 1892 3946 mani-

304 3976 649 4045 'frstationem
683 3979 893 4032 Domini
921 3988 969 4032 et
997 3978 1287 4033 Saluatoris
1322 3983 1487 4034 nostri
1513 3981 1639 4034 Jesu
1669 3982 1887 4046 Christi,

316 4073 440 4139 quia
469 4072 735 4139 primitias
755 4062 995 4140 'gentiunt
1020 4072 1295 4140 delibauit,
1328 4074 1613 4128 inanitate
1654 4075 1885 4144 gentium

318 4164 659 4218 celebramus.
689 4164 892 4218 Gnsrs.
922 4153 931 4160 ’

390 4253 448 4305 P.
512 4255 603 4307 65.
656 4251 762 4324 ['0
818 4254 889 4307 δὲ
914 4256 1065 4325 μετὰ
1120 4262 1236 4323 τὴν
1286 4257 1668 4325 λειτουργίαν
1715 4257 1883 4327 ἀγιαο
1920 4297 1961 4351 D

317 4347 491 4412 σμός.
537 4347 745 4415 Aquam
785 4348 979 4404 iterato
1016 4350 1291 4405 benedicit
1324 4349 1565 4406 Ecclesia
1609 4351 1796 4405 Grzaeea
1831 4352 1885 4403 in

320 4437 718 4505 Theophaniis,
749 4440 916 4494 semel
951 4441 1221 4510 pervigilii
1264 4457 1509 4512 vespere.
1543 4452 1595 4497 et
1625 4444 1677 4495 in
1721 4445 1887 4498 missa

316 4530 586 4583 secundo.
647 4530 956 4584 Secundam
1023 4514 1495 4587 censeerationem
1556 4537 1728 4604 tangit
1775 4534 1889 4588 haec

315 4623 505 4675 dictio.
560 4623 730 4690 Aquae
784 4623 944 4679 istius
1001 4625 1385 4679 benctlicenda:
1434 4626 1598 4679 ritum
1664 4625 1888 4680 exhibet

317 4714 717 4784 Euchologium
782 4715 887 4769 sub
952 4715 1056 4770 hoc
1132 4716 1291 4769 titulo
1340 4731 1353 4767 :
1410 4716 1733 4769 Ἀκολουθία
1790 4715 1886 4770 τοῦ

315 4806 565 4872 μεγάλου
620 4806 901 4875 ἁγιασμοῦ
942 4807 1052 4860 τῶν
1102 4807 1276 4874 ἁγίων
1325 4807 1677 4873 οεοιρανείων.
1717 4809 1886 4865 Oﬂieii

314 4888 636 4966 rituumque
655 4899 1160 4966 interpretationem
1188 4900 1709 4968 quantuluscunquc
1734 4902 1887 4955 labor

315 4996 505 5041 noster
552 4987 753 5053 adjecit
784 5003 797 5040 :
828 4988 1221 5042 ecclesiasticis
1271 4987 1341 5040 ibi
1398 4987 1708 5052 elucidatis,
1759 5003 1883 5042 cum

314 5080 527 5133 Codino
560 5080 844 5133 succincte
883 5079 1193 5135 disserente
1229 5080 1406 5135 aulica
1437 5096 1599 5150 quam
1650 5081 1887 5135 breviter

317 5171 720 5240 prosequimur.

394 5261 536 5314 Ibid.
572 5258 871 5332 [Λαμπάς.
925 5260 1000 5335 De
1051 5260 1356 5315 luminibus
1404 5275 1564 5315 sacro
1605 5260 1715 5312 τῶν
1767 5259 1883 5328 φώ-

315 5375 422 5409 των
469 5356 558 5409 die
622 5356 677 5408 in
744 5355 987 5409 ecclesia
1046 5355 1297 5409 accensis
1356 5352 1632 5422 superﬂue
1686 5360 1885 5406 tractat

319 5448 404 5499 hic
477 5446 824 5501 seholiastes.
896 5446 1142 5499 'Adverto
1215 5445 1577 5503 nihilmninus
1658 5444 1884 5508 λαμπά-

318 5537 406 5599 δος
444 5552 645 5590 nomen
697 5536 1065 5597 solemnitati,~
1117 5537 1182 5590 de
1238 5549 1342 5603 qua
1392 5536 1687 5602 loquimur,
1749 5536 1882 5587 αιινυ

319 5631 601 5697 [δτιιιειιιυιιι
648 5630 913 5682 rcdlitum
941 5668 953 5693 ,
985 5639 1039 5682 ut
1070 5628 1210 5682 cerei
1262 5628 1361 5682 hoc
1391 5628 1505 5682 solo
1546 5629 1632 5683 dic
1668 5645 1881 5683 acu-nsi

1999 3053 2098 3123 τὴν
2127 3053 2463 3121 δοξολογίαν,
2490 3050 2750 3103 ἀλλάσσει
2778 3053 2805 3103 ὁ
2832 3050 3013 3120 ἱερεὺς
3032 3051 3130 3120 τὴν
3166 3049 3362 3119 στολὴν
3382 3048 3572 3113 αὐτοῦ,

2000 3147 2094 3200 καὶ
2129 3145 2313 3199 λαϐὼν
2340 3144 2605 3214 θυμιατὸν
2638 3143 2812 3213 θυμιᾷ
2836 3141 2935 3212 τὴν
2973 3142 3141 3210 ἁγίαν
3164 3140 3450 3211 τράπεζαν
3478 3143 3575 3197 καὶ

1998 3238 2091 3291 τὸν
2140 3236 2398 3305 σταυρόν.
2442 3231 2556 3288 Εἶθ’
2605 3234 2746 3287 οὕτω
2803 3232 3075 3302 λαμϐάνει
3122 3234 3286 3287 αὐτὸν
3321 3233 3460 3302 μετὰ
3502 3232 3578 3286 δί-

2001 3343 2132 3379 σκου
2165 3328 2258 3379 ἐπὶ
2277 3327 2375 3395 τῆς
2405 3326 2649 3394 κεφαλῆς
2679 3324 2846 3378 αὖτοῦ
2876 3326 2974 3378 σὺν
3006 3328 3071 3396 τῇ
3101 3325 3264 3396 θήκῃ,
3297 3329 3389 3379 καὶ
3416 3324 3575 3392 ἐξέρ-

1997 3435 2154 3486 χεται
2182 3418 2246 3470 ἐκ
2278 3416 2373 3469 τοῦ
2408 3415 2709 3487 ἀριστεροῦ
2762 3416 3029 3485 βήματος,
3078 3416 3577 3488 προπορευομένων

1997 3508 2147 3578 αὐτῷ
2170 3508 2475 3578 λαμπάδων
2500 3508 2600 3561 δύο
2660 3510 2755 3561 καὶ
2793 3508 3086 3577 Θυμιατοῦ,
3135 3510 3232 3561 καὶ
3267 3510 3575 3578 ἀπέρχεται

1997 3601 2076 3661 είς
2112 3599 2402 3669 βασιλικὰς
2426 3598 2625 3661 πύλας.
2654 3598 3017 3669 Τελεσθείσης
3048 3600 3105 3653 δὲ
3135 3600 3234 3666 τῆς
3266 3598 3576 3667 δοξολογίας

1994 3693 2091 3744 καὶ
2138 3691 2232 3742 τοῦ
2301 3690 2617 3762 τρισαγίου,
2679 3691 2832 3759 λέγει
2888 3692 3121 3759 ὁὶερεὺς
3169 3691 3352 3757 σοφία,
3399 3689 3571 3758 ὀρθοί.

1992 3783 2103 3835 Kal.
2162 3782 2396 3850 λέγομεν
2449 3784 2510 3834 τὸ
2547 3783 2847 3851 τροπάριον
2873 3796 2888 3811 ⁸
2929 3800 2949 3832 ι
3003 3782 3206 3844 Σῶσον,
3248 3780 3447 3847 Κύριε,
3479 3778 3573 3831 τὸν

1991 3871 2120 3923 λαόν
2157 3888 2251 3923 σου
2283 3873 2379 3923 καὶ
2442 3871 2745 3939 εὐλόγησον
2802 3871 2903 3939 τὴν
2944 3870 3317 3938 κληρονομίαν
3370 3886 3489 3921 σου.
3548 3888 3567 3920 ι

1992 3962 2103 4013 Kal.
2168 3959 2436 4012 είσοδεύει
2464 3963 2493 4012 ὁ
2528 3960 2709 4027 ἱερεὺς
2752 3960 2934 4028 φέρων
2968 3959 3061 4012 τὸν
3118 3960 3277 4026 ἅγιον
3339 3961 3573 4029 σταυρὸν

1992 4051 2308 4122 ἔμπροσθεν
2332 4051 2442 4104 τῶν
2500 4052 2675 4120 ἁγίων
2716 4051 2921 4121 θυρῶν.
2976 4052 3221 4106 Κάκεῖσε
3268 4069 3571 4121 προευτρε-

1993 4143 2280 4206 πισθὲντος
2309 4143 2644 4213 τετράποδος
2675 4144 2888 4197 τίθεται
2919 4144 3106 4198 ἐπάνω
3130 4145 3298 4197 αὐτοῦ
3328 4147 3355 4198 ὁ
3382 4143 3572 4213 τίμιος

1993 4236 2246 4305 σταυρὸς,
2326 4236 2424 4288 καὶ
2475 4234 2638 4297 εὐθὺς
2690 4234 2972 4305 ἀρχόμεθα
3021 4235 3319 4304 ψάλλοντες
3350 4250 3366 4269 ·
3400 4253 3418 4285 ι
3455 4235 3563 4285 Τὸν

1994 4328 2230 4397 σταυρόν
2258 4346 2351 4382 σου
2384 4328 2835 4399 προσκυνοῦμεν,
2861 4330 3137 4382 Δέσποτα.
3173 4348 3191 4381 ι
3214 4330 3324 4382 Kal.
3350 4326 3570 4390 ἀνοίξας

1991 4421 2091 4486 τὴν
2121 4419 2300 4488 οήκην
2353 4417 2582 4488 ἄρχεται
2642 4417 2968 4488 προσκυνῶν
3012 4419 3040 4470 ὁ
3070 4414 3353 4486 προεστὼς
3397 4414 3494 4467 καὶ
3541 4416 3572 4466 ό

1992 4510 2197 4579 ἱερεὺς,
2234 4510 2523 4580 βάλλοντες
2557 4510 2856 4579 μετανοίας
2908 4511 3058 4581 τρεῖς
3096 4508 3438 4562 κατενώπιον
3469 4504 3567 4558 τοῦ

1990 4602 2176 4667 τιμίου
2210 4602 2475 4671 σταυροῦ.
2534 4603 2648 4655 Kal.
2699 4600 2836 4671 μετὰ
2880 4600 2942 4653 τὸ
3008 4598 3362 4653 ἀσπάσασθαι
3408 4595 3571 4648 πάλιν

1994 4691 2257 4761 βάλλουσι
2315 4694 2612 4762 μετάνοιαν
2649 4692 2877 4759 ὁμοίως,
2922 4690 3020 4742 καὶ
3072 4692 3150 4750 εἰς
3199 4691 3326 4749 τοὺς
3371 4680 3570 4756 χοροῦς

1991 4787 2127 4853 πρὸς
2151 4784 2305 4854 μίαν.
2342 4779 2454 4837 Εἶθ’
2472 4781 2644 4844 οὕτως
2668 4783 2926 4852 ἄρχονται
2963 4782 3011 4832 οἱ
3043 4778 3284 4845 ἀδελφοί.
3611 4781 3615 4823 ;

2063 4875 2207 4930 Ibid.
2243 4875 2360 4943 Τῆς
2390 4874 2497 4928 τοῦ
2540 4874 2846 4926 παλατιόυ
2880 4869 3234 4937 ἐκκλησίας.
3272 4866 3445 4931 Quam
3500 4877 3565 4918 ex

1988 4967 2242 5036 pluribus
2266 4966 2410 5021 ineo
2442 4964 2677 5020 conditis
2705 4972 3022 5017 auctor‘non
3054 4962 3318 5030 assignat,
3337 4958 3566 5025 primam

1992 5060 2262 5128 siquidem
2281 5058 2599 5112 Trullanam
2620 5055 2984 5124 TheOphanes
3008 5070 3037 5109 a
3068 5052 3354 5135 l’ulchcria
3375 5048 3568 5103 lunda-
3622 5046 3659 5121 ἰ,

1990 5164 2099 5206 tam
2128 5152 2182 5205 in
2207 5149 2637 5218 Protomartyris
2681 5147 2948 5202 honorem
2972 5147 3159 5206 refert,
3184 5144 3347 5197 aliam
3368 5141 3446 5210 τῷ
3470 5142 3567 5210 ἀρ-

1990 5241 2346 5311 χιστρατήγῳ
2382 5238 2628 5293 Michacli
2664 5239 2718 5292 in
2745 5239 2937 5293 eodem
2990 5236 3238 5290 dicatam
3310 5231 3565 5299 legimus.

1994 5333 2253 5385 Basilium
2284 5331 2634 5398 Leonemque
2666 5338 2818 5383 totet
2849 5339 2955 5383 tam
2991 5325 3173 5379 varias
3198 5323 3397 5377 ibidem
3422 5332 3565 5376 stru-

1990 5424 2137 5477 xisse
2172 5422 2506 5490 dotasseque
2567 5430 2778 5484 narrat,
2833 5429 2893 5473 ut
2952 5418 3108 5472 urbis
3180 5415 3343 5469 unius
3384 5414 3562 5482 spatio

1988 5517 2168 5584 plures
2199 5514 2317 5582 capi
2341 5528 2450 5569 non
2466 5513 2643 5569 solere
2663 5526 2971 5565 cernamus.
3000 5510 3152 5563 Cosa
3180 5506 3199 5579 ]

2066 5606 2201 5663 Ibid.
2249 5605 2605 5661 Slicltarium.
2650 5603 2844 5657 Junius
2876 5617 3065 5656 secure
3098 5600 3275 5661 vertit,
3314 5604 3551 5656 mammi-
