3952 6222
2293 6 2388 71 ,ιίό

330 153 439 216 343
671 153 675 156 ·
1475 152 1552 212 IN
1601 146 2033 242 Ltanuu'DE
2058 129 2537 229 ossicuscr.
3115 215 3138 246 ί
3473 149 3585 213 ait

329 274 462 336 latin,
495 279 550 325 ct
575 274 824 340 phelonen
881 271 1151 335 penulam,
1193 276 1248 320 et
1303 266 1707 333 epitrachelium
1738 267 1902 320 colla-
1931 277 1977 332 Α
2009 279 2142 337 tem,
2171 269 2560 336 dices,.clerici
2608 268 2764 340 juxta
2798 268 3107 324 Cedrenum
3163 268 3424 336 palatium
3460 285 3567 325 non

331 364 509 426 rium;
550 365 788 416 orarium
837 361 1038 416 retinet
1099 358 1348 426 quidem,
1393 357 1486 413 sed
1535 357 1766 413 ridicule
1812 361 1898 412 in-

335 463 660 523 terpretatur
713 451 982 520 psalmum
1065 450 1396 514 oratorium,
1468 451 1724 502 εὐκτικὸν
1802 451 1900 519 μι-

331 547 444 607 λος.
479 543 619 611 Ergo
653 542 891 597 ministri
919 542 1188 606 ecclesiae,
1221 543 1315 610 qui
1338 541 1582 596 orarium
1630 542 1897 606 ferebam,

333 635 914 703 psnlnmmoratorium
953 632 1220 688 ferebant.
1253 633 1472 700 Quaeso,
1525 633 1738 702 inspice
1765 633 1901 685 ima-

335 730 518 793 ginem
543 725 761 796 Georgii
820 727 1173 795 Pachymeris
1206 726 1364 779 initio
1410 725 1685 792 Gregorae,
1714 725 1897 777 orario

332 819 683 885 conspicuam
711 836 725 871 :
760 829 811 872 et
834 819 1044 886 dispice
1070 831 1200 870 num
1227 816 1302 870 ibi
1321 817 1582 885 psalmum
1602 816 1898 870 oratorium

330 911 654 962 inventurus
679 910 776 963 sis.
812 907 1014 962 Gne'rs.

402 1000 566 1069 309
601 1000 743 1054 Ibid.
785 999 1094 1069 [Στιχάρίον
1127 999 1423 1052 diaconalis
1445 1001 1651 1064 tunica,
1687 998 1895 1060 talaris,

327 1092 569 1158 undique
601 1091 808 1153 clausa.
846 1090 1090 1144 nonnihil
1143 1090 1351 1152 stricta,
1399 1089 1599 1144 coloris
1638 1090 1743 1150 albi
1802 1105 1898 1156 pro

335 1182 518 1248 solito,
543 1183 652 1238 ἀπὸ
673 1184 766 1236 τοῦ
791 1182 1005 1252 στίχου,
1038 1183 1189 1251 quod
1217 1197 1321 1235 uno
1349 1172 1522 1240 tractu
1554 1167 1894 1243 colutexatur,

329 1275 495 1331 dicta.

398 1367 544 1422 Ibid.
577 1367 831 1436 Φελὼνην
855 1374 1052 1420 vocant
1081 1365 1323 1419 casulam
1339 1365 1752 1429 sacerdotalem,
1785 1379 1899 1418 ma—

330 1459 472 1515 nicis
501 1468 805 1521 carentem,
855 1473 919 1511 ac
950 1466 1120 1512 totum
1153 1471 1354 1525 corpus
1385 1457 1628 1526 undique
1653 1456 1898 1510 ambien-

328 1562 465 1606 tem.
521 1549 756 1618 Cappam
778 1548 1090 1602 neotericus
1131 1547 1352 1615 quidam
1389 1561 1540 1614 aeque
1573 1544 1895 1615 simpliciter

2003 360 2326 439 habitabant
2365 371 2422 415 et
2454 370 2614 418 erant
2669 362 2974 426 ἐξώκοιτοι.
3008 354 3318 418 AssentiOr.
3372 363 3569 420 Verum

2003 447 2094 506 ubi
2153 465 2344 514 vocem
2387 452 2869 519 ὲξωκατακοιλων,
2923 467 3088 524 quam
3149 452 3253 508 soli
3303 454 3567 510 neoterici

1943 537 1958 542 ”
2001 543 2302 612 scriptores
2327 550 2653 612 suggerunt,
2683 542 2736 596 in
2771 558 2877 598 usu
2940 552 3070 596 tunc
3117 541 3296 596 fuisse
3345 543 3572 598 demon-

2000 632 2203 688 strabis
2230 627 2422 697 ?.Quin
2459 633 2570 688 imo
2618 633 2664 687 si
2718 633 2870 700 prius
2921 633 3370 699 ὲξωκατάκοιλοι,
3413 634 3505 703 qui
3539 651 3571 690 e

2001 721 2203 791 palatio
2239 720 2399 784 erani
2425 721 2731 794 ὲξὼκσιτοι,
2766 739 2892 780 cum
2925 739 2954 778 a
2985 723 3166 793 Leone
3185 723 3447 796 Armenio
3478 727 3570 794 (ne

2004 811 2192 868 sicarii
2225 813 2669 882 perduellesque,
2701 814 2848 882 quod
2875 823 3002 868 tunc
3035 822 3214 868 actum
3237 814 3571 880 est,l'raudu-

2002 902 2178 960 lenter
2203 918 2331 958 cum
2364 903 2580 958 clericis
2617 905 2670 958 in
2701 905 2962 972 palatium
2997 895 3179 960 'noctu
3239 903 3566 972 irreperent)

2001 994 2182 1048 clerici
2249 995 2694 1064 pernoctaverint
2750 996 2806 1050 in
2889 995 3055 1070 regiis
3123 994 3354 1058 aedibus,
3420 994 3568 1048 nulla

2001 1085 2265 1154 deinceps
2299 1086 2606 1150 ὲξωκοίτων
2644 1086 2729 1148 vel
2777 1085 3236 1150 ὲξωκατακοξλων
3289 1095 3433 1140 esset
3463 1084 3564 1139 ha-

1999 1174 2664 1252 benda.ntctnoria.’llis
2715 1175 2900 1246 iunge,
2957 1191 3072 1230 non
3135 1176 3434 1246 palatinos,
3468 1174 3563 1229 sed

2001 1264 2404 1332 patriarcllicos
2467 1265 2676 1335 primos
2701 1266 2933 1320 clericos
2968 1265 3438 1330 ὲξωκατακοί).δ·.›ς
3464 1279 3561 1318 v0-

2000 1364 2185 1424 catos;
2226 1369 2282 1412 ut
2321 1359 2451 1428 quid
2485 1359 2600 1414 haec
2655 1374 2839 1422 rerum
2873 1358 3315 1414 dissentientium
3344 1368 3563 1428 pertur-

2000 1447 2297 1503 batio'et'a
2334 1450 2541 1520 palatio
2582 1450 2648 1504 ad
2681 1451 3010 1520 patriarchae
3049 1451 3232 1505 sedem
3258 1449 3565 1518 digressus,

2001 1548 2058 1590 ut
2092 1537 2183 1606 qui
2215 1539 2407 1607 palatii
2435 1539 2742 1605 ὲξὼκοιτοι,
2780 1555 2980 1594 nomen
3025 1542 3155 1596 dent
3183 1539 3568 1610 patriarchicis

332 1656 397 1695 ac
430 1616 726 1694 inscienter
758 1637 996 1692 vocavit.
1030 1636 1108 1691 Ex
1145 1636 1429 1705 privilegio
1468 1642 1523 1688 et
1567 1634 1634 1688 ad
1665 1635 1892 1703 amplio-

2001 1627 2507 1692 ἐξωκοτακοίλοιςῖ
2536 1631 2618 1685 llli
2651 1633 2840 1698 etiam,
2899 1632 3130 1699 inquies,
3169 1630 3392 1686 fuerunt
3423 1645 3453 1684 e
3479 1645 3569 1697 pa-

329 1746 444 1785 rem
469 1739 722 1784 ornatum
761 1728 1004 1795 palatino
1036 1717 1422 1808 arcliidiacono
1455 1725 1698 1781 casulam
1753 1724 1896 1780 ferre

330 1819 478 1873 licet.

371 1827 543 1964 ciiiid.
595 1910 678 1963 Οὐ
725 1907 852 1977 μὴν
899 1907 1361 1976 ἐπιτρακήλιον.
1408 1904 1491 1962 Ob
1537 1903 1895 1984 sacerdotalis

328 2003 535 2071 gradus
585 1999 882 2063 delectum,
933 1998 1096 2066 cujus
1135 1997 1267 2051 illud
1321 2006 1404 2052 est
1463 1995 1700 2064 insigne,
1755 1994 1894 2050 stola

328 2094 588 2147 nimirum
643 2105 673 2145 e
724 2089 866 2145 collo
927 2103 1121 2144 versus
1175 2087 1388 2142 medias
1417 2087 1586 2166 [tibias
1622 2086 1891 2150 deﬂuens,

327 2185 484 2254 cujus
511 2180 916 2253 pendulaihine
958 2179 1084 2235 inde
1137 2188 1324 2248 partes
1377 2180 1443 2234 ad
1486 2179 1719 2234 invicem
1767 2185 1897 2240 sunt

325 2276 611 2346 colligata.

399 2387 538 2442 ibid.
579 2387 852 2459 Ὠράριον,
891 2388 1033 2444 stola
1063 2387 1366 2442 diaconalis
1395 2383 1730 2442 sacerdotali
1761 2387 1893 2441 stri-

323 2480 490 2542 ctior,
522 2481 611 2534 cui
635 2481 689 2534 ln
725 2481 950 2551 longum
985 2497 1088 2536 vox
1121 2481 1279 2548 ἅγιος
1313 2489 1396 2534 ter
1426 2479 1772 2534 inscribitur.
1811 2478 1895 2531 Si-

323 2569 502 2624 uistro
539 2577 746 2624 tantum
777 2571 1010 2624 humero
1045 2573 1247 2626 tunicae
1291 2569 1642 2639 superposita
1667 2584 1731 2624 ac
1762 2569 1895 2624 sini-

324 2667 435 2711 stra
463 2673 625 2712 manu
657 2667 866 2712 retenta
893 2667 1156 2728 gestator.

395 2767 537 2821 Ibid.
568 2767 798 2834 Σῶσον,
844 2769 1041 2835 Κύριε.
1074 2767 1169 2820 His
1199 2765 1358 2826 adde.
1389 2768 1432 2820 si
1467 2767 1738 2822 curiosius
1768 2769 1894 2824 reli-

323 2873 430 2924 qua
451 2857 757 2922 desideras,
787 2860 813 2910 ὁ
843 2858 1005 2922 Θεὸς,
1043 2856 1134 2910 τδν
1180 2857 1308 2908 λαόν
1339 2874 1456 2922 σου,
1480 2859 1573 2909 καὶ
1601 2857 1894 2928 εὐλόγησον

321 2949 421 3018 τὴν
446 2949 814 3017 κληρονομίαν
847 2965 964 3014 σου,
998 2948 1294 3015 ἐπίσκεψαι
1325 2949 1416 3000 τὸν
1455 2951 1663 3019 κόσμον
1707 2967 1802 3004 σου
1832 2953 1889 3004 ὲν
1917 2948 1960 3004 C

323 3037 466 3089 ἐλέει
491 3038 938 3106 καιοίκτιρμοῒς,
972 3035 1188 3102 ὖψωσον
1219 3035 1385 3104 κέρας
1418 3038 1762 3104 Χριστιανῶν
1800 3039 1893 3107 ὀρ-

325 3129 578 3195 θοδύξων,
611 3129 705 3181 καὶ
727 3128 1094 3198 κατάπεμψον
1121 3127 1208 3195 ἐφ’
1241 3129 1392 3197 ἡμᾶς
1419 3129 1494 3180 γτὰ
1539 3130 1665 3200 ἔλέη
1697 3149 1790 3184 σου
1822 3131 1892 3184 τὰ

325 3221 582 3285 πλούσια,
645 3219 965 3290 πρεσϐείαις
1022 3221 1122 3288 τῆς
1164 3221 1554 3290 παναχράντου
1604 3221 1892 3292 δεσποίνης

323 3311 483 3379 ἡμῶν
514 3310 771 3363 Θεοτόκου
803 3311 898 3362 καὶ
941 3309 1313 3379 ἀειπαρθὲνου
1368 3312 1609 3380 Μαρίας,
1639 3315 1704 3384 τῇ
1735 3314 1892 3367 δυνά-

325 3397 530 3467 μειτοῦ
570 3399 756 3469 τιμίου
782 3402 874 3451 καὶ
921 3399 1499 3468 ζωοποιοῦ.σταυροῡ;
1537 3401 1908 3467 προστασίαις’

320 3488 430 3542 τῶν
444 3491 640 3560 τιμίων
664 3490 998 3560 ἐπουρανίων
1027 3488 1656 3562 δυνάμεωνμσωμάτων.
1689 3491 1839 3547 ΟοΑιι
1865 3491 1887 3564 ]

390 3599 452 3653 Ρ.
483 3599 572 3654 66.
601 3600 797 3656 Junius
855 3581 1058 3670 ubique
1113 3615 1400 3670 perperam
1452 3602 1733 3657 calacwlos
1791 3619 1887 3674 pro

319 3692 717 3747 exocatacmlos.
752 3691 956 3748 Gns'rs.
1709 3689 1719 3698 ’

394 3806 538 3859 Ibid.
565 3805 633 3876 [E
655 3821 848 3862 novem
878 3807 1194 3864 ofﬁcialium
1218 3808 1425 3879 Magnae
1442 3809 1686 3865 ecclesiae
1703 3821 1890 3879 penta-

321 3898 482 3953 dibus
512 3898 674 3967 primi
707 3913 828 3962 sex,
863 3913 1186 3956 meonomus
1223 3901 1510 3965 nimirum,
1539 3901 1884 3969 sacellarius,

327 3990 720 4059 scevophylax,
771 3990 1190 4062 chartophylax,
1258 3994 1474 4048 sacella
1540 3998 1887 4064 praepositus,

321 4079 602 4147 hodieque
672 4079 881 4145 primus
935 4079 1284 4139 defensorum
1357 4083 1654 4154 (quondam
1709 4098 1890 4155 proto-

320 4167 597 4235 notarius)
649 4167 719 4222 ab
772 4170 1092 4224 auctoribus
1181 4171 1453 4242 plerisque
1515 4174 1884 4238 ἑξωκατάκοι-

320 4255 405 4307 λοι
435 4254 714 4323 appellati.
771 4254 928 4308 Ratio
953 4257 1118 4310 dubia
1150 4269 1253 4322 est,
1279 4269 1335 4313 et
1361 4262 1507 4316 circa
1540 4277 1728 4319 vocem
1750 4280 1885 4320 con-

315 4344 548 4411 iecturis
571 4345 858 4414 hucusque
883 4345 1064 4412 lusum
1099 4359 1182 4404 est
1230 4353 1466 4408 abunde.
1501 4352 1695 4416 Paucis
1723 4371 1880 4425 nugae

321 4439 660 4506 rejiciendae,
687 4439 908 4495 brevius
943 4457 1164 4510 quoque
1199 4458 1325 4498 vera
1384 4447 1654 4514 sententia
1703 4448 1887 4514 prole-

323 4530 514 4584 renda.
537 4529 676 4608 Sunt
708 4532 826 4601 qui,
849 4543 906 4585 ut
943 4533 1174 4594 liberius
1203 4535 1634 4604 liallucinentur,
1680 4539 1888 4602 ὲξωκα-

322 4622 610 4684 τακοίλους
671 4622 980 4693 repudiant,
1039 4642 1276 4694 quorum
1344 4630 1463 4684 vice
1518 4629 1889 4703 ἐξῳκατακοί-

321 4729 449 4773 τους
497 4722 790 4787 reponunt,
849 4713 1039 4782 jejuna
1113 4716 1275 4770 valde
1331 4719 1553 4772 concilii
1615 4718 1883 4788 Trullani,

318 4804 586 4858 moniales
643 4821 768 4860 can.
805 4806 874 4860 40
921 4805 1258 4874 ἐξωκοιτείν,
1288 4818 1441 4864 extra
1493 4815 1884 4867 monasterium

319 4893 587 4957 dormire,
647 4895 1014 4963 prohibentis,
1063 4897 1388 4951 auctoritate
1460 4897 1624 4964 fulti;
1676 4901 1887 4971 hosque

319 4985 444 5038 ideo
501 4983 974 5050 ὲξωκατακοίλους
1037 4987 1194 5056 quasi
1244 4988 1744 5056 ὲξωκατακοίτους,
1791 4993 1885 5062 qui

320 5084 474 5130 extra
505 5075 768 5144 palatium
799 5079 883 5132 vel
910 5077 1301 5146 patriarchium
1343 5080 1633 5148 cubarent,
1687 5083 1883 5139 dietos.

321 5166 524 5223 Verum
550 5185 647 5224 cur
675 5184 783 5224 non
827 5169 1038 5225 facilius
1068 5185 1164 5225 eos
1193 5172 1512 5238 ὲξωκοίτους
1549 5191 1710 5244 quam
1752 5177 1888 5238 ἐξω-

321 5260 542 5319 κοίλους
588 5263 655 5314 ab
683 5261 993 5324 ὲξωκοιτεῖν
1045 5263 1298 5320 diceres?
1356 5266 1436 5318 An
1471 5281 1596 5324 non.
1627 5269 1889 5336 pervertit

321 5352 574 5405 dictionis
596 5365 814 5405 sensum
834 5352 1233 5421 praepositionis
1247 5355 1701 5424 additamentum,
1721 5373 1884 5428 quam

323 5447 407 5498 vel
430 5447 680 5501 litterulae
707 5448 789 5502 vel
812 5458 1073 5504 accentus
1116 5451 1344 5504 mutatio
1381 5466 1734 5521 corrumpere
1791 5469 1888 5522 po-

319 5533 423 5595 tcSt
457 5556 518 5595 ex
547 5542 804 5610 integro?
834 5543 900 5596 At
927 5552 1050 5597 ante
1076 5541 1274 5597 Leonis
1310 5542 1557 5597 Armenii
1593 5554 1884 5610 tempesta-

2003 1719 2261 1775 triarchio
2311 1721 2612 1787 ἐξῶκοιτοι.
2669 1722 2836 1788 Quasi
2893 1737 3023 1778 vero
3089 1723 3215 1777 inde
3272 1721 3570 1788 ὲξωκάτοιη

1997 1811 2102 1864 λοι.
2169 1809 2433 1877 Facilius,
2507 1827 2594 1866 me
2660 1813 2870 1881 judice,
2920 1814 3132 1868 diceres
3188 1812 3569 1877 ὲξωκατακοί-

1995 1901 2119 1964 loc;
2159 1902 2319 1970 quasi
2350 1901 2855 1969 ὲξωκατακέλλους,
2886 1905 2983 1974 qui
3015 1905 3316 1972 συγκέλλου
3335 1903 3571 1972 patriar-

1996 1992 2112 2046 chm
2139 1993 2464 2048 concellanei
2492 1995 2805 2064 privilegio,
2841 1979 2906 2050 ut,
2941 1997 3007 2050 ad
3043 1995 3159 2062 ejus
3193 1995 3380 2048 cellam
3411 1993 3572 2048 habi-

1995 2095 2200 2152 tarent,
2237 2101 2510 2154 qusquam
2537 2086 2863 2155 gauderent.
2925 2086 3116 2140 Terret
3167 2101 3254 2140 me
3291 2085 3572 2140 nihilomi-

1997 2189 2102 2228 nus
2147 2189 2214 2230 ne
2253 2175 2308 2228 id
2357 2189 2646 2243 suggeram
2684 2175 3140 2240 ,ὲξωκαιακοίλων
3171 2175 3429 2242 dignitas,
3474 2175 3566 2229 cui

1996 2281 2028 2318 a
2063 2265 2338 2334 privilegii
2397 2266 2522 2322 aliis
2571 2267 2820 2322 concessi
2859 2267 3168 2334 privatione
3205 2265 3406 2322 nomen
3445 2281 3568 2320 mu-

1997 2356 2141 2409 tuari
2177 2371 2406 2425 prorsus
2441 2356 2744 2426 indignum.
2777 2356 2961 2412 Placet
3005 2357 3207 2412 idcirco
3239 2357 3412 2426 magis
3439 2357 3569 2411 reli-

1998 2459 2139 2514 quos
2169 2459 2358 2500 omnes
2401 2445 2485 2501 his
2527 2445 2816 2502 inferiores
2871 2446 3102 2501 clericos
3157 2463 3252 2502 ceu
3303 2447 3568 2501 κατακοί-

1997 2534 2120 2597 loti;
2145 2535 2258 2590 loco
2293 2537 2624 2606 depressiore
2666 2546 2716 2590 et
2745 2536 2936 2590 humili
2991 2537 3320 2592 considente:
3360 2547 3566 2606 specta-

2003 2641 2084 2690 re,
2119 2624 2222 2680 hos
2248 2641 2377 2680 vero
2411 2628 2527 2682 sive
2559 2628 2614 2682 in
2633 2628 2875 2682 ecclesiae
2904 2643 3170 2683 consessu
3215 2628 3330 2684 sive
3353 2629 3404 2682 in
3438 2644 3565 2700 pro.

1997 2718 2226 2773 cedendi
2272 2717 2465 2773 ordine
2521 2717 2637 2772 sive
2669 2717 2734 2771 ad
2773 2717 3146 2787 patriarcham
3213 2719 3409 2774 vicinia
3474 2733 3566 2772 su-

1996 2808 2280 2864 blimiores
2351 2809 2522 2863 multo
2574 2823 2637 2862 ac
2677 2807 3103 2872 eminentiores,
3161 2815 3215 2862 et
3270 2808 3381 2876 (qui
3435 2818 3564 2863 sunt

1998 2901 2161 2954 modo
2237 2899 2622 2968 spectatissimi
2700 2898 3032 2971 cardinales)
3091 2898 3560 2962 ὲξωκατακοίλους

1994 2991 2256 3063 perfecte,
2287 2991 2730 3046 eminentissimos
2759 2989 3234 3060 decet-nerealo
3261 2990 3559 3042 vocandos.

1997 3081 2252 3140 Detineor
2286 3091 2466 3135 tamen
2503 3080 2801 3151 Regiorum
2831 3079 3064 3134 lectione
3120 3095 3306 3134 vocem
3341 3080 3557 3133 unicam

1993 3171 2050 3224 in
2081 3173 2218 3226 duas
2257 3172 2552 3234 dividente,
2601 3172 2974 3239 diaconosque
3009 3181 3337 3224 memoratos
3363 3169 3422 3233 ἓξ
3456 3186 3560 3220 κα-

1992 3263 2301 3327 τακοίλους,
2338 3279 2431 3317 sea:
2459 3263 2760 3326 depressos,
2797 3259 3122 3329 patriarcha:
3153 3259 3413 3313 nimirum
3469 3273 3559 3312 as-
3589 3265 3596 3272 ”

1992 3369 2255 3416 sessores,
2287 3367 2475 3406 verum
2517 3351 2800 3424 dignitate,
2830 3351 2974 3420 jure,
3000 3350 3145 3416 loco,
3181 3359 3447 3419 potestate
3477 3350 3560 3404 in-

1991 3442 2224 3500 feriores
2251 3443 2496 3498 omnino.
2519 3442 2790 3496 Arriserat
2818 3442 2971 3510 prius
3003 3456 3062 3494 ea
3098 3441 3241 3496 vocis
3264 3441 3555 3508 expositio.

1991 3548 2113 3602 quae
2148 3536 2353 3604 regiam
2377 3534 2570 3593 urbem
2601 3533 2706 3588 (ΣΡ.
2735 3532 2800 3586 ad
2838 3535 3037 3586 veteris
3079 3533 3267 3586 Roma:
3301 3533 3478 3586 instar
3500 3533 3553 3587 in

1994 3624 2275 3678 montibus
2305 3633 2358 3677 ct
2389 3625 2624 3680 vallibus
2659 3625 2827 3677 variis
2855 3623 3038 3687 sitam,
3068 3623 3330 3694 quasdam
3389 3622 3552 3677 etiam

1991 3713 2256 3768 ecclesias
2275 3723 2388 3769 tum
2423 3714 2478 3770 in
2503 3713 2624 3768 istis
2649 3721 2761 3766 tum
2796 3713 2849 3766 in
2882 3714 2992 3768 illis
3038 3713 3406 3767 exmdilicatas
3423 3709 3555 3766 co'n-

1992 3805 2273 3880 templata,
2306 3804 2661 3857 lmmiliorum
2722 3804 2970 3859 locorum
3017 3804 3258 3858 oratoria
3302 3804 3485 3858 minus
3524 3818 3556 3856 e
3641 3879 3644 3881 ἓ

1991 3895 2140 3950 clero
2174 3897 2355 3968 dignis
2398 3896 2702 3965 assignaret
2733 3896 3018 3966 regendas,
3067 3895 3374 3966 praecipuas
3402 3909 3554 3960 vero,

1990 4001 2114 4055 qua:
2141 3987 2192 4040 in
2226 3987 2505 4042 montibus
2549 3988 2898 4044 fundamenta
2933 3989 3109 4058 posita
3170 3989 3555 4043 nancisceren-

1992 4083 2100 4138 tur,
2169 4075 2258 4146 his
2302 4076 2764 4142 ὲξωκατακοίλοις
2821 4078 2969 4133 velut
3031 4087 3241 4132 montes
3314 4076 3554 4131 lucernis

1991 4177 2292 4222 reservatas
2316 4179 2588 4223 censeret.
2645 4169 2850 4223 Praeter
2897 4167 3121 4226 Juninm
3183 4167 3548 4237 conjectorem

1994 4258 2134 4312 alius
2157 4273 2264 4312 non
2302 4258 2476 4313 adfuit
2520 4259 2611 4330 qui
2651 4261 2975 4315 sententiam
3044 4263 3288 4314 ﬁrmaret
3337 4269 3548 4312 auctor.

1998 4349 2072 4404 Ea
2109 4366 2252 4404 nunc
2276 4350 2398 4406 ideo
2432 4367 2537 4404 non
2574 4351 2754 4404 acrius
2784 4351 3026 4416 defensa,
3075 4351 3294 4422 Georgii
3343 4350 3553 4406 Coresii

1997 4445 2116 4498 suis
2151 4458 2237 4497 me
2269 4443 2465 4498 litteris
2484 4443 2656 4497 amice
2687 4443 3063 4497 convenientis
3087 4443 3354 4497 diversam
3405 4458 3555 4496 men-

1994 4543 2100 4586 tem
2141 4533 2388 4587 tenacius
2421 4532 2672 4600 amplecti
2701 4534 3084 4588 constitutum.
3129 4531 3321 4596 Totus,
3378 4533 3555 4602 inquit

1993 4625 2102 4689 ille,
2133 4624 2238 4678 (ΞΡ.
2271 4625 2588 4693 patriarchii
2619 4626 2755 4679 situs
2785 4640 3084 4679 concavum
3118 4626 3298 4680 locum
3327 4639 3554 4694 occupa-

1990 4717 2066 4772 vit
2081 4719 2378 4787 qnondam,
2397 4717 2914 4789 ejusqueaedcscum
2932 4719 3156 4787 reliquis
3175 4729 3426 4788 spectatae
3446 4717 3556 4770 κοί-

1989 4808 2088 4876 λην
2121 4807 2268 4860 Θέσιν
2300 4811 2580 4862 caritatem
2610 4819 2662 4862 et
2711 4810 2862 4863 velut
2888 4812 3190 4874 voraginem
3220 4809 3560 4883 exhibebant

1990 4901 2190 4970 oculis,
2231 4909 2282 4954 et
2308 4903 2362 4956 in
2395 4917 2458 4956 ea
2485 4913 2598 4954 tum
2635 4902 2858 4972 syncelli
2890 4912 3004 4955 tum
3034 4901 3124 4954 alii
3176 4901 3427 4955 monachi
3458 4915 3553 4970 pa-

1993 4993 2245 5046 lriarchte
2295 4992 2561 5061 obsequio
2613 4993 2904 5062 mancipati
2953 4993 3038 5047 vel
3069 4993 3233 5047 etiam
3268 4991 3550 5046 domestici

1991 5086 2172 5137 sedem
2222 5083 2564 5150 obtinebant,
2601 5087 2748 5140 unde
2794 5096 2848 5140 et
2894 5084 3252 5138 κατάκοιλοιε
3290 5083 3552 5153 primates

1990 5190 2120 5229 vero
2147 5175 2330 5230 clerici
2378 5176 2484 5242 ἔξω
2537 5177 2854 5245 κοιλότητος
2884 5186 3288 5231 commorantes
3329 5175 3552 5229 d‘omo‘s-

1993 5282 2097 5337 que
2133 5269 2342 5336 amplas
2367 5276 2422 5321 et
2449 5268 2692 5322 excelsas
2716 5267 2921 5336 adepti.
2976 5282 3077 5323 ceu
3112 5267 3206 5337 qui
3244 5283 3308 5322 ex
3359 5271 3555 5338 ιιι-εςεοί-

1995 5359 2119 5427 puis
2149 5359 2370 5412 familiis
2398 5371 2450 5411 et
2485 5359 2810 5428 proceribus
2849 5360 3235 5428 seligere'ntur,
3270 5361 3554 5423 ὲξωκατάο

1994 5451 2164 5504 κοιλοι
2190 5451 2472 5520 nominati,
2499 5452 2591 5522 qui
2624 5468 2730 5507 non
2751 5453 2912 5506 modo
2943 5452 3173 5506 clericos
3193 5453 3351 5516 alios,
3383 5456 3473 5506 sed
3495 5462 3553 5508 et

1999 5545 2280 5608 pontiﬁces
2333 5544 2478 5606 ipsos
2541 5547 2746 5602 honore
2806 5548 3192 5602 praecederent.
3248 5544 3370 5600 lla't.
3439 5543 3546 5600 ille.
