3952 6222
474 246 589 323 '347

479 378 742 439 manibus,
774 378 861 429 sed
890 378 942 429 in
967 379 1198 433 humeris
1229 382 1401 449 posita
1426 393 1545 435 sunt
1580 386 1902 441 numismata
1939 406 2053 442 cum
2087 399 2128 452 Α

478 469 841 537 scaramangis
858 480 1086 538 quatuor
1103 470 1291 541 (vestis
1310 488 1479 541 genus
1495 488 1575 530 est
1593 493 1747 533 scara
1758 482 2051 550 mangium,

481 562 699 627 pluvize,
736 562 1063 631 ueterisque
1097 564 1220 618 coeli
1257 566 1473 633 injuriis
1510 571 1758 625 arcendis
1785 574 2053 640 apposita.

478 648 615 703 Vide
665 649 973 706 Pandectcn
1021 650 1341 722 Turcicum,
1386 673 1436 713 ο.
1479 660 1580 712 177
1618 674 1673 716 et
1703 663 1825 732 199)
1861 680 1874 720 :
1938 673 2054 733 post

475 758 625 810 quem
664 745 691 795 6
721 743 1039 798 domesticus
1069 748 1368 803 scholarum
1391 761 1439 804 et
1475 754 1500 803 6
1533 753 1900 827 λογαριαστὴς
1955 759 2054 827 τῆς

476 835 669 898 πλοίας
701 847 825 889 sunt
852 840 1040 905 vocati,
1081 856 1301 907 quarunt
1330 844 1463 897 alter
1493 847 1769 914 militibus,
1803 849 1938 902 alter
1964 867 2057 903 na-

478 926 780 995 uigantibus
812 942 1057 996 prtcerat.
1092 931 1162 985 Ili
1189 935 1365 1004 itaque
1386 938 1530 1004 paris
1554 940 1780 1002 numeri,
1826 942 1953 1010 quia
1976 942 2057 995 di-

480 1021 650 1087 gnitas
676 1038 776 1090 par
807 1032 943 1089 erat,
979 1028 1300 1080 numisntata
1325 1037 1374 1082 et
1397 1047 1745 1102 scaramanga
1765 1036 2054 1102 suscipien-

482 1120 555 1162 tes
589 1127 697 1178 prtv
727 1114 1065 1169 multitudine
1101 1134 1202 1170 non
1221 1120 1332 1183 iam
1363 1128 1415 1174 in
1437 1122 2051 1192 humeris‘portaverunt,

482 1206 578 1253 scd
604 1204 973 1269 adjuvantibus
1005 1208 1122 1261 aliis
1156 1220 1349 1278 postse
1372 1229 1488 1265 cum
1526 1213 1703 1268 labore
1760 1225 2053 1271 traxerunt.

479 1293 611 1347 Post
646 1296 737 1347 ltos
770 1297 989 1349 admissi
1025 1308 1144 1350 sunt
1192 1304 1427 1371 magistri
1458 1320 1672 1358 numero
1728 1306 1820 1369 24,
1870 1308 2055 1375 quibus

475 1394 705 1452 erogattc
729 1396 851 1437 sunt
876 1390 1252 1442 numismatum
1283 1408 1561 1446 aureorum
1585 1394 1755 1458 librte,
1777 1396 2057 1466 unicuique

476 1476 759 1528 secundum
793 1477 1011 1531 eundem
1051 1495 1327 1534 numerum
1381 1485 1475 1549 24,
1535 1502 1655 1539 cum
1692 1491 2055 1557 scaramangis

406 1572 407 1575 “
476 1566 702 1619 duobus.
739 1566 1090 1621 Patriciorum
1124 1572 1309 1626 deinde
1341 1574 1469 1627 orto
1510 1576 1601 1630 Itos
1656 1593 1788 1642 pone
1842 1589 1921 1632 est
1967 1596 2053 1632 se-

479 1667 652 1723 cutus,
680 1669 726 1711 et
774 1659 837 1711 12
856 1663 1237 1715 numismatum
1262 1665 1410 1719 libris
1429 1683 1545 1719 cum
1568 1684 1918 1738 scaramanga
1947 1688 2052 1724 una

480 1746 726 1802 donatus.
764 1750 939 1804 Turba
966 1762 1078 1820 post
1109 1753 1201 1806 hos
1231 1757 1486 1812 immensa
1528 1771 1746 1814 vocatur
1775 1773 2050 1831 protospa-

483 1838 799 1903 tltariorum,
829 1844 1246 1911 spathariorum,
1272 1849 1682 1903 candidatorum
1718 1858 1767 1904 et
1802 1854 1855 1906 id
1890 1870 2048 1922 genus

475 1935 746 1988 clientum.
783 1933 903 1989 llzcc
935 1936 1002 1990 de
1049 1952 1177 2003 roga
1205 1940 1269 1992 ad
1313 1938 1508 1994 festum
1563 1942 1868 1997 Palmarum
1934 1945 2047 1999 fieri

477 2028 641 2081 solita
677 2029 728 2081 in
760 2030 964 2097 palatio
992 2031 1279 2102 Cpolitano
1314 2035 1708 2105 Luitprandus.

547 2116 651 2169 Sed
697 2116 818 2171 fons
850 2118 951 2174 iste
980 2120 1324 2179 liberalitatis
1354 2139 1645 2181 exaruerat
1675 2131 1725 2181 in
1752 2130 1973 2197 palatio,
1999 2140 2053 2185 et

480 2204 655 2259 ferme
690 2208 851 2262 etiam
888 2210 941 2263 in
984 2212 1342 2280 patriarcbio,
1404 2225 1649 2285 tempore
1686 2217 2049 2282 Balsamonis,

479 2304 539 2349 ut
572 2299 685 2367 ipse
718 2302 1096 2370 conqueritur.
1122 2304 1184 2356 Et
1210 2307 1520 2373 patriarcha
1550 2310 1767 2377 quidem
1796 2293 1874 2363 ne.
1892 2326 2068 2379 pror-.

477 2405 572 2468 sus
600 2390 971 2447 immunillcus
1006 2394 1303 2457 videretur,
1370 2397 1507 2449 κατὰ
1561 2398 1659 2465 τὴν
1715 2398 1928 2467 ἡμέραν
1954 2399 2055 2468 τῆς

476 2466 833 2550 κατηχήσεως
875 2481 1197 2552 θυμιάματα
1244 2486 1545 2551 dividebat,
1607 2487 1746 2541 festo
1807 2466 2052 2541 baiorum

477 2584 572 2624 seu
608 2571 910 2639 palmarum
948 2586 1138 2628 cereos
1163 2582 1217 2628 et
1257 2589 1473 2642 cruces,
1523 2591 1717 2646 magna
1744 2586 1936 2645 quarta
1974 2576 2051 2631 le-

477 2664 578 2721 ria,
618 2663 719 2717 hoc
750 2672 834 2716 est
857 2662 945 2717 die
976 2663 1229 2719 Mercurii
1253 2667 1475 2736 majoris
1507 2670 1842 2736 septimana,
1870 2681 2055 2722 cereos

474 2762 529 2806 et
556 2754 931 2823 thymiamala,
965 2755 1054 2810 die
1083 2756 1367 2813 Paschalis
1421 2760 1767 2827 deterrimi);
1800 2762 1894 2811 καὶ
1940 2776 2059 2827 τρι·

476 2842 709 2909 κέφαλα,
740 2843 1013 2910 interpres
1040 2860 1053 2898 :
1085 2845 1433 2899 salutationes
1465 2847 1815 2916 et,tricipitia.
1854 2847 2055 2903 Osrulo

478 2932 623 2983 cnim
654 2940 707 2984 et
739 2933 990 3001 amplexu
1016 2933 1327 2999 excipiebat
1352 2935 1610 3003 populum
1647 2936 1786 2991 festo
1812 2936 2051 2991 Pascha-

2083 1709 2129 1769 Β

377 3070 387 3089 ,
475 3023 565 3083 tis,
594 3020 731 3074 dans
761 3022 1048 3090 unicuique
1080 3022 1456 3089 tricepltalum:
1482 3025 1690 3090 exigua:
1713 3037 1941 3081 monetae
1966 3044 2058 3098 gc-
2082 3051 2125 3109 ρ

477 3127 581 3167 nus
611 3108 715 3175 est,
744 3129 771 3166 a
806 3113 978 3166 tribus
1011 3112 1281 3181 capitibus
1314 3129 1511 3168 nomen
1544 3116 1768 3172 ducens.
1798 3116 2057 3172 Celebra-

476 3203 637 3255 batur
666 3203 781 3256 dies
816 3202 1164 3257 catechescos
1212 3201 1344 3256 feria
1377 3206 1535 3259 tertia
1570 3217 1689 3275 post
1718 3206 2055 3261 Dominicam

476 3296 575 3361 τῆς
599 3293 900 3365 ἀποκρέου,
936 3293 1039 3349 hoc
1066 3303 1148 3347 est
1178 3295 1536 3363 carnispririi.
1582 3294 1790 3351 Nomen
1818 3297 1921 3351 hoc
1973 3298 2057 3352 in-

476 3385 545 3439 de
584 3385 837 3447 habebat,
870 3386 994 3454 quia
1029 3386 1337 3453 patriarcha
1374 3387 1632 3456 populum
1662 3403 1727 3442 eo
1769 3390 1857 3443 die
1880 3390 1944 3443 ad
1970 3390 2058 3457 jeo

476 3478 690 3546 iunium
735 3478 1175 3546 Quadragesima:
1229 3479 1328 3532 rite
1399 3487 1704 3549 sancteque
1743 3481 2056 3535 obeundum

481 3567 1026 3632 commonvl‘aeiebat,
1055 3570 1197 3621 datis
1237 3569 1613 3640 thymiamatis
1638 3586 1734 3625 seu
1767 3573 2009 3627 incensis
2037 3589 2053 3639 ;

477 3674 709 3726 quorum
768 3660 1013 3712 omnium
1072 3660 1318 3713 rationes
1378 3663 1603 3729 exponit
1654 3661 1943 3717 Balsamon
2002 3663 2058 3718 in

478 3751 716 3821 quadam
752 3752 818 3805 de
853 3737 1311 3821 boc'argnmento
1342 3754 1593 3825 epistola,
1647 3770 1768 3824 quae
1805 3764 1983 3811 exstat
2016 3756 2057 3809 1.

479 3854 554 3893 vu
587 3838 736 3893 Juris
771 3841 988 3895 Griecoo
1023 3840 1177 3895 Itoni.
1206 3842 1295 3896 fol.
1339 3842 1463 3897 471.

554 3930 611 3981 ιι.
645 3929 733 3983 67.
778 3930 882 3983 Pro
908 3928 1000 3983 τοῦ
1042 3933 1374 4001 περιπάτου,
1411 3934 1557 4003 quod
1614 3934 1811 3991 vitiose
1865 3934 2061 3988 Junius

410 4046 411 4049 η
480 4020 660 4088 ιιίΐοιοι,
699 4024 1029 4090 scripsimus
1063 4039 1127 4076 ex
1162 4026 1552 4094 manuscriptis
1575 4028 1957 4095 ὁπερίπατοςζ
1984 4027 2062 4081 sic

479 4113 626 4165 enim
658 4121 712 4166 et
733 4115 908 4166 oratio
934 4123 988 4166 et
1022 4115 1287 4169 orationis
1316 4130 1513 4169 sensus
1544 4126 1780 4173 constat.

552 4201 637 4257 Ib.
672 4202 1146 4266 SabbatuLazari,
1181 4205 1354 4273 pridie
1413 4206 1719 4259 Palinurum
1775 4207 2060 4261 celebrant

480 4295 653 4347 Graeci
686 4295 977 4347 admodum
1016 4296 1243 4349 solemni
1272 4298 1589 4350 ca'remonia
1617 4298 1812 4353 festum
1838 4301 2056 4353 excitati

485 4384 671 4436 Lazari
700 4401 714 4450 ;
747 4383 812 4438 de
841 4399 948 4453 quo
979 4385 1202 4438 consule
1229 4385 1453 4441 rituales
1504 4387 1669 4443 libros
1718 4389 2052 4444 Graacorum.
2085 4371 2133 4430 ο

480 4473 688 4528 (Iners.

548 4564 710 4634 313
762 4564 820 4619 P.
855 4565 943 4620 67.
977 4564 1281 4638 [Triodium
1317 4584 1332 4622 :
1376 4568 1761 4639 Ἐορτάζεσϐαι
1793 4570 1932 4622 κατὰ
1959 4570 2057 4641 τὴν

481 4656 766 4724 παροῦσαν
798 4658 1011 4726 ἡμέραν
1038 4657 1364 4727 (palmarum
1400 4661 1706 4730 pervigilio)
1764 4662 1969 4732 ἐτάχθη
2022 4665 2056 4732 ἡ

484 4749 747 4819 Λαζάρου
780 4750 1018 4820 ἕγερσις,
1042 4752 1121 4803 ὅτι
1143 4753 1193 4803 οἱ
1220 4753 1369 4819 ἆγιοι
1401 4754 1494 4805 καὶ
1524 4754 1777 4825 ϐεοφόροι
1815 4755 2060 4824 Πατέρες

488 4842 670 4909 ἡμῶν,
730 4842 933 4910 μᾶλλον
971 4843 1029 4894 δὲ
1070 4844 1117 4895 οἱ
1184 4841 1333 4906 ἅγιοι
1403 4844 1717 4910 ἀπόστολοι,
1773 4847 1910 4914 μετὰ
1958 4847 2058 4914 τὴν

485 4935 1082 5005 τεσσαρακονοήμερον
1124 4938 1386 5006 νηστείαν
1413 4939 1504 4992 διὰ
1534 4939 1635 5009 τὴν
1687 4939 1956 5009 κάθαρσιν
1990 4941 2058 4993 τὰ

482 5026 618 5093 am
640 5026 787 5096 πάθη
827 5025 923 5080 τοῦ
963 5029 1172 5099 Κυρίου
1211 5030 1369 5099 ἡμῶν
1414 5030 1597 5099 Ἰησοῦ
1652 5032 1890 5101 Χριστοῦ
1942 5031 2062 5100 μέλ-

482 5120 670 5180 λοντες
699 5118 1127 5189 πανηγυρίζειν,
1158 5121 1348 5188 ἐπειδὴ
1377 5121 1540 5174 τοῦτο
1570 5121 1628 5173 τὸ
1667 5120 1853 5189 θαῦμα
1883 5123 2059 5191 ἀρχὴν

489 5212 583 5262 καὶ
628 5210 812 5263 αἰτίαν
851 5211 1088 5278 μάλιστα
1119 5205 1280 5281 εὗρον
1336 5213 1439 5281 τῆς
1473 5213 1614 5267 κατὰ
1663 5213 1759 5265 τοῦ
1818 5211 2059 5282 Χριστοῦ

492 5302 700 5370 μανίας
756 5303 866 5355 τῶν
912 5302 1211 5367 Ἰουδαίων,
1273 5304 1423 5375 κατὰ
1479 5304 1638 5356 τοῦτο
1720 5303 1957 5358 ἐνταῦθα
2002 5304 2063 5357 τὸ

488 5394 765 5461 ὑπερφυὲς
797 5393 953 5445 τοῦτο
976 5392 1265 5461 τεράστιον
1298 5393 1508 5447 ἔθεντο.
1543 5392 1741 5465 Cum]

562 5484 646 5537 Ib.
690 5482 1039 5537 ’A.t.1a'0'¢rst.
1080 5481 1347 5538 Meursius
1386 5499 1441 5538 v.
1480 5484 1906 5553 Ἀλλαξιμάριον
1931 5484 2064 5539 dicit

493 5572 832 5626 recentiores
854 5571 1071 5626 Grrccos
1098 5571 1387 5623 ἀλλάσσειν
1414 5572 1732 5640 simpliciter
1756 5574 1937 5626 dicere
1967 5588 2063 5641 pro

494 5666 713 5718 induere
751 5675 971 5727 restem;
1009 5666 1248 5733 citatque
1285 5665 1429 5719 hunc
1491 5666 1667 5720 locum
1705 5675 1755 5719 et
1809 5680 1929 5720 eum
1964 5664 2057 5731 qui

1513 315 1517 319 ρ
1612 271 1691 331 IN
1724 274 2029 337 LIBRUM
2072 278 2165 336 DE
2194 280 2525 340 OFFJCIIS
2559 282 2671 342 (ΣΡ.
2717 278 2723 286 ’

3600 291 3693 354 348

2160 394 2320 461 paulo
2373 402 2494 463 post
2545 396 2612 448 de
2670 395 3008 465 principibus
3054 401 3323 469 sequitur.
3386 401 3604 460 Addueit
3644 421 3693 464 et

2156 487 2319 539 alium
2353 503 2416 540 ex
2442 484 2797 555 Eucliologio,
2831 490 2992 542 alium
3027 492 3258 559 den’que
3291 508 3352 546 ex
3382 493 3553 548 Marco
3584 498 3696 552 llic-

2156 579 2509 632 romouaclm.
2556 577 2691 634 llinc
2722 581 3046 650 ἀλλάγματα
3094 587 3145 636 et
3183 583 3417 651 ἀλλαγαῑ
3468 586 3697 644 abso'nte

2154 667 2483 724 indumenta.
2538 669 2800 733 Quamvis
2850 679 3030 724 autem
3104 672 3280 727 nullus
3342 659 3408 728 ei
3464 676 3545 732 bis
3583 679 3705 733 loris

2153 759 2472 826 simpliciter
2500 760 2714 814 evincat
2742 761 2791 813 id
2823 763 2965 829 quod
3021 762 3134 819 vult
3182 763 3472 832 Meursius,
3522 768 3700 823 detnus

2156 856 2337 900 tamen
2367 848 2417 900 id
2452 850 2524 902 ita
2558 864 2713 903 esse:
2744 849 2977 903 libenter
3003 849 3243 903 vicissim
3304 852 3560 906 fatebitur
3613 869 3707 908 no-

2158 934 2360 988 tionem
2396 936 2461 989 de
2521 937 2821 990 mutatione
2867 938 3100 991 vestium
3148 937 3250 1004 ipsi
3289 940 3555 994 vocabulo
3588 956 3711 995 con-

2154 1028 2519 1099 gruentiorem
2547 1042 2688 1092 esse,
2717 1039 2770 1081 et
2800 1030 2941 1082 banc
2968 1028 3258 1083 secundam
3305 1031 3459 1099 quasi
3518 1032 3711 1086 adven-

2152 1117 2332 1171 ticiam
2360 1118 2481 1186 jure
2513 1118 2742 1173 censeri.
2769 1118 2970 1174 Gue'rs.

2227 1207 2370 1263 Ibid.
2407 1206 2582 1278 [Haud
2623 1220 2809 1275 mutat,
2863 1220 2921 1263 ut
2952 1212 3318 1279 przcmissum,
3376 1215 3506 1280 quin
3542 1214 3715 1282 potius

2103 1372 2106 1375 γ
2156 1314 2316 1351 unam
2354 1299 2715 1366 imperatoriis
2745 1316 2809 1354 ex
2842 1301 3079 1355 vestibus
3111 1301 3178 1355 ab
3205 1304 3447 1371 antiquis
3496 1305 3718 1372 impera-

2157 1389 2366 1443 toribus
2397 1398 2679 1457 acceptam
2711 1390 2826 1458 ipse
2856 1392 3087 1446 assumit
3131 1402 3185 1447 et
3239 1392 3435 1445 induit.
3478 1393 3719 1448 Observo

2154 1493 2323 1548 porro
2356 1479 2606 1565 pluribus
2658 1480 3080 1550 imperatoribus
3137 1482 3327 1536 eadem
3375 1484 3717 1549 vestimenta,

2154 1583 2250 1623 ceu
2304 1569 2583 1639 dignitatis
2617 1587 2780 1640 quam
2840 1588 3088 1641 personae
3140 1574 3314 1644 magis
3351 1574 3596 1644 propria,
3635 1575 3723 1627 dc-

2156 1661 2432 1717 scrviisse.
2458 1661 2595 1718 Hinc
2619 1663 2985 1730 Luitprandus
3017 1665 3274 1719 vilitatem
3309 1676 3357 1721 et
3388 1672 3722 1719 vetustatem

2156 1767 2343 1805 eorum
2373 1752 2673 1807 subsannat
2716 1752 2766 1807 in
2825 1753 3137 1823 Legatione.
3170 1754 3301 1819 Qum
3359 1752 3725 1808 nihilominus

2158 1834 2299 1897 adeo
2349 1851 2590 1898 vetustas
2641 1853 3076 1910 consumpserat,
3132 1843 3461 1912 Theophilus
3520 1846 3731 1912 aliquot

2157 1934 2460 2003 interiectis
2492 1934 2651 1990 annis
2683 1935 2983 1989 renovavit.
3035 1933 3145 1988 Leo
3199 1934 3623 1990 Grammaticus
3678 1936 3731 1989 in

2157 2026 2276 2093 ejus
2356 2024 2520 2078 Vita:
2568 2022 3033 2093 Ἐκαινούργησεν
3085 2022 3141 2075 δὲ
3208 2024 3302 2075 καὶ
3360 2025 3462 2083 τὰς
3517 2024 3732 2092 βασιλι-

2159 2117 2256 2177 κὰς
2301 2115 2493 2178 στολὰς
2525 2114 2839 2176 ἀνανεώσας
2870 2115 2964 2183 κα).
3014 2114 3459 2185 χρυσοῦφάντους
3493 2132 3732 2169 κατακοο

2160 2208 2401 2276 σμήσας.
2732 2266 2739 2272 ,

2232 2294 2314 2349 Ib.
2349 2295 2605 2363 Στέμμα.
2643 2294 2779 2349 Tum
2812 2304 3008 2350 auctor
3036 2304 3149 2349 tum
3178 2295 3375 2364 reliqui
3427 2296 3735 2364 scriptores

2160 2388 2249 2441 alii
2283 2403 2499 2456 semper
2527 2388 2838 2456 intelligunt
2886 2387 3231 2455 imperatoris
3262 2386 3521 2441 diadema
3560 2387 3739 2455 trajus

2158 2491 2209 2533 et
2240 2479 2505 2533 ornatius.
2537 2477 2737 2549 6mm]

2232 2568 2375 2622 Ibid.
2405 2569 2650 2624 Saccum.
2684 2567 2879 2623 Junius
2906 2586 3110 2639 sagum,
3151 2574 3259 2621 tam
3303 2566 3392 2621 hic
3449 2582 3620 2637 quam
3648 2581 3742 2620 su-

2162 2677 2295 2731 pra;
2323 2659 2452 2714 etin
2485 2670 2675 2714 annot.
2718 2660 2925 2715 Gallica
2975 2677 3071 2713 v01:
3105 2667 3367 2734 corrupta_
3412 2674 3484 2711 ex
3531 2674 3738 2726 sagum.

2162 2751 2355 2805 Mirutn
2399 2767 2464 2805 ex
2497 2752 2716 2805 Oriente
2744 2766 2850 2805 non
2903 2742 3222 2804 accersitam
3283 2748 3741 2817 originationem.

2161 2844 2273 2900 Cur
2305 2860 2519 2897 saccum
2574 2844 2755 2912 potius
2810 2858 2836 2895 a
2892 2859 3019 2912 sago
3053 2856 3215 2910 quam
3249 2856 3277 2892 a
3334 2856 3500 2893 sacco
3542 2838 3748 2894 Gracia

2162 2933 2477 3002 Latinisque
2500 2934 2772 2987 communi
2804 2932 3138 2987 deducamus
3164 2931 3188 2982 ‘3
3221 2930 3329 2985 Cur
3357 2946 3563 2997 sagum
3620 2928 3743 2981 red-

2160 3027 2371 3089 damus,
2413 3040 2535 3078 eum
2571 3039 2677 3077 non
2732 3024 2802 3077 sit
2849 3034 3057 3078 tantum
3096 3023 3259 3077 vestis
3316 3022 3613 3084 militaris,
3653 3018 3746 3074 sed

2158 3125 2209 3170 ct
2234 3116 2484 3179 forensis,
2508 3133 2609 3172 nec
2634 3116 2864 3172 forensis
2888 3124 3098 3170 tantum
3124 3115 3292 3171 vestis
3327 3112 3626 3179 militaris,
3657 3110 3747 3165 sed

2158 3217 2211 3260 et
2243 3208 2617 3263 ecclesiastica
2648 3208 2671 3261 ?
2704 3217 2763 3263 ut
2797 3208 3018 3276 planum
3058 3208 3115 3261 fit
3166 3223 3228 3259 ex
3272 3206 3644 3275 Turcogriec.
3696 3219 3750 3271 p.

2156 3296 2247 3362 20,
2286 3297 2377 3351 ubi
2406 3296 2571 3351 vestis
2594 3297 2834 3366 quaedam
2869 3297 3229 3365 patriarchica
3263 3311 3460 3349 saccus
3496 3294 3753 3348 nomina-

2163 3397 2270 3439 lttr.
2303 3385 2463 3439 Filia:
2492 3386 2607 3447 eius
2631 3395 2943 3439 ornamenta
2987 3385 3239 3438 dederunt
3269 3384 3645 3451 patriarcltio,
3698 3380 3757 3443 ἐξ

2158 3471 2232 3529 ὧν
2262 3476 2408 3528 ἐστίν
2437 3478 2465 3529 6
2495 3474 2697 3539 σάκκος
2736 3478 2762 3529 6
2805 3477 3030 3545 ἀρχαῖος
3084 3476 3187 3537 ἕως
3228 3475 3321 3527 τοῦ
3383 3475 3511 3535 νῦν,
3547 3491 3615 3527 ex
3642 3473 3757 3541 qui-

2160 3569 2253 3621 bus
2287 3578 2551 3637 confectus
2580 3578 2654 3622 est
2680 3577 2824 3621 uetus
2851 3567 2938 3620 ille
2968 3582 3153 3619 saccus
3192 3605 3206 3625 ,
3230 3567 3317 3634 qui
3352 3566 3529 3618 hodie
3552 3578 3761 3635 quoque

2160 3662 2339 3713 durat.
2375 3660 2478 3714 Ubi
2528 3669 2673 3712 recte
2700 3658 2967 3724 interpres
3008 3656 3342 3725 pontificiam
3411 3666 3635 3710 vestem
3673 3656 3759 3704 in-

2161 3759 2513 3820 terpretatur.
2548 3748 2908 3819 Distinguitur
2939 3763 3135 3802 saccus
3175 3763 3202 3799 a
3239 3749 3514 3816 mandya.
3566 3745 3624 3798 ld
3657 3744 3766 3799 cla-

2162 3858 2281 3896 rum
2313 3857 2378 3897 ex
2408 3843 2514 3896 bis.
2547 3840 2826 3896 Codinus:
2869 3840 3149 3893 Ἐνδύεται
3187 3838 3379 3891 ἐπάνω
3404 3840 3511 3892 τοῦ
3549 3838 3759 3891 σάκκου

2161 3936 2255 3987 καὶ
2288 3934 2623 4003 διαδήματος
2664 3932 2904 4001 μανδύαν
2936 3930 3198 4002 χρυσοῦν.
3239 3929 3463 3985 (ἓιιετε.

2234 4023 2317 4077 Ib.
2351 4022 2437 4094 [Ἀ
2455 4023 2849 4078 λ.2άσσ·ουσιν
2892 4025 3197 4088 ὡσαύτως.
3218 4023 3509 4090 Antiquos
3548 4039 3617 4077 ac
3646 4020 3763 4075 olli-

2161 4116 2263 4169 ciis
2297 4108 2725 4183 niinisteriisque
2771 4116 3154 4169 accommodas
3191 4123 3379 4168 vestes
3439 4114 3629 4168 etiam
3663 4128 3767 4167 au-

2161 4207 2295 4260 licos
2325 4206 2621 4275 Nicephori
2653 4207 2704 4259 in
2748 4206 3099 4276 processione
3153 4213 3410 4274 gestasse
3473 4210 3765 4259 memorat

2163 4297 2521 4365 Luitprandus
2556 4298 2610 4350 in
2644 4298 2803 4366 legat.
2836 4296 2938 4350 Sed
2967 4307 3038 4360 et,
3085 4297 3280 4363 inquit,
3313 4297 3627 4363 optimates
3659 4293 3767 4356 sui,

2157 4390 2247 4458 qui
2272 4403 2389 4440 cum
2416 4389 2528 4457 ipso
2557 4403 2648 4447 per
2673 4388 2926 4455 plebeiam
2978 4395 3027 4439 et
3072 4385 3471 4439 discalceatam
3510 4386 3770 4439 multitu-

2082 4493 2101 4511 ο
2157 4481 2331 4532 dinem
2367 4480 2519 4531 istam
2552 4480 2903 4541 transierunt,
2939 4478 3142 4542 magnis
3176 4486 3225 4529 et
3252 4492 3461 4545 magna
3494 4485 3771 4531 vetustate

2159 4572 2368 4625 rimatis
2411 4571 2607 4624 tunicis
2643 4578 2795 4622 erant
2831 4569 3027 4622 induti.

2228 4662 2288 4716 P.
2336 4663 2423 4716 68.
2484 4661 2830 4733 [Ἐξέλθετε
2873 4662 3039 4725 ἔθνη.
3100 4656 3377 4728 Flteophtli
3440 4675 3600 4729 opus
3648 4673 3774 4713 esse

2160 4742 2263 4809 boc
2321 4755 2591 4810 canticum
2652 4763 2880 4809 testatur
2934 4752 3228 4806 Cedrenus.
3294 4752 3772 4823 Ἐφιλοτιμεῖτο,

2156 4846 2356 4915 inquit,
2385 4849 2474 4897 καὶ
2514 4843 2748 4914 μελῳδὸς
2768 4838 2930 4905 εἶναι,
2950 4842 3028 4894 διὸ
3044 4842 3138 4893 καὶ
3161 4841 3371 4910 ὕμνους
3390 4844 3593 4894 ποιῶν
3615 4856 3777 4900 τινας

2161 4936 2256 4988 καὶ
2290 4935 2524 5004 στιχηρὰ
2554 4934 2787 5005 μελίξων
2806 4932 3412 5005 ᾄδεσθαιπροέτρεπεν.
3441 4937 3705 5005 Φέρεται
3727 4934 3785 4986 δὲ

2162 5028 2252 5080 καί
2280 5044 2362 5086 τις
2392 5026 2571 5092 λόγος,
2602 5026 2677 5085 ὡς
2707 5026 2868 5095 ἔρωτι
2886 5025 2979 5077 τοῦ
3016 5025 3213 5092 μέλους
3234 5022 3611 5093 βαλλόμενος
3631 5021 3783 5077 κατὰ

2160 5118 2259 5187 τὴν
2292 5116 2552 5184 Μεγάλην
2590 5116 2889 5185 ἐκκλησίαν
2945 5117 3004 5167 ὲν
3055 5116 3306 5183 φαιδραῖς
3344 5118 3788 5187 πανηγύρεσιν

2161 5207 2222 5258 οὐ
2252 5209 2605 5275 παρῃτήσατο
2634 5206 2689 5255 τὸ
2748 5204 3216 5273 χειρονομεῖνιΕι
3273 5201 3478 5255 infra:
3550 5206 3679 5259 Καὶ
3721 5205 3788 5255 τὸ

2164 5298 2416 5366 στιχηρδν
2440 5296 2494 5349 δὲ
2526 5297 2670 5348 κατὰ
2695 5296 2795 5365 τὴν
2826 5294 3111 5364 βαῖοςρὸρον
3140 5294 3200 5345 τὸ
3244 5292 3569 5355 Ἐξέλοετε
3606 5296 3757 5363 ἔθνη
3781 5338 3796 5359 ,

2163 5389 2411 5454 ὲξέλΟετε
2443 5390 2532 5442 καὶ
2576 5388 2716 5453 λαοὶ,
2744 5388 2837 5439 τῦν
2878 5388 3087 5439 ἐκείνου
3136 5386 3303 5453 φασὶν
3383 5384 3563 5440 εἶναι
3623 5389 3801 5441 τόκον

2161 5482 2357 5551 ψυχῆς.
2393 5480 2589 5551 δολίῃ]
3694 5510 3715 5525 ς

2233 5572 2396 5641 314.
2425 5573 2480 5625 l‘.
2512 5573 2781 5627 68.V‘crb.t
2819 5572 2906 5624 illa
2936 5571 3014 5634 εἰς
3050 5569 3222 5623 τύπον
3256 5569 3368 5636 γὰρ
3413 5572 3705 5640 Χριστοῦ
3741 5572 3803 5623 τὸ

2171 5667 2485 5730 εὐαγγέλιον
2520 5667 2753 5727 Eri/stat,
2786 5666 2851 5719 ad
2881 5676 3055 5726 (unum
3092 5664 3289 5717 Citriin
3321 5662 3489 5719 bona
3541 5667 3674 5723 iure
3703 5683 3810 5721 an—
