3952 6222
343 334 455 399 34⁸]

1453 344 1834 406 GRETSERI
1864 346 1960 407 ET
2003 345 2239 407 GOARI
2270 347 2504 409 NOTAE.

3503 345 3607 406 350

344 448 616 500 nuntiatio
664 445 894 513 advenit,
923 446 1119 503 Junius
1173 458 1408 507 verterat
1449 469 1677 523 prorsus
1729 456 1932 524 inepte,
1966 456 2006 512 Α
2039 471 2163 509 nam
2199 460 2341 525 apud
2371 471 2473 510 nos
2502 462 2681 510 vestes
2710 455 2958 511 candida:
3010 452 3194 524 gaudii
3232 451 3415 521 potius
3442 467 3607 521 quam

341 541 476 607 quia
503 530 831 604 idibmelum,
855 542 940 595 vel
979 542 1349 609 lampadarius
1379 555 1610 601 cantans
1638 547 1766 602 illud
1795 549 1934 601 idio-

344 632 568 696 melum,
626 631 871 700 loquitur
901 633 966 686 de
1001 632 1291 704 Evangelia
1327 638 1470 705 quod
1508 638 1929 693 archidiaconus

346 723 584 786 ferebat,
618 732 674 776 et
707 724 813 778 hoc
840 722 1217 794 Evangelium,
1244 727 1380 791 sive,
1409 734 1468 782 ut
1501 728 1817 783 distinctius
1842 729 1929 782 di-

343 831 491 878 cam,
518 814 668 869 hunc
710 815 959 870 codicem
999 816 1443 886 Evangeli‘orum,
1487 819 1564 875 ait
1601 820 1805 875 Christi
1852 829 1932 891 ty-

342 922 475 974 pum
507 923 571 962 ac
600 908 828 976 tiguram
866 902 1074 978 gerere.
1118 908 1330 965 Gaers.

422 1000 505 1053 Ib.
568 998 871 1070 [Στέφανος
897 1000 1128 1055 circulus
1164 1011 1331 1071 caput
1362 1004 1630 1068 ambiens,
1656 1018 1718 1059 ac
1751 1005 1931 1067 minor

343 1098 636 1147 stemmate
680 1108 897 1158 corona,
949 1093 1147 1159 φυάλιν
1178 1093 1325 1148 aliud
1370 1095 1505 1164 regii
1555 1095 1752 1165 capitis
1802 1111 1930 1166 ope-

344 1186 665 1249 rimentum,
700 1185 770 1239 de
817 1197 925 1251 quo
978 1197 1029 1237 c.
1082 1183 1116 1237 6
1148 1201 1200 1254 p.
1241 1185 1330 1249 5‘2,
1359 1188 1700 1255 suppositum
1734 1203 1831 1242 nec
1860 1188 1930 1242 ab

345 1276 503 1330 omni
539 1284 690 1345 parte
718 1276 973 1347 στεφάνῳ
1029 1278 1262 1331 velatum
1293 1279 1791 1345 adhucgostentans.
1822 1280 1930 1336 Ad—

343 1377 510 1421 verte
535 1368 799 1437 collegam
829 1368 1044 1437 imperii
1072 1370 1238 1424 etiam
1290 1380 1580 1425 stemmate
1635 1373 1807 1427 fuisse
1840 1388 1929 1428 co—

346 1471 632 1525 ronatum,
694 1454 1009 1529 quicunque
1041 1460 1179 1515 alius
1208 1462 1462 1530 despota,
1496 1464 1927 1529 sebastocrator,

330 1550 571 1613 Caesar,
634 1565 849 1605 coronae
898 1552 1118 1619 quidem
1177 1555 1488 1623 gestandae,
1540 1553 1685 1608 haud
1747 1564 1927 1609 tamen

346 1643 655 1698 stemmatis
680 1643 769 1713 jus
795 1651 1074 1711 acceptum
1098 1660 1113 1709 ;
1146 1659 1209 1697 ac
1231 1644 1435 1699 idcirco
1462 1645 1725 1714 στέφανον
1748 1657 1929 1716 gesta-

350 1749 435 1798 re,
474 1749 583 1788 non
614 1735 861 1804 στέμμα,
892 1735 977 1790 vel
1031 1735 1374 1805 ἐστεμμένον
1425 1738 1697 1807 progredi.
1735 1739 1779 1790 A
1811 1753 1927 1793 ser-

348 1826 425 1879 iis
457 1825 625 1894 igitur
649 1835 704 1880 et
754 1824 890 1881 velis
944 1825 1187 1881 ferendis
1238 1825 1399 1897 longe
1453 1827 1666 1883 alienus
1702 1827 1924 1897 conspi-

350 1920 513 1973 citur.

425 2012 509 2068 Ib.
544 2013 852 2086 [Ἀρπάζει
895 2015 1145 2069 κλάδον.
1176 2014 1378 2070 Ramos
1432 2015 1535 2070 hac
1586 2016 1925 2072 solemnitate

351 2116 593 2174 gestatus
626 2107 679 2160 in
714 2108 999 2161 matutinis
1030 2108 1199 2162 tacuit
1228 2108 1491 2162 Codinus.
1526 2109 1790 2178 Typicum
1822 2109 1925 2162 do-

350 2207 437 2252 cet
458 2238 472 2260 .
516 2199 605 2250 ὅτε
636 2198 970 2262 ἀσπάζονται
997 2201 1045 2251 oi
1081 2200 1298 2269 ἀδελφοὶ
1334 2201 1392 2251 τὸ
1424 2200 1781 2268 Εὐαγγέλιον,
1812 2200 1927 2253 δια-

351 2291 545 2359 νέμειν
571 2290 665 2343 τὸν
691 2289 1000 2359 ἡγούμενον
1031 2291 1101 2343 τὰ
1140 2290 1291 2360 βαΐα,
1311 2290 1365 2345 ἰη
1392 2293 1497 2345 line
1528 2292 1923 2345 matutinarmn

350 2394 576 2449 precum
612 2381 875 2435 fratribus
908 2382 973 2435 ad
1014 2381 1292 2452 Evangelii
1338 2382 1585 2437 osculum
1620 2383 1927 2438 accedenti-

352 2474 456 2528 hus
481 2472 725 2528 ecclesia
753 2476 1092 2544 superiorem
1152 2475 1460 2543 palmarum
1518 2490 1702 2529 ramos
1734 2476 1927 2531 distri-

352 2569 542 2631 buere,
581 2568 647 2623 ad
679 2570 839 2624 linem
875 2584 1052 2639 usque
1090 2567 1251 2622 officii
1286 2570 1599 2639 gesmndos.
1628 2569 1807 2638 Εὑχὴν
1848 2571 1925 2632 εἰς

351 2662 414 2713 τὸ
438 2661 625 2714 δοῦναι
649 2662 715 2713 τὰ
742 2661 872 2729 βαΐα
895 2662 1253 2733 τῇβαῖοφὸρῳ
1287 2662 1487 2731 promit
1508 2662 1922 2731 Ettchologium.

355 2751 540 2806 Ritum
573 2752 795 2821 insuper
831 2753 1037 2807 ultimis
1067 2753 1284 2822 imperii
1330 2753 1489 2807 annis
1530 2753 1707 2807 adhuc
1741 2754 1943 2813 obser-,

348 2854 538 2905 ratum
621 2853 854 2899 testatur
906 2844 1168 2899 Phranza:
1225 2845 1497 2914 interpres
1561 2844 1645 2899 his
1705 2844 1923 2898 verbis:

352 2938 622 2992 Postridie
652 2939 902 3007 quoniam
931 2938 1243 2991 Palmarum
1297 2936 1605 2992 solemnitas
1642 2939 1925 3003 incidebat,

353 3032 514 3100 myrti
540 3047 712 3083 ramos
741 3041 1099 3099 arnputamus,
1133 3047 1258 3100 quos
1297 3016 1537 3084 manibus
1571 3040 1741 3102 gestat
1786 3040 1926 3083 totus

350 3122 637 3177 exercitus.
664 3122 705 3171 Α
740 3120 968 3175 retentis
1006 3129 1059 3173 et
1096 3136 1256 3173 manu
1290 3122 1516 3188 gestatis
1556 3120 1721 3190 myrti
1754 3122 1923 3175 ramis
1957 3125 2000 3182 ο

353 3213 705 3267 ει.-ιὶυιι;ιι·ἰος
735 3216 1040 3280 μυρταῖτας
1067 3213 1243 3265 dictos
1275 3213 1494 3281 scriptis
1526 3214 1726 3267 asserit
1756 3213 1931 3268 Geor-

353 3305 478 3372 gius
509 3305 785 3359 Coresius.
814 3302 1099 3358 Balsamon
1130 3305 1381 3361 Meditato
1412 3306 1485 3359 De
1519 3307 1762 3360 incensis
1796 3306 1832 3358 l.
1860 3322 1931 3359 vn

352 3397 507 3451 Juris
546 3395 689 3452 CIL:
725 3397 967 3460 κλάδους
1003 3396 1265 3464 φοινίκων
1303 3399 1396 3451 καὶ
1443 3397 1720 3466 μυρσὶνων
1749 3398 1933 3467 βλέπω

352 3493 480 3553 τοὺς
516 3489 840 3557 ἀνθρώπους
884 3490 1216 3558 κατέχοντας
1248 3491 1339 3543 καὶ
1387 3490 1487 3559 τὴν
1522 3488 1812 3559 βαῖοφόρον
1845 3489 1928 3541 δο-

356 3583 636 3647 ξάζοντας.
671 3580 865 3652 Cosmi

966 3672 1195 3729 CAPUT
1237 3673 1324 3728 Vl.

388 3788 789 3844 Observationes
818 3803 865 3843 et
897 3789 1275 3857 explicationes
1308 3788 1365 3840 in
1404 3804 1450 3841 ε.
1482 3788 1568 3847 Η.
1616 3788 1769 3857 quod
1819 3798 1898 3843 est

815 3860 877 3912 de
910 3859 1055 3911 luctu
1088 3859 1445 3927 imperatoris.

422 3948 483 4004 P.
511 3950 599 4005 69.
633 3947 819 4021 [Μετὰ
842 3948 1173 4017 φορέματος
1190 3948 1440 4003 λευκοῦ.
1469 3949 1643 4018 Ὅπερ
1675 3950 1789 4002 ἐστὶ
1815 3966 1937 4002 τεκ-

357 4043 560 4111 μήριον
618 4039 969 4093 πενθούντων
1024 4040 1312 4109 βασιλέων,
1368 4042 1631 4107 scripsit,
1666 4041 1758 4110 qui
1818 4041 1933 4108 ipse

353 4132 551 4196 induit,
586 4130 1003 4185 Cantacuzenus
1030 4130 1066 4182 l.
1101 4147 1158 4185 ιιι
1190 4148 1205 4196 ;
1245 4133 1315 4185 ob
1349 4133 1516 4185 tilium
1574 4132 1678 4186 sibi
1745 4141 1931 4185 natum

352 4221 405 4273 in
435 4221 520 4275 avi
571 4229 745 4273 morte
789 4232 1100 4289 assumptas
1135 4230 1310 4276 vestes
1378 4222 1633 4291 lugubres
1680 4222 1933 4291 deposuit

348 4311 701 4365 Andronicus
760 4320 894 4364 teste
925 4311 1189 4380 Gregora,
1224 4328 1277 4377 x,
1330 4313 1393 4366 ὃς
1427 4313 1742 4383 Περιχαρὴς
1776 4313 1934 4381 γενό-

355 4406 570 4472 μενοςό
600 4403 859 4469 βασιλεὺς
908 4402 1144 4473 ἧμειψεν
1193 4405 1273 4464 εἰς
1322 4404 1382 4456 τὸ
1432 4404 1818 4474 λαμπρότερον
1863 4405 1933 4457 τὰ

316 4495 653 4563 .ὲνδὺματα,
707 4494 742 4547 ἆ
777 4495 866 4549 διὰ
913 4495 1012 4565 τὴν
1061 4495 1154 4547 τοῦ
1214 4496 1441 4548 πάππου
1489 4496 1750 4562 τελευτὴν
1793 4499 1931 4557 τέως

352 4584 654 4638 ἐνεδέδυτο.
677 4583 1016 4653 Purpuream
1051 4594 1229 4638 tamen
1258 4584 1599 4656 chlamydem
1634 4586 1748 4639 sive
1778 4602 1931 4638 man-

352 4678 533 4744 rlyam,
575 4676 903 4745 μανδίονϋιίι
933 4676 1196 4745 scriptum
1230 4678 1466 4747 reperio)
1500 4677 1840 4748 πορφυροῦν,
1874 4678 1927 4731 in

355 4764 669 4821 calamitate
725 4767 944 4836 publica
988 4768 1178 4822 tulisse
1232 4768 1510 4822 Justinum
1568 4770 1738 4821 miror
1788 4768 1930 4836 apud

356 4856 769 4927 Theophanem.
824 4859 964 4911 Ante
1015 4859 1209 4912 bellum
1252 4858 1532 4913 Persicum
1603 4860 1787 4929 nigros
1818 4859 1934 4913 cal-

355 4962 481 5002 ceos
538 4948 849 5002 lleraclium
889 4958 1138 5016 gestasse
1194 4948 1473 5003 Ccdrenus
1521 4950 1781 5004 ostendit.
1833 4949 1927 5005 Sin

356 5039 538 5092 minus
563 5038 882 5092 muliebrem
909 5038 1287 5106 imperatores,
1319 5042 1529 5108 regium
1560 5052 1735 5094 tamen
1764 5042 1929 5097 hodie

354 5129 561 5183 luctum
593 5129 646 5181 in
681 5129 901 5183 Oriente
930 5131 1136 5184 ducunt
1182 5130 1430 5188 feminae:
1488 5135 1633 5187 nulla
1665 5141 1748 5187 est
1780 5136 1923 5187 enim

358 5233 474 5286 quae
499 5219 642 5272 lineo
669 5226 842 5272 totum
872 5234 1069 5287 corpus
1090 5219 1515 5291 circumtegente
1542 5223 1658 5277 velo
1683 5224 1921 5277 colorem

357 5310 536 5364 album
568 5326 674 5363 non
708 5321 971 5363 assumat.
1023 5308 1298 5366 Uxoribus
1328 5313 1545 5382 quidem
1607 5314 1786 5367 fuscas
1835 5329 1926 5368 so-

357 5402 633 5455 lummodo
666 5412 839 5455 vestes
869 5402 923 5453 in
960 5402 1249 5471 c0njugum
1278 5404 1582 5465 t'unerilms,
1617 5404 1923 5472 virginibus

356 5494 514 5546 etiam
539 5492 801 5546 candidas
831 5493 881 5545 in
912 5504 1193 5559 parentum
1215 5494 1710 5563 fratrumqueluctn
1737 5511 1923 5564 gerere

356 5583 610 5636 solitum:
645 5583 776 5635 Viris
837 5582 1055 5636 nonnisi
1085 5583 1297 5651 nigrum
1355 5583 1408 5637 in
1463 5600 1920 5655 quorumcunque

358 5673 502 5726 obitu
535 5671 679 5727 ferre
706 5673 941 5728 colorem
974 5690 1035 5727 cx
1071 5690 1219 5729 more
1246 5675 1453 5730 licitum
1482 5686 1581 5731 est.
1618 5676 1814 5748 Gesn]

426 5762 507 5820 Ib.
540 5762 683 5819 Nota
736 5780 941 5820 morem
997 5764 1217 5835 lugendi
1285 5778 1472 5822 nostro
1536 5772 1915 5826 contrarium:

2032 547 2216 602 luctus
2248 557 2635 617 argumentum
2668 557 2815 602 sunt.
2846 547 3283 610 Cantacuzenus,
3333 546 3369 598 l.
3414 560 3474 599 ιιι
3515 544 3610 597 Hi-

2033 637 2238 701 storiae,
2264 653 2316 691 c.
2347 636 2438 701 27,
2470 637 2537 691 de
2581 637 2669 692 die
2718 638 3092 692 coronationis
3128 651 3242 693 sua:
3288 651 3481 705 agens,
3531 635 3608 688 ita

2033 726 2263 780 scribit:
2299 725 2561 780 Postridie
2611 726 3025 796 (coronationis)
3064 736 3224 779 vestes
3273 724 3394 777 auri
3426 722 3603 775 subte.

2033 817 2175 869 mine
2196 818 2488 885 picturatas
2503 817 2664 887 315
2691 817 3005 884 deponentes
3028 817 3280 868 candidas
3304 814 3603 875 induerunt,

2032 906 2322 975 lugentium
2384 911 2765 974 imperatorum
2834 917 3229 977 argumentum.
3287 904 3603 958 Mutationis

2032 1014 2245 1051 causam
2273 1001 2612 1067 prcesentibus
2642 1001 2933 1069 imperator
2964 998 3186 1051 asseruit
3212 1036 3226 1060 ,
3262 997 3436 1064 pridie
3480 1010 3601 1061 pro-

2032 1098 2148 1158 pter
2171 1090 2359 1158 festum
2389 1092 2525 1145 diem
2557 1092 2679 1145 illas
2708 1092 2847 1145 alias
2884 1092 3138 1154 induisse,
3190 1103 3328 1139 nunc
3351 1085 3441 1137 illo
3472 1100 3606 1151 prcr-

2033 1183 2185 1234 terito
2205 1199 2382 1235 rursus
2402 1185 2589 1253 fratris
2621 1195 2669 1239 et
2703 1183 3031 1252 imperatoris
3071 1179 3377 1251 (Andronici
3415 1176 3604 1230 Junio-

2033 1274 2125 1327 risi
2155 1286 2368 1330 mortem
2403 1278 2503 1330 sibi
2538 1278 2839 1346 lugendam.

2102 1365 2241 1421 Ibid.
2316 1369 2535 1423 Intuere
2578 1380 2632 1424 et
2682 1372 2868 1423 animo
2925 1383 3186 1423 venerare
3240 1363 3606 1420 sanctissima:

2032 1455 2272 1526 Virginis
2300 1461 2531 1514 victoria:
2557 1462 2837 1529 e/Iectricis
2884 1461 3176 1531 imaginem
3206 1473 3329 1512 cum
3366 1456 3607 1524 imagine

2035 1548 2093 1604 S.
2138 1551 2382 1621 Georgii.
2428 1552 2550 1606 Fuit
2612 1555 2725 1608 hate
2784 1551 3059 1622 Nicoptea:
3117 1549 3362 1619 Virginis
3418 1548 3599 1615 imago

2032 1641 2154 1697 sine
2180 1644 2347 1699 dubio
2376 1644 2471 1699 illa
2508 1661 2672 1715 quam
2731 1645 2972 1700 Joannes
3007 1644 3325 1699 Corunenns
3361 1642 3605 1709 impera-

1955 1764 1999 1840 Β
2037 1740 2123 1786 lor
2188 1751 2290 1790 suo
2343 1736 2467 1790 loco
2517 1737 2704 1790 currui
2760 1734 3074 1804 triumphali
3137 1732 3398 1801 imposuit
3455 1729 3606 1783 velut

2027 1825 2294 1891 victoriae,
2345 1843 2507 1897 quam
2538 1829 2875 1890 obtinuerat,
2912 1827 3123 1879 unicam
3164 1822 3503 1893 effectricem.
3531 1820 3602 1874 V.

2028 1917 2202 1972 Nicet.
2250 1918 2427 1973 Chon.
2480 1935 2535 1990 p.
2587 1921 2677 1975 ed.
2736 1920 2911 1973 Bono.
2964 1919 3058 1973 ‘26.
3115 1917 3385 1973 Videntur
3422 1924 3600 1970 autem

2027 2008 2171 2064 hanc
2202 2010 2293 2063 Dei
2334 2009 2634 2066 Genitricis
2688 2011 2982 2081 imaginem
3018 1996 3203 2064 secum
3259 2009 3523 2063 extulisse
3549 2010 3603 2061 in

2026 2098 2426 2166 expeditiones.
2458 2098 2595 2155 Hinc
2652 2100 2871 2155 Nicetas
2928 2099 3231 2155 Choniates
3283 2099 3336 2151 in
3374 2096 3605 2166 imperio

2029 2189 2332 2259 Murznpbli
2362 2208 2378 2247 :
2431 2191 2496 2243 Ἢ
2525 2192 2626 2261 τῆς
2666 2190 3004 2262 θεομήτορος
3039 2190 3226 2254 εἰκὼν,
3272 2190 3338 2256 ἣν
3374 2189 3421 2240 οἱ
3450 2188 3604 2256 βασι-

2030 2281 2144 2344 λεῖς
2188 2282 2485 2351 Ῥωμαξων
2513 2281 2792 2334 ποιοῦνται
2846 2280 3247 2350 συστρατηγὸν,
3302 2283 3413 2341 τοῖς
3444 2280 3603 2330 ἐναν-

2027 2374 2162 2435 τίοις
2190 2374 2451 2429 ἑάλωκεν.
2478 2373 2650 2428 Etiam
2680 2373 2963 2428 iieraclius
2990 2374 3287 2442 imperator
3308 2362 3602 2441 imaginem

2030 2466 2393 2520 sanctissima:
2443 2466 2680 2534 Virginis
2732 2465 2786 2517 in
2824 2463 3073 2517 militiam
3132 2462 3371 2531 praesidii
3435 2473 3601 2513 causa

2031 2558 2356 2611 abducebat.
2415 2558 2688 2610 Arthnrus
2726 2554 2901 2608 Britto
2934 2556 2987 2607 in
3023 2555 3295 2607 obsidione
3342 2550 3602 2604 Badonici

2031 2649 2252 2705 Montis.
2292 2649 2455 2716 fretus
2490 2646 2718 2714 imagine
2754 2645 3041 2699 Dominicw
3082 2644 3272 2697 Matris
3305 2659 3464 2711 quant
3520 2658 3607 2694 ar-

2031 2740 2128 2791 mis
2164 2739 2272 2791 suis
2308 2738 2566 2799 iasuerat,
2603 2744 2888 2803 nongentos
2946 2734 3175 2786 hostium
3206 2733 3349 2784 solus
3382 2732 3604 2784 adorsus

2030 2831 2328 2884 incredibili
2388 2829 2527 2883 cwde
2583 2829 2908 2897 proﬂigavit,
2938 2836 2998 2881 ut
3032 2825 3224 2880 scribit
3275 2824 3607 2878 Wilhelmus

2038 2923 2567 2987 Malmesburiensis,
2597 2921 2667 2975 1.ι
2701 2920 2773 2974 De
2801 2921 2970 2992 gestis
3003 2934 3190 2988 regum
3220 2917 3447 2986 Angliaa,
3472 2932 3521 2971 c.
3551 2917 3603 2969 i.

2040 3017 2244 3071 (iners.
3610 3060 3611 3063 η

2106 3107 2246 3165 Ibid.
2300 3107 2438 3180 [Τῆς
2493 3107 2828 3162 νικοποισῦ.
2866 3103 3019 3170 Quod
3082 3103 3248 3157 dubie
3296 3100 3607 3161 Gretserus,

2037 3212 2220 3258 certus
2266 3216 2455 3256 assero
2491 3201 2628 3255 diva:
2686 3198 2930 3266 Virginis
2978 3197 3271 3266 imaginem
3331 3188 3609 3246 νικοποιοῦ

2038 3296 2257 3350 nomine
2299 3303 2681 3349 consecratam
2717 3308 2770 3347 et
2801 3294 2852 3348 in
2886 3292 3089 3362 palatio
3116 3305 3143 3341 a
3201 3288 3413 3343 Joanne
3448 3285 3613 3340 Com-

2039 3403 2179 3441 neno
2215 3388 2536 3454 repositam.
2568 3388 2909 3455 Argumenta
2963 3381 3097 3436 mihi
3136 3392 3265 3435 sunt
3306 3378 3506 3433 Nicctaa
3541 3377 3610 3429 de

2036 3479 2126 3532 illa
2160 3478 2394 3546 imagine
2424 3479 2475 3530 in
2528 3476 2865 3546 triumphum
2901 3484 3023 3528 acta
3090 3471 3365 3542 loquentis
3396 3469 3561 3524 verba
3592 3486 3608 3523 :

1972 3582 1979 3595 ‘
2034 3569 2144 3628 Τὰς
2191 3569 2344 3632 νίκας
2380 3572 2441 3638 τῇ
2495 3567 2890 3638 Θεομήτοριὼς
2926 3565 3378 3635 συστρατηγέτιδι
3411 3564 3611 3631 ἀμάχῳ

2020 3661 2500 3732 ἐπιγραφόμενος.
2544 3661 2649 3728 Qui
2705 3663 2870 3716 etiam
2932 3660 3195 3727 trimuphi
3242 3672 3493 3726 pompam
3546 3657 3611 3706 ἐκ

2036 3752 2146 3804 τῶν
2182 3752 2330 3821 ἑῴων
2368 3752 2553 3804 πυλῶν
2609 3753 2710 3820 τῆς
2736 3753 2941 3814 πόλεως
2976 3753 3032 3811 ἐς
3058 3750 3191 3801 αὐτὸ
3218 3749 3277 3799 τὸ
3309 3748 3451 3813 μέγα
3501 3761 3611 3796 παν

2035 3843 2218 3896 λάτιον
2241 3843 2413 3895 duxit.
2451 3843 2663 3895 Manuel
2693 3842 2835 3896 ﬁlius
2866 3842 3063 3901 eidem,
3102 3840 3174 3891 ait
3211 3838 3354 3890 illius
3413 3834 3546 3889 Vita:
3570 3836 3608 3887 l.

2037 3950 2089 3997 ν,
2128 3934 2464 4001 triumphum
2503 3948 2600 3985 ceu
2659 3932 3005 4001 ἀπροσμάχῳ
3038 3930 3133 3984 καὶ
3180 3927 3612 3995 ἀκαταγωνίστῳ

2040 4022 2397 4093 συστρατηγῷ
2437 4009 2629 4077 et'exit.
2669 4020 2870 4093 Gesn}

2107 4113 2185 4167 Ib.
2229 4114 2287 4168 S.
2333 4113 2542 4183 Georgii
2576 4115 2770 4183 imago.
2807 4111 3065 4166 Forsitan
3105 4112 3216 4165 haec
3279 4110 3370 4163 illa
3428 4117 3613 4163 estex

2037 4222 2142 4275 qua
2202 4208 2523 4277 sanguinem
2570 4223 2822 4262 manasse
2874 4207 3066 4262 scrileit
3125 4205 3509 4277 Pachymcres.
3574 4204 3611 4257 I.

2037 4314 2109 4351 vu
2174 4297 2383 4352 Ilistor.
2438 4298 2597 4352 Certe
2654 4299 2740 4351 illa
2780 4309 2863 4353 est
2921 4297 3078 4365 cujus
3141 4312 3315 4364 equus
3352 4296 3613 4365 (equitem

2037 4392 2183 4445 enim
2214 4392 2329 4445 haec
2358 4393 2536 4459 imago
2566 4390 2621 4445 S.
2659 4391 2953 4461 Georgium
2987 4390 3298 4459 exhibebat)
3339 4389 3612 4442 horrendo

2040 4484 2287 4554 prodigio
2321 4482 2640 4537 horriﬁcum
2691 4484 2963 4538 hinnitum
3029 4483 3200 4537 edidit
3252 4482 3351 4536 sub
3380 4464 3606 4535 'Andro-

2038 4579 2162 4631 nico
2194 4576 2411 4631 seniore
2466 4577 2812 4645 imperatore,
2849 4577 3011 4645 paulo
3040 4584 3169 4626 ante
3213 4590 3375 4639 quam
3421 4573 3613 4641 junior

2037 4670 2387 4722 Andronicus
2418 4668 2631 4736 Cpolim
2660 4676 2975 4735 occuparet.
3009 4663 3322 4731 Prodigium
3381 4664 3484 4715 hoc
3512 4663 3612 4713 dc-

2035 4761 2224 4815 scribit
2266 4759 2558 4828 Gregoras,
2596 4758 2630 4812 l.
2688 4773 2803 4820 rm,
2843 4772 2896 4823 p.
2960 4755 3084 4807 503.
3143 4752 3219 4805 Ex
3272 4751 3427 4820 cujus
3487 4767 3612 4803 nar-

2032 4855 2249 4907 ratione
2314 4854 2480 4907 habes
2535 4852 2675 4904 hanc
2740 4850 2799 4901 D.
2854 4846 3068 4912 Georgii
3104 4854 3415 4914 equestrem
3474 4843 3610 4896 ima-

2033 4947 2236 5015 ginem,
2271 4956 2421 4999 tanto
2448 4943 2717 4996 miraculo
2748 4940 3119 5003 nobilitatam,
3181 4952 3307 4991 esse
3363 4937 3510 4989 illam
3543 4936 3610 4988 de

2033 5054 2139 5105 qua
2177 5038 2263 5091 hic
2289 5036 2639 5104 CurOpalala.
2673 5031 2806 5085 Vide
2835 5047 2954 5100 quze
2982 5031 3047 5083 de
3080 5029 3135 5087 S.
3177 5029 3414 5096 Georgio
3435 5029 3610 5097 scrip-

2032 5130 2270 5190 simus.l.
2305 5144 2339 5181 tl
2372 5127 2445 5178 De
2477 5126 2648 5190 festis,
2685 5140 2733 5178 c.
2763 5122 2815 5176 6.
2846 5122 3085 5175 tiniisule
3115 5121 3282 5174 etiam
3338 5120 3612 5173 Adaman-

2030 5236 2159 5273 num
2195 5220 2421 5273 Scotum
2458 5216 2728 5279 abbatem,
2770 5215 2833 5266 de
2864 5214 2969 5267 situ
3032 5212 3209 5265 Terra:
3242 5220 3466 5275 sanctze,
3502 5225 3604 5263 nu-

2031 5326 2125 5379 per
2152 5325 2178 5361 a
2208 5310 2364 5361 nobis
2399 5309 2628 5364 editum.
2668 5306 2702 5356 Ι.
2736 5319 2819 5369 ιιι,
2857 5305 2947 5358 ubi
2988 5304 3124 5358 mira
3155 5305 3220 5358 de
3268 5303 3505 5365 quadam
3541 5301 3600 5357 S.

2031 5403 2243 5472 Georgii
2275 5403 2509 5471 imagine
2535 5402 2790 5467 reperies.

2098 5498 2178 5554 Ib.
2223 5496 2511 5564 Peripaton
2568 5493 2912 5548 commodius
2959 5506 3062 5545 non
3123 5500 3303 5545 \ertes
3355 5504 3517 5559 quam
3549 5489 3596 5544 si
3663 5526 3675 5536 .

2029 5587 2438 5657 processionem
2480 5594 2707 5638 vertas:
2760 5583 3009 5635 cstcnim
3055 5582 3105 5635 id
3151 5583 3294 5651 quod
3344 5580 3603 5636 Germani

2027 5687 2222 5732 \'()t“.llll
2250 5679 2348 5730 dcn
2385 5676 2663 5746 umbgang.
2699 5672 2832 5726 Vide
2866 5690 2985 5741 quia:
3026 5674 3125 5726 hac
3180 5676 3246 5726 de
3276 5689 3331 5726 re
3363 5674 3605 5729 diximus

2028 5777 2063 5829 1.
2093 5792 2105 5829 l
2137 5772 2207 5828 De
2236 5774 2403 5827 sacris
2436 5766 2904 5841 processionihus,
2938 5778 2987 5821 c.
3023 5767 3067 5819 ι.
3097 5764 3289 5820 Junius
3323 5776 3371 5819 et
3399 5766 3607 5832 ubique
