3952 6222
347 297 443 360 351

1430 297 1507 356 IN
1547 298 1845 358 LIBRUM
1879 298 1973 357 DE
2004 297 2331 360 OFFICIIS
2369 301 2480 362 Cl‘.

3459 306 3493 367 3
3507 307 3564 368 3'2

348 412 582 468 ambulat
611 420 661 465 et
689 410 1077 463 ambulationes
1110 412 1365 477 somniat,
1399 424 1455 467 ut
1485 429 1690 467 morem
1721 429 1902 466 sacra-
1935 421 1973 476 Α
2006 414 2119 479 γῶν
2152 416 2289 476 loro,
2322 417 2538 470 duobus
2572 415 2729 469 cazcis
2780 414 2907 468 illuc
2952 425 3205 469 monente
3240 416 3299 469 Β.
3361 418 3567 487 virgine

351 522 470 559 runt
525 504 959 572 processionum,
996 488 1477 573 supplicationum’
1507 516 1559 561 et
1598 506 1907 563 litattiartttn

352 596 623 649 obfuscct.
655 593 861 647 Gaers.

424 682 504 735 Ib.
530 681 757 750 [Αιτήν.
791 683 902 739 liae
924 699 1055 738 voce
1082 699 1189 738 non
1226 687 1424 739 nudam
1458 685 1912 753 supplicationem,

353 773 448 826 8rd
478 773 618 826 inter
669 774 1052 845 ambulandum
1114 776 1303 829 factam
1351 778 1465 832 sive
1511 779 1910 845 processioncm,

353 865 650 931 significari
680 865 881 921 diserte
912 876 1280 922 monstratum
1314 878 1397 925 cst
1421 871 1474 923 in
1508 868 1910 939 Eucbologicis.

353 957 548 1027 0018.]
936 964 941 969 ’

431 1048 487 1102 Ρ.
518 1050 607 1103 70.
651 1050 725 1104 De
778 1050 1011 1118 imagine
1059 1050 1288 1119 Virginis
1328 1049 1660 1119 Hodegetritc
1690 1067 1741 1108 e.
1794 1066 1911 1120 seq.

356 1142 512 1209 plura
547 1142 779 1208 ipsemet
806 1140 1067 1195 Codiuus.
1102 1141 1212 1193 Non
1247 1152 1361 1197 erat
1387 1142 1664 1196 ordinario
1689 1144 1739 1195 in
1767 1143 1912 1206 aula,

357 1233 452 1285 sed
508 1234 562 1285 in
609 1236 943 1286 monasterio
977 1234 1083 1284 τῶν
1114 1234 1276 1303 316
1331 1236 1578 1302 ὀδηγῶνς
1643 1235 1917 1289 ferebatur

358 1330 537 1373 autem
572 1322 785 1387 pietatis
816 1337 976 1374 causa
1021 1322 1083 1371 ad
1125 1324 1303 1375 aulam
1342 1324 1552 1377 ultimis
1605 1324 1918 1391 Quadrage-

359 1411 508 1463 simae
533 1411 745 1474 diebus,
773 1426 967 1477 nempe
999 1411 1129 1465 feria
1164 1414 1254 1468 illa
1278 1414 1465 1480 quinta
1496 1430 1615 1481 qum
1667 1424 1913 1467 nostram

361 1500 691 1559 Dominicant
710 1502 899 1575 Judica
930 1502 1233 1557 antecedit:
1268 1504 1626 1572 manebatque
1646 1506 1696 1557 in
1721 1504 1917 1572 palatio

361 1607 536 1659 usque
568 1591 634 1644 ad
662 1595 955 1647 secundam
992 1594 1185 1647 feriam
1216 1595 1500 1649 Paschalis
1527 1611 1541 1665 ;
1576 1612 1682 1664 quo
1716 1596 1802 1650 die
1832 1613 1918 1651 rct-

361 1683 638 1737 ferebatur
668 1684 719 1737 in
754 1686 1146 1737 monasterium
1173 1695 1228 1738 et
1260 1686 1515 1754 templum
1549 1686 1656 1738 τῶν
1686 1687 1913 1756 ὁδηγῶν.

360 1774 454 1827 Est
486 1776 597 1827 haec
628 1773 828 1841 imago,
869 1775 933 1828 ad
967 1789 1152 1841 quam,
1186 1784 1338 1842 capta
1394 1776 1462 1827 ab
1492 1747 1806 1830 Andronico
1829 1777 1916 1846 ju-
1950 1747 1993 1805 Β

362 1867 515 1917 more
542 1862 716 1933 Cpnli,
757 1865 1104 1918 Andronicus
1154 1865 1337 1918 senior
1386 1865 1612 1933 supplex
1650 1866 1917 1934 confugit.

365 1955 494 2007 Item
544 1964 729 2007 nat-rat
786 1953 1121 2022 Niccpltorus
1170 1954 1460 2022 Gregoras,
1507 1954 1544 2009 Ι.
1586 1970 1660 2019 Ix,
1706 1971 1760 2020 p.
1815 1955 1921 2009 422

364 2047 537 2099 Bonn.
584 2047 718 2100 Cum
748 2057 956 2112 autem,
989 2056 1129 2101 teste
1163 2046 1353 2100 eodem
1389 2046 1653 2117 Gregora,
1700 2045 1768 2097 24
1803 2045 1920 2099 dies

364 2137 484 2193 Maii
515 2147 765 2207 ageretur
788 2138 1006 2208 quando
1056 2152 1084 2189 a
1126 2138 1342 2205 juniore
1370 2137 1683 2191 Andronico
1737 2136 1921 2205 Cpolis

362 2239 517 2299 capta
550 2238 653 2295 est,
678 2245 898 2285 necesse
920 2239 1003 2284 est
1027 2216 1315 2299 imaginem
1336 2227 1566 2298 Virginis
1590 2228 1922 2295 Hodegetrize

362 2331 515 2375 extra
552 2320 799 2374 ordinem
852 2319 1229 2390 prmscriptum
1259 2319 1311 2373 in
1346 2319 1548 2387 palatio
1598 2318 1808 2381 fuisse;
1868 2322 1923 2369 et

364 2411 502 2468 forte
533 2412 873 2467 Andronicus
927 2412 1110 2465 senior
1148 2410 1454 2466 defectione
1498 2410 1587 2465 illa
1620 2409 1830 2477 nepotis
1866 2418 1922 2463 et

363 2505 694 2559 asseclarum
752 2513 1059 2557 commotus
1110 2517 1226 2557 eam
1257 2502 1312 2557 in
1354 2502 1612 2573 palatium
1645 2501 1823 2557 solatii
1870 2511 1925 2557 et

363 2596 591 2665 subsidii
620 2608 783 2649 causa
818 2595 1210 2664 apportandam
1260 2603 1570 2653 curaverat.

434 2689 573 2755 Quid
600 2688 966 2741 venerationis
1002 2688 1225 2740 Michael
1261 2686 1598 2755 Palmologus
1628 2686 1922 2752 imperator

363 2782 583 2851 imagini
629 2768 993 2849 HodcgeIritc,
1018 2760 1277 2848 expulsis
1307 2779 1518 2833 Latinis
1566 2778 1739 2847 Cpoli,
1774 2780 1924 2833 detn—

364 2874 505 2937 lcrit,
529 2872 752 2940 exponit
778 2870 1049 2940 Gregoras
1080 2870 1116 2923 Ι.
1143 2885 1219 2933 tv,
1251 2884 1304 2935 p.
1340 2868 1428 2922 87.

435 2963 605 3015 Porro
646 2963 904 3028 templum
943 2961 1052 3011 τῶν
1082 2960 1293 3029 ὁδηγῶν
1320 2960 1609 3015 tediiicavit
1639 2960 1925 3014 Pulcheria

2012 505 2081 561 ad
2121 507 2295 563 visum
2326 506 2693 574 recipiendum
2728 506 2995 568 deductis,
3029 509 3279 575 religiose
3310 499 3563 574 pbsitam.

2014 596 2282 653 Atnlacior
2315 597 2606 666 adiungant
2644 598 2886 653 eamdem
2918 612 3036 665 qua!
3063 596 3297 651 lleraclii
3328 608 3569 663 tempore

2014 703 2044 739 a
2075 686 2264 756 Sergio
2295 688 2547 755 pontifice
2575 686 2683 742 (ΣΡ.
2732 703 2826 756 per
2858 703 3044 742 murus
3071 688 3384 743 circumlata
3431 686 3565 756 Scy-

2015 779 2139 831 tlms
2174 777 2241 833 ab
2263 776 2344 831 eis
2369 775 2694 831 miraculose
2726 776 2933 843 depulit
2964 791 2979 828 :
3018 776 3230 843 qualem
3270 777 3415 831 enim
3444 778 3570 845 ὁδη-

2015 866 2251 936 γήτριαν
2291 866 2629 930 Viuceutius.
2667 869 2808 927 hanc
2869 882 3087 936 quoque
3121 866 3383 923 describit
3433 882 3568 917 ann-

2016 970 2214 1038 uimus
2248 956 2399 1013 brevi
2425 957 2620 1023 publici
2646 957 2784 1027 juris
2811 974 2837 1015 β
2870 968 3022 1025 patre
3044 955 3331 1011 Ctnnbefis.
3367 956 3568 1009 facien-

2014 1048 2139 1108 dus,
2196 1046 2422 1117 Σέργιος
2451 1046 2507 1099 δὲ
2541 1051 2568 1101 ὁ
2605 1049 2865 1117 ἱερὰρχης
2891 1048 2989 1110 τὰς
3032 1048 3180 1116 ἱερὰς
3220 1046 3436 1108 εἰκόνας
3470 1046 3569 1110 τῆς
3644 1080 3645 1083 η

2016 1136 2365 1206 θεομήτορος,
2395 1132 2480 1197 αἷς
2514 1137 2745 1205 μάλιστα
2775 1138 2865 1190 καὶ.
2910 1137 3110 1208 βρέφος
3144 1138 3171 1188 ὁ
3205 1135 3393 1203 Σωτὴρ
3432 1136 3540 1198 ἔξει

2018 1228 2284 1286 κονισϐεὶς
2314 1230 2369 1279 ἐν
2389 1229 2655 1295 ἀγκάλαις
2685 1230 2783 1298 τῆς
2806 1229 3008 1298 μητρὸς
3036 1230 3345 1296 ἐξεφέρετο,
3370 1225 3571 1285 ταύτας

2018 1316 2198 1369 λαϐὼν
2264 1320 2481 1389 περιῄει
2531 1306 2613 1371 τὰς
2650 1321 2825 1389 τείχη.
2874 1318 3234 1387 Ὀδηγητρίας
3291 1326 3456 1379 certe,
3516 1327 3573 1367 ιιι

2020 1406 2415 1474 atttiquissima,
2455 1408 2499 1462 si
2535 1424 2564 1462 a
2590 1410 2733 1463 Luca
2774 1409 3067 1468 delineata,
3105 1408 3283 1459 'etiam
3330 1412 3563 1474 puerum

2017 1495 2203 1551 Iesum
2232 1499 2372 1553 ulnis
2402 1500 2999 1568 complectebatur.»De
3046 1498 3209 1551 simili
3238 1498 3289 1550 itt
3321 1497 3576 1548 Blaclter-

2020 1589 2174 1644 nensi
2207 1592 2404 1654 templo
2436 1605 2464 1643 a
2498 1590 2739 1647 Romano
2762 1593 2971 1659 Argyro
3030 1596 3242 1657 reperta
3272 1586 3572 1641 Cedreutttn

2020 1676 2385 1735 disserenteut'
2408 1681 2640 1752 perlege.
2675 1678 2869 1750 G0an.]

2510 1795 2669 1863 317
2705 1792 2931 1847 CAPUT
2966 1793 3081 1847 vu.

2027 1884 2424 1939 Observationes
2451 1896 2495 1937 et
2519 1886 2887 1948 explicationes
2935 1886 2987 1935 in
3023 1901 3069 1937 c.
3100 1884 3186 1945 12,

2380 1954 2551 2022 ofﬁcio
2603 1969 2801 2021 magna:
2826 1954 3179 2007 hebdomadis.

2098 2044 2157 2101 P.
2192 2044 2276 2101 70.
2308 2043 2516 2112 Magaw
2537 2044 2865 2097 hedomadtc.
2905 2043 3247 2107 Quibusdam
3282 2049 3475 2118 religio
3497 2060 3581 2103 est

2025 2136 2207 2193 dicere
2262 2134 2583 2188 Itebdontada
2640 2134 2998 2188 Itebdomadte.
3050 2134 3154 2188 Sed
3187 2136 3300 2192 haec
3325 2140 3513 2207 religio
3548 2155 3578 2194 a

2028 2225 2412 2294 superstitione
2437 2238 2625 2292 parum
2648 2224 2780 2275 abit.
2801 2223 3084 2279 Ascribam
3136 2220 3221 2282 ltie
3249 2228 3412 2283 verba
3425 2229 3584 2281 solm-

2028 2317 2201 2370 liastae
2254 2316 2519 2369 librorum
2554 2313 2628 2367 De
2658 2315 2890 2368 avaritia
2921 2315 3161 2371 Salviaui
3200 2318 3579 2385 Massiliensis,

2030 2409 2094 2461 ad
2123 2409 2251 2462 illttd
2282 2408 2586 2477 lampadam
2607 2416 2771 2461 tuam.
2811 2406 2891 2463 Ne
2920 2411 3033 2477 quia
3060 2410 3194 2479 forte
3216 2423 3358 2479 putet
3393 2415 3573 2467 vitium

2029 2516 2135 2554 esse
2163 2502 2216 2552 in
2250 2501 2349 2551 hac
2380 2498 2617 2562 lectione,
2645 2507 2691 2550 et
2729 2500 3075 2563 reponendum
3102 2502 3425 2571 lampadem,
3461 2521 3578 2557 mo~

2032 2602 2122 2638 nco
2156 2586 2453 2650 lampadam
2503 2602 2705 2656 quoque
2758 2586 3259 2647 dicinnominativo
3310 2593 3579 2661 lampada.

2030 2675 2121 2729 Sic
2170 2676 2505 2729 ltebdomada
2554 2673 2750 2727 Latina
2792 2676 3183 2745 terminatione,
3241 2696 3355 2750 qua:
3383 2679 3581 2737 ercis

2032 2767 2290 2822 hebdoma
2300 2782 2342 2819 s.
2371 2766 2571 2822 Gnsrs.

2101 2859 2186 2915 Ib.
2238 2860 2504 2913 Meursius
2550 2859 2843 2912 admodum
2896 2858 3059 2915 anxie
3091 2870 3276 2916 monet
3326 2879 3393 2921 ne
3436 2866 3584 2937 quis,

2031 2966 2154 3004 cum
2178 2950 2327 3003 audit
2351 2957 2583 3018 quatuor
2617 2949 2905 3021 Evangelia
2939 2951 3074 3005 lecta
3102 2968 3245 3019 esse,
3279 2956 3589 3025 suspicetur

3223 1880 3361 1952 quod
3402 1886 3478 1930 est
3513 1878 3579 1933 de

364 3056 701 3124 itnperatrix,
738 3056 791 3109 in
835 3072 943 3124 quo
981 3055 1218 3109 divinam
1254 3055 1809 3129 Deiparw‘imaginom
1846 3073 1925 3110 re-

2034 3040 2343 3093 tctrabiblon
2391 3039 2818 3110 Evangeliorum,
2891 3043 2989 3097 hoc
3021 3054 3104 3099 est
3160 3047 3305 3115 ipsos
3349 3048 3588 3116 integros

364 3149 566 3216 posuit,
610 3162 773 3215 quam
810 3147 989 3203 Lucas
1021 3146 1359 3215 evangelista
1397 3147 1449 3202 iu
1504 3148 1692 3202 tabula
1741 3149 1928 3218 depic-

365 3248 471 3293 tam
504 3238 743 3306 reliquit,
779 3246 835 3290 ut
870 3238 943 3291 ait
990 3234 1350 3307 Nicepltorus,
1380 3254 1489 3299 tttv,
1519 3240 1572 3295 ‘2.

434 3314 575 3387 Cum
611 3330 857 3384 lsaacum
888 3330 1153 3400 Angelum
1186 3331 1315 3399 imp.
1343 3331 1686 3399 Cpolitanum
1725 3331 1928 3385 Branas

364 3435 516 3478 arcte
535 3422 833 3486 obsideret,
861 3423 1157 3491 imperator
1185 3422 1278 3475 Dei
1310 3421 1590 3476 Genitricit
1619 3425 1925 3493 imaginem,

362 3532 478 3583 qua!
502 3514 567 3565 ab
607 3512 841 3583 Ilodegio
872 3514 1192 3567 monasterio
1214 3513 1530 3582 llodegctria
1567 3526 1923 3583 nuncupatur,

364 3608 419 3658 in
468 3608 658 3659 omnia
716 3623 810 3674 pro
864 3605 1002 3659 vallo
1062 3605 1455 3674 inexpugnabili
1512 3606 1807 3669 transtulit,
1872 3616 1929 3658 ttt

365 3698 557 3751 scribit
616 3696 830 3753 Nicetas
894 3696 1189 3751 Cboniates
1263 3696 1299 3749 ι.
1350 3713 1364 3749 ι
1424 3694 1497 3748 De
1553 3699 1710 3747 rebus
1765 3696 1929 3761 gestis

365 3790 536 3843 lsaaci
593 3790 803 3859 Angeli.
884 3788 992 3843 Nec
1026 3789 1248 3852 frustra,
1300 3795 1360 3841 ut
1407 3786 1533 3841 felix
1589 3787 1772 3841 exitus
1833 3786 1929 3840 de-

356 3882 607 3936 claravit.

439 3973 506 4026 Ut
539 3974 926 4043 jusjurandum
960 3989 1028 4028 ευ
1069 3972 1277 4028 firmius
1315 3980 1488 4033 esset,
1520 3971 1688 4025 voluit
1718 3970 1932 4041 Andro—

364 4069 522 4119 nicus
556 4068 740 4119 senior
768 4067 1068 4134 imperator
1101 4067 1204 4123 sibi
1241 4065 1373 4119 illud
1413 4065 1531 4119 dari
1584 4080 1614 4119 a
1665 4060 1928 4121 MiCltaele

360 4157 623 4222 Catbaro,
657 4166 850 4225 nepote
880 4171 1001 4220 suo,
1046 4171 1232 4209 coram
1282 4160 1640 4210 sacrosancta
1694 4156 1928 4223 imagine

365 4247 686 4300 castissima:
741 4247 832 4300 Dei
888 4246 1181 4301 Geuitricis
1239 4245 1596 4313 Hodegetrim,
1658 4257 1715 4298 ιιι
1739 4246 1930 4299 Scribit

363 4340 656 4406 Gz-egoras,
685 4340 719 4391 Ι.
755 4354 871 4392 vut.
916 4337 1295 4406 llodegetriant
1331 4352 1494 4405 porro
1533 4338 1925 4406 interpretatur

364 4429 701 4483 \Volliusvite
716 4428 1140 4482 monstratricam
1163 4444 1259 4482 seu
1277 4429 1584 4483 ductricem.
1605 4428 1813 4484 (ἔλιπε.

436 4522 573 4575 Ibid.
609 4520 774 4593 [Vere
791 4523 1010 4589 quidem
1031 4521 1315 4576 Gretserus
1344 4522 1442 4590 τὴν
1471 4523 1651 4575 εἰκόνα
1673 4522 1770 4592 τῆς
1807 4522 1927 4574 θεο-

367 4615 627 4683 μήτορος,
663 4616 787 4684 ἥτις
816 4615 879 4667 ἐκ
931 4614 1031 4679 τῆς
1079 4614 1185 4665 τῶν
1220 4613 1464 4682 Ὀδηγῶν
1498 4617 1665 4682 μονῆς
1695 4613 1831 4667 καθ’
1862 4613 1926 4683 ἣν

365 4707 859 4777 προσκεκλήρωται
926 4706 1287 4774 Ὀδηγήτριαν
1348 4706 1793 4775 προσκεκλῆσοᾳι
1843 4722 1929 4760 rc-

364 4801 469 4853 fert
495 4816 562 4854 ex
587 4800 772 4854 Niecta
802 4799 856 4852 in
887 4799 1092 4854 lsaacio
1113 4798 1319 4868 Angelo
1348 4798 1385 4852 Ι.
1413 4814 1426 4851 l
1454 4815 1470 4863 ;
1524 4799 1768 4852 eamdem
1799 4814 1930 4852 vero

363 4903 706 4955 asserturus,
763 4891 827 4944 ad
881 4907 1045 4961 quam
1104 4892 1243 4945 bello
1299 4906 1524 4960 pressus
1575 4900 1627 4944 et
1683 4900 1932 4959 anepote

359 4995 557 5053 captus
586 4985 772 5039 senior
817 4984 1161 5038 Andronicus
1191 4982 1518 5052 confugerit,
1552 4991 1611 5034 ut
1662 4996 1781 5034 eam
1816 4994 1935 5034 am-

362 5077 558 5143 plexus
598 5076 721 5129 vitae
758 5074 1134 5142 libertatisque
1174 5072 1571 5125 immunitatem
1608 5085 1930 5136 assequere-

366 5175 477 5224 tur.
505 5179 564 5218 se
596 5172 808 5217 tantum
836 5173 1055 5218 auctore
1083 5173 1136 5214 et
1171 5170 1305 5215 teste
1350 5162 1526 5213 firmat
1557 5160 1845 5213 Grctserus
1871 5172 1933 5209 ac

366 5256 586 5311 nonnisi
618 5256 817 5310 dubius
850 5256 1204 5309 vaticinatur.
1260 5252 1444 5305 Satius
1499 5267 1617 5306 eam
1675 5250 1928 5311 dixisset,

366 5361 508 5413 (ιθιςιδ,
544 5347 811 5401 referente
846 5345 1131 5399 Vincentio
1161 5344 1213 5397 in
1245 5343 1404 5412 Spec.
1463 5342 1601 5397 lltst.
1657 5341 1747 5403 9.5,
1807 5340 1930 5402 H7,

365 5438 468 5492 Sub
497 5438 678 5493 Leone
702 5439 889 5493 Isauro
922 5452 1017 5506 per
1044 5451 1230 5489 muros
1254 5424 1424 5490 urbis
1473 5434 1576 5488 GP.
1607 5434 1768 5487 dueta
1831 5434 1936 5484 lue-

362 5529 494 5582 dum
552 5529 838 5582 Saracenis
890 5526 1007 5581 eam
1076 5526 1264 5579 urbem
1325 5525 1703 5579 obsidentibus
1755 5523 1937 5575 intulit

364 5622 738 5690 naufragium,
784 5620 1119 5688 ὁδηγήτριειν
1170 5617 1438 5685 siquidem
1497 5615 1659 5666 refert
1710 5630 1735 5665 a
1793 5613 1934 5666 Luca

364 5728 494 5770 cum
520 5729 688 5783 puero
717 5713 847 5768 Jesu
881 5713 1025 5767 ulnis
1056 5720 1261 5781 gestato
1286 5709 1580 5777 depictam,
1609 5722 1667 5761 ac
1697 5707 1747 5761 in
1785 5707 1936 5776 Ὀδη-

2030 3139 2262 3198 quatuor
2306 3128 2719 3199 Evangeliorum
2758 3136 3179 3189 commentarios
3231 3136 3398 3191 lectos
3422 3154 3586 3203 esse;

2030 3223 2170 3292 quod
2225 3223 2386 3277 nimis
2442 3223 2663 3292 longum
2708 3225 2919 3281 fuisset.
2964 3227 3145 3296 Itaque
3165 3229 3454 3284 articulum
3488 3232 3582 3297 τά,

2031 3314 2375 3382 praepositum
2419 3315 2682 3369 vocabulo
2718 3317 2981 3387 τέσσαρα,
3007 3322 3257 3373 exsulare
3282 3322 3454 3390 jubet.
3481 3320 3589 3375 Sed

2032 3404 2074 3457 si
2102 3403 2413 3458 Grtecorum
2439 3404 2666 3460 rituales
2696 3406 2863 3461 libros
2894 3408 3215 3478 diligentius
3243 3411 3586 3480 inspexisset,

2032 3499 2188 3550 aliter
2236 3509 2367 3565 puto
2414 3513 2580 3567 super
2639 3498 2741 3553 bac
2766 3516 2822 3553 re
2873 3505 3302 3568 pronuntiasset.
3343 3505 3415 3558 Ita
3441 3508 3586 3560 enim

2031 3586 2293 3656 Typicum
2325 3588 2479 3642 Saba:
2512 3603 2561 3641 c.
2590 3589 2657 3644 58
2680 3627 2696 3654 ,
2726 3602 2893 3659 agens
2926 3590 2992 3644 de
3018 3592 3117 3645 bac
3149 3609 3356 3663 magna:
3390 3595 3592 3649 hebdo-

2031 3677 2204 3731 madis
2276 3677 2411 3731 feria
2489 3680 2765 3734 secunda:
2853 3681 3315 3749 ’Λναγινώσκετκι
3388 3685 3444 3737 δὲ
3521 3685 3583 3737 τὸ

2028 3766 2510 3835 τετραευαγγέλιον
2556 3767 2619 3838 τῇ
2654 3766 2718 3838 βε,
2745 3773 2810 3840 τῇ
2834 3777 2883 3839 γ’
2906 3773 3001 3824 καὶ
3027 3776 3091 3843 τῇ
3114 3773 3176 3837 δ’,
3218 3776 3313 3827 καὶ
3346 3775 3586 3845 πληροῦ-

2029 3874 2139 3909 ται.
2166 3855 2246 3910 Ne
2275 3866 2456 3911 autem
2513 3860 2815 3927 suspiceris
2867 3872 3072 3916 tantum
3110 3873 3315 3933 partem
3346 3866 3582 3932 aliquam

2028 3964 2094 4003 ex
2151 3958 2384 4016 quatuor
2423 3949 2731 4020 Evangeliis
2764 3952 2960 4005 lectam
2997 3968 3139 4020 esse,
3182 3956 3306 4010 audi
3344 3957 3591 4025 ejusdem

2029 4038 2214 4110 Typici
2246 4048 2517 4094 auctorem
2538 4043 2722 4095 eodem
2750 4043 2902 4097 loco:
2938 4044 3146 4098 Εἰδέναι
3176 4047 3231 4098 δὲ
3264 4047 3369 4118 χρὴ
3414 4048 3495 4101 ὅτι
3531 4048 3591 4103 τὺ

2030 4130 2171 4183 κατὰ
2190 4130 2463 4183 Ματοαίον
2479 4131 2634 4198 ἅγιον
2650 4132 2971 4199 εὐαγγέλιον
2989 4134 3109 4187 ὅλον
3133 4136 3586 4203 ἀναγινώσκεται·

2028 4221 2223 4291 ὁμοίως
2238 4222 2328 4273 καὶ
2358 4223 2418 4274 τὸ
2441 4224 2579 4275 κατὰ
2597 4223 2815 4295 Μάρκον
2831 4224 2923 4275 καὶ
2947 4224 3006 4276 τὸ
3028 4225 3165 4277 κατὰ
3190 4226 3423 4281 Λουκᾶν.
3447 4228 3520 4280 Τὸ
3535 4228 3591 4280 δὲ

2030 4313 2169 4365 κατὰ
2210 4313 2460 4383 Ἰωάννην
2500 4314 2931 4381 ἀναγινώσκεται
2977 4318 3101 4385 ἄχρι
3135 4317 3234 4385 τῆς
3274 4320 3448 4390 ἀρχῆς
3482 4320 3594 4371 τῶν

1953 4401 2000 4462 D
2025 4406 2197 4472 ἁγῖων
2229 4405 2434 4459 παθῶν.
2469 4406 2923 4473 Ἀναγινώσκεται
2948 4407 3003 4459 δὲ
3020 4407 3169 4471 οὗτος
3190 4412 3245 4461 ὲν
3262 4414 3379 4473 ταῖς
3415 4412 3596 4480 τρισὶν

2032 4496 2267 4565 ἡμέραις
2316 4497 2480 4566 ἤγουν
2531 4498 2597 4569 β’,
2631 4497 2679 4565 γ’
2714 4500 2807 4551 καὶ
2828 4495 2997 4550 δ’·καὶ
3045 4500 3448 4572 πληροῦνταιὲν
3477 4505 3596 4564 ταῖς

2030 4587 2221 4655 ὥραις·
2252 4589 2456 4654 γίνεται
2485 4589 2541 4641 δὲ
2573 4589 2633 4640 τὸ
2657 4589 2798 4641 κατά
2848 4591 3064 4643 Λουκᾶν
3083 4592 3417 4659 ἀναγνώσεις
3442 4599 3507 4659 γ’,
3528 4594 3598 4646 τὰ

2030 4680 2073 4732 δ’
2092 4680 2225 4733 ἄλλα
2253 4682 2359 4733 ἀπὸ
2398 4682 2668 4750 δευτέρου.
2701 4681 2865 4751 Ὁμοῦ
2902 4681 3231 4749 ἀναγνώσεις
3249 4684 3313 4749 0',
3334 4686 3425 4738 καὶ
3447 4683 3598 4755 ὥρας

2033 4771 2097 4837 θ’,
2140 4773 2230 4824 καὶ
2270 4772 2433 4825 πλέον
2462 4773 2632 4826 οὐδέν.
2696 4774 2771 4827 Ex
2801 4774 2883 4827 ltis
2910 4774 3019 4844 jam
3063 4772 3331 4830 Meursius
3363 4792 3466 4829 nou
3494 4776 3601 4830 Co-

2032 4864 2242 4930 diuum,
2264 4864 2356 4917 sed
2393 4879 2491 4917 sua
2514 4865 2803 4920 emendare
2844 4866 3061 4934 poterit.
3083 4864 3143 4917 Et
3176 4866 3220 4920 si
3270 4868 3396 4935 quid
3418 4850 3601 4921 emen-

2032 4955 2267 5010 dandum
2333 4957 2423 5019 sit,
2496 4957 2675 5026 potius
2736 4972 3046 5027 expungam
3100 4957 3230 5011 illud
3274 4961 3340 5027 τῇ
3386 4958 3595 5029 μεγάλῃ

2034 5050 2276 5118 πέμπτῃ,
2319 5049 2445 5117 quia
2472 5065 2658 5117 magna
2687 5048 2816 5103 feria
2876 5048 3063 5116 quinta
3081 5064 3185 5101 non
3212 5049 3486 5117 legebatur
3538 5050 3600 5101 τὸ

2032 5140 2559 5208 τετραευαγγέλιον,
2614 5141 2814 5209 quippe
2874 5142 3015 5208 quod
3086 5140 3419 5210 praecedente
3483 5142 3591 5206 die,

2036 5246 2285 5300 videlicet
2323 5260 2512 5313 magna
2547 5242 2681 5297 feria
2714 5253 2934 5312 quarta,
2967 5244 3078 5313 jam
3114 5246 3421 5299 absolutum
3456 5259 3593 5309 erat,

2039 5345 2097 5389 ut
2124 5352 2186 5390 ex
2215 5334 2423 5405 Typico
2450 5332 2603 5388 Saba:
2625 5333 2963 5399 audivimus;
2988 5335 3098 5389 nisi
3126 5337 3259 5389 forte
3294 5336 3349 5391 in
3396 5336 3595 5405 palatio

2037 5429 2323 5495 Cpnlitauo
2344 5427 2617 5481 tetrabibli
2644 5425 2803 5479 lectio
2828 5429 2894 5479 ad
2928 5428 3171 5494 quintam
3200 5428 3369 5495 ipsam
3408 5428 3596 5481 feriam

2043 5535 2293 5588 magnam
2349 5520 2755 5573 ostenderetur.
2790 5506 3082 5585 'Quamvis
3134 5518 3310 5585 ipsum
3377 5531 3599 5587 quoque

2041 5611 2323 5664 Tt‘iOdlUlll
2360 5607 2674 5663 Graecorum
2713 5624 2834 5663 eum
2889 5607 3090 5677 Typico
3126 5608 3279 5662 Saba:
3305 5609 3601 5668 cuneinat;

2041 5703 2196 5771 cujus
2215 5702 2328 5756 lucc
2356 5711 2481 5755 sunt
2499 5700 2657 5755 verba
2682 5715 2696 5752 :
2723 5698 2934 5770 Legitur
2959 5699 3115 5751 etiam
3150 5698 3603 5766 tetraeuangetium
