3952 6222
334 278 459 383 ἶςξεει

1428 316 1803 378 GllETSEltl
1842 316 1937 374 ET
1992 313 2231 375 GOAltl
2285 316 2526 377 NOT/E.

3500 314 3603 379 354

350 440 607 502 serunda.
662 441 819 493 tertia
857 450 905 493 et
953 448 1145 508 quarta
1199 438 1354 506 feria.
1397 424 1523 490 Καὶ)
1554 434 1857 506 πληροῦται
1886 451 1913 486 e

2044 430 2211 493 solea,
2270 430 2495 483 calceus.
2532 428 2806 483 S‘cribitur
2845 428 3011 484 etiam
3054 426 3368 496 παπούεζη.
3408 427 3605 485 Melior

350 534 646 600 completur
666 548 757 583 seu
785 532 1116 583 terminatur.
1149 528 1356 583 GttE't‘s.

426 623 573 678 Ibid.
608 621 754 694 [Non
785 624 868 676 his
908 624 1072 676 modo
1103 621 1401 675 Dominica:
1446 620 1685 689 passioni
1717 602 1926 673 memo-

350 716 542 770 randae
584 714 819 768 sacratis
883 713 1056 775 feriis,
1118 724 1276 781 pt‘OUl
1326 714 1537 765 erudite
1586 713 1927 765 demonstrat

350 811 666 875 Gretserus,
702 809 796 863 sed
824 818 876 861 et
909 809 1174 860 continuo
1220 807 1386 859 totius
1414 805 1538 857 anni
1563 805 1743 867 spatio
1777 815 1927 858 totus

349 909 590 967 quatuor
625 899 1081 967 evangelistarum
1126 906 1309 950 textus
1360 896 1413 948 in
1449 895 1683 949 ecclesia
1731 894 1917 962 palam

340 993 573 1058 legitur,
596 991 740 1058 quod
780 991 983 1044 diserte
1038 989 1123 1041 his
1158 988 1336 1041 verbis
1382 986 1638 1043 edisserit
1672 986 1926 1040 doctissi-

349 1098 477 1137 mus
509 1084 763 1136 Atlatius.
792 1080 1046 1149 Exceptis
1073 1080 1286 1147 magnis
1313 1080 1774 1141 solemnitatibus,
1802 1093 1925 1145 quae

348 1174 632 1242 peculiare
650 1175 752 1226 sibi
780 1184 1033 1241 poscunt,
1069 1174 1423 1241 Evangelinm
1448 1174 1498 1225 iu
1540 1173 1766 1239 reliquis
1795 1172 1922 1225 anni

284 1272 287 1277 '
345 1265 549 1319 diebus
620 1266 691 1317 ita
756 1264 1158 1331 dispertiuntur
1208 1263 1404 1325 Graeci,
1455 1274 1514 1316 ut
1563 1264 1727 1317 unius
1773 1262 1923 1331 prius

344 1356 700 1421 evangelistaz
747 1365 954 1408 textum
984 1356 1038 1408 in
1088 1365 1342 1408 tinemata
1371 1354 1619 1407 dividant
1645 1361 1699 1407 et
1728 1354 1922 1407 diebus

342 1449 647 1517 applicent,
685 1448 862 1511 donec
886 1447 1057 1513 finiat,
1104 1447 1452 1515 postmodum
1481 1446 1710 1500 alterius
1745 1446 1924 1499 conti-

344 1549 536 1604 nuent,
581 1544 753 1593 donec
821 1540 1003 1592 omnia
1047 1540 1113 1592 ad
1160 1543 1367 1592 exitum
1435 1539 1814 1606 perduxerint,
1868 1546 1924 1592 et

344 1632 543 1685 diebus
568 1631 870 1686 Dominicis
904 1648 934 1685 a
960 1632 1229 1698 scriptore
1268 1630 1548 1709 Evangelii
1584 1644 1783 1683 nomen
1818 1631 1923 1682 im-

343 1733 594 1791 ponant:
653 1724 845 1778 dicunt
874 1724 1017 1778 enim
1063 1724 1095 1792 ἡ
1134 1721 1327 1792 πρώτη
1362 1721 1603 1792 κυριακὴ
1634 1720 1730 1774 τοῦ
1761 1721 1917 1773 Mat-

2033 520 2219 574 torsan
2250 522 2519 590 scriptura
2550 530 2633 574 est
2654 522 3041 575 curtobraccia.
3076 520 3283 578 Gut-11's.

2105 608 2247 661 Ibid.
2283 609 2471 680 [Ποιεῐ
2489 611 2840 677 εὺλοτητόν.
2873 612 2915 661 Λ
2946 611 3323 667 benedictione
3356 614 3607 685 auspica-

2033 709 2140 763 tur,
2176 700 2363 754 diecns
2402 718 2415 752 :
2456 701 2763 770 Εὐλογητὸς
2795 702 2822 753 ὁ
2851 700 2985 764 Θεὸς
3018 702 3178 771 ἡμῶν
3228 705 3480 769 πάιτοτε,
3511 706 3604 758 νῦν
3648 732 3649 735 π

2028 789 2123 840 καὶ
2157 789 2242 840 ἀεὶ
2278 788 2371 840 καὶ
2403 790 2480 851 εἰς
2514 790 2637 851 τοὺς
2672 789 2875 851 αἰῶνας
2900 791 3013 842 τῶν
3050 793 3285 847 αἰώνων.

2099 878 2245 934 Ibid.
2279 882 2349 933 Τὸ
2382 880 2711 949 τρισὰγιον.
2737 882 2776 934 Α
2819 890 2900 935 ter
2933 887 3160 951 repetita
3231 901 3365 942 voce
3404 888 3601 955 ἆγιος;

2032 971 2218 1038 ’Ἄγιος
2240 973 2267 1023 ὁ
2294 973 2450 1038 Θεὸς,
2490 976 2647 1041 ἅγιος
2687 973 2926 1043 ἰσχυρὸς,
2954 976 3109 1043 ἅγιος
3133 978 3422 1045 ἀθάνατος,
3449 979 3600 1048 ἐλέη-

2030 1079 2120 1115 σον
2154 1066 2323 1132 ἡμᾶς.

2099 1150 2241 1209 Ibid.
2290 1156 2402 1209 Τοῦ
2431 1158 2808 1226 εὐαγγελίου.
2840 1158 3011 1229 Cujus
3045 1160 3381 1230 ἅρχιτέλεια,
3403 1161 3606 1229 princi-

2030 1247 2183 1313 pium
2216 1255 2271 1299 et
2296 1247 2419 1300 finis
2447 1257 2573 1302 sunt
2608 1266 2623 1301 :
2658 1248 2836 1304 Sciens
2880 1252 3035 1305 Jesus
3073 1253 3197 1321 quia
3230 1252 3408 1305 omnia
3454 1253 3600 1305 dedit

2024 1337 2070 1389 ei
2103 1337 2281 1401 Pater,
2308 1350 2411 1391 etc.
2446 1349 2624 1391 etnon
2652 1344 2779 1393 estis
2814 1342 2997 1394 mundi
3026 1359 3226 1397 omnes.

2098 1427 2157 1481 Ρ.
2191 1429 2279 1484 7t.
2339 1429 2477 1500 [Τοῦ
2538 1432 2829 1500 νιπτῆρος
2881 1434 3233 1507 ἀκολουθία.
3281 1436 3454 1501 Quam
3506 1437 3598 1506 qui

2025 1521 2362 1575 desiderabit
2422 1524 2714 1592 integram,
2770 1535 2955 1580 nostra
3010 1526 3363 1595 Euchologia,
3392 1527 3435 1582 si
3482 1543 3595 1579 me-

2026 1621 2238 1675 rentur,
2264 1611 2459 1666 adibit.
2516 1615 2834 1667 Ἀκολουθίοι
2893 1625 3073 1670 autem
3110 1618 3337 1685 ofﬁcium
3359 1618 3597 1670 estdivi-

2024 1716 2171 1765 num,
2204 1704 2363 1770 cujus
2406 1712 2589 1773 partes
2642 1710 2708 1759 ad
2740 1709 2971 1763 invicem
3016 1724 3277 1765 connexa:
3309 1710 3505 1765 ordine
3538 1726 3597 1764 se

342 1770 526 1879 IButeo,
555 1816 589 1902 ᾗ
637 1815 873 1884 δευτέρα
921 1814 1016 1867 τοῦ
1048 1770 1357 1875 ιδίατδαίου,
1389 1770 1462 1866 etr
1478 1812 1557 1866 sic
1588 1770 1655 1865 de
1686 1770 1917 1866 aliisiil‘d

2030 1804 2452 1863 consequuntur,
2489 1799 2647 1865 quasi
2667 1795 2970 1869 'sequentia.
3005 1799 3195 1873 Cum]

344 1915 406 1957 ut
438 1904 631 1958 melius
659 1904 1114 1975 comprehendas,
1143 1904 1299 1958 velim
1323 1904 1489 1973 318
1515 1904 1923 1969 animadvertas

348 1994 576 2049 Joannis
662 1996 938 2065 Evangelii
1044 2006 1249 2051 textum
1314 1995 1633 2049 universum
1714 2002 1921 2063 septem

347 2087 578 2161 integris
620 2085 1057 2142 hebdomadibus
1107 2086 1231 2155 legi,
1265 2100 1387 2155 quae
1418 2101 1447 2138 a
1484 2098 1676 2153 magna
1707 2084 1925 2153 pascha

346 2178 627 2232 Dominiea
662 2180 839 2232 tribus
874 2180 1067 2233 diebus
1091 2179 1335 2248 exceptis
1364 2186 1747 2241 numerantur,
1786 2176 1922 2230 Mat-

346 2270 476 2325 thzei
508 2269 639 2324 feria
671 2272 910 2325 secunda
942 2284 1062 2340 post
1094 2270 1435 2325 Dominicam
1464 2261 1814 2324 Pentecostes
1855 2269 1921 2323 ad

342 2352 1136 2429 snbsequentem'Parasceven
1162 2361 1525 2416 Exaltationis
1559 2362 1701 2415 diem
1723 2360 1920 2415 festum

346 2456 759 2523 absolviturque
810 2456 1246 2509 hebdomadibus
1302 2464 1509 2521 septem
1588 2462 1642 2507 et
1698 2453 1909 2507 decem.

348 2546 556 2597 Harum
597 2545 850 2599 undecim
876 2545 1114 2614 singulis
1134 2544 1330 2598 diebus
1360 2543 1595 2597 Matthazi
1633 2542 1921 2596 lectionem

345 2638 690 2699 continuant,
740 2650 769 2691 a
804 2636 1131 2691 duodecima
1156 2636 1407 2706 quinque
1462 2642 1673 2688 tantum
1728 2633 1923 2688 diebus

347 2728 515 2783 Marci
566 2730 731 2782 lectio
796 2729 1134 2789 'assumitur,
1186 2726 1442 2781 Sabbatis
1500 2736 1554 2779 et
1618 2723 1922 2778 Dominicis

348 2820 586 2874 Matthaai
625 2821 789 2879 lectio
843 2809 1170 2885 restituitur,
1222 2834 1397 2888 usque
1424 2821 1489 2871 ad
1529 2816 1921 2870 hebdomadetn
1972 2863 1991 2884 ,

344 2912 609 2966 decimam
649 2923 701 2965 et
749 2912 1059 2980 septimam,
1119 2911 1418 2964 dummodo
1472 2909 1588 2962 haec
1645 2916 1922 2979 postrema

344 3006 491 3057 inter
545 3014 761 3071 tempus
811 3004 1065 3072 paschale
1107 3011 1407 3065 occurrat;
1448 3002 1531 3056 sin
1581 3003 1781 3064 niinus,
1811 3014 1919 3053 non

2098 1884 2241 1939 Ibid.
2275 1888 2430 1942 Alter
2458 1892 2627 1944 codex
2656 1890 2855 1947 Boicus
2889 1893 2990 1946 ἀνὰ
3018 1896 3259 1964 χρυσοῦν
3281 1897 3594 1968 νομίσματα

2023 1975 2173 2043 τρία.
2203 1976 2408 2032 Forsan
2442 1988 2587 2034 recta
2607 1980 2770 2035 lectio
2795 1982 2899 2035 erit
2927 1984 3029 2036 ἀνὰ
3054 1988 3233 2053 χρυσᾶ
3259 1987 3594 2057 νομίσματα,

2025 2074 2082 2117 ut
2116 2066 2219 2118 ἀνὰ
2247 2069 2491 2136 capiatur
2541 2084 2608 2124 eo
2636 2085 2801 2126 sensu
2835 2086 2945 2141 quo
2980 2074 3166 2127 Matth.
3202 2090 3272 2129 xx
3304 2093 3318 2129 :
3355 2078 3589 2131 Ἔλασον

2023 2158 2125 2210 ἀνὰ
2156 2158 2434 2229 δηνάριον,
2488 2175 2798 2231 acceperunt
2846 2167 3044 2235 singuli
3088 2168 3389 2225 denarium.
3428 2171 3590 2223 Ἐλαο

2024 2249 2122 2301 δον
2150 2252 2246 2303 καὶ
2276 2253 2430 2305 αὐτοὶ
2452 2249 2569 2307 ’ἀνὰ
2606 2248 2887 2327 δηνάριον,
2921 2271 3231 2328 acceperunt
3261 2261 3366 2330 ipsi
3387 2278 3592 2333 quoque

2022 2337 2218 2407 singuli
2249 2341 2548 2397 denarium.
2580 2342 2784 2401 Gnsrs.

2095 2430 2236 2487 Ibid.
2305 2433 2593 2506 [Τράπσζα
2634 2436 2705 2491 δὲ
2764 2440 3053 2509 οὐδαμοῦ.
3106 2442 3187 2498 01)
3240 2445 3596 2515 religiosioris

2020 2524 2213 2594 jejuoii
2276 2538 2635 2597 praeceptum,
2681 2533 2825 2599 quod
2890 2543 3069 2588 tamen
3118 2537 3280 2591 etiam
3313 2540 3597 2594 monachis

2026 2617 2131 2672 hoc
2148 2618 2235 2672 die
2268 2620 2399 2673 vino
2434 2636 2543 2675 non
2577 2623 2878 2679 interdicit.
2916 2626 3309 2697 Euchologium
3336 2646 3350 2684 :
3381 2632 3595 2683 Δίδοται

2024 2709 2083 2761 τὸ
2138 2712 2535 2779 κατακλαστὸν,
2596 2714 2691 2769 καὶ
2740 2717 3245 2789 μεταλαμϐάνομεν
3296 2721 3444 2774 οἴνου
3496 2722 3594 2792 μό-

2022 2818 2138 2855 νου.

2093 2891 2259 2961 319
2287 2893 2428 2949 Ibid.
2482 2896 2629 2968 [Τῆς
2656 2900 2993 2968 ἀγρυπνίας
3046 2903 3398 2960 ἀκολουθία.
3432 2905 3597 2962 Volu-

2012 2991 2148 3051 ptas
2182 2985 2382 3052 quietis
2412 2988 2816 3054 quantumlibet
2846 2994 3094 3048 studiosa
3121 2995 3173 3048 in
3199 2996 3422 3065 vigiliis,
3454 3017 3593 3069 quas

347 3095 565 3161 legitur.
596 3094 757 3153 Luca:
787 3095 1144 3163 Evangelium
1174 3109 1201 3147 a
1232 3093 1364 3147 feria
1384 3094 1624 3148 secunda
1661 3108 1778 3161 qua:
1810 3090 1917 3146 Do-

2030 3075 2357 3143 παννυχίδας
2407 3072 2628 3143 Vocant,
2660 3080 2845 3134 luxum
2904 3084 3121 3152 quaerit,
3168 3087 3236 3140 de
3274 3088 3476 3155 quibus
3506 3090 3596 3144 Si-

347 3186 603 3237 minicam
660 3197 781 3253 post
844 3185 1242 3238 Exaltationem
1305 3183 1527 3250 excipit,
1591 3190 1645 3234 et
1692 3182 1919 3248 integris

351 3277 788 3331 hebdomadibus
854 3276 1146 3330 duodecim
1200 3274 1573 3329 continuatur.
1629 3273 1710 3325 Ab
1763 3273 1920 3325 initio

346 3369 523 3423 tertiae
545 3370 768 3423 decima:
795 3366 962 3422 Marci
987 3365 1328 3436 percurritur
1356 3364 1410 3418 in
1444 3362 1676 3431 reliquis
1701 3362 1918 3426 diebus,

345 3459 439 3513 sed
481 3454 739 3515 Subhatis
765 3471 818 3514 et
854 3458 1158 3513 Dominicis
1204 3456 1367 3510 Luca:
1394 3454 1717 3509 assumitur.
1751 3454 1918 3508 Marci

346 3550 567 3605 tandem
620 3552 764 3605 inter
806 3549 1042 3603 Matthaei
1101 3557 1157 3602 et
1184 3547 1350 3601 Lucae
1398 3544 1741 3609 absumitur;
1773 3543 1919 3614 quod

342 3656 475 3694 vero
496 3644 785 3710 supererit,
813 3634 1065 3696 Sabbatis
1093 3649 1147 3695 et
1174 3638 1473 3694 Dominicis
1495 3638 1922 3706 quadragesimae

343 3733 669 3787 absolvitur.
700 3732 825 3786 llaec
860 3733 968 3786 ille.
990 3728 1194 3801 Cosa]

415 3825 481 3877 P.
519 3825 602 3877 70.
628 3823 702 3877 De
730 3838 876 3878 more
906 3823 1123 3877 lavandi
1150 3823 1335 3892 pedes,
1371 3830 1478 3875 tam
1506 3820 1608 3873 hoc
1634 3820 1721 3872 die
1753 3832 1916 3885 quam

344 3918 487 3979 aliis,
520 3917 800 3985 proprium
831 3914 1155 3984 opusculum
1189 3914 1357 3977 edidi,
1395 3911 1541 3980 quod
1576 3909 1910 3963 Pedilavium

344 4009 636 4077 inscripsi;
663 4009 752 4061 cui
781 4008 943 4061 etiam
967 4021 1035 4061 ex
1072 4005 1403 4074 Euchologio
1446 4002 1761 4067 Grecorum
1801 4000 1920 4055 olli-

342 4100 489 4153 cium
529 4084 777 4163 pedilavii
820 4098 1056 4152 inserui.
1088 4096 1199 4149 Nec
1236 4094 1487 4163 Orientis
1519 4104 1727 4148 tantum
1757 4109 1915 4163 reges

340 4204 394 4246 et
432 4192 793 4260 imperatores
825 4191 929 4243 hoc
976 4191 1071 4242 die
1104 4203 1411 4257 pauperum
1438 4185 1605 4255 pedes
1634 4186 1912 4249 levabant,

343 4282 439 4335 sed
478 4291 529 4334 et
556 4281 889 4342 Occidentis,
926 4290 985 4333 ut
1015 4279 1268 4348 pluribus
1302 4276 1567 4346 exemplis
1613 4276 1830 4332 ostendi
1860 4265 1915 4329 in

337 4373 451 4441 jam
485 4373 634 4427 dicto
667 4374 956 4441 opusculo.

410 4486 542 4541 Post
604 4486 907 4540 absolutam
943 4484 1312 4538 narrationem
1375 4482 1441 4535 de
1478 4478 1682 4533 lotione
1707 4478 1906 4545 pedum

342 4580 592 4649 sequitur
656 4579 710 4632 in
760 4578 999 4632 editione
1041 4575 1278 4633 Juuiana
1346 4574 1536 4628 titulus
1573 4573 1698 4632 iste,
1754 4572 1783 4621 ὁ
1828 4584 1910 4621 νι-

340 4675 501 4743 πτής.
523 4671 630 4724 Sed
663 4669 795 4724 vidit
824 4670 1051 4737 ipsemet
1076 4666 1275 4721 Junius
1297 4666 1512 4719 titulum
1546 4679 1649 4715 non
1673 4676 1771 4715 suo
1794 4660 1915 4713 loco

346 4766 583 4831 positum
625 4778 769 4827 esse,
804 4761 925 4815 etsi
962 4758 1309 4828 recipiendus
1333 4758 1424 4821 sit,
1449 4754 1758 4824 ponendum
1790 4762 1916 4806 ante

342 4857 430 4911 illa
456 4858 641 4920 verba,
661 4856 765 4924 πρὸ
786 4854 840 4906 δὲ
870 4852 967 4922 τῆς
1001 4849 1370 4917 λειτουργίας,
1394 4856 1501 4902 etc.
1528 4844 1638 4900 Nec
1663 4844 1913 4898 in'altero

341 4949 529 5003 codice
555 4947 717 5001 Bolco
749 4954 1057 5013 comparet.
1086 4939 1295 4996 Gnms.

410 5062 559 5114 Ibid.
597 5059 881 5133 [Absoluta
936 5059 1100 5112 missa
1136 5053 1464 5124 lavipedium
1506 5050 1617 5104 fieri
1669 5049 1912 5119 praecipit

341 5157 761 5223 Euchelogium.
842 5151 990 5222 quod
1067 5148 1251 5219 populi
1313 5144 1689 5200 commoditati
1746 5158 1908 5211 quam

342 5246 622 5316 mysterio,
657 5248 801 5312 quod
825 5243 1083 5296 observat
1118 5240 1435 5308 imperator,
1474 5233 1802 5288 statsatius.

406 5358 542 5413 Ibid.
585 5356 935 5424 Ύποκὰμισα
959 5364 1149 5407 auctor
1170 5348 1679 5419 explicatxmbvag,
1710 5345 1909 5401 Suidas

344 5450 657 5513 ἑπενδύτας,
715 5446 965 5500 ἐσώτατα
1022 5446 1233 5513 ἱμάτια,
1268 5442 1513 5506 tunicas;
1548 5438 1736 5492 Simon
1769 5437 1907 5490 Por-

343 5545 445 5594 tius
474 5558 597 5595 cum
636 5518 797 5607 vulgo
852 5536 1224 5607 ὑποκιτῶνας,
1272 5530 1908 5604 ὲχέσαρκα,ὲνδοτάτους

344 5634 719 5702 χιτωνίσκους,
751 5647 857 5686 uno
879 5632 1047 5686 verbo
1077 5628 1356 5682 intentius.
1383 5622 1583 5695 Ceam]

407 5745 546 5799 Ibid.
584 5742 998 5800 Curtzobraccia
1030 5741 1188 5795 kttrze
1234 5740 1413 5803 hoseu,
1449 5748 1507 5790 ut
1543 5733 1900 5802 παπούτξιον,

2027 3174 2286 3230 mocatta,
2314 3182 2429 3233 vm,
2466 3168 2532 3223 15
2562 3188 2574 3223 :
2611 3170 2853 3240 Σύνηθες
2882 3174 3015 3241 γοῦν
3038 3179 3151 3237 τοῖς
3179 3178 3476 3250 ἐγχωρίοις
3501 3183 3595 3234 ἐπὶ

2022 3259 2133 3319 τοῖς
2167 3257 2585 3329 λελοχευμένοις
2630 3263 2868 3326 παιδίοις
2916 3266 3215 3337 ἐϐδομαίαν
3263 3272 3454 3338 ἄγουσι
3491 3273 3595 3342 τὴν

2021 3347 2240 3418 ἡμέραν
2268 3352 2593 3419 συμποσίων
2618 3355 2839 3424 ἑορταῖς
2870 3360 3475 3429 καταπαννυχίζεσθαι.
3514 3363 3597 3416 Di-

2024 3438 2278 3495 lectionis
2303 3443 2509 3511 pariter
2535 3444 2719 3500 fervor
2735 3448 3051 3516 asperitatis
3069 3466 3283 3517 amans,
3305 3452 3361 3507 in
3383 3452 3591 3508 Christi

2023 3542 2200 3587 morte
2262 3537 2549 3602 protractis
2582 3553 2678 3606 per
2732 3540 2876 3595 diem
2902 3541 3152 3611 jejuniis,
3203 3546 3383 3600 noctis
3430 3561 3594 3601 omne

2022 3620 2259 3688 spatium
2314 3624 2566 3682 insomne
2620 3630 2843 3685 molitur
2872 3632 3037 3686 etiam
3090 3635 3143 3688 in
3194 3634 3588 3705 imperatorum

2021 3713 2240 3781 palatiis
2269 3716 2587 3787 adiungere.
2630 3722 2975 3793 Παννυχίδας
2999 3739 3190 3780 sacras
3222 3741 3328 3779 non
3359 3727 3590 3784 ascetici

2020 3805 2183 3860 modo
2213 3806 2435 3873 fratres,
2473 3810 2567 3864 sed
2611 3820 2665 3866 et
2693 3814 3114 3880 communioris,
3162 3816 3373 3870 devota:
3406 3824 3587 3871 tamen

2018 3894 2143 3949 vitae
2172 3906 2536 3965 praeeptores
2560 3902 2677 3956 suis
2711 3905 2936 3974 scriptis
2963 3906 3263 3962 celebrant.
3288 3906 3588 3964 Commen-

2020 3986 2151 4039 dant
2186 3987 2238 4039 in
2275 3988 2568 4056 praecipuis
2594 3990 2803 4048 Christi
2837 3995 3051 4050 Doodni
3079 4006 3132 4051 et
3164 3998 3407 4066 Dciparae
3433 4000 3589 4056 festis

2018 4076 2394 4132 ecclesiastica
2429 4080 2626 4163 ollicia,
2662 4083 2749 4137 ubi
2800 4084 3225 4155 frequentiorem
3263 4090 3475 4159 plebem
3520 4093 3587 4145 ad

2018 4170 2383 4229 concinendas
2409 4172 2502 4227 Dei
2533 4175 2725 4230 laudes
2753 4191 3074 4233 convocant.
3108 4181 3233 4236 Haec
3260 4198 3387 4237 vero
3415 4184 3589 4255 ἀγρυ-

2018 4261 2150 4312 πνία
2186 4261 2296 4313 τῶν
2330 4263 2520 4317 παθῶν
2549 4266 2686 4321 adeo
2710 4270 2878 4329 culta,
2910 4279 2968 4323 ut
3000 4272 3140 4324 κατὰ
3188 4273 3279 4326 τὸν
3313 4277 3590 4344 τεταγμέ-

2019 4369 2106 4404 νον
2139 4353 2355 4421 καιρδν,
2383 4356 2528 4410 circa
2555 4362 2851 4414 secundam
2907 4362 3166 4416 nimirum
3203 4366 3286 4419 vel
3315 4367 3532 4421 tertiam
3557 4384 3587 4421 a
3612 4350 3615 4353 ἢ

1945 4435 1989 4490 D
2015 4447 2260 4499 serotino
2289 4450 2619 4517 crepusculo
2650 4452 2864 4517 horam,
2899 4467 3009 4507 non
3044 4457 3215 4521 possit
3241 4457 3310 4511 ab
3347 4459 3585 4529 impera-

2019 4536 2138 4592 tore
2177 4553 2289 4593 non
2341 4542 2629 4597 celebrari.
2659 4544 2735 4599 De
2789 4546 2874 4599 his
2912 4545 3067 4601 festis
3105 4550 3341 4617 vigilatis
3394 4560 3589 4605 tractat

2015 4626 2275 4791 gilatitlts,
2336 4631 2405 4685 de
2457 4633 2555 4687 lib.
2601 4634 2813 4690 Eccles.
2855 4634 3044 4690 Graeco
3092 4639 3485 4695 dissertatione
3534 4642 3587 4694 t.

2060 4734 2184 4773 om.

2060 4734 2184 4773 0A8.

2087 4810 2234 4864 Ibid.
2268 4811 2566 4869 Duodecim
2592 4814 2700 4869 ista
2739 4816 3022 4885 evangelia
3098 4826 3259 4869 erant
3290 4825 3475 4881 partes
3514 4834 3583 4872 ex

2012 4909 2255 4969 quatuor
2284 4903 3000 4971 evangelistisdesumptm,
3063 4912 3119 4957 ut
3149 4904 3375 4972 planum
3438 4907 3588 4962 tite:

2015 4993 2332 5047 Graecorum
2366 4992 2610 5057 Triodio,
2645 4993 2737 5047 ubi
2762 4994 3053 5049 duodecim
3105 4997 3298 5050 ordine
3358 5013 3588 5053 citume-

2014 5094 2230 5149 rantur,
2276 5084 2535 5154 adjuncto
2590 5084 2959 5152 evangelista,
3013 5100 3079 5139 ex
3138 5102 3245 5157 quo
3305 5091 3589 5157 quodlibet

2012 5177 2363 5244 desumptum
2392 5183 2497 5238 est,
2532 5176 2769 5230 nomine.
2809 5177 2996 5248 Itaque
3046 5179 3179 5234 nihil
3213 5180 3327 5235 hzec
3383 5183 3593 5238 duodc-

2012 5268 2117 5321 cim
2143 5270 2558 5337 evangeliorum
2597 5268 2762 5325 lectio
2793 5274 2859 5326 ad
2891 5271 3038 5326 illam
3072 5284 3312 5342 quatuor
3344 5274 3589 5345 Evange-

2006 5361 2208 5415 liorum
2247 5376 2342 5415 seu
2374 5361 2471 5415 τοῦ
2522 5366 3038 5434 τετραευαγγελίου,
3078 5376 3136 5421 ιιι
3165 5382 3231 5421 ex
3271 5369 3436 5424 dictis
3460 5385 3589 5438 per-

2009 5456 2262 5524 spicuum
2284 5456 2639 5526 relinquitur.
2671 5454 2893 5513 Falsum
2927 5468 3112 5514 autem
3144 5469 3232 5514 ost
3290 5462 3585 5518 duodecim

2011 5550 2126 5603 haec
2150 5551 2427 5621 evangelia
2490 5561 2685 5621 quater
2709 5554 2765 5606 in
2788 5568 2933 5605 anno
2994 5554 3130 5608 lecta
3162 5570 3308 5621 esse,
3345 5566 3404 5611 ut
3458 5557 3592 5611 dicit

2011 5640 2307 5698 Meursius.
2376 5644 2555 5700 Semel
2591 5647 2641 5700 in
2663 5662 2809 5701 anno
2864 5647 3000 5701 lecta
3048 5657 3198 5713 sunt,
3223 5664 3330 5704 non
3364 5661 3585 5718 quater,

2014 5750 2204 5805 nempe
2239 5749 2432 5807 magna
2497 5738 2631 5793 feria
2676 5740 2866 5807 quinta
2896 5739 2950 5792 in
3017 5738 3192 5795 officio
3244 5742 3437 5813 vigilite
3488 5760 3587 5813 pro
