3952 6222
396 296 499 359 355

1476 290 1554 350 ΙΝ
1592 288 1888 348 LIBRUM
1935 289 2027 347 DE
2070 288 2397 350 OFFlClIS
2423 289 2532 352 ΟΡ.

3421 278 3431 287 ’
3508 298 3607 355 3:16

397 411 538 465 l'esto
567 406 899 463 Parasceves
931 405 1210 460 institutae.
1240 403 1452 457 Testem
1474 405 1543 457 do
1569 403 1744 472 ipsum
1798 401 1955 457 Codi-

2065 390 2235 465 πολλά
2274 413 2370 481 μὲν
2400 413 2491 464 καὶ
2533 409 2667 464 ἄλλα
2719 410 3133 479 συγγράμματα
3180 408 3416 479 βιωφελῆ
3453 428 3597 463 κατα.

396 515 524 552 num
554 506 607 551 et
638 496 942 550 Triodium.
971 492 1079 549 Nec
1103 503 1248 549 recte
1272 493 1544 548 Meursius
1583 494 1688 547 huc
1730 493 1959 547 advocat

394 589 681 645 lectionem
728 587 1015 640 duodecim
1072 586 1365 640 lectionqu
1418 600 1487 639 ex
1552 585 1852 638 Anastasio
1905 596 1959 638 et

394 682 640 734 Bernone
677 695 693 733 :
724 680 1017 740 loquuntur
1040 679 1184 731 enim
1211 677 1276 731 de
1296 676 1583 730 duodecim
1620 675 1958 731 lectionibus

393 773 446 825 itt
474 772 715 839 angariis
743 787 838 826 seu
873 780 1111 839 quatuor
1154 770 1493 838 temporibus
1552 770 1771 824 recitari
1822 782 1957 823 con-

392 863 677 919 suetis.“
731 862 971 916 Codinus
1026 862 1136 931 agit
1183 862 1252 917 de
1305 848 1589 916 duodecim
1640 859 1956 929 evangeliis,

391 968 513 1021 qua:
556 955 742 1022 quinta
788 952 924 1006 feria
974 953 1197 1020 majoris
1253 952 1605 1007 hebdomadis
1668 952 1722 1003 in
1780 950 1959 1004 oﬂicio

393 1045 586 1112 vigilia:
639 1045 976 1113 legebantur.
1035 1044 1143 1097 Nec
1198 1044 1487 1097 duodecim
1535 1044 1641 1096 illae
1672 1042 1954 1105 lectiones,

392 1150 529 1203 quas
560 1149 623 1187 ex
649 1136 947 1189 Anastasio
973 1143 1027 1187 et
1070 1133 1318 1188 Bernone
1358 1132 1610 1201 producit
1664 1131 1954 1193 Meursius,

393 1241 444 1277 Ill
478 1225 718 1293 angariis
746 1240 811 1277 ex
840 1225 1131 1292 Evangelio
1191 1223 1573 1285 sumebantur,
1607 1220 1703 1276 sed
1754 1236 1823 1275 ex
1848 1219 1959 1274 Μο-

393 1316 550 1368 saicis
569 1327 621 1367 et
652 1315 981 1382 propheticis
1010 1312 1186 1377 libris,
1220 1320 1275 1363 ut
1313 1323 1367 1365 et
1395 1311 1555 1365 hodie
1604 1310 1956 1378 augariarum

393 1402 653 1457 ICCtiout's
682 1404 1008 1470 quinqueex
1071 1401 1368 1469 prophetiis
1441 1410 1723 1469 petuntur.
1782 1398 1955 1464 Quam

392 1494 636 1561 apposite
658 1508 783 1546 vero
814 1493 881 1546 ad
937 1492 1242 1560 evangelia,
1294 1507 1418 1560 qua:
1475 1491 1850 1544 recitabantur
1903 1492 1956 1543 in

391 1581 642 1647 ecclesia,
675 1580 1056 1643 accommodat
1083 1580 1352 1635 Meursius
1383 1580 1513 1634 illud
1550 1580 1761 1653 Isidori
1786 1579 1958 1632 Pelu-

2060 503 2237 555 λείπει
2262 505 2327 572 τῇ
2368 501 2464 555 τοῦ
2496 502 2634 554 Θεοῦ
2679 501 2996 570 Ἐκκλησία,
3029 502 3220 568 λόγους
3252 517 3309 551 τε
3342 502 3429 552 καὶ
3466 505 3599 554 κανόο

2060 612 2173 657 νας,
2216 594 2418 663 μᾶλλον
2468 593 2758 662 ἀδρότερος
2795 594 2851 645 ὲν
2884 595 2996 655 τοῖς
3047 594 3442 660 πανηγυρικοῖς
3475 596 3600 659 γινό-

2063 688 2222 757 μενός
2248 704 2306 739 τε
2340 687 2433 738 xui
2459 686 2831 755 δεικνύμενος,
2862 687 2959 739 σὺν
2988 686 3206 747 πολλοῖς
3234 684 3289 735 δὲ
3318 685 3493 747 ἄλλοις
3522 688 3604 738 xui

2057 780 2181 833 τον,
2208 780 2456 849 παρόντα
2510 779 2685 847 μέγαν
2737 778 2939 831 κανόνα
2992 776 3273 839 συνέταξε,
3327 778 3605 840 κατάψυξιν

2058 871 2289 940 ἄπειρον
2329 869 2545 939 ἔχοντα.
2582 871 2768 921 Πᾶσαν
2792 869 2900 937 γὰρ
2922 867 3155 925 παλαιᾶς
3187 870 3280 919 καὶ
3314 868 3438 927 νέας
3479 869 3604 919 isto-

2065 964 2190 1035 ρίαν
2214 963 2493 1033 Διαθήκης
2519 962 2913 1031 ὲρανισάμενος
2948 963 3041 1013 xui
3068 961 3330 1030 ἀθροίσας
3359 959 3419 1012 τὸ
3445 961 3607 1029 παρὸν

2059 1057 2341 1125 ἡρμόσατο
2374 1055 2555 1125 μέλος,
2587 1055 2694 1106 ἀπὸ
2739 1054 2913 1123 Ἀδὰμ
2944 1052 3144 1123 δηλαδὴ
3189 1053 3352 1121 μέχρι
3389 1053 3480 1104 καὶ
3516 1053 3610 1103 αὖ·

2057 1147 2158 1215 τῆς
2184 1146 2426 1214 Χριστοῦ
2450 1146 2771 1215 ἀναλήψεως
2795 1146 2889 1198 xui
2914 1145 3007 1198 τοῦ
3035 1146 3143 1197 τῶν
3176 1146 3487 1198 ἀποστόλων
3517 1161 3607 1213 κη-

2062 1241 2361 1309 ρύγματος.
2415 1241 2796 1309 Προτρέπεται
2864 1240 2995 1304 γοῦν
3050 1239 3137 1291 διὰ
3194 1239 3386 1289 τούτου
3439 1239 3612 1288 πᾶσαν

2056 1331 2259 1401 ψυχὴν,
2289 1333 2389 1384 ὅσα
2437 1332 2535 1399 μὲν
2566 1329 2747 1398 ἀγαθά
2772 1332 2869 1395 τῆς
2901 1331 3143 1397 ἱστορίας
3175 1328 3374 1397 ζηλοῦν
3407 1330 3497 1380 καὶ
3532 1347 3610 1395 μι-

2062 1422 2280 1491 μεῖσθαι
2312 1424 2446 1490 πρὸς
2475 1419 2725 1487 δύναμιν,
2760 1420 2861 1471 ὅσα
2885 1419 2941 1470 δὲ
2972 1418 3083 1470 τῶν
3122 1417 3345 1485 φαύλων
3376 1417 3603 1483 ἀποφεύ·

2057 1530 2197 1578 γειν,
2222 1511 2320 1563 καὶ
2347 1512 2434 1563 ἀεὶ
2474 1511 2613 1579 πρὸς
2637 1511 2770 1562 θεὸν
2800 1509 3142 1579 ἀνατρέχειν,
3177 1508 3263 1561 διά
3308 1510 3615 1577 μετανοίας,

2056 1604 2143 1657 διὰ
2178 1603 2427 1673 δακρύων
2456 1602 2551 1655 xui
2582 1600 3033 1672 ὲξομολογήσεως
3077 1603 3170 1654 xui
3197 1601 3297 1669 τῆς
3325 1601 3493 1667 ἄλλης
3530 1601 3617 1669 δη-

391 1675 564 1776 ξίίξίίεν
652 1690 732 1776 ἠς
763 1688 848 1741 ei"
878 1672 999 1776 “59'
1031 1672 1120 1776 ξὼί
1151 1672 1226 1776 ai}
1267 1673 1602 1776 ξὴῖιθεῑξπίξ
1644 1670 1952 1776 δξξδκῩΓξηη
1990 1714 2035 1773 Β
2061 1693 2236 1748 λονότι
2259 1670 2694 1762 εῦαρεστὴσεως.
2724 1670 2953 1760 mam;
2976 1692 3229 1743 τοσοῦτόν
3251 1694 3397 1743 ἐστιν
3428 1690 3617 1758 εὔρους

393 1766 563 1819 fuisse
593 1764 769 1851 δελτία
804 1764 997 1851 μικρά,
1030 1764 1169 1832 ἅπερ
1198 1762 1422 1831 ἐφόρουν
1458 1764 1505 1851 oi.
1536 1762 1642 1814 τῶν
1685 1761 1954 1851 Ἰουδαίων
1990 1761 2033 1773 ”
2062 1784 2157 1837 καὶ
2187 1782 2428 1851 ἐμμελὴς
2454 1782 2528 1843 ὡς
2560 1781 2653 1833 καὶ
2688 1780 2856 1851 αὐτὴν
2888 1781 2986 1848 τὴν
3030 1781 3403 1851 σκληροτέραν
3441 1780 3620 1848 ψυχὴν

393 1852 704 1922 καθηγηταλ⁵
727 1850 916 1919 ῶσπερ
940 1850 1033 1904 νῦν
1056 1852 1110 1903 ui
1138 1852 1396 1918 γυναῖκες
1445 1850 1512 1903 τὰ
1539 1849 1833 1917 εὐαγγέλια
1891 1848 1958 1901 τά

394 1946 586 2012 μικρά.
623 1944 929 1995 Arbitratur
987 1956 1157 2009 parva
1186 1940 1354 1995 fuisse
1378 1939 1657 2009 evangelia
1705 1939 1791 1992 illa
1838 1952 1958 2007 quas

396 2037 448 2089 in
487 2035 680 2102 templo
708 2032 1020 2101 legebantur
1053 2050 1066 2085 :
1101 2030 1192 2085 sed
1219 2047 1340 2085 cum
1378 2039 1489 2085 toto
1552 2045 1696 2084 anno
1724 2029 1957 2098 plurima

393 2127 668 2196 evangelia
709 2126 1028 2193 legerentur,
1060 2123 1203 2176 haud
1256 2138 1422 2192 parva
1466 2121 1572 2176 dici
1628 2123 1954 2191 potuissent.

394 2220 563 2272 Parva
590 2218 754 2286 igitur
782 2217 1041 2270 dicuntur
1063 2216 1145 2269 vel
1176 2216 1304 2284 quia
1347 2215 1561 2267 initium
1599 2214 1761 2268 unius
1784 2228 1953 2267 evan-

392 2313 543 2378 gelii,
566 2320 691 2379 puta
710 2310 878 2364 sancti
898 2306 1147 2373 Joannis,
1170 2307 1254 2360 vel
1273 2307 1515 2360 omnium
1546 2314 1777 2375 quatuor
1797 2318 1959 2359 evan-

391 2401 701 2468 gelistarum
718 2398 938 2452 exordia
955 2397 1324 2462 continebant,
1356 2394 1799 2464 ferebanturque,
1819 2401 1879 2447 ut
1901 2406 1957 2447 et

394 2492 551 2545 hodie
569 2492 905 2562 evangelium
943 2492 1121 2546 sancti
1140 2490 1390 2556 Joannis,
1409 2490 1770 2544 amuletorum
1813 2488 1952 2549 vice,

392 2587 734 2655 potissimum
760 2602 788 2639 a
816 2585 1052 2640 lctuiuis.
1078 2586 1212 2642 Vide
1260 2600 1382 2655 qua:
1442 2584 1762 2652 scripsimus
1822 2591 1955 2636 tom.

396 2682 412 2734 l
440 2684 512 2735 De
544 2689 728 2733 sancta
758 2694 941 2743 cruce,
973 2678 1089 2741 |.u,
1122 2694 1172 2734 c.
1200 2679 1306 2744 29;
1341 2678 1434 2734 sed
1492 2687 1553 2733 ut
1579 2677 1706 2731 hinc
1740 2676 1957 2730 tandem

392 2756 605 2836 alicam,
637 2772 788 2823 οὐδὲν
820 2769 968 2838 ὑγιὲς
1003 2770 1059 2823 ἱιι
1120 2768 1386 2825 Glossarii
1428 2769 1723 2839 Evangelio
1778 2769 1958 2824 inesse

391 2862 622 2931 reperio.
656 2861 889 2922 Gnu'rsJ

467 2934 610 3007 I‘bid.
644 2951 747 3024 [Τὰ
768 2951 992 3005 δώδεκα
1027 2944 1363 3018 εὐαγγέλια.
1393 2947 1616 3003 Exhibet
1642 2948 1955 3004 Grmcorutn

2062 1873 2260 1935 ἱκανῶς
2292 1870 2532 1942 μαλάξαι
2572 1872 2669 1923 xui
2700 1871 2839 1940 πρὸς
2872 1870 3140 1939 ἀνάληψιν
3172 1870 3379 1938 ἀγαθοῦ
3397 1852 3620 1947 έδιεγεῖ-

2060 1982 2173 2033 ραι,
2213 1963 2262 2015 εί
2317 1961 2477 2032 μόνον
2531 1962 2670 2028 μετὰ
2715 1961 3186 2029 συντετριμμένης
3236 1962 3468 2030 καρδίας
3524 1961 3619 2013 καὶ

2058 2054 2335 2127 προσοχῆς
2366 2053 2678 2124 ἀνηκούσης
2716 2052 2990 2120 ψάλλοιτο.
3034 2054 3288 2121 Ἐποίησε
3322 2054 3377 2105 δὲ
3408 2053 3616 2118 τοῦτον,

2056 2150 2143 2202 ὅτε
2185 2150 2278 2202 xui
2323 2150 2350 2200 6
2378 2148 2726 2218 πατριάρχης
2782 2145 3176 2213 ⁹ιειεοσολύμων
3208 2149 3235 2199 ό
3287 2136 3458 2215 μέγας
3510 2146 3618 2199 Σω-

2057 2241 2277 2310 φρόνιος
2306 2230 2397 2291 τδν
2442 2238 2540 2306 τῆς
2578 2238 2889 2304 Αἰγυπτίας
2918 2236 3138 2301 Μαρίας
3187 2234 3301 2304 βίον
3346 2236 3617 2303 συνεγρά-

2056 2332 2197 2401 ψατο
2219 2346 2235 2362 ·
2269 2330 2558 2393 κατάνυξιν
2588 2330 2696 2397 γὰρ
2732 2330 2825 2381 xui
2850 2320 3005 2390 οὗτος
3037 2329 3065 2380 ό
3109 2325 3223 2395 βίος
3251 2326 3617 2396 προσέὅληται

2057 2429 2303 2495 ἄπειρον,
2335 2424 2427 2476 xui
2473 2422 2673 2492 πολλὴν
2720 2422 2833 2484 τοῖς
2872 2421 3157 2474 ἐπταικόσι
3207 2420 3304 2472 καὶ
3373 2422 3617 2488 ἁμαρτά-

2056 2536 2209 2574 νουσι
2265 2516 2621 2585 παραμυθίαν
2653 2514 2892 2575 δίδωσιν,
2928 2515 2976 2565 εί
3036 2514 3198 2582 μόνον
3242 2514 3354 2565 τῶν
3400 2512 3617 2579 φαύλων

2057 2608 2362 2676 ἀποστῆναι
2397 2607 2690 2675 βούλοιντο.
2745 2605 3082 2674 Ἐτάχθησαν
3127 2606 3184 2657 δὲ
3231 2605 3325 2657 καὶ
3361 2606 3502 2657 κατὰ
3524 2603 3618 2672 τὴν

2058 2698 2340 2770 παροῦσαν
2392 2698 2605 2767 ἡμέραν
2654 2695 2956 2762 ψάλλεσθαι
3010 2695 3103 2747 καὶ
3151 2695 3618 2761 ἀναγινώσκεσθαι

2006 2844 2015 2857 ,
2056 2794 2124 2847 δι’
2152 2792 2331 2845 αἰτίαν
2364 2789 2617 2857 τοιαύτην
2639 2805 2653 2820 ο
2690 2788 2874 2855 ἐπειδὴ
2902 2787 3010 2855 γὰρ
3036 2786 3170 2855 πρὸς
3200 2788 3259 2839 τὸ
3290 2787 3442 2848 τέλος
3477 2789 3620 2851 ἐγγί-

2058 2889 2143 2949 ζει
2184 2886 2216 2954 ἡ
2250 2886 2380 2951 ἁγία
2417 2884 2853 2950 τεσσαρακοστη,
2886 2880 2976 2931 ἵνα
3019 2882 3094 2947 μὴ
3128 2881 3175 2931 οἱ
3220 2878 3505 2947 ἄνθρωποι
3531 2878 3619 2948 ῥᾴ-

2059 2976 2221 3043 θυμοι
2265 2975 2548 3040 γεγονότες
2592 2973 2731 3040 πρὸς
2781 2972 2908 3033 τοὺς
2951 2972 3365 3039 πνευματικοὺς
3411 2971 3622 3038 ἀγῶιος

391 3047 903 3115 εὐαγγελιστάριον.
935 3058 1263 3111 οιιιιιθηιιιυθ
1292 3058 1356 3097 εκ
1393 3053 1631 3110 (ιιιθιυοτ
1676 3042 1950 3112 Evangelii
1980 3050 2023 3104 (ἶ
2057 3042 2420 3133 ἀμελέστερον
2452 3060 2740 3114 διατεθῶσι
2770 3061 2865 3113 xui
2893 3060 2987 3113 τοῦ
3032 3062 3340 3130 σωφρονεῖν
3373 3059 3620 3123 καθάπαξ

394 3140 750 3207 scriptoribus
786 3138 1058 3206 passionis
1092 3136 1375 3189 historiam
1412 3134 1604 3190 ordine
1647 3135 1957 3203 decerptam

394 3228 845 3294 concut'ditet'que
873 3240 1177 3278 connexam
1209 3226 1676 3294 comprehendunt
1705 3244 1718 3280 :
1756 3242 1955 3281 unum-

391 3316 643 3381 quodque
659 3328 784 3366 vero
798 3313 991 3381 τμῆμα
1005 3321 1087 3367 est
1106 3314 1341 3368 historiae
1356 3314 1625 3384 passionis
1640 3315 1954 3373 Dominicze.

465 3424 609 3477 Ibid.
651 3424 921 3493 Λαμπάς.
970 3423 1192 3479 Nullum
1247 3427 1392 3481 aliud
1422 3427 1562 3481 inter
1599 3430 1857 3498 λαμπάδα
1902 3442 1957 3484 et

390 3518 562 3588 κηρὸν
600 3516 894 3572 discrimen
927 3533 1092 3588 quam
1133 3519 1274 3572 inter
1320 3534 1667 3575 communem
1696 3530 1751 3575 et
1789 3522 1961 3591 majm

389 3625 505 3662 rem
558 3618 784 3678 arteque
831 3612 1190 3680 exquisitiore
1236 3622 1512 3680 comptum
1563 3626 1832 3666 cereum:
1872 3615 1958 3670 hic

390 3700 740 3769 imperatori,
793 3702 932 3757 alter
990 3702 1297 3757 aulicorum
1355 3703 1528 3757 turbas
1588 3703 1952 3760 distribuitur.

390 3790 595 3864 601m]

458 3870 624 3953 320
653 3884 715 3937 Ρ.
756 3884 843 3939 72.
881 3884 955 3939 Ex
993 3894 1230 3955 quatuor
1258 3886 1457 3957 vigiliis
1486 3886 1538 3939 in
1581 3886 1779 3956 palatio
1810 3885 1955 3941 cele-

395 3976 540 4031 brari
591 3978 770 4032 solitis
824 3979 998 4047 prima
1046 3987 1131 4033 est
1177 3981 1354 4049 magni
1407 3983 1641 4035 canonis.
1678 3979 1777 4034 Ubi
1824 3980 1958 4035 dicit

387 4065 582 4120 Junius
623 4068 813 4132 festum
867 4070 1043 4137 magni
1079 4072 1293 4123 canonis
1340 4087 1449 4124 esse
1488 4071 1817 4128 Dominicam
1864 4087 1955 4124 or-

399 4157 660 4211 tliodoxiw
693 4173 712 4211 :
748 4160 843 4213 sed
888 4170 1035 4213 errat
1069 4176 1219 4214 more
1248 4176 1348 4215 suo
1380 4142 1629 4216 solemni.
1678 4162 1812 4216 Nam
1848 4161 1953 4217 Do-

394 4249 594 4301 minica
638 4248 983 4303 orthodoxize
1020 4259 1139 4304 erat
1170 4253 1345 4320 prima
1396 4252 1675 4307 Dominica
1711 4253 1955 4318 Quadra-

2060 3156 2118 3207 ὲν
2155 3155 2323 3206 πᾶσιν
2348 3154 2694 3219 ἀπόσχοιντο,
2732 3154 2760 3204 6
2790 3152 2888 3219 μὲν
2931 3152 3187 3219 μέγιστος
3227 3154 3510 3221 Ἀνδρέας.
3538 3146 3623 3203 οἷά

2057 3264 2142 3309 τις
2176 3244 2461 3313 ἀλείπτης,
2489 3244 2580 3298 διὰ
2610 3244 2719 3296 τῶν
2756 3243 3011 3313 ἱστοριῶν
3040 3243 3133 3295 τοῦ
3179 3244 3425 3310 μεγάλου
3469 3244 3622 3296 κανό-

2058 3356 2169 3401 νος.
2220 3339 2329 3389 τῶν
2386 3336 2638 3406 μεγάλων
2688 3335 2900 3404 ἀνδρῶν
2932 3334 3108 3401 λέγων
3157 3335 3255 3403 τὴν
3296 3320 3502 3405 ἀρετὴν
3535 3334 3624 3386 καὶ

2057 3431 2167 3483 τῶν
2194 3430 2414 3497 φαύλων
2453 3424 2756 3497 αὖθις.τὴν
2788 3427 3087 3497 ἐκτροπὴν,
3113 3425 3188 3488 ῶς
3227 3426 3293 3479 ἄν
3336 3444 3421 3489 τις
3471 3428 3621 3493 φαίη,

2057 3521 2469 3590 γενναιοτέρους
2524 3521 2651 3583 τοὺς
2711 3519 3023 3589 κάμνοντας
3074 3520 3493 3585 παρασκευάζει
3533 3518 3624 3569 καὶ

2061 3613 2332 3683 ἀνδρικῶς
2361 3616 2475 3675 τοῖς
2507 3612 2821 3681 ἔμπροσθεν
2873 3611 3312 3674 ὲπεκτείνεσθαι,
3341 3613 3370 3664 6
3397 3611 3453 3663 δὲ
3485 3610 3623 3675 ἱερὸς

2060 3705 2369 3775 Σωφρόνιος
2397 3704 2484 3757 διὰ
2527 3703 2621 3756 τοῦ
2650 3702 2967 3773 ὑπερφυοῦς
2999 3703 3165 3757 αὐτοῦ
3213 3703 3381 3769 λόγου
3417 3701 3622 3767 σώφρο-

2057 3813 2155 3858 νας
2185 3797 2281 3848 xui
2307 3794 2462 3857 αὖθις
2491 3791 2633 3848 εἶναι
2674 3796 2842 3859 ποιεῖ,
2874 3796 2970 3847 καὶ
3000 3795 3137 3862 πρὸς
3177 3794 3317 3853 Θεὸν
3349 3794 3621 3860 διεγείρει.

2056 3892 2149 3946 xui
2191 3890 2265 3961 μὴ
2310 3890 2674 3944 καταπίπτειν
2725 3888 2862 3957 μηδὲ
2899 3888 3330 3955 ἀπογινώσκειν,
3368 3890 3417 3940 εὶ
3467 3885 3618 3955 321

2059 3983 2154 4037 καὶ
2183 3983 2327 4053 τέως
2346 3983 2488 4035 τισὶν
2524 3981 2769 4034 ἑάλωσαν
2794 3978 3243 4048 παραπτώμασιν
3267 3995 3280 4009 ·
3319 3980 3420 4047 ὅση
3450 3978 3555 4044 γὰρ
3590 3976 3620 4043 ἡ

2055 4076 2150 4128 τοῦ
2179 4074 2315 4128 Θεοῦ
2357 4074 2739 4144 φιλανθρωπία
2793 4074 2889 4125 xui
2918 4072 3239 4141 συμπάθεια
3286 4074 3403 4133 τοῖς
3435 4066 3622 4136 όλοψύ-

2056 4184 2165 4236 χως
2187 4168 2249 4219 ἐκ
2278 4166 2387 4219 τῶν
2414 4165 2609 4237 πρώην
2637 4165 3006 4234 πταισμάτων
3046 4163 3409 4233 ἐπιστρέφειν
3443 4162 3621 4229 αίρου-

2060 4258 2328 4327 μένοις,ἡ
2386 4258 2527 4309 κατὰ
2556 4258 2656 4326 τὴν
2709 4256 3015 4322 Αἰγυπτίαν
3045 4255 3300 4324 διήγησις
3364 4252 3617 4322 παριστᾷ.

388 4339 648 4408 gesimze:
692 4339 889 4391 festum
923 4342 1105 4407 magni
1139 4342 1367 4395 canonis
1402 4344 1666 4413 agebatur
1701 4347 1767 4413 τῇ
1810 4345 1953 4413 πέμ-

2059 4350 2291 4416 Λέγετιι
2344 4349 2402 4402 δὲ
2455 4349 2628 4417 μέγας
2676 4346 2877 4411 κανὼν,
2921 4346 3054 4407 ῐσως
3088 4346 3154 4399 ἄν
3199 4363 3283 4409 τις
3341 4346 3496 4415 εἴπῃ,
3531 4345 3621 4396 xui

388 4445 500 4498 πτῃ
552 4430 650 4499 τῆς
696 4430 954 4500 πέμπτης
1000 4431 1291 4501 ἃὸδομάδος
1333 4433 1432 4501 τῆς
1480 4438 1948 4507 τεσσαρακοστῆς,

388 4523 573 4592 quinta
609 4522 746 4590 feria
778 4523 973 4592 quinm
1010 4524 1351 4577 hebdomadis
1385 4529 1819 4597 quadragesima'.
1854 4532 1954 4583 Do-

389 4624 513 4668 cent
547 4616 650 4669 hoc
694 4614 922 4669 rituales
973 4615 1287 4669 Graecorum
1340 4617 1485 4679 libri,
1524 4633 1754 4686 quorum
1809 4636 1951 4675 unus

388 4706 482 4775 qui
545 4703 828 4759 Triodium
879 4705 1202 4760 inscribitur
1260 4706 1412 4760 ista:
1464 4707 1541 4775 Τῇ
1578 4708 1713 4777 αὐτῇ
1767 4710 1955 4781 ἡμέρᾳ

389 4796 529 4850 κατά
566 4797 663 4866 τὴν
699 4797 936 4866 ἀρχαίαν
961 4796 1263 4863 παράδοσιν
1293 4797 1573 4867 ψάλλομεν
1601 4802 1697 4851 xui
1726 4801 1826 4871 τὴν
1859 4802 1953 4890 τρῦ

392 4889 633 4956 μεγάλου
688 4887 913 4950 κανόνος
970 4887 1316 4943 ἀκόλουθίαν.
1356 4889 1562 4942 Τοῦτον
1624 4890 1734 4945 τῶν
1785 4887 1955 4954 ὅντως

391 4976 637 5029 κανόνων
687 4977 946 5044 μέγιστον
995 4978 1254 5030 ἁπάντων
1284 4978 1525 5047 ἀρίστως
1578 4980 1673 5030 καὶ
1702 4980 1955 5048 τεχνηέν-

389 5085 500 5131 τως
555 5069 837 5137 ἡρμόσατο
869 5071 962 5121 xui
1017 5070 1357 5141 συνέγραψεν
1385 5074 1411 5124 ό
1457 5073 1515 5123 ὲν
1543 5073 1722 5138 ἁγίοις
1766 5072 1955 5142 Πατὴρ

394 5162 551 5230 ἡμῶν
608 5162 861 5227 Ἀνδρέας
917 5164 946 5214 ό
999 5161 1427 5231 ἀρχιεπίσκοπος
1486 5164 1728 5233 Κρήτης,
1786 5163 1814 5214 6
1859 5164 1957 5215 xui

400 5254 840 5324 Ἱεροσολυμίτης
886 5252 1309 5322 ὀνομαζόμενος,
1360 5255 1417 5315 ὃς
1460 5254 1689 5322 ὥρμητο
1742 5254 1841 5323 μὲν
1893 5257 1956 5307 ix

392 5346 708 5414 Δαμασκοῦ,
759 5347 849 5397 ἐπὶ
877 5345 1463 5414 τεσσαρεσκαιδεκάτην
1500 5346 1556 5397 δὲ
1589 5346 1705 5397 ἔτει
1736 5349 1832 5416 τῆς
1861 5347 1957 5398 αύ-

390 5434 486 5489 τοῦ
514 5435 727 5503 ἡλικίας
753 5435 1124 5505 παιδευτηρίῳ
1153 5436 1552 5504 γραμματικῆς
1589 5436 1831 5499 ἐκδοθεὶς
1859 5438 1956 5489 καὶ

390 5528 491 5597 τὴν
520 5527 811 5593 ἐγκύκλιον
835 5528 1120 5582 παίδευσιν
1144 5527 1455 5596 ὲξασκὴσας
1481 5532 1557 5591 είς
1603 5530 1867 5601 Ἰεροσόλυ
1880 5547 1956 5598 μα

390 5618 634 5686 γεγονὼς
664 5619 753 5671 τὸν
790 5618 1063 5688 μοναστὴν
1097 5618 1396 5687 ὑπέρχεται
1426 5619 1563 5688 βίον,
1596 5620 1756 5683 όσίως
1780 5621 1834 5673 δὲ
1860 5623 1956 5672 xui

389 5709 656 5779 θεοφιλῶς
694 5710 896 5774 διαζῶν
947 5710 1004 5764 ὲν
1043 5713 1226 5782 ἡσύχῳ
1262 5712 1355 5765 καὶ
1404 5711 1665 5782 ἀταράχῳ
1704 5714 1766 5783 τῇ
1797 5712 1945 5783 βιοτῇ

2058 4439 2179 4491 κατ’
2217 4438 2388 4500 αὐτὰς
2430 4439 2529 4499 τὰς
2568 4438 2777 4499 ἐννοίας
2812 4437 2907 4489 καὶ
2951 4437 3017 4489 τὰ.
3051 4435 3418 4504 ἐνθυμήματα
3458 4435 3617 4505 (γόνι-

2059 4549 2159 4600 μος
2189 4532 2298 4598 γάρ
2357 4533 2505 4582 ἐστιν
2538 4532 2565 4582 6
2619 4530 2814 4583 τούτου
2873 4528 3126 4598 ποιητὴς,
3190 4524 3621 4598 άρίστως·αὐτά

2057 4616 2487 4686 συντιθέμενος),
2530 4617 2623 4670 xui
2678 4618 2760 4669 ὅτι
2819 4617 2927 4670 τῶν
2957 4617 3165 4670 λοιπῶν
3224 4617 3470 4669 κανόνων
3524 4612 3620 4665 ἀνά

2056 4709 2375 4777 τριάκοντα,
2405 4710 2498 4762 xui
2532 4712 2727 4779 μικρόν
2751 4728 2803 4762 τι
2833 4711 2994 4779 πρὸς,
3020 4710 3336 4782 τροπαρίων
3367 4710 3616 4777 ἑχόντων,

2056 4800 2213 4866 οὗτος
2250 4805 2333 4864 εἰς
2380 4802 2634 4854 διακόσια
2685 4803 2782 4854 xui
2814 4804 3157 4874 πεντήκοντα
3201 4804 3470 4871 πρόεισιν,
3507 4798 3620 4859 ἑνὸς

2058 4894 2291 4945 ἑκάστου
2334 4892 3013 4963 ἄῤῥητονιάποστάζοντος
3066 4893 3279 4962 ἡδονήν.
3322 4890 3623 4962 ’Δρμοδίως

2055 4984 2147 5039 οὖν
2181 4986 2287 5054 ἄρα
2316 4987 2410 5037 καὶ
2440 4984 2833 5052 προσηκόντως
2862 4984 2888 5035 6
2921 4984 3097 5053 μέγας
3124 4979 3278 5046 οὗτος
3305 4984 3508 5047 κανὼν,
3531 4981 3623 5033 xui

2060 5077 2306 5146 μεγάλην
2363 5074 2703 5143 κεκτημένος
2756 5075 3075 5139 κατάνυξιν,
3138 5077 3241 5129 κάν
3294 5077 3358 5145 τῇ
3418 5073 3622 5144 μεγάλῃ

2056 5168 2165 5219 τῶν
2196 5165 2655 5234 τεσσαρακοστῶν
2687 5167 3114 5220 κατατέτακται.
3147 5166 3350 5219 Τοῦτον
3383 5164 3474 5217 τόν
3506 5165 3625 5231 ἀρε·

2059 5276 2184 5309 στον
2217 5257 2415 5308 κανόνα
2462 5256 2560 5308 xui
2592 5258 2871 5325 μέγιστον,
2918 5260 3013 5310 xui
3053 5257 3143 5309 τὸν
3174 5259 3270 5325 τῆς
3318 5255 3469 5319 ὁσίας
3502 5255 3621 5307 Μα-

2059 5350 2181 5419 ρίας
2209 5348 2390 5414 λόγον,
2420 5347 2447 5398 6
2479 5347 2642 5410 αὐτὸς
2684 5348 2872 5418 Πατὴρ
2922 5348 3080 5416 ἡμῶν
3123 5347 3375 5417 Ἀνδρέας
3407 5344 3622 5413 πρῶτος

2058 5444 2139 5499 εἰς
2171 5440 2272 5509 τὴν
2306 5440 2401 5490 τοῦ
2432 5439 2849 5491 Κωνσταντίνου
2889 5440 3209 5507 κεκόμικεν,
3243 5441 3330 5491 ὅτε
3364 5439 3502 5507 πρδς
3534 5430 3621 5485 τοῦ

2059 5531 2400 5601 πατριάρχου
2431 5522 2831 5600 Ἱεροσολύμων
2859 5530 3138 5600 Θεοδώρου
3154 5534 3227 5600 τῇ
3255 5529 3392 5598 ἕκτῃ
3425 5526 3624 5591 συνόδῳ

2062 5622 2276 5684 σταλεὶς
2303 5624 2381 5683 εἰς
2416 5622 2671 5689 βοήθειαν
2699 5624 3053 5691 παρεγένετο.
3090 5625 3220 5676 Τότε
3255 5621 3361 5689 γὰρ
3386 5618 3625 5688 ἀρίστως

2063 5716 2200 5769 κατὰ
2233 5714 2343 5767 τῶν
2392 5714 2765 5784 μονοθελητῶν
2796 5715 3210 5785 ἀγωνισάμενος
3253 5713 3331 5767 ἔτι
3363 5705 3624 5763 διατελῶν
