3952 6222
383 312 486 374 35Ί

1487 295 1570 356 ΙΝ
1597 289 1890 359 LIBRUM
1933 299 2030 362 DE
2065 300 2387 360 OFFICHS
2417 301 2526 360 CP.

3511 291 3614 354 360

389 425 543 493 ρηνοὶ
572 424 798 489 ἄπειρον
845 417 1102 485 στρατιάν
1133 418 1468 485 ἐπαγόμενοι
1500 415 1662 468 πάλιν
1701 417 1766 483 τῇ
1803 415 1958 466 Κων-
1988 416 2031 471 Α
2062 430 2214 468 σκειν
2247 415 2484 483 δηλοῦσα
2519 413 2614 466 τού
2648 412 2952 480 παραδόξου
2987 409 3280 479 γενομένου
3310 405 3612 474 θαύματος,

389 516 668 570 σταντίνου
699 513 980 576 ἐπέθεντο,
1016 512 1110 565 καὶ
1145 513 1236 564 ἐπὶ
1264 511 1404 564 ἑπτὰ
1441 511 1586 562 ἔτεσι
1619 509 1827 576 ταύτην
1855 523 1954 558 πο-

320 589 327 602 ,
387 605 754 677 λιορκοῦντες,
791 601 881 657 ὅτε
914 605 1010 656 καὶ
1038 605 1094 655 ὲν
1126 605 1240 665 τοῖς
1273 599 1514 664 Κυζικοῦ
1547 597 1951 667 παρεχείμαζον

301 709 324 737 -τ
390 700 606 768 μέρεσι,
643 696 871 758 πολλοὺς
899 696 1008 747 τῶν
1039 696 1254 747 οίκείων
1281 693 1611 761 διέφθειραν.
1639 688 1768 743 Εἶτα
1793 691 1951 741 ἀπει-

389 791 582 851 πόντες
620 789 711 841 καὶ
745 788 883 854 μετὰ
912 787 1004 837 τοῦ
1037 786 1226 838 στόλου
1271 784 1450 837 αὐτῶν
1497 782 1952 849 ὑποστρέφοντες,

389 883 482 933 καὶ
529 882 586 932 ἐν
638 877 714 947 τῷ
766 876 978 946 Συλαίῳ
1036 876 1342 944 γενόμενοι,
1376 877 1441 942 τῇ
1475 873 1720 944 Θαλάσσῃ
1754 871 1952 930 πάντες

390 969 901 1037 κατεποντίσθησαν
933 966 1238 1037 προστασίᾳ
1268 965 1366 1034 τῆς
1395 965 1673 1031 πανάγνου
1707 963 1801 1015 καὶ
1835 962 1953 1014 θεο-

393 1064 653 1132 μήτορος.

473 1175 635 1230 Ἀλλὰ
674 1173 766 1226 καὶ
801 1173 983 1240 τρίτον
1009 1168 1166 1232 αὖθις
1203 1172 1295 1222 ἐπὶ
1324 1171 1553 1233 Λέοντος
1586 1169 1679 1222 τοῦ
1703 1167 1950 1238 ἰσαύρου

388 1268 439 1319 oi
469 1267 526 1329 ἐξ
555 1266 758 1333 Ἅγαρ,
787 1265 927 1330 ὑπὲρ
957 1263 1214 1323 πλείστας
1242 1261 1509 1331 μυριάδας
1536 1259 1951 1330 ἀριθμούμενοι,

391 1361 606 1428 πρῶτον
647 1359 742 1426 μὲν
768 1360 864 1423 τὴν
900 1358 1009 1408 τῶν
1045 1357 1265 1424 Περσῶν
1298 1353 1622 1422 ἀφανίζουσι
1653 1352 1952 1423 βασιλείαν,

320 1520 322 1522 _
389 1446 506 1501 εἶτα
554 1449 652 1514 τὴν
705 1447 979 1512 Αἴγυπτον
1028 1445 1120 1496 καὶ
1167 1445 1376 1512 Λιϐύην
1415 1441 1810 1513 ἐπιδραμόντες
1857 1441 1954 1494 καὶ

298 1600 306 1610 ¹
400 1539 594 1608 Ἶίνδσὶς
649 1536 912 1597 Αἰθίοπάς
966 1553 1024 1587 τε
1065 1537 1160 1587 καὶ
1223 1535 1533 1596 Ἰσπανοὺς,
1583 1533 1812 1602 ’ύστερον
1859 1533 1954 1586 καὶ

389 1627 508 1679 κατ’
528 1627 694 1693 αὐτῆς
715 1627 810 1691 τῆς
827 1625 933 1677 τῶν
952 1625 1158 1676 πόλεων
1181 1623 1446 1692 βασιλίδος
1467 1621 1948 1691 ἑπιστρατεύουσι,

388 1719 537 1787 χίλια
582 1717 879 1770 ὀκτακόσια
920 1717 1078 1768 πλοῖα
1110 1716 1518 1785 ἐπιφερόμενοι.
1557 1712 1952 1773 Κυκλιῦσακιτες

387 1809 479 1860 οὖν
512 1809 681 1874 αὑτὴν
719 1807 792 1869 ὡς
821 1807 1017 1859 αὐτίκα
1067 1808 1130 1876 δὴ
1182 1807 1596 1873 ἀναρπάσοντες
1637 1805 1847 1876 ἔμενον.
1893 1803 1951 1857 Ὀ

387 1900 442 1952 δὲ
471 1899 567 1966 τῆς
599 1899 806 1957 πόλεως
830 1897 977 1966 ἱερὸς
999 1897 1129 1958 λαὸς
1159 1897 1217 1948 τὸ
1250 1895 1445 1949 σεπτὸν
1473 1895 1627 1960 ξύλον
1651 1896 1746 1947 τοῦ
1771 1894 1950 1962 τιμίου

387 1992 482 2043 καὶ
533 1989 796 2053 ζωοποιοῦ
844 1989 1076 2058 σταυροῦ
1134 1991 1226 2040 καὶ
1277 1989 1376 2058 τὴν
1425 1987 1726 2054 σεδάσμιον
1771 1985 1953 2038 είκόνα

387 2083 487 2151 τῆς
523 2084 853 2151 θεομήτορος
912 2082 1241 2150 όδηγητρῐας
1291 2080 1622 2148 ἐπαγόμενοι
1672 2079 1732 2130 τὸ
1777 2081 1954 2146 τεῖχος

319 2235 324 2238 _
388 2175 811 2244 περιεκύκλουν,
875 2175 970 2226 σὺν
1021 2174 1249 2240 δάκρυσι
1302 2173 1392 2223 τὸν
1439 2171 1571 2222 Θεὸν
1624 2168 1952 2238 ἱλεούμενοι.

388 2266 557 2330 Δόξαν
581 2265 673 2318 οὖν
705 2264 845 2318 οὕτω
867 2267 978 2326 τοῖς
1011 2263 1360 2332 ’Λγαρηνοῖς,
1397 2262 1476 2323 είς
1503 2261 1595 2312 δύο
1619 2258 1954 2329 διαιροῦνται

393 2360 558 2429 μέρη,
591 2361 681 2411 καὶ⁴
709 2361 756 2412 oi
798 2359 896 2427 μὲν
924 2357 1066 2410 κατὰ
1105 2355 1430 2424 Βουλγάρων
1459 2355 1840 2426 στρατεύουσι,
1863 2353 1956 2405 καὶ

389 2453 683 2504 πίπτουσιν
713 2453 888 2502 ἐκεῖσε
915 2449 1055 2517 ὑπὲρ
1090 2449 1362 2518 μυριάδας
1391 2448 1504 2512 δύο,
1529 2447 1578 2499 οί
1606 2448 1660 2499 δὲ
1691 2447 1957 2517 περιελεί-

391 2547 604 2611 φθησαν
657 2542 753 2609 τὴν
801 2542 957 2593 πόλιν
996 2539 1160 2591 ἑλεῖν.
1209 2538 1566 2600 κωλυθέντες
1615 2537 1670 2588 δὲ
1707 2537 1815 2588 ὑπὸ
1857 2540 1956 2606 τῆς

389 2633 656 2695 ἁλύσεως,
689 2633 982 2701 διηκούσης
1013 2630 1119 2682 ἀπὸ
1160 2630 1279 2683 τῶν-
1300 2629 1543 2682 Γαλάτου
1587 2630 1663 2690 εἰς
1696 2627 1764 2680 τὰ
1800 2629 1954 2698 τείχη

386 2725 490 2786 τῆς
548 2723 781 2784 πόλεως,
833 2721 1158 2790 ἀναχθέντες
1215 2721 1340 2790 περί
1395 2736 1498 2771 που
1549 2719 1610 2771 τὸ
1667 2720 1958 2789 λεγόμενον

387 2815 688 2867 Σωσθένιον
726 2813 988 2879 γίνονται.
1030 2813 1202 2863 Κάκεῖ
1229 2811 1430 2877 ἀνέμου
1461 2811 1660 2880 Βορέου
1687 2813 1958 2880 καταρῤα-

389 2909 578 2972 γέντος
615 2905 680 2958 τὰ
739 2905 908 2957 πολλὰ
952 2903 1062 2954 τῶν
1094 2902 1293 2953 πλοίων
1344 2901 1526 2954 αὐτῶν
1562 2901 1832 2970 διερῤάγη
1864 2903 1958 2953 καὶ

389 2997 784 3065 διεφθάρησαν.
809 2997 872 3048 Ol.
895 2993 953 3046 δὲ
976 2992 1418 3061 περιλειφθέντες
1438 2991 1584 3061 λιμῷ
1609 2993 1954 3059 περιέπεσον,

2056 505 2222 574 ἡνίκα
2281 505 2482 575 Πέρσαι
2534 505 2628 556 καὶ
2686 503 2953 572 βάρϐαροι
2984 501 3082 572 τὴν
3116 498 3357 570 βασιλίδα
3410 498 3613 564 ταύτην

2057 596 2216 648 πόλιν
2255 595 2723 664 περιεκύκλωσαν,
2758 594 2806 646 οἳ
2838 593 2932 646 καὶ
2971 591 3249 646 ἀπώλοντο
3281 589 3428 651 θείας
3458 588 3613 656 δίκης

2058 687 2432 755 πειραθέντες.
2473 685 2536 738 Ἢ
2563 686 2619 739 δὲ
2653 685 2806 746 πόλις
2833 683 3022 752 ἀσινὴς
3051 680 3446 750 συντηρηθειίσα
3482 696 3608 746 πρε-

2049 778 2246 842 σϐείας
2275 781 2372 844 τῆς
2403 777 2656 829 θεοτόκου
2702 775 2933 843 ὲτησίως
2962 775 3024 825 ἐκ
3067 771 3188 824 τότε
3223 771 3336 841 ᾅδει
3390 770 3614 837 εὐχαρι-

2057 867 2299 936 στήριον,
2366 866 2658 920 άκάθιστον
2717 863 2816 936 τὴν
2867 863 3080 933 ἡμέραν
3143 858 3608 927 κατονόμάζουσα.

2053 959 2260 1014 Gners.

2068 1071 2077 1079 ’
2128 1071 2484 1142 [Ἀκάθιστος
2511 1070 2724 1139 εἴρηται
2753 1068 2888 1121 διότι
2927 1061 3253 1134 ὀρθοστάδην
3288 1063 3390 1124 πᾶς
3418 1064 3444 1114 ὁ
3479 1061 3603 1122 λαὸς

2055 1163 2152 1233 τὴν
2202 1163 2374 1216 νύκτα
2427 1161 2642 1229 ἐκείνην
2699 1159 2899 1228 ὕμνους
2949 1158 3239 1228 θεομήτορι
3289 1146 3605 1224 μέλ.πει,ιιὶι

2054 1255 2324 1310 Callistus
2356 1255 2408 1307 in
2444 1251 2700 1322 ejus’dici
2738 1250 3058 1320 Synaxario.
3097 1247 3479 1316 lpsedxymnus
3524 1255 3609 1296 est

2056 1345 2370 1407 ἀκάθιστος,
2402 1341 2544 1411 quod
2581 1341 2937 1394 interstitium
2970 1340 3318 1408 quietemque
3366 1335 3429 1388 ad
3468 1332 3609 1386 dilu-

2057 1440 2235 1493 culum
2289 1452 2462 1507 usque
2499 1451 2604 1488 non
2661 1433 2895 1503 reperiat
2943 1441 2996 1486 et
3049 1440 3262 1497 semper
3309 1421 3607 1481 cantandus

2055 1538 2385 1602 perseveret.
2419 1531 2460 1582 Ε
2481 1527 2686 1582 Triodii
2717 1523 3023 1596 Synaxario
3053 1521 3332 1577 hiswriam
3358 1520 3609 1586 deprom-

2055 1625 2165 1692 psit
2197 1621 2502 1685 Gretserus,
2534 1618 2936 1674 concinniorem
2969 1615 3128 1668 aliam
3159 1628 3188 1666 e
3220 1609 3384 1679 Regia
3419 1607 3611 1660 biblio-

2056 1714 2210 1768 theca
2265 1713 2580 1779 nuperrime
2632 1717 2755 1778 post
2793 1707 3079 1762 historiam
3137 1698 3610 1757 Monothelitarum

2055 1807 2308 1862 laudatus
2360 1803 2684 1856 Franciscus
2732 1793 3319 1866 Combeﬁs.evulgavit
3363 1799 3418 1845 et
3451 1796 3621 1843 notas

2055 1898 2270 1966 adjeril.
2301 1895 2499 1966 Com]
2833 1875 2841 1883 '

2127 2009 2402 2076 llupliccm
2436 2007 2580 2062 hunc
2633 2019 2873 2060 errorem
2915 1987 3166 2071 περὶτοῦ
3221 1996 3460 2068 μεγάλου
3507 2011 3611 2046 κα·

2056 2101 2230 2164 νόνος,
2267 2099 2522 2167 περὶτῆς
2555 2098 2852 2151 ἀκαθίστου
2885 2097 3114 2164 ipsemet
3145 2090 3468 2158 Curopalala
3484 2085 3613 2140 Cal-

2056 2195 2278 2248 viniano
2322 2193 2630 2246 scholiastle
2682 2189 2921 2244 eximere
2977 2194 3207 2255 poterat,
3265 2183 3314 2236 si
3367 2180 3610 2234 animum

2057 2285 2400 2340 advertisset.
2432 2284 2521 2336 Ait
2553 2284 2698 2337 enim
2729 2279 3058 2347 Curopalata
3087 2292 3116 2330 ιι
3168 2275 3341 2343 prima
3378 2286 3442 2324 ex
3473 2283 3614 2338 qua—
3669 2317 3676 2321 _

2058 2387 2186 2432 tuor
2215 2377 2413 2447 vigiliis
2459 2375 2750 2445 imaginem
2803 2372 3164 2428 sanctissimae
3197 2367 3458 2432 Dciparm,
3493 2376 3616 2432 qua:

2061 2469 2386 2539 Hodegelria
2443 2468 2765 2537 appellatur,
2796 2465 2851 2518 in
2899 2462 3102 2532 palatio
3137 2472 3356 2514 manere
3400 2455 3466 2509 ad
3503 2466 3616 2506 ma-

2059 2578 2226 2631 gnum
2282 2573 2453 2629 usque
2517 2560 2662 2614 diem
2722 2557 3065 2612 Dominicum
3115 2549 3413 2606 Paschalis.
3475 2545 3615 2598 Huic

2059 2651 2300 2720 imagini,
2334 2647 2878 2719 inquitCuropalala,
2911 2641 3350 2698 venienliobviam
3375 2635 3614 2705 procedit

2059 2743 2344 2810 imperator
2361 2743 2429 2794 ad
2455 2749 2660 2809 portam
2686 2739 2825 2792 aula:
2850 2735 3056 2803 palatii.
3085 2732 3326 2785 Secunda
3345 2745 3459 2782 vero
3483 2727 3618 2792 [cria

2061 2836 2344 2888 comitatur
2375 2833 2647 2886 abeuntem
2687 2834 2756 2885 ad
2802 2829 3030 2883 excelsos
3065 2840 3224 2896 usque
3253 2820 3471 2892 gradus.
3499 2817 3554 2870 Si
3584 2832 3616 2870 a

2061 2925 2236 2993 prima
2273 2925 2480 2994 vigilia,
2508 2939 2628 2993 quae
2665 2933 2744 2976 est
2768 2918 2862 2972 τοῦ
2897 2917 3135 2988 μεγάλου
3166 2916 3411 2976 κανόνος,
3433 2919 3628 2964 manet.-

2063 3015 2241 3084 imago
2302 3016 2390 3068 illa
2429 3017 2482 3069 in
2530 3015 2729 3084 palatio
2765 3027 2938 3081 usque
2972 3011 3039 3064 ad
3087 3009 3379 3064 secundam
3429 3003 3636 3060 feriam-

389 3087 465 3148 ὼς
510 3091 603 3142 καὶ
652 3085 1006 3155 ἀνθρωπίνων
1048 3081 1273 3150 σαρκῶν
1320 3080 1603 3147 ἅψασθαι,
1643 3079 1849 3151 κόπριόι
1899 3097 1956 3132 τε

2067 3069 2370 3172 Paschalis,
2410 3069 2662 3158 lieri'non
2694 3069 2871 3172 potesl.
2903 3109 2962 3154 ut
2992 3101 3026 3170 ἡ
3057 3097 3150 3150 τοῦ
3185 3095 3424 3166 μεγάλου
3459 3091 3628 3144 κα.νῦ-

393 3179 572 3246 φυρᾷν
604 3176 698 3228 καλ
739 3173 957 3226 ἐσθίειν.
1009 3167 1142 3224 Εἶτα
1181 3171 1445 3239 φυγόντες
1476 3175 1568 3223 καὶ
1598 3172 1740 3224 κατὰ
1779 3170 1839 3223 τδ
1867 3172 1960 3223 Al-

393 3270 549 3330 γαῖον
596 3267 879 3331 γενόμενοι
913 3263 1145 3328 πέλαγος
1177 3263 1246 3313 τά
1289 3262 1473 3329 σκάφη
1505 3262 1686 3314 αὐτῶν
1740 3262 1960 3314 ἅπαντα

395 3347 746 3413 καῖ’ἑαυτοὺς
778 3354 856 3420 τῷ
879 3354 976 3421 τῆς
1009 3355 1288 3423 θαλάσσης
1319 3353 1521 3406 διδοῦσι
1546 3353 1712 3424 βυθῷ·
1750 3355 1961 3424 χάλαζα

395 3445 504 3510 γὰρ
535 3442 764 3512 ῥαγδαία
795 3443 1097 3511 οὐρανόθεν
1128 3445 1539 3508 καταπεσοῦσα,
1567 3435 1677 3496 ¹ἰιιαλ
1717 3443 1962 3513 βρασμὸν

395 3535 536 3585 κατὰ
565 3534 663 3600 τῆς
693 3533 966 3602 θαλάσσης
997 3535 1300 3605 ποιήσασα,
1331 3539 1432 3604 τὴν
1462 3536 1570 3588 τῶν
1605 3537 1807 3589 πλοίων
1831 3537 1960 3588 πίσ-

400 3643 500 3678 σαν
547 3625 781 3678 διέλυσε.
844 3627 952 3677 Καὶ
997 3626 1170 3689 οὕτως
1214 3628 1242 3679 ό
1295 3626 1709 3696 ἀπειροπληθὴς
1758 3629 1962 3690 ἐκεῖνος

395 3717 582 3782 στόλος
637 3718 881 3785 διόλωλε,
928 3719 1098 3787 τριῶν
1157 3719 1340 3796 μόνων
1391 3720 1472 3782 είς
1511 3717 1772 3787 ἀγγελίαν
1809 3735 1964 3788 περι-

393 3799 748 3878 λειφθέντων.

465 3845 748 3878 ῡγυῦνδωι.
1173 3872 1175 3874 _

465 3925 628 3997 324
660 3925 755 3994 Διᾲ
785 3923 959 3979 ταῦτα
985 3845 1417 3988 reb/emanat
1447 3924 1513 3977 τά
1542 3923 1794 3994 ὑπερφυῆ
1815 3915 1963 3978 ’θαυ-

398 4019 567 4086 μάσια
599 4017 699 4080 τῆς
743 4019 1019 4084 πανάγνου
1052 4022 1148 4072 καὶ
1185 4019 1516 4086 θεομήτορος
1539 4016 1650 4084 ’τὴν
1681 4015 1964 4085 παροῦσαν

395 4103 591 4175 ἑορτὴν
647 4107 1005 4176 ἑορτάζομεν.
1051 4109 1368 4170 Ἀκοὶθιστος
1422 4107 1479 4158 δὲ
1541 4109 1780 4175 εΞρηται.
1831 4105 1967 4158 διότι

393 4195 732 4264 ὀρθοστάδην
777 4197 899 4247 τότε
934 4201 1040 4258 πᾶς
1077 4199 1262 4258 (γλαος
1299 4201 1439 4250 κατὰ
1472 4198 1569 4264 τὴν
1606 4201 1775 4251 νύκτα
1823 4202 1966 4252 ὲκεί-

395 4303 491 4354 νην
540 4284 630 4337 τον
680 4286 848 4350 ὕμνον
893 4291 959 4354 τῇ
1008 4289 1099 4337 τοῦ
1136 4289 1308 4354 Λόγου
1338 4291 1523 4357 Μητρὶ
1557 4288 1812 4357 ἔμελψαν.
1854 4292 1962 4344 Καὶ

2065 3219 2153 3264 νος
2181 3201 2461 3268 ἀγρυπνία
2492 3199 2574 3252 vel
2610 3198 2800 3265 juncta
2833 3195 2914 3249 vel
2946 3195 3187 3263 proxima
3232 3189 3397 3244 fuerit
3427 3185 3628 3239 Pente-

2064 3301 2232 3348 costai
2261 3309 2274 3344 :
2308 3290 2514 3359 alioqui
2572 3289 2752 3357 imago
2782 3287 2873 3339 illa
2920 3285 3132 3352 integro
3179 3280 3350 3334 ferme
3392 3289 3533 3329 anno
3561 3274 3626 3327 in

2066 3383 2266 3452 palatio
2303 3381 2611 3442 mansisset,
2645 3395 2674 3430 a
2708 3377 3029 3450 Pentecoste
3060 3372 3312 3427 videlicet
3351 3383 3523 3437 usque
3549 3367 3624 3419 ad

2065 3475 2362 3532 secundam
2405 3471 2596 3526 feriam
2626 3468 2933 3532 Paschalis,
2966 3482 3089 3520 cum
3131 3473 3312 3518 tamen
3358 3461 3628 3530 paucissi-

2065 3569 2170 3622 mis
2205 3547 2638 3622 hebdomadibus
2685 3565 2740 3614 in
2777 3576 2841 3616 eo
2873 3557 3108 3628 relinqui
3154 3556 3374 3621 soleret,
3406 3563 3460 3607 et
3497 3566 3629 3621 pro-

2067 3668 2250 3727 pterea
2279 3656 2510 3724 singulis
2532 3654 2691 3708 annis
2715 3667 2821 3706 non
2845 3651 3002 3705 aliter
3033 3664 3096 3704 ac
3118 3649 3320 3703 donum
3346 3644 3622 3716 quoddam

2065 3750 2328 3805 divinitus
2369 3749 2596 3801 missum
2628 3745 2681 3799 in
2709 3746 2833 3798 aula
2871 3751 3236 3810 exetperelur,
3266 3753 3470 3809 perque
3493 3751 3628 3804 pau-

2067 3857 2160 3897 cos
2215 3841 2332 3895 dies
2374 3839 2430 3894 in
2485 3838 2670 3894 eadem
2715 3837 2895 3890 tutela:
2941 3836 3113 3905 gratia
3163 3842 3624 3893 commoraretur,

2067 3947 2264 4002 nempe
2309 3946 2338 3983 a
2395 3931 2580 3998 quinta
2623 3929 2756 3983 feria
2803 3927 2964 3996 325
3019 3925 3222 3994 quinta:
3271 3921 3626 3978 hebdomadis

2069 4020 2563 4093 quadragesimalis
2613 4033 2787 4087 usque
2817 4019 2884 4070 ad
2939 4017 3236 4072 secundam
3283 4015 3470 4069 feriam
3525 4013 3628 4066 Pa-

2069 4113 2294 4177 schalis,
2330 4126 2439 4180 Quo
2485 4111 2574 4163 die
2627 4110 2958 4164 l‘elerebalur
2990 4108 3126 4175 πρὸς
3157 4107 3250 4160 τὸν
3303 4107 3402 4176 τῆς
3435 4103 3626 4156 Θεοτό-

2069 4227 2169 4263 κου
2202 4208 2328 4260 ναὸν
2363 4206 2453 4259 τὸν
2482 4199 2590 4256 τῶν
2633 4201 2877 4269 Ὀδηγῶν
2908 4199 3263 4268 κεκλημένον,
3301 4207 3360 4251 ut
3385 4197 3630 4266 loquitur

2071 4302 2318 4355 Zonaras
2348 4299 2402 4352 in
2449 4296 2678 4364 imperio
2713 4293 2990 4346 Michaelis
3033 4292 3052 4345 l
3084 4290 3390 4359 TheOphili,
3413 4291 3498 4343 cui
3525 4290 3627 4344 ad-

395 4377 478 4427 ὅτι
527 4378 584 4427 ἐν
622 4377 755 4427 πᾶσι
804 4378 914 4437 τοῖς
959 4377 1138 4440 ἄλλοις
1195 4380 1364 4441 οἴκοις
1407 4380 1679 4448 καθῆσθαι
1725 4382 1784 4445 ἐξ
1811 4382 1959 4446 ἔθους

2065 4393 2256 4461 juncta
2289 4398 2407 4444 erat
2461 4385 2596 4456 μονὴ
2642 4387 2736 4436 s‘eu
2767 4382 3158 4435 monasterium
3202 4378 3315 4432 ’τῶν
3359 4381 3623 4450 Ὀδηγῶν,

396 4466 608 4534 ἔχοντες
638 4469 692 4517 ἐν
728 4469 836 4528 τοῖς
869 4467 1109 4533 παροῦσι
1145 4470 1241 4537 τῆς
1274 4470 1628 4538 θεομήτορος,
1653 4471 1805 4542 ὀρθοὶ
1827 4475 1960 4526 πάνυ

396 4567 484 4618 τες
535 4555 890 4624 ἀκροώμεθα.
925 4559 1058 4622 Ταῖς
1111 4560 1212 4627 τῆς
1267 4561 1365 4630 σῆς
1416 4541 1736 4632 ὑπερμάχου
1773 4579 1830 4615 τε
1870 4565 1964 4616 καὶ

347 4671 354 4676 -
396 4647 754 4716 ἀπρόσμαχον
783 4650 999 4720 Μητρὸς
1035 4651 1598 4720 πρεσϐείαις,ιΧριστὲ
1623 4656 1650 4704 ό
1680 4653 1829 4720 Θεὸς,
1860 4655 1966 4708 τῶν

395 4741 800 4808 περικειμένων
850 4743 944 4794 καὶ
978 4742 1126 4810 ἡμᾶς
1157 4743 1464 4808 ἁπάλλαξμι)
1521 4746 1836 4817 συμφορῶν,
1872 4747 1966 4800 καὶ

397 4829 625 4897 ἐλέησον
655 4832 822 4902 ἡμᾶς,
853 4832 928 4894 ὡς
967 4835 1127 4902 μόνος
1155 4835 1559 4906 φιλάνθρωπος.

467 4944 542 4996 Ex
578 4945 660 4997 his
696 4961 826 5015 ergo
855 4949 1200 5016 perspicuum
1246 4949 1576 5018 relinquitur
1605 4951 1770 5018 quale
1803 4952 1966 5006 luerit

395 5037 491 5106 τῆς
528 5035 826 5088 ἁκαθίστου
865 5038 1086 5101 festum,
1121 5047 1174 5091 et
1223 5053 1322 5090 cur
1362 5041 1463 5092 hoc
1507 5041 1730 5092 nomine
1781 5042 1962 5109 appel-

397 5127 540 5180 lalus
576 5127 870 5189 ἁκάθιστος
921 5127 1110 5195 ὕμνος,
1160 5133 1288 5198 quia
1338 5131 1550 5193 stando,
1589 5148 1695 5184 non
1729 5133 1966 5186 sedendo

401 5222 654 5284 canitur;
688 5221 979 5282 ἁκάθιστος
1015 5222 1176 5292 ἑορτὴ
1221 5238 1314 5276 seu
1351 5223 1557 5292 ἡμέρα,
1583 5225 1708 5292 quia
1749 5225 1817 5278 ab
1848 5241 1969 5279 om-

403 5310 591 5374 nibus,
645 5312 859 5366 ncmine
913 5322 1138 5381 excepto
1172 5322 1226 5366 ct
1282 5316 1498 5369 neruine
1548 5318 1754 5370 otiaute
1811 5327 1902 5370 aut
1935 5333 1965 5371 a

401 5397 604 5452 divinis
631 5400 887 5456 laudibus
927 5411 1202 5468 cessante,
1237 5405 1535 5474 peragitur.
1581 5405 1771 5460 Exstat
1799 5407 1852 5460 in
1885 5407 1970 5461 bi-

401 5487 672 5542 bliotheca
701 5491 962 5546 Bavarica
990 5493 1168 5547 oratio
1199 5493 1301 5547 hoc
1334 5495 1493 5549 titulo
1523 5512 1536 5549 :
1571 5497 1742 5564 Λόγος
1784 5499 1972 5566 ἀναγι-

403 5579 746 5648 νωσκόμενος
779 5587 857 5645 εἰς
891 5587 992 5651 τὴν
1025 5584 1345 5639 ἀκάθιστον.
1398 5588 1663 5655 Διήγησις
1698 5586 1976 5655 ὠφέλιμος

403 5668 467 5719 ὲκ
517 5671 751 5738 παλαιᾶς
815 5675 1055 5746 ἱστορίας
1110 5675 1452 5747 συλλεγεῖσα,
1506 5678 1599 5731 καὶ
1657 5680 1974 5748 ἀναμιμνή-

2072 4493 2132 4536 ut
2157 4499 2223 4536 ex
2267 4480 2572 4549 Nicephoro
2633 4475 2872 4544 Gregora
2905 4473 2940 4527 l.
2972 4490 3008 4526 ll
3038 4481 3249 4526 constat
3291 4487 3306 4524 :
3344 4472 3472 4526 hinc
3507 4473 3630 4541 ipsa

2073 4573 2250 4638 imago
2280 4546 2597 4639 ὁδηγ-ήτρια,
2630 4567 2784 4636 quasi
2813 4565 2922 4618 dua:
2952 4565 3066 4629 vice,
3097 4563 3484 4632 appellabatur.
3517 4546 3644 4618 Nec.

2071 4663 2438 4718 adducebatur
2503 4675 2570 4713 ex
2627 4657 2828 4724 templo
2891 4653 3256 4719 Blachernio,
3337 4664 3397 4709 ut
3459 4660 3630 4725 iputat

2075 4755 2424 4814 scholiastes,
2456 4755 2551 4805 sed
2580 4765 2644 4804 ex
2693 4748 2892 4816 templo
2925 4757 2978 4801 et
3008 4761 3073 4800 ex
3131 4747 3464 4802 monasterio
3518 4748 3631 4800 τῶν

2087 4843 2352 4913 Ὁδηγὼν,
2401 4841 2544 4912 quod
2598 4856 2630 4895 a
2683 4841 2885 4909 templo
2923 4837 3249 4894 Blachernio
3303 4839 3623 4896 dis‘tinclum

2072 4944 2217 4990 erat.

2145 5047 2252 5100 Sed
2302 5047 2492 5114 probat
2547 5046 2596 5099 id
2628 5060 2691 5100 ex
2727 5044 2989 5116 gradibus
3022 5048 3276 5110 excelsis,
3311 5048 3378 5102 de
3425 5049 3626 5116 quibus

2071 5135 2422 5205 Cumpalata,
2485 5151 2544 5191 ο..
2572 5137 2639 5188 l2
2695 5145 2750 5190 et
2795 5151 2845 5190 ο.
2896 5137 2981 5199 l5,
3013 5140 3164 5206 quasi
3227 5139 3310 5190 illi
3347 5139 3543 5206 fuerint
3575 5139 3632 5190 in

2075 5229 2262 5296 lcmp!o
2301 5227 2626 5280 Blachcrnio.
2662 5228 2729 5281 At
2761 5243 2948 5297 parum
2996 5229 3137 5282 valet
3167 5230 3279 5282 haec
3329 5231 3578 5298 probatio
3611 5249 3627 5282 :

2077 5335 2201 5373 nam
2237 5331 2565 5386 quocunque
2597 5317 2700 5370 iret
2743 5317 3059 5385 imperator,
3098 5332 3310 5385 semper
3355 5319 3423 5371 ad
3453 5319 3638 5372 excel-

2076 5426 2167 5465 sos
2193 5410 2392 5477 gradus
2425 5423 2597 5476 usque
2645 5408 3021 5463 deducebatur
3049 5426 3076 5463 a
3113 5409 3400 5480 Barangis,
3449 5419 3508 5462 ut
3543 5410 3632 5463 in-

2074 5503 2192 5569 quit
2213 5502 2570 5567 Curopalata,
2603 5517 2654 5554 υ.
2694 5501 2760 5554 15
2789 5518 2802 5564 ;
2853 5509 3066 5570 oportet
3093 5517 3224 5570 ergo
3250 5501 3352 5556 hos
3391 5502 3638 5556 excelsos

2076 5593 2279 5660 gradus
2310 5591 2438 5644 alibi
2468 5590 2638 5644 fuisse
2666 5606 2832 5659 quam
2859 5591 2910 5644 in
2949 5591 3266 5645 Blachernio
3295 5592 3518 5660 templo,
3550 5591 3634 5644 vel

2076 5681 2130 5735 in
2158 5683 2241 5737 via
2285 5683 2350 5737 ad
2388 5683 2564 5736 solum
2616 5683 3000 5742 Blachcruium
3043 5684 3322 5756 templum,
3364 5684 3494 5755 quia
3528 5685 3634 5738 im-
