3952 6222
278 236 365 314 est

1331 243 1722 307 GRETSERI
1760 242 1855 302 ET
1899 240 2134 301 GOARI
2174 239 2418 299 ΝΟΤίΕ.

3375 246 3482 311 362

280 371 474 432 perator
504 372 606 411 non
636 357 748 413 ibat
774 371 986 425 semper
1021 356 1087 412 ad
1109 356 1371 425 templum
1412 354 1816 420 Blacberitium,
1853 360 1893 416 Λ
1926 351 2310 423 llodegetrium
2354 368 2459 409 non
2492 354 2661 410 fuisse
2718 355 2976 426 templum
3019 355 3486 414 Blacherniense?

277 464 325 508 et
342 452 648 520 Curopalata
667 450 871 505 diserte
896 449 1183 520 distinguit
1210 449 1310 503 hos
1333 449 1535 515 gradus
1568 462 1597 500 ο
1619 446 1818 515 templo

278 543 596 607 Blacbernio,
652 557 775 596 cum
830 541 977 595 dicat
1044 547 1427 608 imperatorem
1483 536 1815 606 equitantem

277 650 473 705 semper
501 633 695 688 deduci
740 647 914 702 usque
943 630 1009 685 ad
1039 629 1285 685 excelsos
1319 628 1542 699 gradus,
1586 628 1638 682 in
1679 628 1818 684 iesto

277 736 438 778 autem
471 722 749 778 Occursus
796 721 938 791 (seu,
971 728 1030 773 ut
1084 734 1187 774 nos
1236 733 1520 785 vocamus,
1557 717 1819 773 Purilica-

276 815 424 870 tionis
466 812 529 867 D.
560 812 825 884 Virginis)
871 812 1035 865 etiam
1070 820 1244 879 usque
1275 809 1342 864 ad
1391 809 1650 878 templum
1694 808 1816 861 Bla-

274 909 621 961 ebernarum:
679 917 805 959 nam
863 903 930 957 ad
980 903 1084 956 huc
1142 901 1403 970 templum
1458 901 1565 955 hoc
1619 900 1707 955 die
1743 900 1818 956 rei

272 1000 451 1054 divinas
478 996 651 1065 gratia
688 994 1005 1059 conferebat
1034 1008 1091 1048 se
1123 993 1446 1062 imperator.
1470 990 1677 1047 Gners.

333 1083 539 1161 [Magna
570 1087 921 1142 contentione
943 1083 1421 1138 dimicantJunius
1449 1091 1505 1137 et
1530 1084 1820 1137 Gretserus

273 1184 387 1251 περὶ
432 1181 538 1231 τῶν
578 1177 854 1247 ’Υψηλῶν,
898 1177 964 1230 de
991 1176 1242 1246 gradibus
1276 1174 1499 1229 excelsis
1541 1173 1653 1239 (ΣΡ,
1698 1174 1822 1227 ubi-

272 1288 382 1327 nam
420 1270 756 1340 reponendi?
789 1269 880 1325 Ille
911 1269 966 1323 in
1002 1268 1324 1323 Blachernio
1364 1266 1589 1335 templo,
1624 1266 1713 1320 hic
1764 1266 1819 1319 in

273 1365 455 1434 palatio
482 1364 623 1419 sitos
653 1362 956 1417 contendit.
990 1360 1135 1415 luter
1164 1358 1564 1415 contendentes
1610 1358 1821 1412 arbiter

270 1458 430 1512 neutri
450 1458 599 1512 litem
621 1457 888 1523 integram
908 1454 1186 1525 adjudico,
1214 1469 1242 1507 a
1268 1466 1398 1507 vero
1422 1452 1686 1521 siquidem
1712 1449 1820 1503 τῶν

280 1548 519 1618 Ὕψηλῶν
566 1561 730 1601 sensu
764 1547 981 1600 aberrat
1030 1555 1285 1614 uterque.
1336 1544 1537 1614 Ecquis
1570 1542 1714 1597 enim
1766 1541 1821 1594 in

269 1638 360 1692 bac
391 1652 519 1692 voce
550 1636 756 1707 gradus
787 1634 1171 1704 intelligendos
1208 1642 1381 1704 putet,
1407 1648 1471 1689 ac
1496 1648 1606 1688 non
1637 1631 1819 1702 potius

270 1732 527 1786 excelsum
587 1744 653 1783 ac
686 1728 901 1798 fastigio
959 1728 1193 1782 sublime
1241 1726 1575 1781 aedilicium?
1628 1727 1698 1780 At
1749 1739 1818 1780 ne

270 1826 400 1878 velut
451 1823 708 1878 excitans
755 1831 806 1876 et
852 1820 1075 1890 ignarus
1119 1820 1287 1889 judex
1350 1820 1497 1875 litem
1538 1819 1815 1882 dirimam.

272 1926 353 1970 aut
387 1917 569 1984 potius
623 1913 1018 1968 andabatarum
1052 1927 1205 1967 more
1253 1926 1378 1967 cum
1434 1921 1670 1982 utroque
1720 1925 1821 1981 pu-

270 2023 431 2079 gnem,
473 2007 644 2062 dubio
686 2014 873 2061 certus
919 2015 1115 2060 auctor
1152 2005 1326 2061 lucem
1361 2005 1555 2060 aﬂerat
1600 2002 1820 2060 Nicetes

271 2099 444 2154 lsaaeii
478 2097 695 2169 Angeli,’
722 2098 762 2153 1.
798 2096 832 2152 ti
867 2113 881 2152 :
924 2096 1178 2150 Δείκνυσι
1208 2096 1269 2150 τὸ
1296 2096 1618 2168 παράθυρον
1646 2096 1816 2166 (aliud

272 2193 531 2261 exemplar
574 2192 706 2261 legit
742 2190 840 2261 τὴν
869 2189 1081 2260 θυρίδα)
1123 2192 1180 2245 ὲν
1214 2192 1330 2254 τοῖς
1380 2191 1679 2261 βασιλείοις
1712 2192 1820 2245 τῶν

271 2283 603 2354 Βλαχερνῶν,
645 2283 724 2345 si;
755 2281 821 2337 τὰ
846 2282 1120 2351 λεγόμενα
1181 2280 1411 2351 ’Υψηλὰ,
1438 2281 1505 2333 δι’
1556 2275 1621 2351 ἧς
1649 2280 1822 2350 ὁρατὰ

268 2372 330 2447 ἦν
355 2377 420 2428 τὰ
461 2374 749 2444 ἱππήλατα
788 2373 946 2426 πεδία
985 2374 1055 2425 τὰ
1087 2371 1286 2437 ἔξωθεν
1316 2372 1424 2426 τῶν
1453 2373 1733 2438 ἐπάλξεων
1764 2375 1822 2426 ὲν

268 2473 370 2533 τοῖς
385 2467 729 2530 Φιλοπατῑοις
753 2465 1216 2529 καθυπτιάζοντσ..
1249 2464 1491 2521 Observa
1513 2466 1582 2519 τὰ
1610 2465 1822 2536 Ὗψηλὰ

271 2563 426 2616 altum
457 2559 773 2615 Blaebernii
816 2558 1000 2628 palatii
1052 2558 1367 2624 aediﬁcium,
1403 2558 1542 2612 unde
1577 2558 1821 2622 subjecta

270 2650 681 2721 Philopatiensis
701 2649 952 2719 planities
976 2648 1279 2718 delegatur,
1310 2663 1418 2702 non
1436 2649 1640 2717 gradus
1657 2663 1828 2719 quan-

270 2745 455 2799 tumvis
483 2744 734 2799 excelsos
755 2742 1015 2805 indicare,
1043 2756 1143 2795 nec
1166 2742 1219 2795 in
1251 2739 1443 2808 majori
1465 2741 1685 2809 palatio,
1717 2756 1825 2811 quo

269 2837 454 2890 soleret
490 2834 795 2903 imperator
830 2833 1055 2896 morari,
1084 2832 1222 2886 alios
1264 2832 1595 2886 excelsiores
1623 2833 1825 2901 gradus

268 2925 762 2981 comminiscendos
794 2940 809 2977 :
841 2938 960 2978 eam
991 2924 1062 2977 ob
1093 2938 1228 2987 rem,
1257 2937 1380 2978 cum
1414 2923 1465 2976 in
1500 2921 1824 2977 exbihendis

1851 1677 1895 1737 Β

1924 442 2127 497 Scribit
2156 443 2518 510 Pacbymcres
2556 444 2651 502 lib.
2685 462 2760 515 vit
2795 448 3085 518 imaginem
3120 446 3365 517 Deiparte
3391 463 3486 516 per

1924 533 2043 588 dies
2074 535 2385 604 complures
2415 536 2767 607 lacrymasse.
2821 538 3079 604 Quaenam
3109 538 3227 593 haec
3272 540 3489 609 Imago?

1924 638 2055 679 num
2111 624 2492 697 Hodegetriae?
2519 644 2647 682 num
2697 622 3011 698 Nicopoeae?
3042 629 3106 683 Et
3156 631 3297 698 apud
3337 646 3490 684 eum-

1923 718 2046 772 dem
2100 719 2491 789 Pachymerem
2542 721 2582 777 l.
2628 737 2681 774 au
2744 721 2924 791 imago
2975 723 3075 791 τῆς
3118 724 3487 792 Φωταγωγοῦ,

1924 809 2167 878 Virginis
2201 818 2365 864 lucem
2404 811 2698 880 a/ferentis,
2743 810 2896 879 cujus
2929 822 3113 865 sancto
3138 813 3249 868 oleo
3279 814 3491 870 delibu—

1926 910 2012 954 tus
2044 899 2272 955 Michael
2310 900 2608 956 Andronici
2636 902 2977 970 imperatoris
3014 903 3157 959 illius
3195 919 3260 959 ex
3302 906 3493 975 despe-

1924 1002 2045 1047 rato
2080 993 2271 1046 morbo
2306 994 2601 1048 convaluit.

1995 1083 2175 1139 Tertia
2213 1086 2399 1156 vigilia
2432 1086 2623 1155 palatii
2659 1096 2743 1141 est
2778 1086 2870 1139 τοῦ
2907 1085 3351 1155 Εὐαγγελιομοῦ,
3386 1088 3493 1142 An-

1926 1176 2292 1231 nuntiationis
2324 1176 2384 1231 Β.
2416 1177 2677 1246 Virginis.
2707 1177 2903 1232 Junius
2946 1177 3260 1246 evangelica:
3290 1195 3492 1233 annun-

1927 1267 2187 1320 tiationis.
2228 1268 2373 1322 Satis
2394 1268 2709 1337 evangeliea
2747 1286 2761 1322 :
2795 1269 2885 1323 sed
2918 1268 3051 1337 quid
3095 1268 3247 1323 aliud
3277 1284 3306 1321 a
3339 1285 3493 1339 pseu-

1927 1359 2317 1429 doevangclico
2347 1356 2673 1428 praedicante
2699 1372 2981 1430 exspectes
3009 1363 3032 1415 ‘l

1996 1450 2202 1516 Quarta
2259 1450 2442 1521 vigilia
2498 1451 2763 1519 agebatur
2819 1454 3007 1523 quinta
3062 1454 3197 1508 feria
3269 1456 3495 1523 majori:

1929 1541 2303 1608 behdomadte,
2361 1542 2432 1597 ob
2475 1540 2802 1599 Parasceves
2850 1546 3155 1614 appetentis
3207 1547 3495 1606 solemnia.

1927 1632 2132 1690 Gasrs.

2504 1788 2739 1846 CAPUT
2783 1788 2919 1845 Vlll.

1922 1908 2313 1964 Observationes
2340 1917 2388 1978 et
2416 1909 2786 1976 explicationes
2821 1910 2872 1961 in
2913 1925 2960 1963 c.
2985 1908 3172 1975 '15,de
3211 1908 3498 1965 Parascere

2362 1989 2409 2033 et
2464 1995 2653 2049 magno
2712 1978 2972 2033 Sabbato.

1992 2094 2069 2148 De
2127 2108 2325 2163 magno
2380 2092 2619 2148 Sabbato
2651 2092 2784 2146 nihil
2820 2104 2905 2148 est
2960 2094 3013 2146 in
3051 2092 3239 2148 Graeca
3298 2094 3491 2148 inscri-

1920 2184 2130 2255 ptione.
2186 2194 2526 2240 cumtamen
2582 2184 2929 2253 potissimum
2975 2187 3040 2240 de
3079 2185 3259 2241 cilicio
3310 2187 3493 2255 magni

1924 2275 2174 2341 Sabbati,
2211 2277 2314 2330 hoc
2362 2286 2447 2330 est
2482 2274 2683 2345 vigilia:
2728 2272 3035 2341 Paschalis,
3069 2274 3123 2330 in
3174 2275 3278 2331 hoc
3318 2277 3497 2345 capite

1926 2377 2141 2436 agatur.

1996 2457 2057 2511 P.
2107 2457 2193 2511 72.
2253 2456 2328 2513 De
2357 2458 2656 2515 Parasceve
2703 2460 2879 2516 tribus
2912 2461 3091 2516 verbis
3128 2475 3217 2515 res
3263 2460 3498 2515 absolvi-

1927 2559 2039 2604 tur.
2080 2548 2215 2604 Vide
2250 2564 2369 2618 qua:
2402 2551 2469 2605 de
2500 2551 2603 2605 hoc
2650 2552 2792 2607 festo
2827 2553 3150 2620 scripsimus
3197 2561 3329 2607 tom.
3365 2553 3383 2605 1
3428 2554 3499 2607 De

1926 2640 1984 2694 S.
2011 2640 2207 2705 Cruce,
2242 2642 2279 2695 l.
2311 2656 2348 2707 ι,
2375 2656 2422 2696 c.
2460 2643 2529 2697 68
2578 2653 2632 2697 et
2673 2644 2708 2697 l.
2741 2660 2754 2698 I
2788 2644 2860 2698 De
2904 2644 3078 2711 festis,
3111 2660 3161 2700 ο.
3192 2645 3262 2699 25
3304 2656 3361 2701 et
3404 2646 3495 2700 24.

1927 2735 2189 2790 llomilias
2217 2734 2530 2789 Graecorum
2551 2735 2603 2789 in
2626 2735 2965 2793 Parasceveu
2996 2736 3241 2793 invenies
3265 2746 3401 2792 tom.
3427 2738 3495 2802 ll,

1927 2826 2002 2881 De
2037 2841 2219 2881 cruce.
2255 2826 2457 2887 (iners.

1998 2917 2133 2972 Ibid.
2169 2918 2251 2990 [Al
2275 2913 2439 2988 ὧραι.
2461 2922 2534 2975 De
2564 2922 2760 2991 quibus
2783 2920 3170 2977 consulendum
3194 2921 3494 2977 Triolium.

266 3021 661 3089 reddendisque
683 3017 911 3072 honoris
939 3016 1129 3070 olliciis
1161 3015 1375 3085 longius
1410 3030 1623 3084 semper
1652 3016 1705 3071 in
1734 3018 1823 3069 de-
1851 3020 1894 3079 C
1997 3010 2143 3063 Ibid.
2190 3010 2309 3078 Τὴν
2353 3013 2754 3082 λειτουργίαν.
2795 3012 2938 3067 Hora
2985 3015 3158 3084 prima
3202 3015 3378 3070 noctis
3412 3016 3497 3069 di-

266 3112 774 3169 eessutdeducatur
807 3109 889 3161 vir
941 3109 1243 3162 honoratus
1288 3122 1451 3176 quam
1498 3108 1552 3160 in
1598 3121 1821 3161 accessu

266 3206 426 3257 cidem
485 3210 836 3264 occurratur,
887 3215 983 3269 par
1015 3209 1099 3254 est
1136 3208 1193 3254 ut
1246 3199 1292 3253 si
1323 3201 1424 3269 τῆς
1461 3198 1825 3270 Ὀδηγητριας

268 3293 473 3361 imagini
538 3293 604 3345 ἐν
629 3295 696 3361 τῇ
735 3291 878 3362 πύλῃ
927 3288 1021 3343 τοῦ
1058 3288 1324 3344 παλατιου
1376 3289 1545 3357 αὐλῆς
1580 3291 1824 3358 primum

264 3386 493 3439 occurrit
528 3385 855 3453 imperator,
879 3383 1096 3452 longius
1129 3382 1301 3435 multo
1342 3382 1573 3436 deducat
1614 3382 1825 3434 abeuu‘

268 3488 385 3542 tem,
418 3491 527 3530 non
575 3475 643 3528 ad
682 3475 837 3528 [ictos
879 3476 1050 3541 usque
1081 3473 1281 3541 gradus
1306 3473 1576 3537 excelsos,
1608 3473 1697 3525 sed
1744 3474 1823 3534 εἰς

267 3568 326 3620 τὰ
350 3569 627 3636 λεγόμενα
674 3565 891 3634 Ὗψηλὰ
936 3567 995 3617 ὲν
1040 3566 1151 3626 τοῖς
1202 3562 1498 3632 βασιλείοις
1547 3562 1655 3615 τῶν
1690 3561 1825 3613 Βλα-

266 3660 486 3730 χερνῶν,
547 3665 607 3712 et
636 3655 783 3726 quod
840 3656 918 3709 ait
971 3654 1061 3709 bie
1110 3664 1325 3719 auctor,
1361 3654 1524 3722 μέχρι
1568 3653 1665 3705 καὶ
1716 3651 1825 3703 τῶν

274 3749 542 3819 Ὑψηλῶν,
585 3747 878 3816 longovite
906 3755 1105 3809 tractu,
1154 3745 1710 3815 cujusaccessimiem
1742 3745 1826 3798 iu-

266 3845 401 3896 dicat
434 3839 713 3911 particula
744 3839 863 3901 καὶ,
909 3838 972 3890 ad
1029 3836 1211 3891 locum
1244 3851 1439 3904 nempe
1482 3834 1694 3904 ’Υψηλὲι
1727 3849 1824 3889 τοο

266 3945 463 3997 catum,
499 3946 670 4001 quem
698 3940 888 3984 auctor
916 3924 1035 3998 ipse
1073 3928 1126 3981 in
1162 3927 1481 3981 Blacliernio
1515 3928 1715 3995 palatio
1744 3930 1826 3979 vel

266 4027 328 4080 ad
358 4026 491 4079 illud
538 4026 700 4093 juxta
732 4020 969 4090 reponit,
1002 4035 1051 4073 c.
1090 4019 1177 4082 l5,
1212 4035 1265 4088 p.
1297 4019 1386 4083 80,
1433 4019 1526 4072 ubi
1558 4018 1632 4072 ait
1657 4019 1827 4086 impe-

266 4126 494 4171 ratorem
550 4114 623 4168 ad
659 4112 1079 4165 Blacbcrnarum
1129 4111 1413 4182 templum,
1446 4110 1537 4165 cui
1585 4111 1823 4164 vicinum

266 4216 376 4261 erat
405 4207 657 4275 ejusdem
692 4200 930 4256 nominis
961 4200 1247 4269 palatium,
1282 4214 1313 4252 a
1338 4199 1600 4269 Barangis
1630 4200 1824 4254 deduci

270 4299 421 4367 μέχρι
448 4296 565 4348 τῶν
618 4290 891 4361 ’Υψηλῶν,
921 4299 1071 4345 certe
1102 4305 1208 4343 non
1246 4290 1312 4343 ad
1346 4291 1594 4346 excelsos
1624 4291 1826 4360 gradus

266 4390 378 4458 ejus
415 4406 444 4444 e
472 4403 590 4458 quo
629 4387 804 4439 fuerat
832 4398 1090 4453 egressus
1117 4383 1323 4451 palatii,
1350 4384 1442 4437 sed
1475 4384 1543 4438 ad
1577 4384 1824 4438 destina-

269 4490 372 4533 tum
403 4480 659 4541 alterius,
692 4477 756 4530 ad
785 4476 930 4546 quod
968 4475 1243 4538 tendebat,
1284 4476 1484 4529 locum.
1521 4475 1720 4547 ϐολῇ.)

328 4572 480 4625 Adde
529 4571 680 4640 quod
740 4569 855 4637 ipse
894 4569 1191 4635 imperator
1238 4568 1528 4635 imaginem
1582 4568 1829 4639 llodegc-

269 4665 380 4719 tria
398 4666 644 4720 secunda
672 4662 955 4717 Paschatis
971 4664 1100 4716 feria
1126 4663 1191 4715 ad
1220 4664 1437 4730 propria
1468 4671 1829 4716 revertentem

268 4758 519 4824 prosequi
583 4755 801 4810 solebat
843 4768 1017 4820 usque
1072 4755 1137 4806 ad
1170 4748 1416 4807 excelsos
1462 4756 1687 4821 gradus,
1720 4753 1833 4806 imo

266 4858 316 4899 et
345 4857 525 4912 extra,
563 4854 626 4901 ut
650 4845 784 4899 dicit
806 4845 1154 4913 Curopalata,
1188 4859 1238 4898 c.
1274 4844 1361 4908 12,
1399 4860 1453 4913 p.
1487 4845 1592 4900 7‘2:
1623 4861 1723 4900 nec
1752 4857 1832 4899 tae

269 4954 383 4990 tuen
422 4938 491 4991 ad
544 4934 806 5003 templum
857 4933 1240 4987 Blachcrnium
1293 4943 1423 4988 tunc
1456 4933 1568 4989 ibat
1598 4935 1831 5004 impera-

268 5038 370 5080 tor.
432 5028 542 5082 Sed
603 5041 713 5079 non
771 5037 853 5079 est
893 5025 1058 5094 326
1086 5038 1222 5092 Opus
1271 5024 1543 5091 pluribus.
1602 5027 1832 5094 lpsemet

266 5116 457 5172 Junius
510 5131 573 5171 se
623 5115 840 5181 refellit,
891 5117 981 5184 qui
1017 5117 1128 5169 haec
1170 5130 1219 5181 ῃ.
1273 5114 1378 5168 526
1409 5132 1422 5168 :
1456 5116 1566 5185 Τῆς
1610 5116 1834 5185 '06qu-

267 5210 442 5275 τρίας,
476 5208 532 5262 id
564 5217 643 5261 est
693 5208 842 5260 ducis
879 5208 997 5267 rite,
1048 5216 1226 5259 statua
1255 5205 1356 5269 fuit
1386 5218 1537 5261 extra
1572 5208 1831 5275 palatium

268 5299 436 5366 Cpoli,
467 5302 527 5352 in
550 5299 739 5367 templo
765 5307 814 5351 et
845 5298 1161 5351 monasteria
1194 5296 1378 5361 nobili,
1415 5298 1553 5365 quod
1580 5299 1832 5365 templum

270 5391 510 5445 Zonaras
543 5393 670 5443 νειὸν
701 5390 810 5443 τῶν
843 5390 1107 5459 Ὀδηγῶν,
1130 5390 1182 5441 in
1218 5390 1437 5457 imperio
1470 5388 1560 5443 ΡΙ.
1600 5391 1832 5446 Michae-

268 5484 349 5545 lis,
379 5483 718 5552 Nicepltorus
752 5480 1013 5550 Gregoras
1040 5481 1074 5534 ι.
1107 5497 1160 5533 ιι
1192 5483 1570 5535 monasterium
1598 5482 1833 5554 llodege-

270 5575 427 5626 trium
454 5574 763 5642 appellavit.
798 5572 895 5625 llis
936 5582 1109 5624 autem
1142 5571 1326 5624 diebus
1362 5574 1412 5625 in
1460 5572 1717 5640 palatium
1754 5576 1833 5629 iu-

269 5665 565 5733 {crcbatnn
596 5666 721 5720 ilzcc
753 5665 863 5719 ille.
891 5665 955 5716 At
978 5665 1104 5731 quid
1137 5665 1337 5718 clarius
1369 5682 1529 5735 quam
1571 5670 1831 5739 templum

606 5759 869 5816 l'nnoL.
903 5758 1011 5812 Gn.
1058 5755 1285 5813 ilU'll.

1931 3103 2181 3158 cendam.
2217 3101 2496 3158 Triodium
2531 3120 2546 3157 :
2594 3105 2829 3174 Ὀφείλει
2876 3107 2932 3159 δὲ
2960 3106 3105 3176 ἔχειν
3154 3107 3446 3177 ἀκρίϐειαν
3472 3108 3500 3160 ὀ

1930 3194 2338 3270 ὲκκληςιάρχης
2372 3195 2483 3261 ἵνα,
2514 3196 2643 3252 ὅταν
2686 3200 2815 3268 ποιῇ
2857 3198 3180 3267 ἀπόλυσινή
3230 3200 3497 3269 ἐκκλησία

1928 3294 2029 3361 τῆς
2054 3290 2429 3358 λειτουργίας,
2469 3289 2690 3361 ὑπάρχῃ
2716 3292 2833 3362 ὥρα
2863 3294 3090 3363 δευτέρα
3115 3296 3213 3361 τῆς
3251 3294 3471 3363 λειτουρ

1929 3384 2074 3452 γιας.
2111 3382 2439 3451 Vespertina:
2470 3400 2600 3439 vero
2634 3386 2840 3449 laudes,
2874 3388 3076 3455 quibus
3122 3387 3236 3456 ipsa
3269 3388 3498 3457 conjun-

1928 3470 2089 3539 gitur,
2124 3471 2332 3525 decima
2364 3471 2474 3527 diei
2504 3472 2635 3527 hora
2662 3473 2949 3541 incipiunt.
2973 3475 3184 3547 GOAR.]

2000 3560 2139 3616 Ibid.
2176 3561 2269 3614 Illa
2312 3562 2451 3631 μετὰ
2506 3564 2603 3632 τὴν
2658 3564 2755 3616 τοῦ
2802 3564 3129 3620 ’Δποστόλου
3188 3570 3496 3637 ἀνάγνωσιν

1928 3653 2126 3708 Junius
2158 3655 2360 3708 vertit:
2415 3665 2528 3720 post
2580 3655 2854 3710 lectionem
2916 3671 3092 3712 autent
3143 3662 3405 3726 Apostoli,
3439 3664 3494 3715 id

1929 3750 2028 3801 est,
2064 3742 2134 3793 ad
2160 3757 2280 3794 eum
2312 3757 2475 3811 usque
2504 3744 2672 3796 locum
2698 3760 2718 3797 .'
2745 3743 2934 3814 Surge,
2969 3746 3130 3813 Deus,
3162 3750 3251 3816 qui
3277 3749 3495 3817 judicas

1932 3844 2151 3887 terram.
2186 3832 2397 3888 Vitiose
2426 3850 2668 3903 prorsus,
2703 3837 2856 3904 quasi
2897 3837 3025 3890 illud
3064 3854 3217 3907 surge
3249 3839 3387 3894 Deus
3428 3845 3493 3895 ad

1929 3924 2175 3991 Apostoli
2196 3924 2481 3979 lectionem
2508 3928 2801 3993 pertineat,
2830 3942 2952 3982 cum
2984 3928 3053 3982 sit
3075 3930 3302 3997 sticbus,
3332 3949 3494 4001 quem
3582 3948 3589 4005 χ

1932 4025 2055 4084 post
2109 4015 2396 4069 lectionem
2432 4016 2681 4084 Apostoli
2720 4032 2783 4071 ex
2816 4018 3057 4086 Epistola
3104 4022 3169 4075 ad
3219 4020 3495 4079 Romanos

1930 4119 2204 4177 sumptum
2234 4108 2475 4162 concinit
2500 4107 2740 4163 Psaltes:
2779 4109 3039 4182 Exsurge,
3063 4113 3221 4180 Deus,
3242 4114 3497 4182 judicans

1932 4210 2151 4261 terram,
2194 4203 2322 4271 quia
2375 4214 2431 4255 tu
2466 4202 2804 4256 lucreditabis
2836 4206 2888 4257 in
2938 4207 3182 4261 omnibus
3230 4211 3492 4279 gentibus.

1935 4294 2171 4362 Subjicit
2224 4296 2434 4348 lector:
2469 4293 2611 4348 Deus
2663 4298 2804 4350 stetit
2839 4298 2893 4350 in
2940 4314 3208 4369 synagoga
3251 4302 3495 4366 deorum,
3544 4294 3549 4299 ’

1933 4385 1987 4435 in
2017 4384 2185 4435 medio
2219 4395 2395 4436 autem
2426 4384 2548 4437 deos
2598 4386 2883 4454 dijudical,
2915 4398 3019 4444 etc.
3064 4390 3311 4447 Suecinit
3352 4395 3499 4463 psal-

1935 4485 2015 4529 tes
2050 4492 2065 4530 :
2116 4475 2379 4546 Exsurge.
2440 4477 2598 4540 Deus,
2637 4488 2765 4544 διε..
2808 4492 2863 4534 et
2920 4481 3020 4536 hoc
3067 4485 3289 4552 saepius,
3331 4496 3388 4540 ut
3414 4487 3497 4541 di-

1936 4568 2133 4621 stincte
2178 4568 2343 4624 habes
2373 4569 2426 4621 in
2457 4568 2704 4625 Triodio.
2751 4570 2897 4641 Ergo
2928 4573 3009 4627 vel
3043 4585 3164 4641 post
3205 4577 3494 4632 lectionem

1933 4660 2180 4729 Apostoli
2221 4663 2303 4717 vel
2350 4672 2473 4731 post
2502 4663 2662 4732 327
2702 4665 3026 4732 subjunctos
3073 4667 3300 4733 Stichos,
3354 4685 3496 4736 quo-

1934 4765 2055 4804 rum
2098 4752 2431 4819 principium
2457 4763 2541 4806 est
2567 4768 2792 4823 exsurge
2820 4753 2983 4818 Deus,
3024 4765 3289 4825 spargunt
3330 4759 3497 4812 lecto-

1935 4858 2022 4898 res
2057 4854 2109 4897 et
2137 4845 2284 4910 pueri
2324 4844 2596 4899 honorarii
2641 4845 2820 4899 lauros
2850 4863 2863 4897 :
2911 4846 3194 4914 legendum
3226 4849 3370 4903 enim
3413 4860 3498 4905 est

1934 4936 2197 4987 πάττουσι
2236 4937 2318 4988 vel
2358 4936 2649 4999 πάσσουσι,
2682 4936 3057 4989 ἀποπάττουσι
3111 4940 3192 4992 vel
3246 4940 3493 4993 ἀποπάσ⁴

1936 5040 2111 5079 σσυσι.
2152 5022 2286 5077 Vide
2310 5039 2428 5090 quae
2456 5025 2776 5093 scripsimus
2797 5025 2863 5079 de
2893 5041 3092 5097 magno
3124 5029 3362 5085 Sabbato
3387 5031 3424 5083 l.
3452 5047 3493 5094 ι,

1937 5114 2009 5168 De
2039 5114 2214 5179 festis,
2252 5131 2300 5171 c.
2327 5116 2415 5168 25.
2440 5115 2644 5170 Gasrs.

2006 5205 2141 5261 Ibid.
2170 5208 2451 5279 [Δάφνας.
2486 5210 2731 5281 Arbitror
2764 5212 2818 5265 in
2848 5214 3048 5269 laetitiae
3079 5231 3177 5283 pro
3215 5214 3494 5271 Doutinica

1936 5300 2339 5355 resurrectione
2368 5312 2772 5369 argumentum,
2797 5303 2877 5359 vel
2906 5307 2973 5359 ad
3002 5306 3261 5372 victoriae,
3286 5307 3332 5361 si
3360 5308 3496 5361 bella

1936 5399 2282 5459 premerent,
2342 5393 2469 5447 felix
2522 5409 2681 5448 omen
2740 5398 3049 5465 imperatori
3109 5400 3494 5465 promendum.

2010 5486 2068 5539 P.
2106 5485 2191 5538 75.
2232 5484 2490 5553 Τράπεζα
2536 5487 2603 5540 δὲ
2647 5489 2936 5555 οὐδαμῶς.
2990 5492 3066 5544 Eo
3093 5491 3235 5558 quod
3276 5490 3333 5549 in:
3380 5492 3499 5559 ipsa

1937 5577 2163 5631 ecclesia
2208 5578 2391 5631 sobria
2428 5577 2579 5631 valde
2612 5578 2875 5632 habeatur
2906 5580 3154 5635 refectio.
3186 5579 3494 5649 Triedium,

1946 5672 2033 5725 ubi
2069 5672 2133 5725 de
2168 5671 2451 5725 monachis
2484 5670 2643 5726 hodie
2672 5672 2909 5741 loquitur
2939 5690 2951 5728 :
2983 5674 3133 5725 Mx)
3165 5672 3215 5724 δὲ
3244 5674 3338 5742 τὴν
3368 5674 3499 5727 ἀπύ-

3067 5764 3135 5827 12
