3952 6222
358 214 461 285 365

1457 206 1845 272 GRETSERI
1882 200 1977 268 ΕΤ
2020 204 2262 269 GOARI
2291 198 2535 267 NOTAE.

3524 188 3628 253 366

363 332 672 403 inexpiabili
700 330 904 386 sceiere
940 344 1061 384 sese
1079 326 1405 403 obstrictum
1430 322 1776 381 credidisset.
1802 323 1941 390 Quid
1974 372 1979 385 «

2095 322 2267 391 ατέρα
2301 316 2621 387 ἀντιφιλεῖν.
2674 312 2857 368 Solam
2890 324 3115 366 manum
3165 306 3401 363 senioris
3436 303 3631 372 juniur

362 427 499 499 quod
522 423 711 480 Batavi
733 421 1038 479 Calviniani
1058 421 1285 493 pedibus
1312 418 1426 475 suis
1448 418 1637 475 oscula
1654 418 1783 473 terti
1800 416 1946 471 haud

359 535 495 591 aegre
519 519 667 590 passi
686 518 859 580 sunt}
883 513 1015 570 Nam
1039 516 1094 569 in
1116 512 1469 585 navigatione
1495 511 1739 568 Australi
1758 506 1947 564 Jacobi

359 617 401 668 te
431 611 624 677 Μαίη,
656 609 838 665 Leidte
873 610 927 662 in
962 605 1251 662 Iiollandia
1283 602 1425 674 typis
1453 617 1657 659 excusa
1677 617 1822 657 anno
1840 600 1946 655 Re-

358 702 655 776 demptoris
680 702 844 767 I6l9,
886 704 999 756 hate
1034 698 1246 769 prodita
1268 696 1482 753 suntde
1532 694 1683 751 Indis
1721 694 1950 766 quibus-

358 799 475 855 dam
503 815 516 851 :
550 795 657 863 Qui
681 795 952 849 intrabant
993 809 1176 847 nauem
1197 798 1429 847 nostram
1454 802 1517 845 ea:
1538 789 1689 858 ipsis,
1708 789 1761 842 in
1779 800 1950 857 genua

358 890 687 960 procidentes
723 884 944 957 pedibus
994 886 1195 940 nostris
1247 884 1429 938 oscula
1466 882 1722 953 ﬁgebant.
1777 877 1949 933 Paulo

342 991 511 1054 ’post:
548 976 616 1034 Ut
645 980 875 1046 primum
898 992 1081 1029 narem
1100 973 1473 1029 conscenderat
1502 969 1776 1043 (Indorum
1807 967 1948 1031 rexi,

358 1071 635 1144 procidens
660 1072 716 1123 in
740 1079 910 1139 genua
942 1083 1003 1121 ac
1041 1067 1387 1136 procumbens
1436 1065 1489 1118 in
1544 1063 1735 1132 faciem
1774 1077 1951 1131 preces

360 1181 483 1218 suas
513 1160 727 1232 clfudit.
761 1158 967 1214 Ductus
996 1159 1066 1212 ad
1089 1158 1349 1225 inferiora
1379 1159 1550 1220 navis.
1595 1156 1789 1210 iterant
1830 1162 1954 1221 pro-

359 1252 602 1306 cumbens
621 1249 888 1313 adoravit.
915 1260 1023 1304 etc.
1046 1246 1278 1303 Comites
1315 1248 1481 1314 ipsius
1530 1246 1683 1316 pedes
1741 1256 1952 1301 nostros

359 1343 835 1407 “osculabantur,
866 1350 1208 1411 acceptusque
1230 1355 1318 1396 eos
1346 1338 1590 1395 manibus
1620 1339 1733 1393 suis
1779 1337 1955 1406 capiti

363 1436 695 1505 imponebant
726 1434 796 1490 ad
817 1433 1685 1504 demissionemsubjectionemque
1736 1427 1956 1485 demon-

362 1525 666 1581 strandam.
699 1526 767 1581 Et
793 1524 1021 1596 quinam
1046 1525 1159 1593 isti,
1194 1524 1396 1595 quibus
1424 1520 1738 1578 lubentibus
1768 1530 1956 1577 tantus

2055 413 2408 470 osculabatur
2451 407 2728 477 quondam
2766 422 2780 459 :
2812 404 3053 461 Basilius
3099 401 3245 457 enim
3280 395 3507 453 Macedo
3534 394 3632 449 Ili-

2054 503 2247 560 chaele
2273 502 2339 557 ad
2374 499 2571 555 lectum
2601 497 2840 552 deducto
2871 493 2968 564 τὴν
3002 494 3162 563 χεῖρα
3204 488 3440 559 φιλήσας
3478 485 3631 556 terp-

2056 597 2168 650 θεν.
3373 612 3377 617 '

2126 688 2186 742 P.
2207 687 2295 742 75.
2322 684 2498 759 [Οὔτε
2521 680 2648 752 μὴν
2666 682 2753 747 εὶς
2776 677 2885 733 ἑὸν
2904 674 3252 744 ἀσπασμόν;
3290 670 3368 725 Ad
3391 668 3634 724 Francos

2060 781 2413 852 Venetosqne
2448 778 2582 833 urbe
2601 773 2707 831 (ΖΡ.
2734 771 3033 844 ejiciendus
3061 766 3307 831 Michaeli
3326 764 3635 829 Palaeolngn

2055 875 2241 946 copias
2294 869 2592 926 auxiliares
2646 865 3019 945 promiserant
3063 860 3382 915 Gennenses
3426 873 3442 910 :
3508 857 3636 909 hinc

2052 965 2366 1023 communia
2386 961 2535 1034 pacis
2559 956 2979 1025 concordiaeque
3009 953 3239 1009 fwdera.
3266 947 3454 1004 Veneti
3480 961 3632 1007 vero,

2056 1068 2115 1113 ut
2167 1056 2259 1126 qui
2311 1069 2437 1108 cum
2491 1048 2720 1106 Francis
2768 1047 3200 1117 imperaverant,
3251 1040 3450 1095 {cedant
3507 1053 3634 1092 cum

2055 1147 2262 1204 Grazcis
2312 1142 2665 1200 concordiam
2696 1149 2751 1196 et
2798 1128 3176 1208 opprobrium'
3210 1128 3637 1201 subiectionem-

2055 1257 2163 1312 que
2226 1238 2480 1295 redoleus
2534 1235 2716 1292 Ioedus
2780 1231 2920 1287 inire
2971 1228 3441 1285 detrectaverunt.
3502 1216 3638 1274 Vide

2055 1311 2359 1404 Cregoram
2406 1328 2669 1399 superius
2712 1325 2968 1386 relatum,
3000 1336 3101 1377 nec
3131 1334 3242 1374 non
3293 1315 3513 1372 Petrum
3544 1311 3643 1367 Ju-

2057 1424 2358 1479 stinianum
2393 1419 2728 1477 Venetorum
2766 1425 2822 1473 et
2855 1412 3231 1472 Genuensium
3274 1408 3426 1465 vario
3472 1406 3643 1462 Marte

2060 1517 2208 1571 inter
2246 1529 2307 1571 se
2359 1512 2762 1569 decertantium
2798 1509 2939 1565 bella
2986 1504 3236 1562 historia:
3265 1501 3486 1559 Veneta
3537 1498 3575 1553 I.
3610 1512 3641 1555 v

367 1620 457 1675 hie
476 1619 655 1674 bonos
682 1592 895 1673 delalus
919 1616 945 1671 I
969 1592 1259 1673 Praedones
1289 1622 1345 1671 et
1398 1615 1591 1687 pirate
1626 1624 1696 1669 ex
1739 1610 1951 1668 Calvini
1991 1674 2033 1687 _
2060 1607 2492 1669 describentem,
2520 1620 2586 1660 ac
2611 1603 2829 1659 tandem
2855 1601 3034 1671 ipsum
3062 1597 3380 1654 Michaelem
3398 1592 3644 1687 victoriis

366 1708 607 1777 olliciua,
639 1710 730 1780 qui
766 1707 1244 1766 Iortassishostias
1275 1674 1517 1781 quoque,
1548 1707 1593 1764 si
1618 1705 1735 1762 Indi
1755 1721 1848 1763 eas
1867 1707 1961 1762 ob-
1991 1674 2037 1734 B
2068 1702 2293 1767 elatum,
2330 1699 2473 1755 haud
2501 1708 2683 1753 tamen
2710 1694 3146 1756 insolescentem,
3174 1688 3494 1781 Venetos,ga
3524 1685 3644 1755 qui-

370 1803 647 1863 tnlissent.
672 1801 817 1857 haud
847 1801 1257 1872 repudiassent,
1293 1808 1355 1856 ut
1380 1802 1583 1856 factum
1613 1815 1643 1855 a
1689 1798 1860 1855 Paulo
1910 1810 1967 1855 et

370 1894 622 1949 Barnaba
650 1895 771 1949 Act.
794 1908 908 1955 stv,
928 1907 1053 1948 cum
1077 1891 1402 1964 Lystrenscs
1421 1892 1501 1948 eis
1516 1891 1846 1948 sacriﬁcium
1864 1906 1965 1947 ceu

369 1976 494 2038 lavi
512 1992 569 2038 et
600 1978 868 2038 Mercurio
897 1989 1245 2052 appararent.
1271 1978 1485 2048 Quibus
1508 1980 1843 2037 clamoribus
1864 1988 1968 2036 ter-

373 2092 490 2129 ram
516 2086 569 2130 et
598 2076 800 2132 mthera
837 2092 945 2131 non
972 2073 1337 2146 complerent,
1364 2078 1409 2132 si
1442 2086 1537 2132 aut
1564 2076 1617 2131 in
1645 2076 1802 2132 libris
1824 2080 1968 2147 lege-

372 2178 499 2224 rent
525 2177 621 2223 aut
650 2169 917 2224 relatione
933 2168 1169 2224 aliorum
1180 2168 1296 2225 acci
1306 2179 1497 2238 perent
1524 2168 1836 2239 pontificem
1860 2166 1967 2222 Ilo-

375 2276 603 2315 manum
633 2276 739 2314 non
774 2268 988 2316 tantum
1033 2260 1346 2331 permittere
1380 2269 1439 2315 ut
1467 2259 1592 2330 quis
1640 2263 1803 2332 pedes
1849 2260 1979 2331 ejus.

373 2350 678 2416 osculetur,
702 2353 797 2406 sed
818 2361 871 2406 et
912 2352 1143 2408 tolerare
1173 2362 1231 2407 ut
1277 2352 1401 2421 quis
1448 2352 1611 2423 pedes
1632 2354 1795 2423 capiti
1815 2367 1975 2424 argu-

376 2456 626 2498 mentum
653 2442 1008 2511 snbjectionis
1030 2443 1318 2515 imponat?

457 2534 576 2590 Lib.
610 2524 854 2591 tliistor.
879 2526 1268 2600 Cantacureni,
1308 2552 1358 2592 c.
1429 2536 1520 2606 16,
1565 2539 1846 2593 osculatur
1889 2541 2001 2620 Ῑιι-⁸

379 2629 505 2684 nior
534 2627 885 2683 Andronicus
916 2628 1153 2684 senioris
1170 2627 1493 2693 Andronici,
1515 2628 1600 2683 avi
1620 2629 1729 2694 sui,
1748 2629 1936 2697 pedem
1960 2645 1975 2689 ;

380 2721 477 2775 ubi
510 2718 937 2777 additur:More
962 2718 1213 2773 Romanis
1259 2720 1666 2789 imperatoribus
1718 2730 1979 2791 receptum

379 2819 525 2873 erat,
552 2825 671 2863 cum
695 2810 962 2880 quispiam
988 2811 1501 2880 consanguineorum
1527 2820 1618 2865 aut
1639 2811 1841 2881 alioqui
1855 2828 1981 2883 gra¢

383 2906 465 2957 tia
499 2903 643 2972 apud
663 2918 751 2956 eos
768 2902 1069 2971 ﬂorentium
1094 2911 1375 2957 secundum
1404 2902 1771 2957 adorationem
1798 2903 1979 2971 pedem

381 2996 731 3065 imperatoris
757 2994 941 3050 osculo
972 2996 1297 3067 contigisset,
1328 3006 1384 3049 ut
1426 2996 1711 3066 imperator
1755 2997 1983 3052 uicissim

383 3081 505 3158 ejus
528 3088 721 3158 faciem
748 3083 1168 3143 deoscularetur.
1189 3086 1320 3142 Cum
1354 3087 1533 3159 itaque
1554 3097 1668 3142 tum
1697 3100 1855 3157 neptis
1898 3089 1983 3143 avi

385 3181 576 3253 pedem
606 3180 879 3235 osculatus
910 3183 1117 3251 fuisset,
1151 3182 1260 3246 ille,
1293 3198 1357 3235 ne
1386 3180 1696 3252 inexpiabili
1726 3182 1847 3257 odio
1876 3182 1982 3252 ﬂa-

386 3288 550 3342 grare
577 3275 880 3326 crederetur
899 3273 946 3325 si
998 3287 1089 3325 nec
1128 3271 1192 3325 iis
1256 3279 1492 3340 nepotem
1519 3280 1569 3325 et
1613 3274 1985 3341 imperatorem

387 3359 705 3425 dignaretur
717 3373 836 3427 qua
851 3359 1075 3428 privatis
1103 3360 1421 3414 tribucrentu
1431 3377 1475 3421 r.
1515 3360 1704 3430 faciem
1725 3360 1841 3431 ejus
1860 3377 1987 3415 con-

391 3457 479 3501 tra
508 3460 559 3503 et
591 3450 702 3518 ipse
730 3453 916 3504 osculo
950 3449 1156 3506 libavit.
1208 3448 1352 3507 Idem
1404 3449 1754 3507 Andronicus
1799 3450 1989 3522 junior

392 3544 595 3596 iterum
622 3540 710 3594 avi
743 3541 933 3612 pedem
965 3540 1185 3613 publice
1210 3542 1495 3598 osculatus
1525 3551 1611 3599 est
1637 3558 1678 3608 t,
1701 3540 1768 3598 51
1800 3542 1987 3613 ;quod

393 3648 451 3686 c.
482 3631 553 3686 50
585 3641 844 3703 tanquam
873 3646 1193 3702 expressum
1223 3633 1589 3704 subjectionis’
1620 3634 1886 3692 indicium
1905 3651 1990 3692 re-

397 3723 628 3798 petitur.
661 3739 724 3790 tt,
752 3723 809 3789 5,
842 3720 1025 3781 Persae
1052 3726 1423 3782 Andronicum
1451 3724 1727 3797 iuniorem
1750 3727 1989 3799 impera-

398 3828 580 3873 torem
602 3826 892 3899 antequam
907 3819 1390 3891 appropinquaret,
1403 3819 1678 3892 capitibus
1696 3817 1849 3876 humi
1864 3820 1991 3875 sub-

401 3911 594 3967 missis
613 3910 937 3966 adorabant.
960 3908 1070 3968 Sed
1096 3914 1351 3983 princeps
1380 3913 1676 3970 Persarum
1729 3914 1797 3968 ad
1859 3927 1986 3967 eum

400 4003 638 4073 pedibus
669 4003 936 4060 accedens
965 4013 1020 4061 et
1054 4005 1320 4061 adorabat
1345 4014 1399 4060 ct
1437 4005 1627 4076 pedem
1662 4005 1809 4061 illius
1830 4020 1995 4060 oscu-

403 4096 641 4150 labatur.
667 4110 751 4163 tn,
784 4094 875 4161 38,
903 4095 1273 4153 Protostrator
1318 4114 1443 4152 cum
1471 4099 1586 4153 suis
1615 4097 1801 4168 pedem
1833 4095 1999 4151 Joan-

405 4188 494 4242 nis
528 4186 902 4244 Cantscuzeni
949 4188 1296 4259 imperatoris
1330 4189 1628 4245 osculatur.
1672 4189 1820 4244 Idem
1858 4187 1999 4242 iitab

402 4279 551 4341 aliis.
579 4293 629 4334 ο.
655 4277 744 4333 40.
776 4277 920 4335 Idem
949 4280 1016 4335 ab
1046 4279 1174 4345 alio,
1207 4292 1257 4335 c.
1295 4280 1385 4346 42,
1407 4289 1460 4336 et
1488 4296 1519 4335 a
1543 4278 1750 4343 Persis,
1787 4296 1861 4343 tv,
1893 4276 2017 4343 10;.

2072 1797 2177 1853 bus
2200 1794 2306 1851 sibi
2337 1793 2643 1849 cavendum
2674 1788 2921 1852 rebatur,
2961 1786 3029 1843 de
3062 1799 3193 1856 pace
3224 1779 3493 1839 ﬁrmanda
3517 1792 3651 1833 exo-

2076 1899 2311 1945 rantemt

2146 1980 2290 2035 Ibid.
2319 1974 2697 2052 [Καποΰτζια.
2722 1973 2853 2029 I’ilei
2884 1986 3058 2045 genus
3089 1979 3216 2025 ante
3252 1982 3422 2039 pauca
3454 1965 3651 2021 salcula

2077 2074 2131 2130 in
2178 2070 2394 2142 Europa
2449 2068 2892 2126 usitatissimmn.
2944 2063 3121 2120 Latini
3169 2061 3467 2132 caputium,
3514 2056 3653 2113 Galli

2078 2167 2366 2236 chapcron,
2417 2160 2535 2218 Itali
2567 2176 2801 2231 capusso
2850 2156 3126 2213 dicebant.
3171 2154 3244 2212 De
3288 2169 3398 2226 quo
3456 2167 3657 2209 COIISH-

2080 2260 2275 2315 lendus
2305 2256 2619 2328 Stephanus
2650 2252 2981 2310 Paschasius
3008 2249 3459 2321 disquisitiouum
3489 2243 3660 2299 Frana

2082 2354 2480 2415 cicarutn,vm,
2513 2350 2600 2413 18.
2625 2356 2680 2404 et
2696 2348 2784 2403 45.
2806 2346 3249 2415 Capitiumvocst
3275 2337 3478 2396 Paulus
3493 2337 3663 2393 [Emi-

2085 2445 2190 2499 Iius
2214 2448 2270 2499 in
2299 2440 2510 2498 Joanne
2533 2440 2729 2509 primo.
2761 2435 2960 2508 οδω]

2160 2530 2301 2591 Ibid.
2367 2533 2611 2601 Τρεύαν.
2667 2523 3130 2586 Latino-Barbare
3186 2537 3392 2595 treuga.
3457 2524 3667 2578 Dicitur

2086 2627 2250 2682 etiam
2282 2624 2473 2697 τρὲϐα.

2161 2717 2301 2772 Ibid.
2336 2718 2711 2781 Μπατουλος.
2746 2709 2822 2769 Ita
2876 2710 3187 2782 legendum.
3234 2706 3423 2780 Inepte
3469 2706 3669 2762 Junius

2089 2810 2375 2872 ).ortdi)o;.
2429 2808 2592 2865 Falso
2639 2809 2773 2862 citat
2802 2806 3128 2875 Gregoram,
3166 2804 3202 2860 I.
3238 2820 3314 2871 tv,
3341 2805 3494 2873 quasi
3523 2804 3668 2872 apud

2093 2905 2247 2959 illum
2272 2904 2484 2975 legatur
2505 2901 2761 2973 lypaitus,
2792 2916 2915 2956 cum
2944 2899 3170 2956 ϐιαιως»
3198 2908 3380 2954 textus
3407 2896 3673 2953 distincte

2097 2995 2292 3052 habeat
2322 2994 2643 3065 μπαϊουλος,
2699 3002 2754 3049 et
2808 2994 3080 3063 interpres
3115 2992 3352 3058 baiulus,
3381 2999 3530 3061 recte
3567 2996 3672 3045 uti-

2089 3102 2215 3157 que.
2249 3080 2477 3142 Frustra
2508 3095 2592 3139 est
2642 3082 2912 3140 Meursius
2940 3085 3033 3154 qui
3078 3084 3304 3156 corrigit
3340 3086 3671 3151 ιλπατουλος,

2087 3178 2252 3235 unica
2279 3176 2465 3232 littera
2494 3174 2849 3246 trausposita,
2877 3173 3033 3245 quasi
3060 3174 3131 3229 sit
3153 3189 3324 3243 purus
3345 3182 3510 3245 putus
3536 3174 3674 3232 idio-

2089 3271 2285 3327 tismus
2311 3268 2557 3324 Italicus.
2592 3267 2697 3322 Sed
2744 3281 2871 3321 cum
2902 3264 3149 3321 Codinus
3190 3262 3457 3322 hactenus
3516 3265 3675 3324 Italo-

2090 3376 2214 3418 rum
2244 3360 2493 3417 articulis
2516 3374 2625 3415 non
2662 3360 2734 3413 sit
2756 3374 2913 3425 usus,
2938 3357 3202 3415 credibile
3223 3369 3309 3417 est
3333 3374 3458 3416 eum
3488 3376 3668 3432 neque

2091 3453 2180 3510 hic
2206 3462 2367 3508 u‘sum
2400 3450 2611 3517 fuisse;
2668 3460 2907 3520 cumque
2952 3447 3039 3520 ap
3078 3449 3159 3505 vel
3188 3461 3229 3503 tt
3275 3450 3667 3523 incipientibus

2092 3544 2430 3601 recentiores
2481 3540 2657 3599 Graeci
2708 3541 2945 3600 litteram
2991 3559 3033 3613 μ
3081 3557 3400 3615 praeponere
3435 3546 3669 3608 soleant.

2095 3641 2156 3689 ut
2181 3633 2417 3705 ipsemet
2450 3630 2727 3688 Meursius
2772 3631 2827 3687 in
2874 3631 3156 3689 Glossario
3185 3632 3438 3703 pluribus
3487 3650 3668 3691 exem-

2095 3727 2201 3797 plis
2230 3725 2499 3793 ostendit,
2536 3724 2736 3782 rationi
2768 3725 2927 3796 plane
2976 3739 3285 3782 consonum
3313 3736 3400 3784 est
3446 3729 3670 3785 credere

2094 3818 2365 3874 Codinum
2416 3814 2511 3873 hic
2540 3816 2833 3887 scripsisse
2871 3817 3193 3887 μπαῖουλος,
3230 3831 3387 3875 more
3436 3818 3668 3877 aliorum

2096 3925 2161 3966 ex
2192 3908 2499 3966 recentiore
2524 3905 2730 3964 Graecia
2762 3909 3121 3978 scriptorum.

2169 3998 2236 4059 P.
2259 4000 2348 4057 76.
2375 4000 2459 4054 Ad
2490 3995 2752 4055 Francos.
2786 3998 2984 4055 Franci
3032 4000 3087 4055 in
3121 4002 3494 4060 recentiorum
3526 4006 3671 4063 ϐιαιο
3753 3998 3764 4031 λ

2098 4112 2292 4153 eorum
2335 4096 2558 4165 scriptis
2600 4111 2708 4149 non
2739 4095 2919 4150 solum
2966 4094 3105 4150 Galli
3154 4094 3488 4169 intelligendi
3519 4112 3671 4165 sunt,

2102 4188 2280 4260 inquit
2313 4185 2534 4252 Junius,
2568 4187 2665 4242 sed
2698 4185 2817 4241 Itali
2861 4202 3081 4257 quoque
3107 4198 3162 4243 et
3194 4186 3391 4257 Siculi,
3433 4206 3502 4246 eo
3530 4196 3675 4264 quod

2101 4283 2233 4337 olim
2266 4281 2469 4337 Siciliae
2500 4293 2730 4352 regnum
2762 4289 2818 4335 et
2846 4295 2976 4351 pars
3000 4280 3168 4337 Italiae
3197 4298 3245 4363 λ.
3268 4281 3497 4342 Francis
3530 4295 3673 4343 tene-

405 4387 492 4436 ιιι,
525 4370 614 4431 i3.
642 4365 867 4426 Triballi
888 4371 1135 4442 ejusdem
1162 4368 1524 4427 Cantacuzeni
1555 4387 1696 4443 genu
1746 4370 1999 4426 osculan-
2027 4368 2082 4437 ι)
2105 4373 2286 4430 batur.
2318 4373 2527 4430 ϐας-η.

358 4504 371 4523 .
407 4478 515 4522 tur.
547 4460 802 4535 Exempla
842 4462 1117 4520 osculilixi
1149 4463 1323 4519 oculis
1352 4472 1407 4518 et
1456 4462 1616 4519 faciei
1658 4463 1828 4518 habes
1853 4461 1993 4533 apud

404 4561 710 4614 Cantncuz.
739 4574 778 4622 ι⁹
813 4554 902 4634 16,
921 4557 1160 4612 dexterae
1181 4566 1232 4612 c.
1265 4556 1335 4611 δι
1352 4567 1405 4611 et
1433 4570 1483 4611 c.
1507 4556 1596 4610 4i.
1630 4553 1835 4611 Gns'rs.

483 4648 627 4704 Ibid.
668 4648 772 4722 [De
803 4649 1137 4718 imperatore
1171 4646 1383 4702 minore
1417 4646 1681 4717 majorem
1725 4648 1997 4702 salutante

409 4754 465 4799 et
495 4743 617 4813 ejus
648 4741 846 4812 pedem
883 4741 1237 4795 exosculante
1260 4748 1313 4794 et
1355 4739 1427 4794 ab
1464 4739 1654 4793 eodem
1695 4738 1808 4793 oris
1837 4753 1997 4793 oscu-

413 4840 527 4893 lum
583 4845 902 4906 rcportaute
935 4832 1226 4889 Gretserus
1283 4833 1370 4886 hic
1413 4832 1651 4903 egregie.
1688 4832 1756 4885 At
1788 4833 1832 4885 si
1861 4832 1998 4886 alter
2062 4832 2077 4843 ’

417 4932 571 4985 alteri
620 4942 790 4999 eques
845 4934 1122 4991 occurrat,
1177 4926 1308 4997 quid
1356 4925 1519 4979 tum?
1561 4919 1998 4988 Cantacuzenus.

420 5040 458 5084 ι.
483 5022 554 5077 55
589 5042 605 5077 :
637 5019 804 5082 Ἐθος
838 5018 1222 5090 ἐπεκράτησεν
1260 5017 1491 5088 ἀρχαῖον
1531 5011 1686 5083 παρὰ
1713 5012 1828 5077 τοῖς
1867 5012 2000 5067 Ῥω-

424 5117 603 5183 μαίων
653 5112 991 5183 βασιλεῦσιν,
1030 5110 1161 5165 ὅταν
1218 5109 1491 5179 μέλλωσιν
1542 5104 1707 5178 330
1746 5104 1999 5176 ἀλλήλοις

426 5205 839 5277 συντυγχάνειν.
884 5204 1012 5265 τοὺς
1065 5201 1168 5271 μὲν
1214 5199 1519 5269 ἑπομένους
1558 5197 1845 5268 ἑκατέροις
1890 5197 1999 5248 τὼν

427 5294 608 5347 ἵππων
661 5292 1013 5355 καταϐάντας
1063 5289 1294 5344 ἔπεσθαι
1326 5289 1490 5359 πεζῇ,
1519 5286 1720 5350 αὐτοὺς
1769 5284 1828 5338 δδ
1860 5301 2005 5365 συμέ

431 5389 693 5456 pignora;
717 5388 1017 5454 ἑφίππους,
1056 5384 1150 5438 τὸν
1182 5384 1281 5455 μὲν
1314 5382 1581 5453 νεώτερον
1615 5378 1862 5449 κύψαντα
1904 5377 1998 5430 τοῦ

430 5480 806 5551 πρεσϐυτέρου
860 5477 1128 5550 βασιλέως
1173 5473 1648 5550 περιπτύσσεσθαι
1677 5471 1776 5540 τὴν
1816 5471 1998 5542 χεῖρα,

430 5576 515 5628 τὸν
554 5575 649 5627 ἐπὶ
679 5573 779 5644 τῆς
806 5572 1051 5641 κεφαλῆς
1091 5571 1360 5641 πρότερον
1394 5566 1787 5637 περιελόμενον
1820 5564 1996 5627 πῖλον,

434 5665 788 5739 ἁνακύψαντα
825 5664 882 5718 δὶ
911 5664 1123 5719 ἐκεῖθεν
1162 5665 1244 5726 ei;
1275 5664 1334 5717 τὸ
1368 5662 1664 5730 πρόσωπον
1716 5657 1877 5713 αὐτὸν
1909 5656 2002 5711 τὸν

2177 4465 2313 4521 Ibid.
2348 4464 2599 4555 [‘Hpépa
2630 4464 3047 4535 ψαλλομένης.
3094 4462 3173 4523 Ne
3216 4477 3414 4529 cautus
3469 4473 3677 4543 regiam

2105 4558 2484 4614 adorationem
2534 4557 2883 4621 interturbet,
2929 4558 3012 4612 vel
3049 4558 3164 4613 haec
3205 4560 3454 4619 ecclesia
3499 4560 3679 4615 cilicio

2104 4650 2354 4705 videatur
2381 4650 2696 4719 conjuncta.
3095 4703 3106 4717 ,

2178 4734 2321 4796 Ibid.
2355 4736 2576 4814 [Οὗτός
2624 4758 2687 4795 τε
2718 4742 2819 4797 καὶ
2845 4740 3067 4807 πάντες
3094 4744 3147 4795 οι
3182 4741 3498 4811 ἄρχοντες.
3526 4743 3680 4797 Cele-

2107 4835 2190 4890 bri
2256 4834 2567 4890 PaItnarunt
2622 4833 2766 4889 testo
2815 4834 2957 4888 solet
3009 4836 3326 4902 patriarcha
3380 4849 3576 4890 cruces
3626 4846 3681 4887 et

2076 4930 2294 4982 ‘cereos
2325 4926 2378 4979 in
2422 4926 2683 4996 populum
2729 4926 3085 4991 distribuere,
3123 4926 3283 4995 quasi
3330 4925 3681 4997 δεξιούμενος

2105 5018 2234 5081 τοὺς
2259 5018 2320 5069 τὸ
2349 5018 2697 5088 παγκράτιον
2719 5016 2817 5087 τῆς
2846 5016 3103 5086 νηστείας
3129 5019 3460 5087 νικήοαντας
3481 5018 3683 5087 τιμίων

2107 5111 2206 5163 καὶ
2240 5109 2412 5177 ἁγίων
2461 5105 2714 5179 σταυρῶν
2756 5106 3085 5178 ἁγιὰσμασι
3112 5111 3209 5164 καὶ
3252 5109 3461 5181 κηρίων
3503 5127 3652 5179 φωτο

2108 5202 2282 5256 σόλων
2315 5201 2643 5271 χαρίσμασι.
2681 5200 2818 5254 Οὑδδ
2856 5200 2966 5272 γὰρ
2996 5200 3143 5256 θέλει
3195 5202 3527 5273 σκιαμαχεῖν
3554 5202 3682 5255 τοὺς

2109 5295 2338 5357 πιστοὺς
2372 5295 2495 5347 κατ’
2556 5292 2803 5356 ἑκείνους
2838 5294 2966 5357 τοὺς
3015 5294 3407 5364 νηπιόφρονας,
3451 5292 3566 5347 ἀλλ’
3608 5294 3684 5353 ὡς

2107 5385 2211 5456 ήδη
2239 5384 2339 5453 τῆς
2374 5383 2725 5455 δικαιοσύνης
2755 5385 2845 5439 τὸν
2888 5385 3042 5455 ἥλιον
3095 5385 3392 5456 βλέποντας
3430 5384 3529 5455 τὴν
3559 5384 3687 5437 νέαν

2110 5474 2247 5528 Σιὼν
2276 5474 2364 5527 διὰ
2379 5474 2561 5529 πώλου
2580 5475 2906 5544 φωτίζοντα.
2926 5475 3083 5531 Feria
3105 5477 3262 5531 tertia
3282 5476 3689 5545 sequenti,qu:n

2110 5567 2218 5620 τῶν
2244 5568 2629 5638 κατηχήσεων,
2653 5568 3066 5623 catechumenis
3091 5569 3263 5623 iustru
3290 5568 3427 5623 udis
3446 5567 3684 5631 dicatur,

2112 5659 2318 5716 minuta
2372 5661 2531 5716 thura
2595 5661 2942 5717 concurrenti
2990 5663 3194 5731 populo
3251 5661 3343 5715 dat
3400 5660 3454 5714 in
3490 5668 3688 5713 manus
