3952 6222
271 211 372 270 37

264 415 398 474 τοῖς,
448 411 540 463 καὶ
588 405 976 473 ὑποτιθέμενος
1019 400 1095 468 μὴ
1126 395 1510 466 πανηγυρικῶς
1541 393 1656 446 ἀλλ’
1685 393 1830 458 ἀγω-

267 504 523 563 νιστικῶς
554 499 655 551 τῶν
695 494 888 572 ξφεξῆς
917 489 1086 556 τριῶν
1116 486 1337 558 ἡμερῶν
1368 485 1424 536 ab
1459 482 1674 536 στάδιον
1705 482 1834 534 ἀνα-

269 593 548 660 δέξασθαι.
567 587 1011 658 Γρηγορήσωμεν
1041 582 1217 634 τοίνυν
1243 577 1335 631 καὶ
1357 575 1572 644 ἐφεξῆς.
1610 573 1700 625 καὶ
1723 574 1836 634 τοῖς

271 681 642 752 ἀγρυπνοῦσιν
657 678 814 749 33],
835 674 1108 736 Ἰουδαίοις
1132 667 1706 738 συναγρυπνήσαιμενς
1725 673 1834 717 ειοο

269 775 425 828 Feria
441 781 632 842 quarta
655 772 850 825 iterum
866 769 1093 821 incensa
1116 774 1406 829 cereosquc
1427 757 1657 827 spargit,
1695 755 1781 806 ἵνα
1813 755 1837 805 ὁ

268 862 397 924 λαὸς
427 863 522 921 τὰς
569 863 756 929 χεῖρας
793 857 957 910 πάλιν
1004 856 1094 906 ἐπὶ
1127 852 1186 904 τὸ
1223 853 1322 921 τῆς
1363 848 1617 918 νηστείας
1652 844 1835 915 οὔριοι

273 954 525 1021 δρομήσῃ
556 952 810 1017 πέλαγος,
837 950 932 1000 καὶ
962 947 1060 1014 τὴν
1092 944 1259 996 νύκτα
1288 941 1396 994 τῶν
1429 939 1601 1006 ἁγίων
1648 936 1836 990 παθῶν

268 1045 363 1095 τοῦ
418 1043 655 1112 Χριστοῦ
713 1040 962 1108 ὶαμτιάσι
1013 1034 1458 1104 καταπυρσεύσῃ.
1513 1021 1716 1084 Sancto
1751 1027 1838 1082 die

275 1139 490 1190 l‘ascluu
525 1133 817 1204 persolutis
848 1128 1124 1183 matutinis
1153 1126 1406 1196 pret-ibus
1438 1122 1693 1192 populum
1719 1135 1838 1172 om-

275 1243 394 1279 nem
425 1227 489 1280 ad
532 1233 784 1279 sanctum
819 1220 1064 1274 osculum
1116 1231 1278 1285 supra
1327 1213 1660 1280 descriptum
1695 1208 1839 1264 exci-

277 1318 374 1381 pit,
407 1329 468 1366 ac
496 1311 659 1365 simul
693 1310 901 1363 minuta
944 1322 1074 1372 trra,
1107 1303 1410 1375 τρικέφαλοι
1435 1302 1504 1372 ob
1539 1301 1700 1354 trium
1736 1303 1840 1352 im-

277 1416 582 1472 peraturum
615 1401 772 1456 simul
799 1398 1140 1469 regnantium
1172 1394 1393 1460 efﬁgiem
1429 1392 1494 1446 iis
1520 1394 1840 1460 impressam

273 1507 486 1556 vocata,
522 1494 747 1572 dividit:
781 1492 937 1547 Κατὰ
966 1473 1182 1558 πατέρα’
1203 1486 1552 1556 φιλόστοργον
1573 1483 1665 1536 νῦν
1695 1481 1843 1551 ’πρῶ⁹

275 1606 386 1650 τως
447 1587 624 1639 ἰδόντα
691 1584 888 1646 παῖδας
945 1580 1254 1650 ausam,
1302 1577 1409 1632 ἀπὸ
1470 1576 1687 1646 μακρᾶς
1749 1565 1886 1627 κοιὶ¹

1337 194 1413 252 1N
1459 189 1754 251 Lllll‘tllhi
1801 186 1896 245 DE
1955 178 2284 242 OFFlClIS
2337 176 2445 236 ΕΡ.

195 337 198 344 ‘
264 325 409 374 ritca
461 332 674 372 aurorae
718 326 954 382 tempus,
985 309 1188 379 ὁμιλῶν
1233 301 1459 376 οἶον-διὰ
1502 301 1707 354 τούτων
1735 300 1829 352 αὖ·

1967 291 2208 354 nccnsis,
2237 288 2276 342 l.
2313 302 2384 342 vn
2435 282 2582 342 Iuris
2621 281 2745 336 Cll:

3394 162 3490 224 £68

2811 277 3162 333 Celsissimam
3231 289 3489 328 sacrorum

1940 387 2316 455 imperatorum
2335 376 2849 442 circumspectione»:
2870 381 2917 425 et
2933 369 3350 438 patriarcharum
3383 385 3462 420 am
3481 399 3491 408 -

1939 451 2252 547 plitudinem
2289 474 2428 527 inter
2502 469 2611 523 alia
2658 467 2940 520 reddebant
2975 463 3098 516 olim
3146 451 3494 530 augustiorem

1940 571 2105 624 etiam
2136 582 2327 620 annua:
2361 577 2502 632 roga:
2553 577 2614 614 ac
2646 559 2890 626 bajorum
2948 553 3275 624 largitiones.
3308 550 3496 618 Quippe

1941 663 2184 719 sedebant
2223 659 2378 714 annis
2398 655 2618 726 singulis
2643 653 2892 721 cujusque
2921 647 3164 725 temporis
3194 645 3498 713 patriarcha'

1945 774 2008 811 ac
2029 758 2394 825 imperatores,
2419 760 2465 804 et
2496 765 2587 817 per
2615 749 2722 803 hazc
2744 746 2976 799 subditos
3007 741 3072 794 ad
3103 737 3500 792 benevolentiam

1944 848 2256 902 invitabant.
2293 842 2450 899 Novit
2482 842 2575 894 hoc
2597 850 2803 910 patrum
2838 834 3248 902 conscriptorum
3287 828 3498 895 amplis-

1949 943 2119 995 sinms
2182 938 2331 1002 ordo,
2383 953 2443 988 ac
2476 932 2720 1003 fortassis
2785 930 2942 982 etiam
3005 921 3245 977 nonnulli
3276 921 3362 988 qui
3411 921 3505 970 hac

1946 1043 2100 1087 (etate
2127 1041 2307 1082 nostra
2331 1028 2533 1081 vivunt.
2567 1023 2684 1077 Non
2718 1022 2994 1080 enimante
3022 1026 3251 1090 tempora
3277 1010 3504 1064 Euclidis

1947 1121 2159 1190 prodita
2188 1129 2309 1173 sunt
2341 1117 2534 1188 gerris,
2562 1131 2654 1167 nec
2685 1108 3062 1166 somniantium
3092 1102 3379 1157 vetularum
3429 1100 3506 1168 [a-

1948 1212 2096 1266 bella:
2113 1219 2256 1274 sunt,
2285 1207 2374 1262 sed
2398 1223 2559 1275 usque
2599 1204 2668 1258 ad
2699 1201 2974 1272 imperium
3017 1193 3216 1249 domini
3251 1194 3508 1258 Constan-

1949 1301 2230 1356 tiniDucaz
2256 1298 2464 1351 duravit
2515 1305 2768 1365 angustus
2815 1290 2906 1343 ille
2942 1305 3052 1342 mos
3093 1295 3200 1339 tam
3246 1287 3299 1338 in
3349 1285 3510 1353 ipsius

1949 1395 2048 1448 Dei
2081 1410 2238 1465 quam
2272 1391 2648 1460 imperatorum
2674 1386 2850 1455 regia;
2879 1392 2927 1436 et
2958 1381 3168 1434 omnino
3209 1377 3398 1430 bonum
3421 1376 3512 1428 hoc

1951 1488 2019 1541 ad
2050 1503 2140 1540 nos
2163 1500 2364 1555 quoque
2393 1489 2742 1552 propagatum
2773 1475 2934 1547 332
2977 1473 3104 1541 fuit,
3144 1489 3175 1524 (ι
3224 1467 3514 1540 majoribus

1952 1580 2020 1633 ad
2035 1589 2264 1650 nepotes,
2305 1593 2336 1629 a
2365 1572 2693 1644 generatione
2718 1569 2788 1623 ad
2823 1567 3201 1638 generationem
3233 1562 3513 1615 transiens.

281 1675 635 1740 κινδυνώδους
671 1675 980 1745 ἀποδημίας
1023 1671 1274 1733 ἀϐλαϐῶς
1318 1669 1754 1739 ὲνδημήσαντας.
1793 1670 1849 1719 ὲν

1967 1674 2075 1738 Sin,
2109 1671 2246 1742 quod
2287 1669 2525 1739 equidem
2563 1681 2664 1718 non
2698 1661 2949 1724 arbitror,
2983 1662 3077 1712 hoc
3107 1657 3262 1711 etiam
3303 1653 3518 1706 oblivio-

280 1773 546 1842 φιλήματι
574 1769 714 1838 ἁγίῳ
765 1765 1083 1836 περιχαρῶς
1121 1759 1552 1826 κατασπάζεται,
1583 1759 1676 1811 καὶ
1709 1757 1849 1810 ἀνοί-

281 1865 374 1929 ξας
412 1861 540 1922 τοὺς
595 1857 906 1926 Θηταυροὺς
943 1853 1040 1924 τῆς
1072 1851 1324 1921 εὐλογίας
1368 1850 1531 1903 αὑτοῦ
1583 1848 1851 1914 δεξιοῦται

288 1954 485 2015 αὐτοὺς
511 1950 846 2019 νομίσμασιν
881 1947 1084 2014 ὀλίγοις
1116 1946 1212 2014 μὲν
1242 1943 1382 1996 κατὰ
1415 1942 1475 1993 τὸ
1503 1939 1850 2010 φαινόμενον,

288 2046 505 2107 πολλοῖς
551 2043 607 2095 δὲ
645 2040 788 2095 κατὰ
816 2040 874 2093 τὸ
921 2038 1232 2108 νοούμενον.
1265 2030 1388 2088 Ηωο
1430 2018 1854 2087 θιἸὶλὶεωηοιιθ

288 2137 544 2192 Μειίἱιιιιο
603 2133 670 2188 de
719 2131 958 2187 incensis
989 2145 1110 2200 qua:
1161 2144 1188 2181 a
1225 2123 1536 2196 patriarcha
1593 2123 1709 2176 dari
1767 2137 1855 2175 so-

290 2241 420 2290 lent,
468 2241 570 2283 etc.
622 2219 771 2280 Juris
813 2219 929 2279 GR.
964 2223 1000 2276 Ι.
1038 2223 1133 2277 vit.
1170 2219 1400 2285 Quibus,
1449 2216 1490 2271 si
1543 2215 1854 2284 conjectura

291 2325 521 2393 placeat,
569 2319 760 2372 lubens
792 2313 1092 2370 addiderim
1141 2312 1352 2366 aulicos
1385 2322 1633 2378 proceres
1681 2305 1748 2358 ad
1781 2321 1856 2378 re;

297 2416 436 2486 giam
472 2412 817 2482 παράστασιν
845 2405 1128 2474 olliciaque
1172 2401 1542 2457 ecclesiastica
1571 2399 1636 2453 iis
1667 2395 1858 2451 diebus

291 2518 344 2560 ct
371 2505 560 2560 iisdem
587 2502 740 2556 horis
766 2499 829 2553 ad
869 2497 1124 2569 palatium
1154 2495 1566 2554 convenientes.
1599 2506 1700 2545 nec
1727 2490 1858 2544 dato

301 2601 456 2653 thure
499 2597 580 2651 vel
606 2592 796 2650 osculo
827 2608 854 2645 a
886 2583 1191 2661 patriarcha
1226 2594 1506 2658 exceptos,
1541 2600 1607 2640 eo
1632 2585 1743 2654 jam
1773 2597 1860 2635 ac-

293 2707 458 2746 censo
486 2686 814 2759 vespertinis
840 2687 894 2737 in
920 2679 1473 2752 precibushonorari,
1501 2691 1569 2730 ne
1595 2676 1677 2729 vel
1705 2674 1859 2744 pretii

295 2785 377 2836 vel
407 2778 804 2836 benedictionis
831 2783 1046 2845 sperata
1084 2781 1237 2842 parte
1262 2772 1542 2825 videantur
1571 2767 1858 2823 excidisse.

294 2874 494 2947 Gustu]

367 2967 506 3021 Ibid.
541 2964 892 3019 Recentiores
915 2959 1084 3014 Graeci
1117 2955 1432 3013 adulatoria:
1467 2954 1599 3010 artis
1625 2968 1733 3008 non
1755 2951 1862 3006 im-

296 3057 454 3128 periti
491 3073 591 3111 suo
620 3051 931 3132 imperatori
964 3050 1133 3106 ferme
1170 3051 1353 3103 omnia
1385 3049 1545 3102 etiam
1577 3046 1864 3116 episcopa-

298 3154 367 3205 lia
393 3157 446 3204 et
471 3145 830 3204 sacerdotalia
883 3144 1065 3198 munia
1103 3142 1432 3204 tribuerunt,
1487 3141 1624 3194 inter
1674 3150 1865 3192 cmtera

295 3243 599 3311 ingressum
629 3237 881 3303 adaltare
901 3233 1060 3302 etjus
1085 3248 1294 3287 sacrum
1317 3245 1555 3285 mensam
1589 3229 1745 3282 thure
1775 3245 1870 3280 va-

299 3331 549 3404 porandi,
577 3327 794 3384 condito
825 3326 985 3382 etiam
1012 3339 1222 3379 canone
1251 3340 1278 3376 a
1303 3321 1564 3376 Trullano
1592 3319 1867 3390 syncdrio,

299 3437 353 3480 ct
379 3434 457 3478 csl
491 3437 664 3476 cnnon
691 3418 788 3474 69:
849 3416 1004 3471 Nulli
1032 3417 1262 3470 omnium
1317 3415 1494 3476 liceat,
1535 3413 1619 3482 qui
1667 3411 1869 3481 quidem

300 3521 368 3574 sit
399 3519 453 3572 in
483 3515 740 3569 laicoru'n
769 3525 1004 3571 numero,
1033 3509 1176 3562 intra
1205 3523 1415 3560 sacrant
1446 3506 1618 3558 altare
1649 3502 1871 3573 ingredi,

302 3611 364 3664 ab
401 3624 458 3662 eo
494 3617 668 3660 tamen
700 3616 1025 3672 nequaquam
1048 3597 1308 3668 prohibita
1324 3605 1583 3664 potestate
1611 3606 1660 3647 et
1683 3603 1873 3646 aucto-

304 3704 463 3756 ritate
487 3695 847 3767 imperatoris,
877 3693 1088 3762 quando
1121 3689 1330 3760 quidem
1387 3685 1605 3764 voluerit
1633 3684 1876 3738 Creatori

302 3795 443 3848 dona
473 3791 661 3859 oﬂerre
685 3803 750 3841 ea:
783 3783 1157 3854 antiquissima
1195 3777 1498 3832 traditione.
1531 3775 1636 3831 Ubi
1695 3775 1878 3830 Balsao

304 3901 468 3940 mon:
505 3883 582 3936 De
617 3878 1023 3948 imperatoribus
1054 3875 1300 3928 dixerunt
1329 3868 1547 3940 quidam
1575 3868 1737 3922 verbis
1783 3884 1876 3921 ca-

307 3979 458 4032 nonis
488 3976 803 4037 insistentes,
843 3969 982 4041 quod
1003 3977 1126 4022 tunc
1167 3982 1268 4018 non
1300 3960 1709 4034 prohibebuntur
1737 3962 1878 4014 intra

308 4069 485 4137 templi
518 4067 676 4133 adyta
708 4063 910 4132 ingredi
937 4058 1146 4131 quando
1179 4065 1300 4110 sunt
1342 4055 1450 4108 Deo'
1487 4069 1702 4108 munera
1733 4050 1882 4105 obla-

310 4160 438 4223 turi,
463 4170 565 4208 non
597 4164 772 4206 autem
802 4153 847 4203 si
898 4150 1064 4203 solius
1127 4147 1455 4199 adorationis
1491 4145 1666 4212 gratia
1709 4143 1879 4212 ipsum

307 4246 514 4318 ingredi
552 4238 960 4299 voluerint.'Sed
983 4238 1111 4292 mihi
1133 4251 1236 4290 non
1260 4243 1337 4290 ita
1361 4236 1582 4288 videtur.
1618 4233 1880 4288 Orthodoc

1953 1766 2032 1816 nis
2055 1778 2240 1833 gurges
2273 1755 2565 1820 absorbuit,
2595 1764 2641 1808 et
2674 1752 2905 1822 gratiosa
2933 1747 3116 1824 ist/uec
3151 1762 3288 1814 aqua
3318 1741 3515 1797 Casta-

1952 1856 2039 1907 lia‘
2067 1850 2447 1922 providentiam
2475 1843 2758 1915 superioris
2797 1839 3060 1895 memoriw
3087 1834 3379 1906 principum
3415 1847 3518 1884 non
3561 1821 3563 1823 ’

1951 1945 2228 2014 ρι’(ιιάὶεαε,
2288 1941 2477 2012 saltem
2510 1936 2828 1998 membrana:
2863 1932 3117 1986 librorum
3147 1925 3518 1980 historicorum

1951 2048 2000 2092 et
2033 2036 2430 2090 ordinationum
2462 2030 2759 2084 aulicorum
2791 2030 3126 2078 monumenta
3158 2015 3424 2088 Stentoris
3468 2015 3520 2066 in

1954 2143 2148 2180 morem
2175 2126 2283 2178 haec
2317 2118 2742 2190 proclamabunt.
2805 2113 2884 2169 Tu
2913 2126 3138 2183 quoque,
3171 2110 3260 2178 qui
3292 2105 3520 2176 cujusvis

1954 2215 2152 2270 eruditi
2185 2211 2371 2282 scripti
2403 2209 2744 2264 acutissimus
2777 2201 2830 2258 es
2855 2205 3130 2272 interpres,
3165 2200 3322 2252 etiam
3343 2197 3398 2250 in
3427 2195 3521 2248 hac

1957 2323 2060 2362 non
2094 2293 2220 2360 levis
2255 2299 2505 2356 momenti
2534 2299 2821 2369 quwstione
2853 2293 3205 2362 compluribus
3245 2289 3348 2342 eris
3375 2300 3522 2351 supe-

1959 2401 2091 2460 rior,
2110 2399 2268 2466 acztne
2281 2411 2451 2450 senem
2470 2390 2688 2446 dicendo
2710 2389 2940 2459 iuvabis.
2959 2385 3098 2450 Quin
3117 2385 3276 2438 etiam
3300 2381 3524 2446 impera-

1963 2493 2092 2546 toris
2123 2490 2322 2544 domini
2345 2483 2674 2542 Constantini
2707 2478 3039 2534 Monomachi
3065 2475 3236 2552 edicta
3271 2471 3523 2524 sacratis-

1960 2589 2116 2649 sima,
2157 2583 2344 2652 quibus
2362 2579 2600 2634 ordinata
2625 2585 2742 2629 sunt
2768 2573 2934 2643 ofﬁcia
2953 2551 3524 2639 prazfectijudiciorum

1963 2686 2010 2731 et‘
2031 2672 2440 2743 nontophglacis,
2464 2680 2641 2740 etquw
2657 2675 2893 2721 statuunt
2916 2680 3000 2717 eos
3022 2660 3200 2715 debere
3213 2656 3449 2726 singulos
3476 2654 3526 2704 in

1964 2786 2150 2835 annos,
2181 2776 2371 2839 printer
2406 2765 2536 2830 alia,
2572 2767 2817 2830 consequi
2849 2765 3050 2812 ratione
3082 2769 3225 2824 roga:
3256 2749 3529 2822 quemlibet

1964 2866 2082 2918 auri
2101 2863 2254 2916 talem
2296 2877 2357 2913 ac
2383 2859 2534 2914 talem
2548 2848 2896 2928 quantitatem
2909 2867 3010 2904 una
3027 2866 3143 2902 cum
3162 2840 3534 2900 consuetis-ba-

1959 2957 2057 3024 jis,
2077 2971 2180 3008 non
2202 2954 2254 3006 in
2272 2951 2397 3005 caelo
2416 2959 2536 3004 sunt
2559 2964 2648 3002 nec
2668 2957 2816 2999 trans
2840 2959 3002 3004 mare,
3022 2941 3101 2992 uti
3126 2942 3302 2991 dicere
3323 2935 3435 3005 quis
3454 2925 3536 2982 deé

1969 3052 2105 3113 beat,
2125 3046 2364 3116 quisnam
2385 3044 2494 3096 haec
2508 3042 2682 3110 afferet
2701 3037 2852 3090 mihi?
2873 3034 2976 3089 Sed
2994 3044 3112 3086 sunt
3136 3031 3188 3084 in
3210 3016 3368 3086 manu
3389 3035 3475 3078 tua
3491 3034 3534 3074 et

1969 3144 2018 3195 in
2035 3139 2188 3193 corde
2209 3146 2298 3188 tuo
2321 3147 2366 3189 et
2385 3137 2534 3200 inore
2554 3142 2662 3186 tuo.
2687 3131 2851 3199 Atque
2872 3127 3080 3180 omnino
3101 3125 3175 3177 rei
3193 3125 3456 3178 veritatem
3474 3129 3536 3169 ex

1969 3231 2048 3284 his
2085 3227 2270 3281 mentis
2304 3225 2541 3278 acumine
2574 3221 2805 3290 colliges.
2839 3217 2972 3273 Cum
2993 3224 3167 3269 autem
3199 3215 3536 3282 imperatores

1970 3330 2018 3375 et
2044 3317 2360 3391 patriarchw
2393 3313 2867 3386 magnificentiam,
2901 3325 2994 3363 ceu
3021 3309 3228 3361 dictant
3269 3315 3367 3359 est.
3393 3318 3536 3356 suam

1972 3414 2328 3468 demonstrent
2357 3425 2446 3478 per
2475 3407 2599 3476 baja
2627 3415 2676 3460 et
2704 3415 2881 3475 rogas,
2905 3417 3029 3458 sane
3066 3417 3164 3469 par
3192 3407 3312 3452 erat
3346 3403 3402 3449 ut
3449 3409 3540 3464 po-

1975 3507 2240 3572 triarcha‘,
2264 3506 2354 3574 qui
2381 3503 2608 3572 priscam
2654 3499 2904 3552 hactenus
2945 3492 3381 3550 consuetudinem
3425 3502 3541 3538 roti-

1974 3607 2183 3666 servant
2213 3605 2262 3649 et
2296 3610 2484 3648 aureos
2506 3591 2708 3646 clericis
2728 3605 2966 3643 nummos
2989 3584 3373 3647 admetiuntur,
3392 3590 3437 3633 et
3447 3581 3541 3630 iam

1975 3689 2105 3756 ipsis
2149 3687 2270 3754 baja
2321 3675 2530 3750 darent,
2583 3679 3024 3753 quemadmodum
3088 3675 3390 3730 indicatum
3445 3680 3540 3723 est.

1975 3769 2181 3835 Gens.

2052 3873 2186 3927 Ibid.
2223 3869 2586 3945 [Sugillantur
2641 3868 2726 3922 hic
2763 3881 2792 3920 a
2841 3863 3165 3933 quihusdam
3204 3860 3542 3918 recentiores

1977 3964 2148 4019 (ἔτιεοί
2183 3975 2435 4032 tanquam
2475 3958 2795 4014 adulatoria:
2825 3958 2958 4012 artis
2991 3972 3098 4012 non
3131 3955 3399 4026 imperiti,
3455 3951 3542 4020 qui

1980 4055 2285 4122 imperatori
2315 4051 2485 4105 ferme
2515 4049 2699 4104 omnia
2726 4049 2888 4103 etiam
2917 4047 3251 4116 episcopalia
3283 4057 3337 4100 et
3366 4057 3544 4099 sacer-

1979 4144 2178 4200 dotalia
2218 4141 2404 4196 munia
2441 4141 2770 4205 tribuerunt,
2805 4140 2947 4194 inter
2994 4147 3186 4194 caztera
3241 4139 3544 4209 ingressum

1981 4235 2046 4289 ad
2089 4235 2262 4289 altare
2288 4243 2342 4312 et
2369 4231 2456 4304 jus
2493 4248 2706 4308 sacram
2756 4247 2999 4287 mensam
3037 4231 3196 4285 thure
3228 4228 3547 4300 vaporandi.

309 4343 364 4396 (εἰ
393 4339 531 4393 enim
563 4337 932 4404 imperatores,
982 4329 1072 4396 qui
1115 4343 1208 4396 per
1235 4327 1294 4382 S.
1354 4322 1634 4378 Trinitatis
1671 4326 1882 4377 invoca-
1915 4338 1958 4391 ο
1987 4324 2244 4379 adderent
2269 4315 2431 4378 etiam
2473 4335 2525 4378 et
2569 4324 2858 4392 conciones
2885 4324 2953 4378 ad
2999 4322 3260 4393 populum
3296 4323 3546 4378 habendi.

313 4434 505 4486 tionem
525 4425 862 4497 patriarchas
891 4420 1180 4488 provehunt
1213 4427 1262 4472 et
1295 4427 1416 4470 sunt
1453 4415 1653 4470 Christi
1703 4415 1884 4468 Domi-

315 4523 392 4588 ni,
429 4521 539 4572 sine
583 4515 692 4570 nllo
720 4511 1112 4580 impedimento,
1145 4507 1356 4575 quando
1397 4506 1678 4573 voluerint,
1703 4505 1774 4557 ad
1799 4513 1886 4556 sa-

316 4625 464 4666 crum
499 4608 670 4660 altare
704 4601 954 4656 accedunt
987 4599 1036 4651 et
1061 4595 1283 4664 sufﬂant
1323 4603 1372 4646 ct
1411 4609 1523 4646 cum
1548 4608 1668 4645 cera
1698 4593 1887 4646 chara-

316 4680 854 4765 cteremimprimunt,
903 4692 1035 4744 sicut
1069 4699 1120 4741 et
1167 4686 1446 4739 antistites.
1481 4682 1583 4737 Sed
1610 4683 1769 4737 etiam
1795 4699 1888 4751 po-

245 4811 252 4820 '
317 4796 500 4865 pulum
525 4791 594 4844 ad
616 4803 732 4842 eum
758 4781 1138 4838 instituendum
1161 4777 1385 4840 docent;
1414 4774 1552 4845 quod
1576 4775 1701 4828 solis
1739 4773 1885 4826 illius

319 4863 542 4954 regionis
579 4874 907 4931 antistitibus
972 4883 1272 4924 concessum
1325 4875 1422 4920 est.
1474 4863 1699 4934 Palpum
1755 4879 1886 4936 ergo

320 4975 535 5044 egregie
564 4967 806 5024 obtrudit
855 4963 1138 5016 Balsamou
1176 4957 1522 5027 imperatori;
1558 4965 1612 5011 et
1654 4956 1886 5012 habebat

325 5067 447 5120 tacti
481 5063 564 5118 sui
589 5073 808 5124 causas,
841 5055 969 5126 quia
1001 5052 1273 5108 ambiebat
1303 5048 1723 5120 patriarchatum
1746 5048 1888 5117 Cno-

323 5159 570 5215 titanum.
603 5151 759 5220 cujus
789 5147 1070 5203 obtinendi
1131 5143 1240 5198 non
1272 5144 1562 5213 apparebat
1588 5141 1778 5196 melior
1802 5157 1887 5194 ra-

325 5253 397 5302 tio
427 5261 590 5316 quam
621 5253 680 5297 ut
709 5255 804 5312 per
833 5236 1233 5294 asscntationes
1263 5249 1381 5289 sese
1415 5237 1469 5288 in
1517 5248 1726 5288 summa
1767 5249 1888 5302 gra-

326 5343 396 5392 tia
432 5336 574 5405 apud
606 5337 995 5404 imperatorem
1026 5336 1272 5398 poneret.
1309 5325 1416 5394 Sed
1446 5326 1652 5392 vulpes,
1695 5335 1890 5377 tamet-

326 5433 368 5484 si
400 5429 575 5492 vafra,
613 5427 680 5482 ab
713 5425 834 5479 aliis
873 5435 1024 5490 aeque
1059 5418 1226 5473 vafris
1255 5416 1509 5486 vulpibus
1562 5417 1747 5470 delusa
1779 5427 1886 5471 est.

326 5518 495 5586 Cujus
524 5517 594 5569 ob
615 5514 820 5569 desitas
852 5523 1060 5564 annuas
1091 5520 1250 5575 rogas
1278 5513 1333 5559 et
1353 5505 1699 5575 pecuniarias
1724 5504 1890 5572 largi-

327 5613 500 5664 tiones
531 5606 678 5671 audi,
729 5617 936 5674 quaeso,
975 5597 1412 5655 lamentationem
1466 5612 1529 5652 ex
1566 5596 1790 5665 epistola
1823 5601 1887 5652 dc

1989 4417 2135 4470 Itane
2156 4432 2285 4469 vero
2314 4412 2626 4471 Theodosio
2650 4415 2880 4484 principi
2911 4414 3001 4470 alii
3041 4429 3104 4470 ex
3137 4414 3438 4470 Occidente
3469 4411 3549 4466 vel

1987 4507 2208 4563 Oriente
2237 4507 2519 4576 pontifices
2541 4506 2923 4568 adulahantur,
2947 4506 3040 4576 qui
3070 4517 3195 4562 ante
3221 4509 3549 4563 severiorem

1987 4598 2257 4654 Ambrosii
2310 4601 2708 4669 correptionem
2765 4599 2867 4668 ipsi
2908 4601 3447 4668 praecessorihusque
3490 4596 3551 4649 ad

1989 4700 2237 4745 sanctum
2296 4691 2534 4744 tribunal
2591 4691 2893 4759 ingressum
2951 4689 3363 4759 permiseram?
3419 4689 3557 4742 itane
3641 4703 3644 4706 '

1992 4781 2268 4836 Valentem
2311 4781 2590 4848 religionis
2624 4780 2839 4834 hostem
2871 4781 3108 4851 palpavit
3171 4780 3429 4848 Basilius,
3468 4780 3555 4838 ubi

1989 4871 2179 4927 lubens
2203 4882 2325 4926 eum
2350 4871 2498 4932 ἐντὸς
2530 4869 2622 4923 τοῦ
2651 4871 3020 4938 πετάσματος,
3049 4871 3125 4924 ait
3150 4869 3554 4939 Nazianzenus,

1986 4963 2234 5032 excepit?
2272 4963 2552 5030 Nugautur
2591 4970 2736 5016 certe
2791 4961 2884 5028 qui
2911 4962 3311 5017 recentioribus
3357 4962 3558 5018 Graecis

1988 5056 2285 5127 appingunt
2314 5053 2458 5121 quod
2483 5054 2772 5108 concilium
2810 5052 3124 5107 Trullanum
3154 5055 3292 5108 Can.
3323 5055 3391 5110 69
3423 5053 3560 5107 κατά

1986 5164 2105 5202 τινα
2121 5146 2482 5216 ἀρχαιοτάτην
2499 5147 2792 5216 παράδοσιν
2815 5153 3040 5201 testatur
3060 5145 3344 5208 usitatum,
3370 5157 3424 5199 ut
3447 5159 3560 5197 cum

1987 5238 2206 5292 voluerit
2221 5235 2459 5290 Creatori
2482 5253 2675 5289 munus
2695 5237 2879 5306 oﬁ'erre
2899 5239 3040 5290 intra
3063 5254 3270 5290 sacrum
3290 5237 3464 5290 altare
3486 5238 3564 5302 ig,-

1971 5327 2282 5410 ’grediatur.
2335 5325 2602 5379 Chosroes
2651 5325 2937 5379 Persarum
2983 5341 3073 5381 rex
3124 5325 3356 5379 inﬁdelis
3399 5326 3516 5378 licet
3545 5362 3560 5385 .

1991 5425 2169 5469 tamen
2211 5414 2384 5484 Sergii
2424 5415 2678 5482 martyris
2738 5409 2999 5469 beneficio
3036 5429 3093 5469 se
3129 5415 3434 5483 suscepisse
3473 5426 3561 5464 ar-

1993 5507 2456 5561 bitratuscrucem
2487 5519 2704 5560 auream
2736 5506 2788 5560 in
2809 5506 2995 5576 templi
3025 5507 3141 5576 ejus
3158 5505 3323 5560 altari
3351 5504 3565 5558 dedica-

1991 5601 2085 5653 vit.
2119 5599 2217 5662 Qui
2247 5597 2362 5666 ejus
2405 5599 2560 5667 jussu
2591 5597 2888 5665 deferebat,
2949 5600 3018 5654 ait
3054 5599 3387 5664 Simocana.
3437 5593 3478 5648 L
3515 5607 3573 5659 ν»
