3952 6222
331 393 432 460 3Τ1

1416 385 1498 445 ΙΝ
1550 383 1852 468 LIBRUM
1890 383 1985 443 DE
2030 385 2350 445 OFFICIIS
2406 389 2508 449 ΟΡ.

3451 385 3553 450 372

334 511 408 564 tio
429 508 485 564 fit
509 507 560 562 in
582 519 786 561 canone
809 503 875 558 66
891 500 1175 555 Trullano.
1202 499 1433 552 Vocatur
1457 499 1618 552 ctiam
1639 498 1896 568 κυριακῇ
1923 499 1968 556 Δ
2000 500 2304 567 subjectus,
2336 517 2459 556 eum
2495 504 2696 558 iterato
2717 501 3096 573 velutlugubri
3125 499 3560 568 Quadragesinne

334 603 428 656 τοῦ
464 598 799 668 ἀντιπάσχα,
839 595 997 666 quasi
1059 593 1335 647 Dominica
1393 591 1613 646 Pascha:
1658 589 1898 657 opposita

335 713 429 750 seu
464 696 800 765 respondens,
834 700 892 748 et
925 691 1184 764 Κυριακὴ
1240 689 1333 742 τοῦ
1369 688 1542 750 Θωμᾶ
1575 703 1670 742 seu
1714 685 1895 754 ψηλά-

337 805 500 859 ιρησις
520 787 614 839 τοῦ
651 786 807 852 ἁγίου
844 784 1059 848 ἐνδόξου
1097 781 1400 835 ἀποστόλου
1433 779 1626 848 Θωμᾶ,
1659 778 1800 846 quod
1836 789 1900 828 eo

335 883 422 936 die
449 881 656 948 legatur
680 878 1028 950 Evangelium
1052 875 1118 928 de
1146 874 1352 927 Thoma
1380 872 1647 940 apostolo,
1676 883 1897 946 manum

336 989 487 1028 suam
509 975 561 1028 in
593 975 819 1028 fixuram
841 972 1139 1033 clavorum,
1163 967 1361 1022 Christi
1388 965 1662 1027 mandato,
1695 961 1900 1016 immit-

337 1078 501 1122 tente.
539 1066 734 1122 (Iners.

408 1159 547 1212 Ibid.
577 1157 718 1231 [Τῆς
735 1156 1100 1224 Ἐκκλησίας
1130 1154 1458 1221 ἀρχόντων.
1488 1150 1525 1203 li
1559 1154 1684 1202 sunt
1708 1145 1901 1216 pra-ci-

336 1252 423 1320 pui
487 1250 694 1320 Magnae
763 1248 1020 1303 Ecclesiae
1081 1245 1338 1299 olliciales
1403 1258 1464 1296 ac
1523 1240 1574 1292 in
1644 1237 1903 1307 dignitate

336 1344 666 1408 constituti,
721 1356 862 1410 quos
929 1341 1096 1394 etiam
1157 1338 1320 1403 vulgo
1396 1333 1488 1385 τοῦ
1557 1330 1902 1400 πατριάρχου

339 1435 642 1501 σύγκλητον
666 1434 992 1502 patriarchae
1032 1437 1273 1483 senatum
1318 1427 1529 1480 dicunt.

409 1524 552 1578 Ibid.
587 1522 890 1594 [Εὐλογεῖ.
915 1520 1225 1575 Orationem
1251 1533 1278 1570 a
1309 1517 1618 1586 patriarcha
1663 1527 1902 1584 pronun-

339 1616 462 1672 tiari
488 1616 701 1673 solitam
735 1615 972 1684 reperies
993 1613 1047 1673 in
1078 1609 1460 1679 Euchologicis
1484 1607 1706 1662 nostris:
1744 1605 1902 1660 ’0σά-

340 1726 426 1769 κις
456 1707 589 1778 ἔλθῃ
620 1708 649 1759 δ
687 1705 1036 1774 πατριάρχης
1077 1704 1158 1765 εἰς
1202 1702 1294 1754 τὸν
1330 1699 1578 1771 βασιλέα,
1608 1697 1902 1766 ἐξαιρέτως

338 1801 393 1852 δὲ
419 1801 484 1868 τῇ
519 1800 756 1870 Πέμπτῃ
792 1798 891 1866 τῆς
917 1795 1372 1864 Διακαινησῖμου.

2005 600 2244 660 tempore
2275 593 2512 664 affligere
2570 604 2728 664 parat
2759 593 3014 650 ecclesia.
3070 592 3370 646 Commune
3406 592 3561 660 igitur

2004 703 2127 740 cum
2186 688 2306 744 aliis
2360 689 2618 757 templum
2691 690 2989 759 imperator
3052 689 3169 758 ipse
3233 687 3560 754 frequentat,

2005 790 2061 833 ut
2103 781 2437 852 pmnitentia:
2465 797 2586 836 cum
2622 781 2743 843 aliis
2785 795 3017 836 consors
3056 794 3373 833 communes
3402 778 3556 832 etiam

2003 869 2126 922 aliis
2191 885 2413 936 precum
2447 869 2658 923 fructus
2690 869 2894 924 referre
2922 877 3218 922 mereatur.

2074 962 2134 1016 P.
2176 962 2262 1016 78.
2296 961 2562 1033 [Γίνεται
2615 961 2731 1030 μὲν
2797 959 3067 1029 τράπεζα.
3135 957 3384 1012 Nondum
3421 955 3559 1009 enim

2005 1053 2225 1110 advenit
2251 1053 2432 1108 luctus
2457 1053 2613 1119 hora,
2637 1067 2740 1106 nec
2775 1051 3051 1105 dominica
3084 1048 3352 1103 festivitas
3377 1044 3561 1116 jejunii

2005 1145 2270 1198 molestiae
2302 1151 2480 1214 potest
2515 1144 2826 1197 admisceri.

2076 1236 2214 1290 Ibid.
2236 1234 2366 1307 [Ἐν
2393 1235 2461 1288 δὲ
2489 1233 2560 1302 τῇ
2582 1236 2686 1289 τοῦ
2715 1234 3046 1302 ἐσπερινοῦ
3067 1233 3208 1301 ὥρᾳ.
3227 1233 3340 1296 Qua
3367 1231 3561 1300 σημαί-

2005 1343 2083 1377 νει
2139 1325 2438 1395 ταχύτερον
2498 1327 2590 1378 διὰ
2629 1325 2727 1395 τὴν
2779 1326 2877 1390 τῆς
2935 1324 3285 1391 γονυκλισίας
3341 1323 3562 1373 ἀκολου-

2006 1417 2146 1479 οίαν,
2207 1415 2296 1470 Fit
2350 1417 2747 1487 signumsolito
2778 1417 2934 1472 citius
2989 1427 3199 1484 propter
3258 1415 3564 1478 (morosum)

2004 1509 2412 1579 geniculationis
2445 1511 2695 1579 amcium.

2078 1599 2222 1662 Ibid.
2257 1600 2397 1673 [Τὰς
2427 1601 2534 1654 τοῦ
2564 1601 2833 1670 μεγάλου
2865 1601 3215 1654 Βασιλείου.
3249 1597 3423 1652 ΙΙοὶιοε
3453 1595 3567 1647 illas

2011 1693 2290 1748 orationes
2339 1709 2641 1762 earumque
2692 1691 3050 1763 legendarum
3093 1691 3278 1748 ritttm,
3321 1701 3419 1742 nec.
3460 1700 3568 1739 non

2013 1796 2068 1838 ct
2109 1785 2276 1842 totius
2343 1785 2507 1856 hujus
2554 1783 2713 1839 officii
2755 1783 3153 1852 expositionem
3200 1795 3262 1832 ex
3312 1777 3430 1846 ipso
3470 1777 3572 1833 Ba-

411 1889 546 1944 Ibid.
586 1888 823 1962 [Εὺχὴν
839 1885 1122 1944 ἐπειπών.
1154 1884 1339 1940 Oratio
1368 1882 1607 1939 secundo
1629 1896 1657 1936 a
1677 1879 1906 1951 patriar-
1937 1911 1980 1966 Β
2013 1877 2136 1931 silio
2157 1887 2209 1930 et
2238 1875 2489 1931 blattlraeo
2537 1876 2778 1934 Blastare
2821 1876 2875 1932 in
2909 1872 3290 1941 Euchologicis
3322 1870 3527 1925 nostris
3555 1886 3570 1932 ;

339 1985 438 2038 clla
470 1981 747 2037 fundenda
777 1981 968 2037 eodem
1003 1977 1321 2048 Euchologii
1372 1975 1492 2031 loco
1527 1974 1800 2044 reperitur
1837 1972 1902 2026 ad

339 2074 542 2136 calcem
564 2073 766 2142 aperis.
783 2067 983 2142 6mm]

410 2161 550 2216 Ibid.
578 2162 652 2218 De
685 2161 825 2217 festo
872 2157 1220 2216 Pentecostes
1252 2157 1376 2214 vide
1422 2169 1544 2226 quae
1575 2152 1902 2223 scripsimus

338 2253 377 2306 l.
420 2268 436 2305 ι
470 2251 542 2306 De
573 2249 723 2306 festis
745 2264 795 2305 c.
834 2247 926 2305 28.
963 2247 1100 2304 Olim
1128 2246 1183 2302 in
1218 2247 1358 2303 festo
1393 2245 1752 2301 Pentecostes
1779 2255 1904 2311 pro-

340 2344 515 2398 cessio
538 2343 924 2398 instituebatur
951 2339 1017 2395 ad
1051 2340 1311 2410 templum
1346 2336 1405 2392 S.
1434 2337 1592 2392 Mocii
1625 2333 1900 2403 martyris,

339 2436 425 2489 cui
488 2437 604 2506 ipse
658 2434 822 2490 etiam
881 2434 1180 2504 imperator
1221 2433 1504 2486 intererat.
1558 2427 1662 2484 Sed
1714 2436 1900 2496 postea

339 2527 597 2597 abrogata
631 2536 714 2582 est
759 2525 830 2580 ob
884 2540 1109 2582 causam
1153 2539 1318 2595 quam
1362 2530 1670 2579 memorant
1723 2520 1897 2574 Graeci

340 2619 610 2685 historici,
658 2628 713 2674 et
759 2618 812 2672 in
847 2617 932 2672 his
969 2615 1167 2688 Glycas
1215 2617 1280 2670 de
1337 2612 1519 2670 Leone
1573 2610 1905 2683 philosopho

340 2714 686 2782 imperatore.
719 2711 897 2778 Quare
932 2726 1036 2766 non
1075 2710 1273 2764 mirum
1305 2707 1350 2763 si
1375 2705 1620 2762 Codinus
1652 2703 1738 2759 die
1769 2702 1906 2756 Peu-

341 2814 572 2861 tecostes
621 2805 742 2874 ejus
812 2804 1015 2858 nullam
1071 2801 1398 2856 mentionem
1460 2797 1606 2859 facit.
1659 2794 1906 2866 quando-

338 2896 557 2966 quidem
594 2897 703 2962 jam
743 2895 950 2964 pridem
997 2893 1257 2960 abrogata
1284 2890 1482 2945 fuerat.

411 2987 753 3060 [Procleusin
799 3001 894 3042 seu
949 2985 1357 3054 proccssionem
1423 2978 1770 3051 imperatoris
1818 2978 1905 3031 die

343 3079 688 3134 Pentecostcs
714 3077 780 3132 ad
822 3076 879 3132 S.
919 3077 1174 3146 Sophiam
1203 3073 1494 3129 admodum
1531 3069 1745 3135 festive,
1775 3069 1902 3138 quin

341 3183 395 3225 et
434 3171 670 3225 ridicule
701 3169 967 3224 describit
1015 3166 1387 3236 Luitprandus
1414 3166 1466 3219 in
1513 3179 1612 3219 sua
1647 3164 1712 3218 ad
1745 3161 1904 3216 Nice-

342 3263 571 3329 phorum
636 3260 873 3316 Phocatu
925 3259 1216 3328 legatione.
1258 3255 1362 3312 Sed
1396 3253 1764 3322 Luitprandus
1795 3253 1904 3307 for-
1932 3244 1976 3301 C

343 3351 502 3405 tussis
566 3349 792 3405 sinistro
869 3363 973 3406 suo
1032 3346 1249 3402 affecturi
1313 3346 1365 3399 in
1417 3345 1669 3410 Graecos,
1715 3359 1745 3398 a
1791 3345 1909 3413 qui-

343 3448 442 3497 bus
488 3445 536 3496 in
587 3443 687 3497 hac
737 3441 978 3499 secunda
1028 3455 1126 3495 sua
1170 3438 1436 3509 legatione
1494 3451 1600 3492 non
1650 3437 1784 3490 bene
1811 3436 1908 3488 ha-

344 3537 487 3594 hitus
548 3535 744 3600 fuerat,
797 3535 1023 3590 nimium
1091 3533 1336 3592 indulsit.
1389 3531 1570 3600 Longe
1611 3530 1768 3584 aliter
1807 3530 1911 3581 Cn-

342 3631 505 3683 diuus
535 3644 659 3683 cum
709 3629 764 3684 in
797 3629 901 3684 hoc
947 3629 1106 3690 libro,
1141 3635 1255 3682 tum
1299 3627 1353 3679 in
1391 3625 1706 3696 Originibus
1738 3624 1910 3694 "Spoli-

345 3723 508 3789 tanis',
548 3721 709 3793 335
752 3723 844 3777 ubi
891 3723 1040 3777 ista:
1080 3720 1169 3776 Ἐν
1221 3723 1338 3786 ταῖς
1384 3721 1597 3790 δορταϊς
1655 3719 1747 3771 καὶ
1797 3720 1911 3779 τοῖς

346 3816 631 3879 immutat;
673 3816 768 3870 καὶ
805 3815 1088 3888 παρόντων
1138 3814 1423 3884 πρέσόεων
1475 3813 1748 3866 ἐνεδύοντο
1777 3811 1910 3881 χλα-

349 3907 522 3976 μύδας
580 3906 848 3970 ποικίλας,
897 3905 1003 3960 ἀπὸ
1076 3903 1279 3976 χρυσοῦ
1351 3905 1446 3958 καὶ
1506 3902 1832 3974 πορφύρας.
1875 3903 1908 3969 ἢ

347 4000 521 4061 ᾇλλως
552 4017 671 4064 πως
705 3999 1044 4064 πολυτελεῖς,
1080 3999 1138 4050 ιν
1174 3997 1234 4051 δὲ
1277 3998 1397 4060 ταῖς
1429 3997 1637 4060 κοιναῖς
1669 3994 1911 4056 συνόδοις

349 4093 758 4164 ξηραμπελῑνας
775 4091 854 4161 τῷ,
869 4089 1217 4161 ιρὼματιβς
1238 4088 1468 4142 ικάλουν
1496 4087 1913 4158 Ἀτρασατικὰς

347 4185 455 4244 ᾁπὸ
485 4180 578 4234 τοῦ
621 4178 910 4250 χρώματος
952 4180 970 4248 (
996 4177 1054 4231 τὸ
1078 4180 1186 4245 γάρ
1222 4178 1388 4246 μέλαν
1411 4179 1577 4246 ᾶτρον
1609 4176 1912 4245 καλοῦσιν),

348 4275 383 4342 ὴ
428 4275 511 4325 ὅτι
568 4272 708 4341 μετὰ
756 4269 1026 4338 τραὸείων
1083 4267 1312 4331 ταύταις
1373 4267 1597 4322 εἰώθασι
1649 4269 1910 4338 χρῆσθαι·

349 4362 600 4431 τραὸεῖαι
618 4361 674 4414 δὲ
696 4359 950 4428 λέγονται
973 4360 1026 4412 αἱ
1052 4359 1370 4422 πολυτελεῖς
1389 4357 1682 4428 χλαμύδες.

422 4455 561 4514 Ibid.
589 4453 728 4537 [Ἐν
763 4451 837 4518 τῇ
868 4449 973 4537 τοῦ
1007 4451 1178 4518 ἁγίου
1208 4451 1551 4520 Πνεύματος
1584 4451 1781 4519 ἑορτῇ.
1804 4450 1908 4506 Lu-

351 4555 473 4599 ctus
509 4555 561 4599 et
584 4534 931 4598 contritionis
959 4541 1141 4611 potius
1180 4556 1341 4612 quam
1403 4542 1705 4598 alacritatis
1755 4544 1913 4612 spiri-
1947 4573 1990 4629 Β
2018 4555 2332 4612 peragatur,
2363 4537 2608 4615 prmeipit
2636 4545 2897 4601 Menmum
2932 4549 2997 4601 ti
3022 4548 3364 4617 Septembris

355 4637 516 4695 tnalis
543 4642 924 4706 argumentum
959 4645 1036 4689 est
1067 4635 1208 4706 apud
1245 4635 1469 4690 Grmcos
1501 4635 1700 4690 festum
1727 4636 1917 4692 Pente-

353 4740 554 4793 costcs,
593 4727 830 4781 maxime
854 4737 978 4796 post
1039 4726 1348 4791 meridiem,
1406 4741 1511 4796 qua
1553 4730 1818 4788 seenndo.
1862 4738 1918 4782 ut

353 4827 526 4888 aiunt,
557 4823 883 4891 vespertinae
942 4821 1299 4876 decantantnr
1355 4835 1568 4891 preces.
1604 4819 1757 4879 Tunc
1810 4822 1917 4875 fre-

353 4927 584 4987 quentes
610 4916 789 4970 audiri
824 4915 1082 4984 gemitus,
1116 4924 1170 4968 et
1193 4930 1256 4968 ex
1279 4924 1622 4982 peccatorum
1662 4915 1918 4968 recorda-

358 5014 504 5064 tione
546 5023 650 5061 uou
675 5006 812 5061 adeo
847 5017 1037 5074 pectus
1067 5006 1258 5074 pugnis
1294 5020 1457 5074 quam
1526 5004 1725 5060 cadum
1764 5004 1919 5058 tundi

357 5100 614 5169 suspiriis
641 5099 943 5162 consuevit,
976 5107 1032 5151 ut
1085 5099 1129 5152 si
1153 5098 1282 5166 quid
1330 5099 1491 5151 luxus
1520 5097 1570 5150 in
1625 5111 1802 5151 moros
1835 5095 1919 5148 in-

361 5192 509 5244 vexit
543 5189 817 5259 paschalis
851 5188 1170 5242 solemnitas
1210 5188 1290 5241 vel
1322 5191 1442 5255 ejus
1475 5188 1706 5242 decursu
1739 5187 1920 5241 disso-

361 5281 584 5340 lntionis
627 5281 876 5335 nonnihil
907 5281 1294 5334 secumattulit
1350 5279 1631 5337 hominum
1678 5281 1732 5333 in
1788 5280 1919 5335 vitia

363 5388 533 5441 prona
576 5374 820 5436 libertas,
877 5382 1049 5427 totum
1107 5371 1158 5424 id
1215 5371 1453 5441 corrigat
1507 5371 1662 5437 dolor
1696 5371 1923 5440 spiritus

360 5475 552 5532 spome
579 5475 916 5533 assumptus,
948 5474 1001 5516 et
1027 5473 1340 5517 contractas
1383 5471 1559 5517 sortes
1593 5462 1927 5531 pmnitentia:

362 5555 681 5623 nhstergant
735 5554 996 5606 lamenta.
1066 5551 1140 5605 Eo
1198 5554 1300 5605 tine
1341 5561 1589 5606 sanctum
1649 5554 1714 5606 de
1771 5554 1926 5606 cmlis

365 5647 620 5716 spiritum
653 5661 778 5700 eum
812 5646 1069 5715 lacrymis
1108 5646 1396 5710 advocant,
1456 5660 1518 5696 (κ
1572 5645 1925 5712 profundiore

367 5738 674 5796 humilitate
703 5737 1271 5806 precesingemiuant,
1307 5752 1364 5787 ac
1395 5753 1629 5804 genuum
1684 5737 1929 5789 inflexio-

367 5832 551 5892 uilius,
605 5829 805 5899 quibus
847 5828 958 5902 jam
1021 5829 1150 5882 desu
1195 5840 1279 5882 tus
1351 5842 1464 5884 crat
1527 5830 1760 5900 populus
1821 5832 1924 5884 sibi

2011 1973 2278 2041 reliquum
2366 1970 2620 2039 oﬁlcium‘
2685 1973 2738 2027 in
2814 1969 3226 2031 Pentecostario
3305 1966 3570 2037 reperies.

2005 2059 2203 2133 Coum}

2081 2153 2223 2209 Ibia.
2263 2153 2616 2210 Diaconicum
2655 2169 2761 2210 non
2790 2163 2878 2209 est
2924 2155 3172 2209 conclave
3198 2155 3612 2213 diaconorum,~

2007 2251 2060 2302 iu
2092 2264 2198 2318 quo
2229 2249 2304 2302 illi
2334 2247 2653 2318 congregati
2711 2248 3008 2302 tractarint
3057 2247 3275 2316 negotia
3326 2244 3571 2298 tnnucris

2007 2341 2114 2405 sui,
2151 2341 2246 2395 sed
2279 2351 2361 2394 est
2390 2341 2543 2394 locus
2576 2341 2667 2395 ubi
2722 2340 2958 2394 ministri
3003 2354 3195 2395 sacras
3260 2347 3439 2392 vestes
3503 2336 3566 2388 ad

2007 2434 2191 2488 divina
2225 2432 2408 2488 officia
2451 2431 2759 2503 peragenda
2791 2431 3053 2496 induunt,
3099 2430 3431 2487 Germanice
3491 2430 3574 2481 die

2009 2523 2294 2591 δαπίδων.
2331 2523 2651 2578 sacrarium.
2684 2521 2892 2577 Gns'rs.

2082 2614 2222 2669 Ibid.
2246 2613 2306 2686 [Α
2334 2628 2527 2683 pompa
2556 2614 2793 2684 luxuque
2815 2629 2938 2668 cum
2965 2613 3260 2669 abhorreat
3288 2613 3574 2682 praesentis

2006 2707 2172 2762 officii
2189 2705 2539 2762 Pentecostes
2555 2705 3146 2768 ltutnilitas,elevatiora
3165 2704 3577 2771 subselliantpdc

2008 2803 2194 2870 κυψιν,
2245 2802 2526 2866 thronum,
2583 2802 2770 2857 sedem
2824 2802 3147 2855 honoratam
3212 2801 3433 2870 respuit
3469 2801 3574 2853 im-

2008 2905 2246 2964 perator,
2283 2903 2332 2948 et
2359 2897 2424 2947 ad
2454 2894 2703 2947 dextrum
2747 2893 2935 2948 altaris
2974 2893 3142 2958 latus,
3182 2909 3292 2962 quo
3349 2894 3578 2945 διακονι-

2007 2988 2124 3047 κὸν,
2175 2987 2408 3039 diaconi;
2429 2986 2557 3037 data
2592 2995 2677 3038 est
2715 2986 2886 3044 sedes.
2915 2984 3107 3037 humili
3135 2984 3397 3051 corporis
3424 2994 3575 3050 gestu

2011 3081 2060 3134 in
2104 3079 2261 3133 altari
2297 3095 2324 3132 a
2351 3078 2635 3131 sacerdote
2668 3077 3051 3143 prouuntiatas
3078 3077 3266 3133 Basilii
3313 3076 3576 3145 vesperti-

2009 3185 2105 3222 nas
2138 3183 2328 3238 preces
2353 3167 2526 3221 audit.
2573 3169 2646 3221 De
2705 3167 2992 3222 diaconico
3045 3172 3200 3236 plura
3263 3177 3321 3223 te
3389 3171 3578 3222 doceat

2011 3263 2258 3316 eruditus
2276 3261 2582 3316 Allatiusde
2601 3261 2967 3314 recentiorum
2998 3259 3319 3314 Gratcorum
3363 3261 3575 3326 templis

2012 3351 2282 3421 npusculo
2317 3369 2330 3405 :
2370 3351 2422 3405 in
2457 3350 2792 3420 Eucholngio
2834 3365 3050 3420 quoque
3098 3344 3356 3406 nonnihil
3422 3351 3486 3404 de
3513 3363 3578 3403 co

2011 3443 2392 3500 dclihavimus.
2424 3442 2628 3514 Cum]

2084 3537 2230 3590 Ibid.
2274 3537 2348 3590 De
2381 3537 2519 3593 festo
2551 3537 2910 3596 Exaltatinnis
2953 3555 2998 3595 s.
3050 3537 3232 3593 crucis
3295 3538 3464 3592 etiam
3515 3550 3575 3588 ex

2015 3644 2166 3686 more
2196 3631 2505 3696 Graecorum
2537 3631 2655 3685 [ηδε
2694 3633 2892 3701 scripsi
2945 3640 3078 3686 tom.
3112 3631 3126 3684 Ι
3180 3629 3253 3682 De
3291 3629 3360 3684 S.
3407 3629 3579 3684 Crnce

2013 3724 2049 3776 l.
2084 3738 2123 3790 t,
2157 3739 2206 3776 c.
2237 3724 2305 3777 65
2330 3735 2379 3777 et
2403 3724 2492 3784 66.
2524 3736 2576 3778 et
2607 3725 2643 3777 Ι.
2671 3742 2682 3778 ι
2736 3725 2812 3779 De
2846 3724 3002 3779 festis
3033 3738 3084 3778 c.
3122 3721 3210 3777 55.
3250 3721 3388 3774 Vide
3421 3721 3576 3774 etiam

2013 3815 2390 3871 Adamannum
2438 3815 2683 3883 Scotum,
2721 3819 2793 3873 1.ι
2826 3818 2897 3873 De
2948 3819 3055 3873 situ
3097 3815 3279 3871 Terra:
3327 3818 3576 3879 Sancum;

2015 3906 2101 3958 nlii
2149 3906 2216 3960 de
2247 3907 2506 3962 nundinis
2536 3909 2637 3962 hoc
2677 3908 2817 3963 festo
2869 3907 3271 3977 Hierosolymis
3315 3905 3580 3963 celebrari

2014 3995 2190 4051 solitis
2220 3997 2354 4051 mira
2381 3998 2545 4065 leges.
2576 3997 2785 4058 (ἴητε.

1997 4130 2008 4152 ,
2086 4086 2226 4144 Ibid.
2257 4085 2640 4157 [‘AraC-‘dopa.
2679 4091 2962 4144 Elevandze
3008 4093 3058 4146 in
3112 4093 3278 4146 altum
3332 4093 3482 4147 cruci
3517 4091 3580 4143 ad

2013 4177 2133 4245 ejus
2159 4178 2546 4233 exaltationem
2570 4181 2733 4233 etiam
2761 4197 3032 4249 corporeo
3077 4193 3231 4251 gestu
3276 4186 3459 4239 oculis
3495 4184 3585 4237 dc-

2017 4268 2426 4322 monstrandam
2459 4281 2802 4340 pra'paratur
2851 4273 2902 4326 in
2929 4275 3107 4328 medio
3142 4275 3387 4330 triclinio
3434 4276 3581 4329 tabu-

2017 4355 2182 4412 latum
2217 4358 2526 4429 ἁναὸἁορα,
2551 4361 2617 4415 de
2645 4379 2752 4431 qua
2793 4363 2991 4416 redibit
3023 4379 3227 4420 sermo.

2092 4448 2231 4503 Ibid.
2269 4449 2419 4522 [Τὴν
2444 4452 2548 4506 τοῦ
2578 4454 2845 4524 σταυροῦ
2885 4455 3040 4509 ποιεῖ
3066 4457 3580 4524 ὗϋοωσιν.οιιυι·ἰ1ιι

3413 4569 3426 4604 :
3471 4550 3584 4602 Ἀλ-

2021 4635 2210 4690 λάδσει
2248 4640 2275 4689 ὁ
2301 4639 2477 4706 ἱερεὺς
2505 4640 2685 4692 πᾶσαν
2721 4641 2818 4711 τὴν
2863 4642 3147 4711 ἱερατικὴν
3178 4643 3343 4712 336
3368 4643 3580 4711 στολὴν,

2019 4733 2111 4784 ναὶ
2133 4731 2436 4800 εἰσέρχεται
2458 4732 2593 4800 μετά
2613 4731 2876 4800 θυμιατοῦ
2897 4735 2951 4786 ὲν
2965 4737 3028 4803 τῇ
3053 4735 3182 4804 ἁγίᾳ
3201 4736 3473 4806 τραπέζῃ.
3497 4735 3580 4786 καὶ

2021 4823 2231 4891 θυμιῶν
2252 4823 2344 4875 τὸν
2369 4823 2550 4891 τίμιον
2585 4824 2817 4890 σταυρὸν
2853 4827 3209 4890 σταυροειδῶς
3245 4827 3394 4895 αἴρει
3423 4827 3584 4879 αὑτὸν

2025 4914 2161 4981 μετὰ
2193 4914 2380 4965 δίσκου
2408 4915 2500 4965 ἐπὶ
2536 4915 2635 4980 τῆς
2660 4915 2924 4984 κεφαλῆς,
2954 4917 3051 4969 καὶ
3081 4919 3586 4986 προπορευομένων

2020 5007 2112 5058 δύο
2141 5006 2440 5074 λαμπάδων
2488 5010 2643 5075 φέρει
2680 5006 2845 5058 αὐτὸν
2901 5009 3062 5075 μέχρι
3117 5009 3224 5060 τῶν
3285 5008 3586 5076 βασιλικῶν

2024 5097 2209 5150 πυλῶν
2230 5096 2323 5150 τοῦ
2357 5097 2509 5160 ναοῦ,
2544 5099 2770 5150 κάκεῖσε
2797 5099 3036 5154 ἵσταται,
3101 5100 3210 5152 Καὶ
3271 5100 3587 5170 πληρουμέ-

2022 5204 2117 5254 νης
2149 5187 2246 5254 τῆς
2279 5185 2589 5252 ὃοξολογίας
2626 5187 2720 5238 καὶ
2758 5186 2852 5238 τοῦ
2890 5189 3178 5257 τρισαγίου
3238 5190 3390 5255 λέγει
3449 5193 3476 5240 δ
3514 5193 3588 5241 is-

2025 5277 2154 5341 ρεῦς
2185 5276 2622 5346 μεγαλοφώνως·
2677 5295 2694 5326 ι
2739 5277 2932 5344 Σοφία,
2986 5279 3157 5348 ὀρθοί.
3202 5299 3219 5330 ι
3259 5281 3370 5333 Καὶ
3420 5282 3586 5349 ἀρχό-

2029 5371 2166 5442 μεθα
2198 5370 2291 5422 τοῦ
2325 5370 2651 5436 τροπαρίου,
2684 5387 2701 5420 ι
2737 5369 2942 5434 Σῶσον,
2979 5371 3170 5439 Κύριε,
3200 5373 3289 5424 τὸν
3317 5372 3448 5425 λαόν
3471 5390 3584 5434 σου,

2026 5466 2117 5516 καὶ
2153 5463 2448 5530 εὐλόγησαν
2509 5463 2607 5524 τὴν
2657 5463 3024 5533 κληρονομίαν
3089 5481 3205 5526 σου,
3265 5464 3423 5525 νίκας
3478 5466 3588 5521 τοῖς

2030 5555 2309 5622 βασιλεῦσι
2341 5556 2483 5608 κατὰ
2517 5555 2810 5624 βαρϐάρων
2846 5553 3216 5622 δωρούμενος,
3266 5557 3358 5606 καὶ
3385 5555 3448 5605 τὸ
3499 5553 3589 5604 οὖν

2030 5646 2310 5713 φυλάττων
2340 5647 2425 5698 διὰ
2459 5647 2550 5696 τοῦ
2581 5644 2818 5712 σταυροῦ
2873 5663 2964 5699 σου
3018 5646 3343 5710 πολίτευμα.
3394 5662 3412 5693 r
3479 5646 3590 5696 Καὶ

2028 5743 2195 5804 οὓτως
2223 5742 2478 5793 εἰσοδεύει
2516 5739 2656 5808 μετὰ
2689 5740 2782 5792 τοῦ
2808 5740 2990 5809 τιμίου
3020 5738 3273 5807 σταυροῦ.
3306 5738 3417 5789 Καὶ
3433 5736 3589 5795 ὄντος

2029 5835 2462 5904 ηὖτρεπισρὲνου
2495 5832 2848 5902 τετραποδὶου
2885 5832 3092 5886 τίθεται
3123 5833 3152 5884 ὁ
3195 5831 3371 5900 τῖμιος
3414 5845 3585 5886 σταυ-
