3928 6214
341 360 453 431 377

1482 373 1851 438 euersam
1886 374 1982 435 ET
2006 372 2247 436 coam
2276 354 2536 438 nom.‘

3510 373 3618 436 378

338 485 725 561 «posuimus»;
770 489 837 558 τῇ
872 487 1115 561 Χριστοῦ
1170 491 1429 562 γεννήσει
1464 495 1522 546 ὲν
1553 497 1619 565 τῇ
1656 494 1907 564 Euximi;

2031 494 2201 549 reddo
2238 511 2254 549 :
2297 493 2405 548 Sub
2437 501 2683 563 quartam
2720 492 2972 560 ejusdem
2995 492 3100 547 diei
3132 489 3417 562 (nimirum
3449 488 3611 560 primi

339 578 593 646 εἰσῆλθεν
621 581 682 631 ἐν
710 581 788 649 τῷ
817 581 1214 654 θυσιαστηοίῳ.
1264 585 1557 655 Φθασάσης
1592 588 1649 640 δὲ
1695 588 1791 641 καὶ
1827 587 1925 656 τῆς

341 673 539 740 ἑορτῆς
570 672 680 726 τῶν
725 666 927 727 Φώτὶον
964 677 1243 746 προῆλθεν
1274 679 1500 749 ὁμοίως,
1543 682 1637 733 καὶ
1668 679 1925 745 εἰσελθὼν

337 763 405 814 οὐ
447 767 887 835 προσεκύνησεν.
941 766 1224 825 Cedrenus
1271 770 1325 824 in
1382 769 1567 825 Leone
1614 769 1920 840 Sapiente:

339 856 619 924 Σονήθους
658 858 714 911 δὲ
745 859 1125 930 προελεύσεως
1171 863 1474 933 γενομένης
1520 863 1663 917 κατὰ
1707 862 1925 933 ἡμέραν

336 936 439 1016 τῆς
477 950 864 1020 Πεντηκοστῆς
890 954 948 1006 ὲν
976 952 1054 1023 τῷ
1079 954 1216 1025 ναῷ.
1249 955 1567 1023 Eustathius
1605 956 1823 1009 tandem
1854 956 1918 1009 ad

344 1038 415 1093 ll.
452 1040 472 1093 l
504 1058 522 1095 :
554 1042 780 1111 Πομπὴ,
835 1043 1137 1114 θρίαμϐος,
1193 1044 1256 1099 ὃν
1302 1044 1630 1115 προέὶευσιν
1676 1046 1709 1115 ἡ
1766 1045 1920 1117 κοινὴ

336 1132 568 1198 γλῶσσα
607 1134 786 1189 καλεῖ.
840 1138 919 1189 An
956 1136 1101 1191 idem
1133 1137 1206 1192 sit
1244 1138 1573 1208 προέλευσις
1607 1137 1752 1206 quod
1789 1138 1923 1207 πρό-

335 1243 556 1291 κενσος,
589 1228 656 1281 de
684 1243 793 1299 quo
822 1229 1102 1284 Cedrenus
1124 1230 1176 1283 in
1199 1228 1416 1285 Justino
1448 1246 1484 1285 ιι
1518 1246 1533 1284 :
1568 1226 1734 1293 Αὖθις
1767 1228 1922 1299 βασι-

335 1317 482 1380 λέως
543 1319 640 1372 ἐπὶ
696 1321 1025 1389 πρόκενπον,
1081 1335 1188 1376 non
1259 1322 1557 1377 existimo:
1592 1320 1921 1391 Προελεοσιν

335 1411 493 1463 enim
514 1427 622 1464 non
653 1414 895 1482 reperies
919 1415 1027 1470 nisi
1048 1415 1270 1484 pietatis
1293 1415 1377 1470 vel
1405 1416 1474 1470 ob
1498 1426 1723 1485 accepta
1755 1416 1919 1469 bene—
1950 1416 1959 1426 '

336 1504 465 1557 tit-ia
493 1504 846 1574 tripudiantis
864 1508 945 1562 vel
963 1507 1029 1562 ad
1058 1507 1379 1576 depellenda
1407 1510 1549 1562 mala
1571 1506 1920 1576 deprecantis

334 1598 516 1666 gratia
548 1608 887 1670 susceptam,
920 1601 1223 1670 πρόκενσον
1257 1615 1386 1656 vero
1418 1615 1813 1669 nonnunquam
1849 1600 1916 1654 ad

333 1690 514 1743 solam
569 1705 824 1759 pompam
882 1700 935 1746 et
985 1692 1211 1757 fastum,
1276 1693 1386 1747 imo
1451 1696 1781 1763 quandoque
1849 1692 1915 1747 ad

336 1787 550 1839 luxum.
576 1786 687 1841 Leo
703 1786 1109 1843 Grammaticus
1138 1788 1191 1843 in
1224 1787 1405 1844 Leone
1430 1787 1720 1859 Sa‘pientc‘:
1762 1790 1916 1846 Λέων

2030 588 2398 656 Septembris)
2437 588 2662 649 harant,
2696 587 2867 640 sacris
2904 586 3225 663 imaginibus
3272 585 3430 638 ceteri
3468 599 3613 637 more

2027 696 2133 733 una
2158 697 2277 734 cum
2314 682 2633 750 imperatore
2674 682 2980 750 patriarcha
3017 690 3066 734 et
3101 680 3356 749 episcopis
3386 679 3455 732 ad
3490 695 3610 745 por-

2023 773 2349 842 phyreticam
2384 774 2685 827 columnam
2736 774 3094 843 congregatis.
3138 774 3227 826 cui
3279 788 3435 827 sacra
3475 786 3609 825 crux

2024 866 2245 932 insistit,
2292 884 2410 921 cum
2455 868 2597 927 sacri
2630 867 2810 938 hymni
2860 875 3200 931 canerentur,
3258 881 3449 941 porcus
3499 864 3607 916 ali-

2024 959 2194 1011 cunde
2218 960 2427 1026 elapsus
2456 958 2634 1012 subito
2669 959 2721 1011 in
2766 960 2989 1011 medium
3021 957 3366 1020 psallentium
3387 957 3603 1009 chorum

2024 1052 2237 1117 insiliit,
2283 1051 2451 1107 multo
2488 1068 2632 1106 caeno
2682 1052 3013 1121 inquinatus,
3044 1059 3092 1103 et
3149 1049 3292 1102 varie
3321 1049 3423 1100 huc
3450 1050 3606 1116 atque

2023 1144 2152 1199 illuc
2183 1156 2404 1215 vagatus
2434 1146 2517 1199 ria:
2547 1145 2756 1198 tandem
2789 1144 3036 1198 excessit.
3081 1142 3144 1196 Id
3176 1141 3605 1213 prudentioribus

2022 1237 2381 1307 confusionem
2413 1243 2703 1307 quamdam
2729 1236 2931 1292 Christi
2963 1236 3218 1290 Ecclesia:
3236 1246 3284 1288 et
3319 1234 3603 1304 [actionem

2023 1331 2333 1400 signi/icore
2365 1334 2560 1384 visum.
2617 1330 2809 1395 Qualis
2846 1330 3103 1384 confusio
3134 1337 3191 1383 et
3223 1328 3390 1382 factio
3444 1326 3606 1397 paulo

2021 1435 2146 1493 post
2180 1416 2501 1489 secutaest,
2536 1433 2695 1492 capta
2724 1423 2793 1477 ab
2826 1423 3143 1477 Andronico
3167 1420 3395 1475 Juniore
3425 1420 3601 1488 Cpoli.

2300 1500 2313 1519 \

2024 1514 2228 1570 Gusrs.

2088 1605 2150 1662 P.
2177 1607 2264 1661 80.
2280 1605 2301 1679 [
2319 1606 2553 1660 Ἐκεῖσε
2574 1605 2949 1676 τελουμένην
2970 1606 3360 1659 ἀκολουθίαν.
3383 1604 3454 1660 Pa
3464 1613 3598 1657 rtem

2020 1700 2142 1770 ejus
2167 1700 2340 1756 habes
2381 1701 2435 1754 in
2464 1699 2806 1770 Eucholngio
2838 1709 3026 1755 nostro
3046 1699 3144 1753 fol.
3176 1700 3281 1755 810
3312 1707 3366 1752 et
3402 1698 3453 1753 in
3490 1696 3605 1750 Me-

2020 1808 2142 1848 ncco
2184 1794 2207 1847 l
2254 1793 2596 1863 Septembris
2626 1794 2749 1862 ejus
2798 1793 3121 1847 memoriam
3172 1792 3482 1848 celebrante
3517 1790 3604 1843 his

332 1883 644 1953 πρόκενσον
708 1884 967 1949 ἐποίησεν
1023 1887 1103 1948 εἰς
1160 1885 1226 1938 τὰ
1292 1884 1590 1957 Δαμιανοῢ.
1658 1887 1916 1951 Συνόντος
1951 1893 1989 1948 Β
2019 1885 2250 1942 verbis:
2302 1887 2368 1940 Ἦ
2399 1886 2453 1940 δὲ
2498 1886 2593 1939 τοῦ
2635 1885 2970 1957 ἐμπρησμοῦ
3008 1887 3199 1954 μνήμη
3229 1884 3317 1938 διὰ
3362 1883 3423 1936 τὸ
3467 1901 3601 1952 συμ-

330 1977 394 2029 as
438 1975 687 2040 Ζαούτζα
734 1977 830 2031 καὶ
874 1978 1445 2047 παραδυναστεύοντος
1474 1979 1696 2047 καὶτῆς
1742 1980 1912 2049 θυγα-

330 2067 467 2137 τρὸς
502 2069 666 2123 αὑτοῦ
722 2071 879 2140 Ζωῆς
912 2072 1029 2142 ἅμα
1078 2072 1155 2142 τῷ
1186 2072 1419 2143 βασιλεῖ,
1455 2072 1722 2142 Θεοφανὼ
1766 2073 1821 2126 δὲ
1878 2074 1910 2142 ἡ

329 2161 557 2229 γαμετὴ
593 2161 758 2215 αὑτοῦ
792 2163 852 2215 οὑ
882 2164 1067 2233 παρῆν
1098 2166 1303 2227 ἐκεῖσε,
1338 2165 1454 2218 ἀλλ’
1495 2168 1551 2218 ὲν
1575 2166 1913 2235 Βλαχέρναις

327 2250 395 2303 ὲν
418 2255 484 2321 τῇ
508 2253 643 2325 ἁγίᾳ
666 2254 808 2324 σορῷ
835 2258 1268 2326 προσεκαρτέρει
1285 2257 1580 2329 εὐχομένη.
1608 2259 1906 2328 Sequitur:

326 2346 597 2410 Δόξαντος
629 2344 723 2400 οὖν
763 2348 856 2401 τοῦ
902 2348 1163 2418 βασιλέως
1218 2353 1400 2421 μεῖναι
1430 2354 1633 2406 ἐκεῖσε.
1666 2351 1822 2407 Certe
1854 2353 1907 2407 in

326 2439 493 2493 solita
520 2440 760 2495 ecclesim
779 2443 1129 2510 processione
1153 2459 1259 2498 non
1294 2445 1484 2501 fuisset
1510 2457 1774 2509 moratus,
1813 2462 1911 2502 nec

325 2547 521 2587 secum
554 2532 803 2602 pellicem
833 2533 1102 2599 duxisset,
1161 2545 1257 2590 aut
1286 2535 1507 2589 interim
1542 2536 1661 2605 ejus
1686 2551 1824 2589 uxor
1853 2537 1905 2589 in

323 2626 579 2680 oratione
632 2626 838 2681 diutius
866 2640 1261 2697 perseveraret.
1297 2626 1447 2684 Fasti
1476 2627 1644 2683 Siculi
1679 2629 1903 2696 πεποίη-

326 2737 427 2771 σεν
450 2719 607 2772 Λέων
634 2720 943 2788 πρόκεσοον
975 2722 1113 2791 (lege
1147 2722 1450 2791 πρόκενσον
1479 2736 1601 2775 cum
1628 2721 1772 2786 aliis)
1806 2722 1910 2788 μῆ·-

320 2828 428 2874 vat;
473 2809 555 2875 ἒξ.
633 2811 919 2867 Processio
972 2813 1349 2867 ecclesiastico
1416 2813 1521 2866 ritu
1575 2812 1907 2881 peragenda,

321 2911 542 2958 tantum
571 2904 804 2973 spatium
828 2920 936 2959 non
954 2906 1205 2973 requirit.
1235 2904 1310 2959 De
1332 2920 1581 2972 processu
1601 2903 1906 2971 principum

320 3007 375 3050 ct
402 2992 825 3064 magistratuum
862 3013 986 3053 cum
1024 2998 1344 3067 dignitatum
1375 2996 1681 3067 insignibus
1718 2996 1912 3050 Pauci-

323 3089 503 3141 rollus
549 3088 604 3142 in
634 3088 884 3143 notitiam
928 3087 1174 3143 Orientis
1206 3104 1255 3143 c.
1284 3089 1374 3143 2‘2.
1404 3086 1607 3158 Gesn]

398 3182 460 3236 P.
499 3183 589 3238 79.
622 3183 799 3236 Tomo
834 3182 902 3237 lll
930 3183 996 3237 de
1030 3181 1087 3236 S.
1112 3180 1313 3243 Crucc.
1356 3181 1392 3235 l.
1417 3197 1454 3245 t,
1486 3196 1536 3235 c.
1567 3180 1657 3243 ‘26,
1698 3180 1907 3235 descri-

2013 1977 2176 2048 6ῆναι
2211 1978 2303 2031 διὰ
2330 1978 2431 2040 τὰς
2467 1978 2751 2049 ἁμαρτίας
2797 1977 2959 2047 ἡμῶν
2990 1976 3245 2045 γενέσθαι
3269 1977 3603 2047 ἐμπρησμὸν

2017 2069 2273 2138 μέγιστον
2305 2072 2363 2122 ἐν
2409 2068 2984 2124 Κωνστωθτινουπόλει
3020 2070 3113 2121 ἐπὶ
3154 2068 3383 2131 Λέοντος
3432 2070 3606 2139 μεγά-

2013 2165 2105 2217 λου
2150 2164 2414 2233 βασιλέως
2450 2166 2544 2219 καὶ
2580 2163 3000 2234 ωρποληθῆναι
3045 2162 3106 2215 τὸ
3154 2162 3407 2214 πλεῖστον
3433 2159 3602 2229 μέρος

2011 2256 2109 2323 τῆς
2152 2254 2355 2317 πόλεως
2388 2256 2479 2307 ἐπὶ
2525 2254 2741 2326 ἡμέρας
2785 2246 2947 2308 ἑπτά.
2974 2254 3257 2330 Οθριίιοηιιε
3298 2252 3364 2306 de
3391 2252 3485 2305 illo
3517 2251 3600 2304 iu-

2011 2347 2207 2400 cendin
2244 2348 2298 2402 in
2331 2347 2514 2403 Leone
2552 2357 2873 2403 memorato.
2905 2345 3103 2418 Genu]

2086 2437 2231 2494 Ibid.
2266 2439 2565 2495 Celebrant
2595 2440 2766 2495 Graeci
2797 2440 2899 2494 hoc
2934 2440 3129 2493 festum
3166 2454 3291 2492 cum
3324 2424 3598 2491 Latinis}!

2015 2532 2374 2601 Septembris.
2408 2532 2465 2588 lu
2502 2534 2839 2588 monasterio
2888 2531 3040 2587 Libis
3078 2530 3329 2601 sepultus
3357 2539 3442 2585 est
3480 2530 3593 2581 An-

2012 2624 2273 2679 dronicus
2322 2625 2527 2690 senior,
2586 2625 2715 2679 olim
2768 2625 3087 2693 imperator,
3146 2624 3241 2679 sed
3302 2621 3585 2677 biennium

2013 2724 2139 2769 ante
2183 2716 2309 2771 vitae
2341 2718 2503 2771 finem
2542 2718 2873 2772 monachus.
2910 2714 3151 2771 Cadaver
3189 2716 3303 2782 ejus
3339 2718 3392 2769 in
3447 2712 3593 2768 Libis

2013 2809 2396 2862 monasterium
2428 2809 2809 2879 estperlatum,
2855 2811 2995 2875 quod
3033 2817 3203 2864 mater
3226 2809 3341 2882 ejus
3379 2810 3593 2862 domina

2016 2899 2287 2954 Theodoro
2343 2910 2646 2968 renouarat,
2717 2902 2900 2973 inquit
2952 2902 3226 2969 Gregoras
3272 2911 3517 2957 extremo
3552 2901 3591 2954 l.

2013 3009 2066 3047 ix
2116 3010 2229 3050 suae
2261 2995 2538 3050 Historize.
2587 2996 2793 3051 Eadem
2832 2996 3005 3052 ferme
3061 2997 3514 3062 Cantaculenus,
3547 3011 3588 3059 ι,

2012 3088 2102 3142 ιο.
2141 3088 2379 3142 Observa
2397 3087 2618 3142 Junium
2648 3089 2787 3143 mala
2820 3088 2923 3144 fide
2949 3091 3119 3160 μονήν
3159 3099 3370 3145 vertere
3402 3091 3591 3152 autem,

2017 3193 2141 3232 cum
2178 3182 2247 3232 sit
2284 3181 2662 3233 monasterium
2694 3198 2712 3235 :
2747 3192 2891 3236 errat
2921 3185 3201 3251 interpres,
3240 3181 3348 3237 hoc
3377 3192 3460 3236 est
3497 3178 3594 3233 Ju-

322 3278 409 3344 psi
440 3291 755 3340 nummum,
785 3277 838 3329 in
866 3275 1025 3345 cujus
1057 3275 1226 3328 altera
1255 3282 1408 3342 parte
1441 3273 1638 3328 visitur
1663 3269 1906 3326 Joannes
1934 3258 1977 3316 ο
2012 3271 2162 3334 nius,
2200 3272 2290 3340 qui
2323 3272 2490 3325 autem
2534 3273 2731 3336 reddit,
2776 3273 2958 3345 inquit
3012 3275 3245 3344 ipsemet
3296 3272 3591 3328 Meursius.

317 3369 664 3439 Palaeologus
714 3368 1021 3436 imperator
1077 3365 1400 3435 Cpolitanus
1464 3364 1529 3418 ad
1584 3364 1903 3418 columnam

321 3462 670 3531 crucigerazn
705 3459 1131 3514 venerabundus
1172 3467 1234 3512 et
1261 3448 1753 3529 supplicabundus,
1783 3453 1906 3507 sine

284 3551 497 3606 .dubio
539 3567 605 3607 ex
666 3551 773 3605 hoc
819 3564 971 3604 more
1032 3549 1398 3604 Kalendarum
1468 3542 1903 3614 Septembrium.

322 3645 464 3699 Vide
491 3646 528 3699 I.
569 3659 619 3698 c.
676 3643 753 3698 De
780 3642 1064 3704 S.,Cruce.
1122 3641 1193 3695 De
1227 3642 1483 3694 columna
1514 3635 1900 3708 porpliyrctica

322 3741 554 3794 consule
597 3753 718 3808 quae
769 3736 1093 3805 scripsimus
1127 3745 1259 3789 tom.
1309 3732 1349 3796 Ι,
1404 3733 1476 3785 De
1509 3730 1566 3787 S.
1616 3731 1813 3786 Cruce.
1847 3727 1889 3784 1.

324 3850 388 3898 ιι,
419 3849 470 3887 c.
507 3831 599 3895 45,
647 3846 712 3885 ex
757 3829 1065 3899 Nicephoro
1114 3837 1167 3882 et
1216 3826 1428 3881 Codino
1479 3826 1531 3880 in
1588 3823 1902 3895 Originibus

319 3925 650 3995 (.politanis.
690 3923 950 3994 Superest
998 3923 1105 3977 hoc
1133 3921 1318 3976 itidem
1347 3934 1462 3974 aevo
1488 3920 1602 3973 haec
1643 3917 1900 3974 columna

321 4018 733 4090 porphyretica.
774 4015 965 4071 Exstat
1017 4032 1081 4069 ex
1136 4016 1344 4085 regione
1377 4013 1679 4076 diversorii,
1726 4010 1904 4081 inquit

323 4113 508 4167 Dousa
540 4112 591 4167 in
644 4128 744 4167 suo
775 4110 1064 4180 Cpolitano
1119 4106 1430 4170 ltinerario,
1474 4104 1559 4158 vel
1595 4104 1780 4173 potius
1845 4102 1901 4154 in

320 4206 590 4259 EnComio
631 4205 829 4260 llrletii
878 4204 1165 4273 cujusdam
1204 4198 1533 4270 patriarcha:
1570 4192 1898 4258 Grzrcanici,

318 4299 407 4352 vel
438 4298 489 4349 in
528 4306 735 4365 satyra,
768 4310 875 4364 qua
910 4292 1488 4350 Jesuitasinsectatur,
1524 4288 1579 4341 in
1599 4303 1699 4356 quo
1716 4285 1896 4340 Cazsa-

322 4402 440 4439 τινας
469 4393 707 4438 oratores
734 4382 995 4451 hospitari
1016 4366 1125 4434 mos
1158 4389 1253 4444 est,
1286 4378 1533 4431 columna
1563 4373 1903 4430 Constantini

320 4492 613 4542 purpurea,
659 4477 709 4528 in
742 4476 893 4539 cuius
931 4473 1242 4527 summitate
1278 4468 1569 4536 spondylus
1598 4465 1898 4534 aediﬁcatus

315 4582 418 4636 est,
450 4569 503 4622 in
535 4586 637 4637 qua
666 4566 925 4635 ejusmodi
958 4565 1236 4633 inscriptio
1259 4571 1473 4631 apparet
1500 4575 1520 4614 :

385 4684 552 4755 3&0
583 4684 651 4737 Τὸ
681 4681 841 4755 θεῖον
870 4677 1285 4755 epraeter-Hdde
1314 4676 1545 4755 φθαρὲν
1570 4680 1787 4746 χρόνῳ,

386 4748 537 4808 Eis-oi
563 4752 857 4818 Μανουὴλ
887 4748 1147 4816 εὐσεϐὴς
1180 4748 1588 4816 αὐτοκράτωρ.

316 4851 412 4902 Est
453 4847 541 4899 hic
573 4844 894 4897 Emmanuel
949 4841 1418 4911 antepenultimus
1450 4856 1516 4895 ex
1547 4837 1897 4909 imperatori-

311 4942 414 4995 bus
433 4937 733 5010 Cpolitanis
762 4956 774 4989 :
808 4952 931 4989 nam
954 4928 1083 5005 post
1109 4935 1255 4989 hunc
1280 4943 1501 4989 secutus
1529 4941 1612 4987 est
1634 4931 1893 4997 Joannes,

309 5035 409 5103 qui
442 5032 679 5086 cuiu-ilio
710 5029 1028 5084 Florentino
1066 5027 1336 5088 interfuit,
1394 5036 1515 5096 post
1543 5026 1707 5081 istum
1746 5025 1896 5081 Con-

309 5127 619 5184 stantinus,
645 5126 747 5179 sub
778 5139 884 5193 quo
935 5123 1120 5192 Cpolis
1154 5124 1206 5175 in
1236 5120 1526 5175 Turcicam
1566 5120 1891 5175 servitutem

306 5224 487 5277 vvnit.
580 5218 754 5287 llujus
828 5216 1227 5289 porphyretici}:
1301 5214 1573 5268 columna:
1646 5212 1897 5267 meminit

304 5316 506 5385 etiam,
561 5310 751 5366 eodem
792 5309 963 5363 ferme
1015 5326 1126 5378 quo
1168 5309 1350 5363 Dousa
1403 5308 1599 5383 modo,
1633 5307 1893 5361 Salomon

301 5404 615 5469 Swigcrus,
652 5400 957 5469 prmdicans
990 5399 1241 5464 Norirus,
1282 5399 1315 5452 l.
1357 5416 1389 5453 ιι
1422 5398 1503 5453 sui
1544 5397 1892 5467 llodmporici

302 5512 354 5549 c.
392 5494 486 5548 57.
1540 5504 1541 5507 ‘

382 5585 531 5655 Quid
563 5583 853 5649 acciderit,
881 5584 1102 5652 quando
1134 5585 1484 5659 Andronicus
1518 5584 1703 5638 Sunior
1726 5584 1896 5650 imp-‘-

305 5690 464 5734 rator
488 5679 584 5747 ('p.
620 5693 744 5730 cum
778 5676 928 5732 clero
962 5686 1015 5730 et
1045 5678 1241 5746 populo
1262 5677 1518 5733 Kalendis
1555 5677 1592 5730 S
1614 5678 1895 5747 *ptemhris

302 5776 374 5827 ad
441 5773 757 5833 columnam
814 5772 1251 5841 porphyreticam
1308 5774 1674 5843 supplicabat,
1735 5774 1896 5828 ιΙοιϊι

307 5882 414 5921 nos
466 5864 743 5934 Gregoras
804 5865 870 5919 ad
932 5865 1138 5919 calcem
1183 5866 1302 5921 libri
1355 5883 1403 5921 γι
1434 5884 1470 5932 ι,
1518 5869 1678 5938 cujus
1730 5871 1892 5923 rurba

2008 3363 2205 3418 Gncrs.

2092 3455 2234 3510 Ibid.
2264 3454 2682 3527 [Monasterium
2705 3475 2733 3514 a
2758 3458 3045 3515 Theodora
3077 3459 3357 3515 Michaelis
3386 3456 3589 3512 Palam.

2009 3549 2114 3617 logi
2151 3565 2325 3604 uxore
2350 3560 2682 3619 reparatum,
2712 3553 2804 3607 ubi
2838 3554 2943 3607 sibi
2979 3555 3287 3623 sepulcrum
3316 3553 3594 3607 instaura-

2008 3643 2085 3696 vit
2138 3643 2283 3698 filius
2339 3644 2711 3713 Andronicus,
2742 3657 2794 3701 et
2840 3647 3068 3701 inferias
3135 3662 3327 3701 novem
3386 3646 3583 3698 diebus

2009 3735 2263 3805 (numero
2283 3739 2517 3792 mortuis
2540 3738 2744 3805 dicato)
2775 3739 3014 3807 persolvi
3047 3738 3349 3792 mandavit.
3381 3736 3587 3804 Grego-

2007 3843 2121 3893 ras,
2154 3829 2222 3883 ad
2258 3830 2294 3885 l.
2330 3847 2383 3884 ix
2421 3831 2625 3885 calcem
2663 3848 2676 3884 :
2716 3831 2789 3882 Τὸ
2851 3831 3064 3883 ἐκείνου
3118 3830 3313 3895 νεκρὸν
3370 3830 3449 3891 εἰς
3488 3827 3588 3895 τὴν

2012 3921 2180 3990 μονὴν
2230 3920 2325 3976 τοῦ
2385 3921 2549 3984 Λιϐὸς
2584 3908 3053 3991 ἐπικεκλημένην’
3082 3921 3425 3988 ἀπήνεγκαν,
3458 3920 3526 3989 ἣν
3553 3921 3590 3987 ἡ

2010 4015 2194 4084 μήτηρ
2221 4011 2384 4067 αὐτοῦ
2418 4011 2672 4081 Θεοδὼρα
2700 4014 3074 4067 ἀνεκαίνισεν.
3115 4011 3287 4064 Ἔνθα.
3311 4011 3376 4080 δὴ
3409 4012 3503 4064 καὶ
3526 4011 3588 4069 τὸ

2007 4104 2232 4169 πένθος,
2268 4103 2386 4157 κατ’
2416 4103 2559 4169 ἔθος,
2598 4104 2692 4156 ἐπὶ
2752 4103 2911 4157 ἐννέα
2969 4104 3185 4175 ἡμέρας
3245 4104 3586 4157 τετέλεσται.

2004 4200 2049 4251 Α
2080 4195 2450 4251 Constantino
2486 4194 2622 4251 Libc
2640 4194 2818 4252 fuerat
2840 4198 2994 4267 prius
3014 4205 3367 4252 exstructum
3402 4194 3591 4251 Leone

2009 4291 2266 4360 Sapiente
2306 4289 2636 4358 imperante.
2688 4272 3102 4344 Grammaticus
3150 4289 3299 4344 Leo:
3340 4288 3490 4341 Λέων
3559 4290 3590 4340 ὁ

2006 4384 2259 4455 βασιλεὺς
2295 4382 2448 4454 παρὰ
2477 4384 2899 4437 Κωνσταντίνου
2932 4384 3026 4436 τοῦ
3072 4384 3234 4444 Attii);
3267 4384 3324 4436 ἐν
3352 4386 3415 4455 τῇ
3450 4386 3586 4453 μονῇ

2003 4480 2069 4548 τῇ
2125 4475 2289 4529 αὑτοῦ
2341 4476 2408 4547 τῇ
2445 4473 2582 4550 οὔσῃ
2628 4475 2691 4528 ὲν
2742 4478 2817 4547 τῷ
2849 4477 3255 4546 Μερδοσαγάρῃ
3290 4476 3383 4529 τοῦ
3428 4476 3587 4545 ποιῆ-

1932 4603 1978 4662 D
2008 4588 2097 4623 σαι.
2134 4570 2198 4622 τὰ
2228 4569 2480 4636 ὲγκαίνια
2514 4568 2610 4622 καὶ
2640 4568 2937 4639 ἀριστῆσαι
2967 4568 3339 4638 προσεκλήθη.
3377 4566 3581 4637 Gesn.)

2076 4660 2222 4716 Ibid.
2281 4661 2340 4715 S.
2396 4660 2657 4716 Demetrii
2688 4662 2969 4731 martyris,
3017 4661 3105 4714 cui
3153 4672 3583 4728 cognomentum

1999 4754 2323 4826 Myroblyta,
2383 4750 2581 4807 fesmm
2637 4753 2920 4817 celebrant
2967 4750 3140 4804 Grteci
3175 4751 3246 4803 26
3302 4752 3582 4808 Octobris.

2002 4846 2117 4902 Hoc
2142 4862 2270 4917 ergo
2288 4846 2374 4901 dic
2402 4845 2697 4915 imperator
2718 4845 2783 4897 ad
2816 4845 3210 4898 mooastcrium
3238 4845 3291 4898 in
3322 4846 3583 4899 honorem

2004 4942 2061 4994 S.
2083 4938 2337 4993 Demetrii
2355 4954 2386 4992 a
2406 4937 2728 5007 Palaeologis
2744 4937 3074 4991 aedificatum
3099 4952 3219 4991 sese
3242 4936 3581 4992 conferebat.

2002 5033 2199 5087 (iners.

2071 5125 2228 5197 341
2255 5123 2399 5179 Ibid.
2427 5122 2667 5195 [Μονὴν
2697 5120 2817 5177 τῶν
2848 5123 3354 5190 Πα.1αιολότων.Α
3380 5120 3586 5175 Palam-

1999 5219 2139 5290 logis
2163 5232 2363 5273 nomen
2385 5215 2641 5270 sortitum
2665 5215 3058 5268 monasterium
3082 5230 3234 5284 opes,
3257 5224 3579 5284 proventus,

2001 5310 2253 5375 :edilicia,
2295 5316 2620 5364 ornamenta
2656 5306 2883 5377 quaevis,
2916 5307 2984 5360 ab
3009 5307 3087 5361 eis
3107 5308 3343 5377 primum
3367 5307 3580 5375 imperii

2009 5404 2193 5456 sedem
2230 5399 2632 5469 occupantibus
2660 5398 2843 5453 debuit
2876 5399 3175 5469 accepisse.
3210 5396 3359 5455 Cosa
3388 5398 3408 5471 ]

2076 5492 2215 5546 Ibid.
2259 5490 2511 5545 Natalem
2548 5490 2605 5545 S.
2639 5487 3024 5561 Chrysostouti
3056 5489 3262 5545 obeunt
3308 5489 3484 5546 Graeci
3515 5491 3584 5545 l3

2000 5584 2348 5640 Novembris.

2075 5676 2219 5730 Ibid.
2256 5674 2444 5741 oVetti,
2483 5675 2535 5728 in
2598 5678 3023 5747 prwsentatione.
3067 5674 3157 5731 Sic
3190 5676 3334 5731 enim
3386 5692 3470 5732 res
3501 5678 3585 5732 in-

2004 5771 2287 5839 telligitur.
2343 5770 2661 5825 Ccicbratnr
2691 5786 2721 5824 a
2753 5770 2961 5826 Latinis
3015 5770 3222 5839 pariter
3261 5781 3317 5826 et
3370 5768 3580 5826 Graecis

2004 5868 2067 5921 ‘21
2102 5867 2447 5924 Novembris.
2502 5866 2819 5924 Monastcrii
2851 5867 2945 5938 τῆς
2979 5868 3348 5939 Περιῧλέπτου
3386 5865 3579 5922 themi-
