3928 6214
351 361 457 423 3'79

1498 359 1585 422 IN
1628 350 1933 421 LIBRUM
1961 360 2059 421 DE
2082 359 2408 425 OFFICIIS
2446 363 2557 426 (ΣΡ.

3464 358 3558 424 380

354 470 432 521 nit
463 467 731 535 Grcgoras
764 465 803 520 l.
828 479 923 530 vn,
956 473 1009 523 et
1038 464 1425 537 Pacbymeres,
1474 468 1512 521 l.
1555 485 1609 524 ν.
1644 467 1773 535 Erat
1796 484 1921 524 mo-
1953 479 1998 536 Α
2028 470 2262 527 decursu
2311 472 2697 534 invitarentur,
2759 470 3093 527 sufﬁcientes
3148 477 3201 524 et
3254 470 3396 540 juste
3439 471 3570 536 parti

298 544 653 615 "nasteritim
738 558 1103 615 sanctissimae
1176 560 1404 632 virginis
1488 560 1694 627 Mariae,
1761 577 1927 631 quam

353 651 527 706 Graeci
581 650 968 722 περίϐλεπτον,
1008 640 1112 708 boc
1142 662 1227 708 est
1254 652 1594 721 spectabilem
1620 670 1719 712 seu
1748 656 1927 710 admio

354 746 603 808 randum,
664 754 885 801 vocant.
945 746 1003 799 ln
1062 746 1162 801 boc
1208 746 1407 801 festum
1450 748 1645 816 partim
1680 757 1922 812 exstant,

357 840 552 906 partim
597 838 777 893 adltuc
807 839 862 892 in
902 838 1252 897 bibliothecis
1288 840 1459 895 latent
1492 840 1674 895 multa
1708 838 1930 895 Graeco-

357 947 476 986 rum
518 932 775 987 bomiliae.
811 931 1017 987 Gaers.

426 1021 566 1078 Ibid.
618 1020 716 1094 [De
754 1023 856 1079 boc
894 1022 1230 1078 monasterio
1285 1013 1567 1079 Cedrenits
1596 1022 1651 1077 in
1680 1024 1930 1078 Romano

358 1114 603 1184 Argyro:
665 1113 995 1184 Ἀναιρεῡεὶς
1021 1114 1048 1164 6
1089 1113 1370 1175 Ῥωμανδς
1414 1111 1697 1182 βασιλεὺς,
1728 1113 1931 1167 θάπτε-

357 1222 446 1257 ται
469 1205 525 1256 ὲν
551 1206 617 1274 τῇ
654 1204 785 1273 παρ’
819 1203 981 1257 αὐτοῦ
1003 1203 1399 1275 νεουργηθείσῃ
1428 1205 1527 1270 τῆς
1559 1204 1930 1273 Περισλέπτου

359 1297 519 1362 μονῇ.
555 1292 861 1361 Scripserat
893 1293 1152 1361 superius
1184 1312 1200 1349 :
1248 1293 1307 1346 '0
1329 1293 1386 1344 δὲ
1418 1292 1673 1361 βασιλεὺς
1712 1292 1932 1360 Ῥωμα-

357 1386 446 1447 νδς
474 1385 560 1438 τὴν
621 1379 772 1437 οἷκον
820 1383 914 1438 τοῦ
950 1383 1461 1453 Τριακονταφύλλου
1508 1382 1929 1455 ἐξωνησάμενος

356 1478 438 1539 εἰς
468 1476 831 1545 μοναστήριον
867 1474 1268 1544 μετεσκεύασεν
1298 1474 1383 1528 ἐπ’
1418 1474 1648 1545 ὀνόματι
1694 1474 1792 1545 τῆς
1845 1477 1932 1531 δι·-

358 1567 589 1633 σποίνης
618 1567 776 1636 ἡμῶν
805 1566 1100 1624 Θεοτόκου.
1154 1567 1365 1634 Quibus
1394 1569 1706 1639 sumptibus
1736 1580 1786 1624 et
1824 1585 1930 1638 qua

359 1658 764 1728 magniﬁcentia
820 1667 1160 1713 exstructum
1208 1659 1492 1715 Cedrenus
1531 1662 1927 1730 prosequitur:

360 1750 449 1803 ubi
497 1750 661 1804 situm
695 1749 881 1817 fuerit,
916 1750 1073 1805 docet
1100 1749 1395 1819 Gregoras,
1435 1768 1528 1813 vn.
1568 1752 1672 1818 18;
1712 1767 1739 1804 a
1773 1752 1934 1807 Nice-

2030 572 2280 631 sumptus
2309 564 2745 632 suppeditarent.
2768 562 2961 617 Procul
2994 562 3174 626 itaque
3203 569 3318 614 erat
3354 576 3381 611 Α
3400 570 3572 615 custo-

2030 654 2245 711 diendis
2303 654 2517 723 bellicis
2576 654 2980 715 instrumentis.
3032 662 3092 706 ut
3122 650 3395 723 Xylander
3415 660 3466 705 et
3488 652 3573 705 alii

2030 756 2159 802 sunt
2187 748 2434 816 opinati;
2472 763 2574 803 nec
2610 746 2900 815 κουράτωρ
2932 746 3040 798 τῶν
3074 744 3401 812 Μαγγάνων,
3423 758 3574 812 quem

2030 852 2155 895 cum
2184 838 2308 893 aliis
2337 838 2392 893 in
2456 837 2646 893 Isaacii
2680 836 2961 893 Comneno
2994 834 3237 890 Zonaras
3262 844 3315 889 et
3343 834 3577 900 Curopa-

2031 932 2167 986 lates
2191 940 2477 995 memorat,
2506 930 2647 984 alius
2679 936 2797 984 erat
2822 943 2984 995 quam
3018 927 3110 996 qui
3143 926 3337 980 domus
3365 920 3581 994 hujusce

2028 1028 2083 1076 et
2113 1019 2383 1075 reditunm
2408 1020 2529 1089 ejus
2561 1034 2749 1073 curam
2798 1017 3041 1072 haberet.
3075 1015 3292 1069 Turrim
3328 1015 3439 1070 sive
3465 1030 3584 1082 pro-

2029 1111 2394 1183 pugnaculum
2444 1112 2600 1181 ponit
2649 1120 2800 1168 extra
2848 1111 3039 1165 urbem
3099 1107 3154 1162 in
3202 1107 3579 1176 Manganorum

2030 1205 2262 1276 planitie
2322 1202 2761 1267 Cantacuzcuus,
2812 1219 2898 1269 ιιι,
2930 1202 3018 1261 72.
3049 1214 3279 1270 eamque
3308 1200 3443 1254 adeo
3469 1216 3582 1253 mu-

2032 1298 2204 1354 nitam
2259 1312 2310 1351 c.
2333 1295 2403 1351 80
2429 1303 2484 1350 et
2513 1294 2581 1349 87
2613 1294 2858 1349 aﬂirmat
2894 1302 2953 1348 ttt
2979 1294 3171 1348 urbem
3198 1290 3303 1346 (ΣΡ.
3338 1292 3419 1345 vel
3453 1292 3583 1345 tueri

2004 1389 2115 1445 'vel
2141 1402 2457 1458 oppugnare
2487 1395 2693 1457 posset.
2746 1384 3136 1440 Monasterium
3168 1383 3279 1437 illic
3310 1382 3412 1436 loci
3447 1397 3583 1436 con-

2033 1481 2231 1538 struxit
2253 1479 2646 1535 Monomacbus
2674 1478 3086 1539 Constantinus,
3114 1476 3423 1546 legiturque
3448 1475 3587 1542 apud

2031 1571 2343 1626 Cedrenum
2380 1570 2636 1637 κείμενος
2657 1569 2714 1621 ἐν
2744 1571 2811 1638 τῇ
2842 1567 2973 1638 παρ’
3007 1566 3175 1619 αὐτοῦ
3202 1563 3590 1633 νεουργηθεισῃ

2037 1665 2172 1734 μονῇ
2195 1661 2303 1715 τῶν
2333 1662 2669 1729 Μαγγάνων,
2697 1659 3090 1726 subditurque:
3124 1657 3233 1709 Kal.
3263 1658 3293 1710 6
3328 1656 3426 1722 μὲν
3451 1655 3591 1725 βασι-

2033 1757 2156 1818 λεὺς
2204 1754 2497 1810 ἀποθανὼν
2544 1756 2599 1807 ὲν
2629 1754 2745 1816 τοῖς
2770 1752 3091 1820 Μαγγάνοις
3118 1747 3298 1817 ταφῆς
3320 1746 3477 1816 ἔτυχε
3501 1744 3591 1813 τῆς

359 1844 531 1910 phoro
556 1841 837 1896 Botaniate
866 1851 1181 1911 reparatum
1227 1842 1469 1901 Zonaras
1506 1843 1675 1900 refert
1699 1844 1767 1900 ad
1798 1845 1925 1915 ejus
1958 1833 2005 1895 Β
2030 1847 2320 1917 τυχούσης.
2353 1844 2551 1919 Genu]

363 1932 499 1986 Vita:
524 1934 750 1988 calcem.
785 1934 986 2005 60am]

437 2026 573 2081 Ibid.
603 2026 822 2083 Festum
874 2025 933 2082 8.
952 2026 1134 2083 Basilii
1162 2028 1437 2086 celebrant
1470 2030 1642 2087 Graeci
1674 2030 1931 2087 Kalendis

364 2119 642 2186 Januarii,
673 2119 779 2173 boc
806 2129 889 2175 est
923 2122 1043 2190 ipso
1065 2121 1512 2179 circumcisionis
1534 2124 1646 2181 die.

436 2208 579 2267 Ibid.
643 2208 860 2265 Festum
919 2210 1198 2266 Occursus
1252 2212 1798 2285 seu'Puriﬁcatiouie
1832 2229 1930 2270 no-

364 2303 575 2358 hiscum
609 2303 888 2359 celebrant
916 2303 1087 2360 Graeci
1112 2304 1147 2357 2
1176 2304 1483 2360 Februarii.
1521 2304 1931 2362 Blacbernense

362 2394 638 2462 templum.
661 2394 1039 2451 suburbanum
1073 2395 1283 2465 eratad
1328 2396 1481 2452 littus
1512 2398 1705 2464 maris,
1739 2400 1931 2454 condi-

365 2498 480 2543 tum
515 2502 544 2539 a
588 2486 876 2541 Pulcheria
927 2488 1297 2558 imperatrice.
1346 2488 1489 2557 Opus
1528 2490 1668 2545 enim
1696 2490 1807 2559 ejus
1831 2498 1929 2555 est,

364 2579 541 2649 inquit
586 2578 949 2648 Nicephorius.
995 2595 1108 2645 xnv,
1162 2578 1216 2642 2.
1249 2586 1487 2635 sacrum'
1524 2580 1619 2635 Dei
1650 2580 1932 2637 Genitricis

368 2671 644 2740 templum,
675 2672 815 2742 quod
861 2671 1174 2727 Blacherute
1203 2674 1420 2737 dicitur,
1453 2676 1670 2744 dignum
1694 2675 1789 2728 illa
1815 2676 1932 2742 ipsa

378 2761 530 2817 Verbi
559 2763 763 2828 Matre,
812 2765 951 2835 quod
1000 2765 1320 2820 inhabitaret
1371 2766 1724 2821 domicilium.
1765 2765 1934 2836 Cujus

365 2856 603 2909 divinant
633 2859 892 2929 tumulum
914 2868 962 2910 et
986 2858 1305 2925 sepulcrales
1329 2858 1529 2925 fascias
1552 2860 1790 2912 iuventas
1814 2876 1932 2912 cum

366 2948 695 2999 veneratione
756 2948 992 3000 maxima
1053 2947 1125 3000 ibi
1184 2948 1438 3017 reposuit.
1504 2945 1831 3015 (Cedrenum
1877 2950 1932 3002 in

369 3036 654 3090 Marciano
684 3037 896 3092 confert
929 3038 1120 3108 Goar.)
1168 3042 1363 3108 Magna
1391 3039 1643 3109 religione
1682 3040 1933 3107 templum

370 3130 427 3180 id
466 3128 753 3199 Byzantini
780 3130 975 3194 colunt,
1014 3131 1189 3201 inquit
1220 3132 1357 3185 idem
1397 3128 1760 3200 Niccpltorus,
1782 3147 1933 3194 xvm,

2101 1940 2162 1995 Ρ.
2188 1938 2518 1994 8LFestum
2540 1936 2882 1992 Constantini
2917 1945 2968 1990 et
3018 1932 3230 1988 Helena:
3264 1932 3432 2002 impp.
3464 1928 3595 1983 cele-

2032 2032 2190 2086 brant
2212 2029 2384 2085 Graeci
2411 2029 2474 2082 ει
2496 2028 2586 2082 die
2613 2025 2969 2082 Maii.Gne-rs.

2100 2123 2243 2177 Ibid.
2276 2121 2725 2194 [Constantinum
2764 2135 2873 2175 non
2931 2126 3182 2175 sanctum
3219 2116 3384 2171 modo
3425 2116 3515 2169 sed
3547 2124 3596 2169 et

2036 2216 2391 2273 ἱσαπόστολον
2418 2214 2597 2271 61·ωοί
2625 2214 2926 2284 praedicant
2955 2211 3025 2266 ob
3048 2217 3402 2280 propagatam
3432 2216 3486 2262 et
3504 2208 3596 2262 de-

2034 2308 2241 2364 fensam
2259 2306 2376 2374 ejus
2401 2304 2586 2361 studio
2606 2304 2788 2360 fidem.
2806 2303 3092 2372 Templum
3117 2298 3219 2354 SS.
3247 2297 3521 2368 Apostolis
3545 2296 3593 2348 iu

2036 2407 2268 2467 utraque
2316 2396 2487 2451 Roma
2533 2395 2836 2451 aedificasse
2865 2404 3078 2450 cunctae
3108 2393 3408 2461 loquuntur
3436 2387 3595 2441 histo-

2032 2490 2152 2555 riae,
2172 2500 2222 2544 et
2256 2489 2310 2544 in
2350 2489 2667 2545 earumdem
2697 2487 2884 2542 limine
2914 2500 3134 2556 capsam
3169 2481 3594 2552 porphyreticam

2034 2582 2338 2637 Romanam
2372 2582 2550 2637 eidem
2588 2582 2649 2637 in
2682 2581 2993 2651 sepulcrum
3028 2592 3368 2635 concessam.
3405 2570 3595 2641 Coum]

2108 2674 2249 2729 Ibid.
2281 2674 2522 2730 Natalem
2550 2675 2691 2729 diem
2751 2674 2813 2728 S.
2845 2672 3074 2727 Joannis
3108 2669 3374 2740 Baptista:
3406 2669 3597 2723 obeunt

2035 2765 2207 2823 Graeci
2240 2766 2526 2824 nobiscum
2558 2766 2629 2821 2i
2657 2765 2744 2819 die
2775 2766 2947 2821 Junii.
2976 2754 3298 2818 Monasterii
3328 2762 3417 2817 cui
3446 2761 3598 2815 Petra

2037 2875 2256 2919 nomen.
2287 2861 2536 2914 meminit
2565 2858 2860 2914 Cantacuz.
2890 2873 2972 2921 ιιι,
3006 2857 3097 2913 55.
3129 2856 3343 2911 Gners.

2109 2953 2250 3007 Ibid.
2275 2952 2707 3024 [Petrarnomen
2752 2950 3110 3005 monasterio.
3149 2948 3311 3021 Μονὴ
3338 2962 3598 3018 προσαγο·

2032 3036 2313 3117 ’ρευημένη
2366 3046 2569 3116 Πέτρα,
2626 3044 2817 3099 scribit
2875 3044 3328 3109 Cantacnzenus,
3395 3040 3598 3119 ttt.55.

2049 3135 2220 3191 £ch
2243 3137 2331 3191 illa
2354 3152 2509 3192 sacra
2540 3136 2726 3191 Basilii
2760 3135 3073 3191 Macedonis
3101 3151 3250 3205 Opus
3277 3143 3381 3200 est,
3416 3134 3481 3187 de
3504 3146 3600 3200 quo

370 3223 440 3277 58
476 3238 490 3279 :
523 3222 719 3276 dicitur
742 3240 965 3291 namque
989 3234 1037 3278 et
1062 3208 1299 3277 creditur
1328 3234 1493 3278 vestes
1516 3223 1703 3278 Maria:
1721 3224 1938 3292 virginis

2050 3229 2353 3285 Cedrenus:
2381 3232 2490 3285 Kal.
2512 3230 2637 3292 τοὺς
2659 3229 2754 3283 δύο
2775 3229 2867 3283 τοῦ
2893 3229 3211 3283 Βαπτιστοῢ
3254 3228 3450 3297 σηκοὺς
3476 3225 3529 3276 ἐν
3546 3240 3600 3276 τε

372 3325 420 3367 et
438 3326 636 3383 partem
654 3317 935 3384 quamdam
957 3316 1444 3370 admirundwillius
1473 3332 1617 3370 acute
1652 3317 1942 3386 capitisque

371 3406 529 3458 etiam
547 3405 832 3459 amiculum
847 3407 901 3460 in
923 3423 1084 3461 aurea
1110 3424 1245 3461 urna
1268 3408 1340 3461 ibi
1362 3408 1645 3461 asservari.
1680 3406 1755 3460 De
1794 3416 1943 3460 veste

374 3496 430 3550 d.
462 3494 694 3568 Virginis
723 3507 935 3568 reperta
981 3498 1101 3554 vide
1130 3498 1692 3571 eumdem-Nicephor.
1725 3514 1817 3566 xv,
1845 3498 1937 3552 24.

374 3587 578 3645 (iners.
918 3646 929 3655 ,

448 3678 587 3735 Ibid.
608 3681 812 3753 [Μέχρι
830 3684 949 3738 τῶν
963 3683 1268 3753 ’Υψηλῶν.
1290 3684 1364 3739 De
1381 3685 1563 3755 palatii
1582 3684 1945 3745 Blacbernen-

372 3772 454 3834 sis
477 3776 743 3841 parte,cui
767 3792 961 3831 nomen
994 3777 1223 3848 ’Υψηλὰ,
1246 3776 1450 3832 dictum
1474 3779 1747 3849 superius.

453 3865 512 3918 Ρ.
539 3865 626 3919 8t.
650 3864 935 3938 [Πέζευμα
950 3883 1071 3922 esse
1094 3866 1277 3937 palatii
1307 3868 1483 3923 locum
1504 3884 1613 3938 quo
1648 3869 1943 3939 imperator

377 3956 622 4021 πεζεύει,
655 3959 971 4014 manifestat
1001 3975 1126 4030 cap.
1157 3959 1209 4025 5,
1254 3959 1511 4031 idemque
1542 3959 1787 4016 declarat
1816 3971 1942 4016 nota

379 4050 444 4103 ad
476 4065 531 4118 p.
554 4051 645 4105 29.
677 4047 876 4123 Ceam]

453 4139 592 4194 Ibid.
681 4140 898 4197 Festum
953 4142 1013 4198 S.
1049 4144 1264 4214 Georgii
1325 4144 1586 4216 martyris
1655 4147 1939 4202 celebrant

380 4230 557 4285 Graeci
579 4231 651 4285 25
678 4232 765 4286 die
799 4233 1022 4302 Aprilis.
1071 4234 1458 4305 Mangancnsis
1491 4237 1806 4291 monasterii
1835 4251 1947 4289 nte-

382 4324 545 4377 tninit
578 4323 1021 4383 Cantacnzcnus.
1060 4325 1096 4379 Ι.
1133 4341 1171 4390 1,
1204 4340 1253 4379 c.
1291 4327 1359 4380 50
1393 4334 1446 4381 et
1486 4326 1574 4391 59,
1611 4337 1665 4382 et
1699 4328 1739 4383 l.
1788 4343 1865 4391 tv,
1891 4344 1942 4383 c.

385 4416 450 4468 ιϐ
485 4422 540 4467 et
575 4415 644 4469 42
675 4423 727 4469 et
758 4415 847 4479 45,
880 4415 931 4469 in
965 4431 1072 4484 quo
1130 4417 1448 4485 aliquandiu
1503 4418 1942 4484 Cantacuzenus,

2042 3323 2107 3390 τῇ
2159 3320 2432 3390 Στροόιλῳ
2472 3322 2566 3375 καὶ
2611 3321 3062 3385 Μακεδονιαναίς,
3103 3321 3221 3391 τοῦί
3244 3321 3347 3389 μὲν
3408 3319 3600 3385 ἀνῳκο-

2042 3410 2245 3482 δόμησε
2270 3412 2331 3464 τὸ
2359 3412 2631 3476 πλεῖστον,
2660 3413 2719 3465 τὸ
2741 3412 2797 3466 δὲ
2817 3414 2882 3465 ὲκ
2918 3411 3141 3481 βάθρων
3167 3410 3488 3480 ἀνήγειρεν.
3514 3405 3603 3458 Pe-

2045 3510 2183 3557 tram
2223 3518 2354 3559 vero
2413 3503 2481 3557 ad
2531 3502 2944 3567 monasterium,
3003 3503 3092 3556 cui
3126 3516 3335 3557 nomen
3366 3496 3600 3568 imponit,

2044 3593 2206 3648 sitam
2262 3594 2543 3665 στροϐιλου
2589 3595 2818 3663 figuram
2852 3593 3060 3649 referre
3089 3592 3287 3648 vident
3319 3591 3412 3661 qui
3448 3589 3600 3643 etiam

2044 3684 2207 3741 hodie
2235 3684 2341 3740 (ΖΡ.
2370 3685 2546 3740 oculis
2576 3686 3045 3740 circumlustrauit.
3070 3682 3281 3756 Coum]

2117 3776 2259 3835 Ibid.
2285 3778 2437 3847 Apud
2457 3776 2674 3833 Graecos
2702 3776 3009 3851 tricesimus
3034 3776 3150 3831 dies
3181 3775 3338 3830 Junii
3362 3770 3605 3827 omnibus

2045 3872 2207 3927 simul
2247 3870 2506 3940 apostolis
2536 3870 2749 3925 dicatus
2773 3878 2879 3925 est.
2920 3867 3118 3925 Gners.

2115 3961 2257 4016 Ibid.
2284 3961 2384 4034 [De
2414 3962 2802 4032 Apostolorum
2843 3960 2982 4017 festo
3006 3961 3320 4017 solemnius
3341 3959 3447 4014 (ΞΡ.
3478 3956 3606 4012 cele-

2044 4054 2203 4110 brato
2235 4054 2351 4109 banc
2378 4051 2774 4123 Theophanes:
2813 4051 3020 4122 Φῆστος
3062 4050 3434 4120 συγκλητικὸς
3476 4045 3606 4098 Ῥώ-

2050 4162 2155 4216 μης
2189 4145 2518 4209 ἀποσταλεὶς
2548 4145 2686 4214 πρὸς
2722 4143 3097 4197 Ἀναστάσιονκ
3123 4141 3218 4195 διά
3254 4159 3411 4205 τινας
3433 4136 3607 4211 χρείας

2047 4237 2332 4301 πολιτικὰς
2351 4235 2450 4299 τὰς
2482 4236 2703 4305 μνήμας
2723 4235 2832 4289 τῶν
2868 4234 3039 4303 ἁγίων
3071 4233 3399 4291 ἀποστόλων
3418 4231 3607 4298 Πέτρου

2047 4330 2139 4382 καὶ
2172 4328 2379 4383 Παύλου
2399 4326 2916 4399 πανηγυρικώτερον
2948 4324 3325 4379 ἐπιτελεῖσθαι
3355 4323 3610 4394 ᾐτήσατο.

2053 4422 2118 4474 Ὃ
2142 4423 2234 4474 καὶ
2264 4422 2459 4491 κρατεῖ
2494 4420 2767 4503 μέχρικκαὶ
2790 4419 2907 4473 νῦν.
2937 4415 3134 4489 ϐολῇ]

383 4504 632 4572 deposito
657 4504 910 4573 imperio,
940 4504 1105 4560 vitam
1131 4506 1489 4562 monasticam
1523 4507 1650 4576 egit.
1690 4508 1941 4578 Ejusdem
1981 4537 2022 4592 ο
2124 4510 2266 4566 Ibid.
2335 4510 2554 4567 Festum
2583 4500 3111 4581 Transfigurationis
3157 4518 3331 4580 agunt
3382 4502 3547 4562 ϐαθεῖ
3581 4500 3610 4555 6

380 4596 676 4665 aliquoties
735 4598 939 4653 mentio
969 4598 1025 4651 fit
1060 4598 1114 4652 in
1151 4597 1389 4652 Historia
1419 4598 1708 4670 Nicepbori
1742 4602 1947 4673 Grego-

385 4709 480 4747 rre.
508 4693 563 4746 ln
620 4695 719 4748 bac
756 4695 1104 4761 processione
1134 4697 1199 4749 ad
1229 4694 1494 4765 Mangana
1524 4696 1613 4752 die
1640 4695 1697 4751 S.
1732 4698 1949 4767 Georgii

383 4784 748 4840 Constantino
787 4785 946 4840 Daca:
970 4786 1286 4855 imperatori
1316 4787 1528 4841 insidiae
1559 4796 1779 4844 structa:
1801 4799 1952 4849 sunt.

386 4875 522 4949 quas
554 4891 732 4937 tamen
768 4884 884 4950 ipse
908 4881 1135 4936 feliciter
1178 4882 1370 4946 evasit,
1412 4891 1471 4936 ut
1503 4882 1689 4938 scribit
1715 4881 1952 4936 Joannes

383 4973 735 5043 llttropnlata.
785 4971 1173 5030 Monasterium
1258 4973 1626 5043 Mangattettse
1685 4976 1955 5028 exstruxit

387 5066 777 5123 Monomacbus
810 5069 1128 5135 imperator,
1159 5068 1387 5124 testibus
1413 5067 1662 5123 Cedreno
1691 5076 1746 5122 ct
1776 5066 1951 5122 Curu-

386 5161 560 5227 palata
585 5176 598 5223 ;
635 5160 723 5213 ubi
750 5161 914 5213 etiam
941 5163 1189 5227 sepultus
1216 5167 1318 5215 est.
1351 5158 1556 5215 Gners.

461 5251 599 5306 Ibid.
626 5251 928 5323 [Cedrrnus
958 5252 1024 5305 de
1056 5251 1338 5322 Manganis
1361 5252 1483 5307 loco
1514 5271 1527 5305 :
1564 5252 1767 5323 Ἔργον
1794 5254 1955 5308 Βασι-

386 5341 531 5394 λείου
566 5345 653 5397 τοῦ
710 5342 972 5413 βασιλέως
1006 5345 1098 5395 καὶ
1125 5344 1153 5395 ὁ
1177 5342 1469 5410 λεγόμενος
1501 5337 1647 5404 οἶκος
1676 5344 1742 5395 τὰ
1792 5342 1952 5409 Μάγ-

388 5450 529 5497 γανα
554 5434 647 5486 καὶ
670 5433 698 5487 6
727 5434 911 5504 ἕτερος
943 5433 970 5487 6
1010 5434 1126 5497 νέος
1152 5432 1503 5502 καλούμενος.
1531 5433 1701 5501 Quas,
1735 5443 1791 5487 ttt
1823 5435 1956 5489 sub—

385 5526 487 5587 tlit.
514 5540 579 5579 eo
613 5526 894 5595 proposito
910 5527 1106 5591 erexit,
1139 5542 1206 5579 ne
1231 5526 1477 5594 publicos
1501 5526 1709 5579 reditus
1742 5527 1792 5578 in
1825 5542 1954 5579 usus

390 5617 629 5685 privatos
659 5610 911 5673 verteret.
950 5619 1078 5672 Eam
1112 5619 1183 5674 ob
1215 5632 1326 5672 rem
1360 5616 1567 5671 reditus
1591 5618 1669 5670 eis
1703 5632 1767 5671 ex
1808 5617 1953 5684 agri-

387 5711 619 5771 rultnrm
649 5714 1001 5780 proventibus
1032 5711 1317 5781 constituit
1348 5709 1511 5780 342
1544 5708 1787 5771 idoneos,
1812 5708 1956 5761 unde

390 5802 745 5872 imperatorio
805 5804 1056 5857 convivio
1106 5819 1205 5873 pro
1258 5817 1315 5857 se
1353 5813 1404 5857 et
1447 5802 1512 5856 iis
1542 5801 1632 5869 qui
1673 5809 1783 5853 toto
1821 5800 1949 5851 anni

2051 4601 2301 4671 Augusti.
2334 4601 2393 4656 In
2427 4600 2763 4655 monasterio
2816 4597 3231 4653 Pantocratoris
3263 4595 3511 4665 sepultus
3538 4595 3615 4641 est

2054 4692 2271 4747 Manuel
2304 4694 2617 4769 Comnenus
2653 4690 2973 4760 imperator,
3012 4687 3282 4744 utscribit
3314 4684 3526 4741 Nicctas
3551 4680 3611 4736 ad

2052 4787 2253 4840 calcem
2294 4785 2415 4839 libri
2444 4800 2516 4838 vn
2550 4785 2623 4839 De
2654 4782 2816 4838 rebus
2851 4780 3249 4837 Emmanuelis.
3286 4778 3482 4835 Csars.

2128 4875 2266 4928 Ibid.
2305 4873 2536 4946 [Irenem
2568 4872 2866 4928 Andronici
2893 4872 3131 4927 senioris
3156 4885 3392 4925 uxorem
3430 4870 3484 4922 in
3519 4864 3613 4919 ltec

2055 4966 2385 5021 monasterio
2438 4968 2705 5034 sepultam
2765 4974 2949 5019 narrat
2981 4963 3253 5033 Gregoras
3277 4978 3373 5029 vlt,
3399 4962 3465 5016 16
3489 4978 3504 5026 ;
3530 4973 3611 5013 rc-

2054 5058 2347 5128 guantibus
2380 5060 2433 5113 iu
2455 5057 2674 5113 Oriente
2704 5056 3035 5122 Francisna
3064 5057 3172 5111 τῶν
3196 5056 3446 5110 Λατίνων
3474 5049 3617 5122 βασί-

2050 5158 2171 5209 λεια
2214 5157 2247 5225 ἠ
2304 5154 2399 5207 τοῦ
2434 5150 2873 5220 παντοκράτορος
2926 5151 3137 5221 ὑπῆρχε
3193 5149 3335 5218 μονή
3363 5187 3378 5211 ,
3428 5143 3613 5200 scribit

2056 5247 2197 5301 idem
2234 5263 2305 5306 IV,
2351 5246 2383 5298 4
2410 5261 2425 5311 ;
2453 5243 2657 5312 regiam
2696 5241 3034 5311 sepulturam
3072 5239 3294 5294 dederat
3326 5237 3477 5307 prius
3510 5233 3617 5287 Ma-

2056 5339 2202 5394 nueli
2235 5337 2538 5397 Comneno,
2585 5342 2853 5388 utauctor
2882 5340 2965 5386 est
2990 5330 3208 5386 Nicetas
3246 5330 3299 5382 in
3335 5330 3454 5396 ejus
3477 5324 3613 5379 Vita.

2056 5433 2097 5485 A
2125 5430 2322 5484 Basilio
2364 5426 2653 5481 Macedone
2700 5426 2880 5495 primo
2934 5432 3315 5479 cmtstructum
3366 5432 3418 5474 et
3442 5430 3617 5473 annuo

2056 5540 2225 5580 censu
2268 5522 2436 5575 fuisse
2466 5521 2734 5574 donatum
2769 5526 2960 5573 auctor
2999 5527 3085 5572 est
3117 5516 3441 5571 Cedrenus:
3464 5510 3618 5575 Ἀνήο

2056 5630 2204 5683 γείρε
2230 5611 2285 5664 δὲ
2313 5609 2459 5680 (ναὸν
2487 5606 2780 5675 Βασίλειος)
2805 5606 2976 5659 καὶὲκ
3010 5607 3211 5674 καινῆς
3243 5602 3300 5654 ὲν
3326 5602 3445 5661 ταῖς
3482 5598 3627 5665 βασι-

2056 5705 2219 5765 λείοις
2246 5703 2437 5765 ablati;
2471 5704 2549 5761 ei;
2571 5702 2744 5766 ὄνομα
2769 5699 2862 5751 τοῦ
2890 5697 3160 5750 Δεσπότου
3183 5693 3452 5760 Σωτῆρος
3480 5688 3585 5758 Χρι
3603 5714 3623 5724 ο

2060 5796 2203 5849 στοῦ.
2238 5794 2297 5848 Et
2330 5795 2508 5849 infra:
2546 5794 2653 5847 Καὶ
2679 5792 2869 5855 ἄλλους
2903 5790 2956 5842 δὲ
2985 5784 3215 5847 πολλοὺς
3252 5783 3433 5847 Θεὶους
3469 5777 3618 5837 ναοὺς
