3928 6214
302 298 411 362 38!

1404 302 1789 362 GllETSERI
1834 301 1926 361 ET
1967 303 2200 363 GOARI
2244 302 2482 364 NOTAE.

290 416 453 478 ἐντὸς
473 412 568 468 τοῦ
594 413 856 467 παλατιου
877 412 1043 487 ἐδομή
1054 429 1184 465 σα.το
1205 412 1284 476 εἰς
1304 411 1473 481 ὄνομα
1497 411 1589 465 τοῦ
1613 410 1866 480 Σωτῆρος

1983 428 2138 466 mano
2166 416 2231 468 ad
2266 414 2413 468 diem
2439 413 2507 468 15
2534 412 2761 483 Augusti
2795 413 2928 468 illud
2947 414 3013 469 de
3054 413 3290 470 secunda
3319 409 3550 468 Assum-

290 506 559 577 Χριστοῦ.
588 505 790 579 σωκ]

369 599 513 657 Ibid.
569 599 666 656 Die
729 598 795 655 15
837 599 1067 671 Augusti
1127 608 1297 669 agunt
1343 597 1522 653 Latini
1579 615 1702 653 cum
1731 599 1877 654 Grae-

292 691 382 745 cis
416 692 829 761 assumptionem
854 690 920 744 Ι).
964 690 1214 761 Virginis.
1244 690 1439 755 Graeci,
1474 700 1529 744 ut
1563 700 1786 759 apparet
1808 705 1875 742 ex

295 780 526 836 Μρηειείε
551 789 603 834 et
647 781 998 849 Meuologiis.
1025 789 1225 834 vocant
1254 782 1355 837 hoc
1388 779 1586 836 iesmm
1615 780 1875 848 κοίμησιν

290 871 395 941 τῆς
414 872 718 938 ὑπεραγίας
735 870 1023 942 δεσποίνης
1039 872 1070 938 ἡ
1079 870 1194 939 μῶν
1209 870 1496 925 Θεοτόκου.
1518 872 1579 923 Et
1596 870 1700 925 hoc
1720 867 1875 922 titulo

294 963 754 1018 exstantPatrum
774 963 1051 1019 orationes
1070 963 1124 1017 in
1146 962 1249 1016 hoc
1267 959 1487 1022 festum.
1514 958 1651 1017 utB.
1677 960 1875 1014 Dama-

296 1054 453 1108 sceni
478 1053 637 1127 343
669 1061 723 1107 et
750 1053 977 1109 Andreae
1002 1051 1293 1112 Cretensis.
1341 1052 1603 1108 Mortuam
1628 1065 1756 1121 ergo
1784 1064 1877 1105 vo-

295 1143 422 1197 lunt
463 1145 531 1197 15
562 1144 648 1197 die
669 1143 895 1213 Augusti
920 1161 935 1207 ;
959 1143 1271 1214 adduntque
1297 1143 1488 1198 eodem
1515 1143 1601 1197 die
1632 1157 1877 1199 resurre-

292 1232 446 1288 xisse
476 1241 530 1287 et
559 1232 741 1286 animo
776 1232 934 1287 simul
984 1244 1039 1287 et
1071 1234 1370 1303 corporein
1404 1233 1599 1287 emtum
1632 1246 1878 1299 assump-

294 1335 409 1377 tatn
441 1339 586 1378 esse.
615 1322 792 1390 Quare
822 1334 944 1394 post
965 1325 1335 1394 supradictum
1367 1324 1433 1378 de
1457 1322 1789 1377 Domitiam:
1811 1322 1875 1376 ti-

297 1415 478 1469 tulmn
513 1415 849 1486 subiungunt
886 1415 1084 1470 Menzea
1120 1434 1133 1471 :
1163 1415 1255 1486 Τῷ
1288 1413 1441 1486 αὐτῷ
1499 1415 1629 1485 μηνὶ
1680 1431 1874 1467 πεντεο

294 1507 604 1579 καιδεκάτῃ
635 1508 667 1575 ἠ
699 1507 978 1577 σεδασμὶα
1026 1507 1357 1577 μετάστασις
1386 1506 1487 1577 τῆς
1516 1505 1872 1576 ὕπερενδὸξου

292 1599 586 1669 δεσποίνης
615 1596 774 1667 ἡμῶν
801 1597 1065 1653 Θεοτὸκου
1102 1600 1196 1652 καὶ
1228 1597 1595 1669 ἀειπαρθένου
1623 1594 1866 1664 Μαρίας.

295 1691 506 1746 Eodem
530 1706 655 1761 ergo
678 1692 765 1748 die
787 1702 841 1746 et
869 1690 1004 1745 obiit
1028 1699 1083 1747 et
1113 1690 1180 1746 ad
1210 1690 1400 1757 cmlos,
1428 1688 1652 1744 reducta
1675 1689 1729 1744 in
1754 1702 1869 1743 cor-

1978 508 2160 575 ptione
2184 522 2303 562 esse
2345 508 2732 563 assumendum
2768 523 2874 565 non
2931 521 2961 559 a
2989 506 3153 572 Beda,
3187 506 3284 561 sed
3322 520 3351 559 a
3408 505 3549 558 mala

1976 600 2227 668 quapiam
2271 614 2458 654 manu.
2496 598 2605 653 Nec
2637 597 2974 653 consuetudo
3023 597 3417 652 Germanorum
3454 597 3553 650 tri-

1976 691 2239 745 cesimum
2269 699 2563 760 assumpta:
2583 688 2821 758 Virginis
2837 688 3225 745 celebrantium
3247 690 3547 760 quidquam

1978 783 2119 837 hanc
2165 781 2576 855 persuasionem
2618 780 2808 850 juvat:
2874 794 2983 833 non
3038 780 3182 834 enim
3239 780 3291 836 id
3343 781 3549 837 faciunt

1976 868 2132 938 quasi
2163 868 2439 925 tricesimo
2462 868 2679 922 demum
2711 867 2799 922 die
2825 867 3068 922 rediviva
3129 870 3185 921 in
3209 869 3375 925 caelos
3399 874 3550 926 exal-

1978 969 2089 1015 tava
2120 960 2303 1028 fuerit,
2337 960 2431 1015 sed
2464 960 2592 1014 totis
2622 960 2727 1016 illis
2776 959 2999 1032 triginta
3031 961 3224 1017 diebus
3253 964 3552 1031 assumptio

1979 1051 2034 1108 in
2071 1051 2273 1109 caelum
2313 1052 2499 1107 statim
2531 1067 2559 1106 a
2610 1058 2787 1106 morte
2824 1051 2963 1107 facta
2997 1052 3338 1107 decantatur.
3376 1052 3549 1108 Graeci

1978 1158 2086 1197 non
2121 1154 2289 1214 agunt
2311 1142 2477 1215 3M
2510 1147 2652 1196 hunc
2686 1142 3046 1205 tricesimum,
3086 1151 3311 1212 utpatet
3341 1157 3406 1198 ex
3447 1141 3555 1213 Ty-

1978 1234 2099 1299 pico
2134 1232 2189 1286 S.
2223 1230 2398 1295 Salue,
2427 1247 2492 1286 ex
2518 1230 2720 1285 Menam
2751 1232 2806 1285 in
2835 1233 3080 1300 Augusto
3103 1240 3158 1287 et
3216 1232 3551 1302 Septembri.

1983 1324 2076 1378 Est
2103 1322 2322 1378 devotio
2348 1320 2697 1388 Germanica,
2737 1331 2791 1377 et
2823 1333 3002 1377 exstat
3031 1323 3083 1376 in
3112 1323 3391 1394 plerisque
3415 1323 3550 1379 Μίδα

1977 1413 2184 1469 salibus
2240 1421 2295 1468 et
2317 1411 2635 1480 Breviariis,
2670 1412 2724 1468 in
2757 1411 3109 1485 Eystettensi,
3136 1412 3547 1485 llatisponensi,

1978 1504 2408 1576 Salisburgensi,
2446 1502 2807 1575 Frisingensi,
2834 1504 3120 1572 Curiensi;
3151 1506 3447 1575 multisque
3467 1507 3551 1560 lo-

1978 1597 2077 1661 cis,
2114 1612 2329 1654 summo
2390 1613 2551 1652 mane
2585 1612 2681 1667 per
2724 1599 2945 1669 triginta
3006 1599 3128 1654 illos
3182 1600 3298 1654 dies
3338 1600 3551 1654 canitur

1981 1690 2217 1746 oﬂicium
2251 1690 2317 1746 de
2342 1689 2403 1745 B.
2428 1688 2670 1760 Virgine,
2705 1689 3039 1769 Gaudeamus
3079 1707 3253 1746 omnes
3291 1700 3417 1756 etc.,
3444 1690 3551 1746 fre-

295 1797 405 1851 pus
438 1783 641 1850 anima,
666 1782 801 1837 abiit
829 1782 1175 1838 sanctissima
1222 1779 1475 1851 Deipara.
1514 1778 1669 1845 Quod
1703 1782 1868 1834 etiam
1904 1793 1947 1850 Β
1976 1782 2163 1850 quenti
2195 1780 2396 1850 populo
2426 1790 2761 1836 accurrente.
2797 1780 2858 1835 Et
2905 1782 2992 1837 hic
3023 1778 3335 1850 lngolstadii
3370 1781 3553 1851 quoti-

295 1873 495 1931 Latiua
531 1873 769 1930 Ecclesia
794 1875 999 1930 sentire
1034 1872 1268 1939 videtur,
1298 1887 1417 1942 qua:
1448 1872 1537 1927 die
1586 1871 1653 1927 15
1679 1871 1869 1943 Augu-

296 1969 368 2023 sti
389 1967 809 2036 Assumptionem
834 1965 895 2020 Β.
924 1964 1164 2034 Virginis
1183 1963 1411 2020 solemni
1435 1962 1760 2019 caeremonia
1779 1976 1874 2019 ce-

297 2059 501 2124 lebrat,
539 2057 754 2115 tametsi
779 2056 848 2112 de
872 2054 1216 2121 Domitiano,
1244 2063 1430 2108 utrum
1455 2052 1643 2108 eodem
1679 2051 1767 2107 die
1802 2066 1871 2111 an

297 2148 485 2217 aliquo
507 2149 839 2218 praecedente
859 2146 1138 2213 acciderit,
1166 2144 1301 2223 nihil
1328 2142 1511 2199 tradit.
1546 2142 1726 2197 Latini
1755 2140 1875 2211 qui-

298 2238 426 2292 dam
459 2237 836 2310 martyrologi,
877 2245 937 2292 ut
970 2235 1087 2292 Ado
1138 2244 1195 2293 et
1250 2232 1554 2299 Usuardus,
1590 2230 1879 2286 Domitio-

298 2348 440 2395 nem,
507 2345 619 2385 non
659 2331 1083 2399 Assumptianem
1132 2328 1462 2399 indigitant;
1516 2325 1672 2395 cujus
1709 2336 1875 2378 causa

297 2425 502 2478 acriter
529 2426 584 2478 in
606 2423 730 2479 illos
759 2422 989 2493 insurgit
1037 2422 1302 2478 Baronins
1333 2434 1475 2474 anno
1503 2414 1875 2484 Redemptoris

297 2518 393 2582 48,
420 2532 624 2589 eosque
653 2524 912 2587 provocat
942 2515 1007 2570 ad
1037 2513 1418 2583 antiquissima
1465 2508 1697 2564 Romani
1734 2506 1877 2561 Mar-

298 2607 554 2677 tyrologii
580 2605 830 2677 vestigia,
870 2605 961 2661 ubi
1009 2620 1116 2659 non
1149 2604 1414 2659 Domitia
1441 2602 1532 2656 sed
1571 2597 1873 2667 Assumptio

298 2701 537 2770 legatur.
583 2698 801 2754 Veniam
837 2698 927 2755 det
953 2711 1177 2765 magnus
1209 2693 1497 2748 Annalium
1526 2689 1795 2751 conditor,
1830 2685 1874 2740 si

296 2795 431 2861 quid
456 2793 645 2847 dixero
666 2806 765 2861 pro
788 2791 1118 2858 supradictis
1142 2784 1544 2856 martyrologis.
1572 2780 1873 2836 Romanum

298 2883 747 2952 Martyrologium
765 2881 1007 2936 omnium
1030 2879 1259 2933 aliorum
1291 2873 1739 2938 vetustissimum,
1772 2885 1874 2925 sa:-

299 2996 366 3050 pe
402 2996 431 3034 a
468 2978 702 3032 Euromo
752 2976 1113 3030 desideratum
1146 2973 1239 3027 sed
1290 2970 1544 3038 nuspiam
1578 2973 1874 3035 repertum,

301 3090 478 3143 nuper
507 3073 723 3127 demunt
754 3070 933 3125 studio
964 3065 1234 3123 lit-riberti
1256 3062 1543 3133 Roswcydi
1576 3061 1745 3117 nostri
1777 3076 1876 3128 ριιο

1973 1871 2062 1926 die
2126 1886 2223 1941 per
2252 1872 2472 1941 triginta
2499 1873 2618 1929 dies
2656 1888 2723 1929 ex
2746 1873 3183 1944 congregationis
3211 1872 3547 1929 Academicis

1971 1958 2287 2017 fundatione
2329 1962 2531 2017 litaniae
2586 1971 2640 2018 et
2664 1962 2785 2021 alite
2829 1963 3114 2021 cautiones
3168 1972 3437 2029 canuntur
3488 1964 3542 2018 in

1974 2054 2175 2123 templo
2202 2053 2263 2109 D.
2304 2054 2563 2127 Virginis,
2614 2055 2867 2124 idemque
2898 2056 2957 2113 tit
2996 2057 3050 2112 in
3085 2057 3418 2115 Mauriciana
3452 2072 3550 2127 pa-

1976 2143 2186 2197 rochia.
2212 2141 2277 2197 Et
2312 2145 2589 2213 quamvis,
2625 2152 2684 2199 ut
2720 2144 2890 2215 aliqui
2937 2145 3227 2215 objiciunt,
3278 2163 3309 2202 ι
3343 2146 3547 2202 (ἔτει-οἱς

1973 2233 2136 2289 etiam
2163 2234 2525 2290 schismaticis
2554 2246 2735 2290 ortum
2769 2236 3013 2303 haberet,
3046 2238 3187 2307 quod
3223 2249 3403 2293 tamen
3460 2256 3547 2293 se-

1975 2342 2074 2383 cus
2101 2336 2207 2393 est,
2240 2344 2347 2384 non
2373 2328 2494 2383 ideo
2512 2329 2864 2399 improbanda
2882 2339 3026 2385 esset
3045 2331 3159 2386 hac
3176 2333 3545 2397 consuetudo;

1978 2432 2101 2472 nam
2140 2430 2195 2474 et
2223 2433 2252 2472 a
2305 2419 2674 2475 schismaticis
2734 2422 2937 2475 bonum
2973 2421 3194 2490 aliquod
3232 2422 3542 2476 institutum

1977 2510 2245 2581 proﬁcisci
2268 2520 2465 2582 potest.
2502 2513 2597 2567 Est
2628 2527 2758 2579 ergo
2782 2528 2810 2565 a
2843 2511 3135 2567 Germanis
3164 2513 3252 2567 hic
3282 2528 3421 2575 mos,
3453 2514 3545 2582 qui

1976 2603 2243 2658 defunctis
2267 2604 2597 2658 tricesimum
2619 2618 2777 2674 agere
2796 2604 3011 2671 solent;
3041 2604 3313 2658 etalicubi
3345 2604 3390 2657 si
3422 2605 3549 2671 quis

1977 2695 2254 2749 honestior
2288 2704 2533 2773 mortuus
2578 2701 2680 2760 est,
2712 2709 2821 2749 non
2879 2703 3085 2750 tantum
3137 2702 3424 2766 parentant
3469 2694 3545 2748 illi

1979 2788 2138 2842 tertio
2161 2788 2393 2854 septimo
2422 2794 2477 2841 et
2517 2786 2789 2842 tricesimo
2830 2787 2937 2849 die.
2980 2787 3073 2841 sed
3106 2787 3349 2855 quotidie
3392 2786 3548 2840 habi-

1978 2887 2034 2931 ιιι
2066 2876 2275 2945 lugubri
2302 2876 2366 2931 ad
2399 2876 2621 2931 missam
2654 2885 2707 2929 et
2744 2877 2807 2930 ad
2848 2890 3097 2945 vesperas
3124 2885 3278 2941 eunt,
3336 2885 3390 2930 et
3419 2875 3548 2929 oll'e-

1930 2984 1933 2985 '
1980 2978 2102 3025 runt
2130 2969 2195 3023 ad
2228 2969 2401 3023 altare
2430 2968 2650 3038 quidem
2710 2968 3020 3038 pecuniam,
3056 2968 3122 3022 ad
3158 2966 3543 3035 cenotaphium

1981 3076 2107 3116 vero
2141 3061 2261 3130 (auf
2282 3059 2376 3115 der
2405 3061 2559 3122 bear)
2624 3059 2839 3123 vinum,
2904 3074 3093 3129 panes,
3126 3068 3232 3114 etc.
3290 3057 3548 3113 Germani

300 3121 564 3223 litigatum
602 3173 660 3219 et
704 3162 868 3217 Paulo
904 3160 943 3213 V
974 3158 1219 3230 pontiﬁci
1256 3156 1497 3213 maximo
1532 3154 1873 3223 inscriptum,
1901 3121 1949 3184 Ο
1980 3150 2109 3222 ergo
2142 3152 2477 3209 venerationi
2503 3152 2642 3207 divae
2673 3150 2910 3221 Virginis
2970 3149 3332 3206 addictissimi
3387 3148 3548 3202 ctiam

303 3263 430 3321 hoc,
462 3259 710 3327 inquam,
738 3251 1186 3323 Martyrologium
1241 3249 1309 3304 15
1338 3248 1427 3303 die
1481 3244 1701 3315 Augusti
1735 3243 1877 3297 hanc

302 3343 711 3415 inseriptionem
743 3341 959 3412 praefert
986 3357 1000 3394 :
1028 3340 1087 3395 S.
1123 3337 1314 3393 Maria
1335 3337 1618 3391 Darmitio.
1657 3334 1713 3388 Si
1747 3347 1876 3401 ergo

303 3434 658 3507 inartyrologi
689 3434 765 3488 illi
798 3434 1115 3503 primarum
1171 3428 1274 3484 hoc
1301 3428 1564 3484 Romanae
1616 3422 1878 3483 Ecclesiae

304 3524 752 3598 Har-tyrologium
809 3522 979 3578 secuti
1038 3528 1187 3586 sunt,
1222 3518 1348 3589 quid
1388 3515 1726 3587 peccarunt?
1765 3512 1878 3570 Nec

304 3594 533 3681 nitrum,
577 3594 704 3689 quia
740 3614 919 3670 forsan
952 3612 1059 3667 illis
1096 3611 1396 3678 Assumptio
1452 3606 1695 3677 Deiparte
1753 3619 1876 3660 cum

304 3724 543 3780 corpore
579 3717 636 3763 et
663 3707 842 3764 anima
876 3715 984 3761 tam
1016 3698 1222 3773 liquida
1253 3715 1361 3756 non
1394 3698 1498 3754 fuit
1529 3711 1690 3767 quam
1725 3695 1881 3751 nobis

304 3816 395 3861 est
427 3803 611 3865 hodie.
648 3802 774 3872 quia
802 3800 1004 3856 veritas
1034 3795 1302 3869 paulatim
1322 3792 1496 3863 magis
1521 3800 1683 3861 atque
1706 3789 1880 3859 magis

303 3896 527 3952 eruitur
550 3904 604 3949 et
630 3891 959 3955 elucidatur,
993 3888 1065 3942 ita
1095 3896 1154 3943 ut
1187 3885 1332 3957 quod
1363 3882 1637 3953 prioribus
1665 3879 1880 3937 saeculis

305 3986 786 4043 oliscuriusculum
820 3982 1146 4047 habebatur,
1178 3979 1231 4034 id
1282 3976 1516 4049 posteris
1540 3972 1882 4044 temporibus

308 4086 455 4137 clara
490 4080 545 4134 in
577 4079 694 4133 luce
723 4082 1041 4147 reponatur.
1086 4072 1309 4129 Accedit
1362 4069 1507 4141 quod
1542 4067 1797 4122 Rabanus
1822 4072 1883 4120 et

312 4173 583 4231 borkerus
636 4174 691 4227 in
727 4170 845 4225 suis
870 4165 1272 4239 Martyrologiis
1315 4161 1677 4233 appellatione
1720 4155 1883 4212 hodie

314 4270 525 4327 Latinis
554 4272 809 4324 consueta
838 4270 1103 4319 utantur:
1130 4256 1273 4330 apud
1303 4264 1594 4326 utrumque
1628 4251 1772 4308 enim
1806 4248 1883 4303 le-

312 4383 405 4435 ges
442 4363 745 4431 Assumptio
774 4357 841 4415 Β.
870 4356 1057 4411 Mariae
1092 4352 1359 4425 genitricis
1388 4349 1506 4414 Dei,
1541 4356 1600 4403 ut
1626 4356 1682 4403 et
1740 4342 1882 4414 apud

1978 3262 2075 3315 per
2104 3254 2180 3300 tot
2206 3246 2321 3300 dies
2355 3253 2640 3313 parentare
2674 3245 2961 3300 voluerunt
2992 3243 3130 3298 divae
3160 3241 3393 3311 Virgini.
3441 3255 3552 3295 non

1977 3338 2277 3408 lugubriter
2304 3346 2362 3391 ut
2391 3345 2639 3400 morture,
2675 3336 2767 3390 sed
2807 3336 3050 3389 hilariter
3087 3345 3147 3389 ut
3178 3335 3230 3391 in
3261 3334 3428 3390 cmlos
3460 3346 3551 3386 as-

1981 3439 2238 3499 sumpta:
2269 3428 2394 3482 hinc
2428 3443 2533 3482 non
2562 3427 2857 3483 audiuntur
2907 3424 3153 3481 funebria
3185 3424 3419 3488 cantica,
3452 3423 3549 3477 sed

1980 3521 2160 3577 omnia
2188 3520 2252 3573 ad
2276 3519 2515 3575 laetitiam
2558 3502 2892 3588 ciimparats.

2053 3609 2115 3663 l‘.
2154 3610 2242 3664 8i.
2281 3609 2638 3664 Decollationi
2664 3608 2724 3664 S.
2751 3605 2979 3664 Joannis
3005 3603 3259 3676 Baptista:
3285 3615 3440 3659 sacer
3462 3608 3549 3654 est

1982 3701 2097 3757 dies
2124 3700 2194 3757 29
2236 3701 2464 3772 Augusri
2503 3709 2612 3755 tam
2638 3698 2780 3770 apud
2812 3698 3033 3755 Graecos
3082 3708 3244 3765 quam
3282 3691 3422 3762 apud
3450 3690 3554 3745 La-

1982 3795 2149 3850 tinos.
2186 3795 2242 3848 In
2278 3795 2380 3850 hoc
2410 3793 2609 3850 festum
2650 3790 2808 3844 variae
2839 3796 3054 3844 exstant
3098 3787 3408 3840 Gra‘corum
3453 3782 3557 3836 i‘at

1987 3896 2127 3943 trum
2162 3883 2421 3939 homilim.
2456 3880 2572 3936 Non
2601 3880 2884 3949 pauciores
2916 3877 3055 3930 forte
3090 3875 3265 3929 adhuc
3287 3874 3338 3927 in
3364 3871 3561 3925 biblic-x

1987 3980 2161 4035 thecis
2200 3993 2323 4033 cum
2354 3976 2515 4031 tineis
2545 3973 2838 4041 blattisque
2870 3970 3063 4025 bellum
3098 3975 3311 4038 gerunt.

2056 4070 2119 4123 P.
2148 4068 2237 4124 82.
2268 4065 2522 4122 Secundo
2551 4066 2639 4120 die
2669 4062 2797 4118 Julii
2826 4073 2991 4134 agunt
3023 4061 3197 4117 Graeci
3230 4060 3558 4114 anniversa.

1985 4163 2120 4217 riam
2150 4160 2468 4217 memoriam
2522 4156 2782 4227 depositae
2820 4157 2870 4209 in
2910 4153 3113 4224 templo
3166 4152 3556 4207 Blarherncnsi

1986 4258 2141 4313 vestis
2173 4255 2413 4325 Deiparze
2449 4251 2676 4323 virginis
2710 4249 2814 4305 sub
2840 4246 3021 4303 Leone
3053 4257 3105 4301 et
3150 4244 3352 4300 Veriua
3386 4246 3562 4315 impp.

1989 4347 2123 4404 Vide
2157 4346 2415 4401 liena:qu
2467 4343 2615 4399 dieto
2650 4342 2736 4396 die
2786 4338 2937 4396 Julii.
2995 4338 3065 4395 At
3096 4338 3156 4392 51
3210 4338 3297 4393 die
3327 4337 3560 4406 Augusti

3445 303 3629 367 382.

312 4431 538 4510 l3edam.
568 4452 766 4520 Quare,
792 4458 852 4505 ut
882 4449 934 4503 in
968 4446 1214 4502 semitam
1245 4451 1606 4506 revertamur,
1634 4435 1878 4493 beatissi-

1992 4450 2158 4511 agunt
2190 4440 2350 4494 iidem
2380 4436 2553 4493 Graeci
2587 4434 3021 4490 anniversariam
3054 4431 3373 4485 memoriam
3403 4433 3560 4489 depo-

310 4565 457 4603 matn
494 4544 769 4616 Virginem
799 4541 989 4596 eodem
1019 4539 1107 4593 die
1133 4544 1427 4598 mortuam,
1467 4529 1742 4601 sepultam
1771 4538 1826 4581 et
1853 4542 1878 4581 a

1990 4536 2105 4589 sita:
2137 4547 2281 4586 zona:
2308 4529 2550 4600 Deiparm
2575 4527 2805 4595 virginis
2828 4526 2882 4581 in
2908 4522 3109 4593 templo
3142 4520 3562 4590 Chalcopratio-

311 4638 549 4697 mortuis
575 4638 865 4691 excitatam
895 4648 1019 4688 cum
1074 4629 1385 4686 Graecorum
1424 4621 1647 4678 Metuens
1706 4618 1878 4673 credi-

1992 4640 2135 4679 rum.
2168 4621 2303 4677 Vide
2339 4621 2599 4675 Menmum
2630 4618 2780 4673 dicto
2802 4617 2889 4671 die
2927 4613 3157 4683 Augusti
3190 4623 3244 4667 et
3266 4610 3558 4678 Nieephor.
3612 4688 3627 4693 Α

309 4749 464 4797 mus.
518 4733 643 4788 licet
708 4729 1075 4783 Damascenus
1169 4717 1645 4776 resuscitationem
1730 4710 1890 4767 tertio
1992 4732 2103 4784 xiv,
2133 4716 2220 4770 49.
2260 4711 2365 4768 Sed
2402 4712 2468 4767 de
2506 4726 2615 4782 quo
2649 4711 2786 4765 festo
2813 4704 3194 4774 accipiendum
3222 4702 3363 4772 quod
3395 4700 3562 4756 Cntli-

309 4790 538 4884 demum
571 4824 638 4879 ab
668 4822 819 4878 obitu
850 4820 937 4875 die
967 4826 1176 4873 statuat
1204 4815 1257 4869 in
1290 4812 1535 4871 oratione
1564 4808 1630 4863 de
1659 4815 1890 4860 Assum-
1992 4826 2096 4865 nus
2127 4805 2359 4863 scribit?
2393 4804 2621 4860 Videtur
2643 4803 2710 4856 de
2741 4798 2943 4869 priore,
2974 4792 3414 4884 quandoquidem
3473 4790 3566 4842 dea
3623 4790 3637 4861 ,ξ

312 4920 503 4988 ptione
529 4915 592 4969 Β.
619 4913 821 4968 Mariae.
855 4911 1095 4965 Tametsi
1124 4903 1463 4979 probabilius
1487 4899 1574 4955 isti
1599 4911 1762 4968 quam
1795 4895 1878 4948 alii

1991 4901 2299 4971 positionem
2332 4897 2635 4952 venerandi:
2668 4894 2818 4946 vestis
2844 4887 3125 4953 nominat;
3181 4894 3235 4939 et
3268 4883 3565 4953 imperator

311 4987 460 5081 apud
497 5007 717 5070 Bedam,
746 5004 839 5075 qui
859 5002 1302 5072 Assttmptionem
1334 4995 1578 5064 Deiparm
1602 4991 1666 5046 ad
1697 5006 1753 5045 IX
1784 4987 1891 5044 Ka—

312 5099 510 5154 lendas
547 5094 830 5158 Octobres,
850 5095 950 5147 hnc
969 5102 1051 5147 est
1074 5091 1137 5144 ad
1154 5090 1223 5147 24
1240 5088 1380 5142 diem
1412 5082 1772 5165 Septembris,
1807 5092 1894 5132 re-

314 5196 526 5253 ferunt,
584 5189 659 5241 ita
690 5196 751 5241 ut
781 5186 923 5238 inter
950 5191 1179 5237 mortem
1207 5181 1325 5249 ejus
1386 5177 1451 5231 15
1487 5174 1735 5245 Augusti,
1767 5184 1890 5242 qua:

315 5283 422 5335 fuit
450 5280 624 5350 prima
650 5277 985 5345 Assutnptio,
1033 5287 1228 5341 nempe
1280 5268 1577 5325 secundum
1632 5264 1888 5324 animam,

315 5376 393 5427 iut
432 5369 729 5426 rcesserint
756 5366 1111 5438 quadraginta
1175 5364 1291 5417 dies
1323 5373 1497 5429 usque
1543 5359 1671 5412 dum
1706 5353 1889 5409 anima

315 5478 447 5520 cum
482 5476 710 5532 corpore
740 5473 931 5513 rursus
963 5453 1334 5527 conglutinata
1363 5450 1661 5508 resurrexit
1689 5447 1890 5503 celos-

315 5570 427 5627 qne
472 5554 680 5626 pelivit.
722 5550 924 5607 Verum
972 5551 1088 5605 haec
1122 5548 1271 5602 omni
1307 5540 1772 5601 verisimilitudine
1802 5553 1892 5591 ca-

321 5656 472 5712 rent,
511 5652 567 5698 et
599 5645 961 5699 adversantur
1000 5651 1106 5694 tam
1144 5639 1346 5692 latium
1375 5652 1537 5705 quam
1569 5634 1770 5689 Grarca:
1794 5627 1893 5682 Ee-

326 5740 534 5804 clcsiae;
561 5746 816 5808 recteque
837 5746 982 5791 notat
1008 5733 1270 5789 Batonius
1300 5731 1352 5786 in
1377 5724 1754 5799 )lartyrologio
1783 5721 1892 5777 Ro-

1993 4960 2060 5048 ad
2095 4993 2422 5046 Blaehernas
2449 4988 2552 5041 hoc
2584 4984 2721 5039 festo
2759 4982 2890 5045 ibat,
2933 4978 3024 5034 ubi
3052 4977 3201 5033 vestis
3232 4974 3324 5029 illa
3349 4971 3561 5041 reposi-
3600 4960 3627 4981 ’⁸

1995 5092 2071 5141 ta.
2102 5083 2359 5150 Curergo
2385 5077 2624 5133 Codinus
2654 5074 2707 5128 id
2765 5064 2875 5128 non
2935 5070 3211 5127 recensuit
3268 5081 3369 5123 suo
3421 5064 3569 5127 loco.

1997 5177 2101 5230 hoc
2135 5172 2291 5229 estin
2332 5168 2509 5224 Julio?
2539 5168 2772 5222 Causam
2803 5166 2946 5221 dicat
2977 5165 3070 5235 qui
3124 5169 3307 5216 notam
3364 5157 3561 5212 habet:

1996 5282 2097 5333 ego
2133 5264 2265 5319 mihi
2292 5264 2532 5333 ignotam
2574 5260 2764 5314 fateor.
2805 5257 2920 5313 Nisi
2983 5256 3124 5311 forte
3157 5251 3445 5323 legentium
3472 5249 3567 5305 hie

1993 5358 2091 5427 τῆς
2133 5355 2323 5424 τιμίας
2348 5353 2546 5426 ζώνης.
2600 5351 2705 5406 Sed
2738 5360 2869 5405 tunc
2912 5349 3096 5404 obstat
3130 5343 3393 5416 templum
3440 5339 3569 5392 8181

1992 5447 2303 5511 ehernium,
2330 5446 2397 5501 ad
2429 5444 2571 5515 quod
2611 5445 2714 5499 hoc
2742 5442 2829 5498 die
2852 5442 3151 5510 imperator
3172 5450 3296 5490 cum
3328 5432 3443 5489 suis
3463 5446 3562 5500 pa-

1999 5540 2185 5595 latinis
2216 5538 2385 5593 itabat
2408 5555 2421 5590 :
2444 5550 2498 5591 at
2526 5553 2657 5590 zona
2689 5533 2931 5604 Deipara:
2956 5523 3409 5585 asservabaturin
3431 5530 3567 5577 tent-

1995 5631 2085 5699 pln
2118 5634 2169 5683 in
2210 5626 2600 5698 Chalcepratiis
2649 5624 2886 5687 condito,
2926 5629 2985 5675 ιιι
3016 5627 3244 5675 testatur
3275 5613 3561 5668 Mcnmutn.

1996 5720 2200 5773 (iners.
