3928 6214
314 140 427 206 385

1389 141 1773 203 GRETSERI
1804 140 1901 200 ET
1955 138 2197 201 GOAlll
2247 140 2488 201 NOTAE.

3458 136 3562 201 386

315 236 581 317 stabilem
635 272 690 315 et
723 261 891 318 ﬁxum
933 264 1111 317 locum
1145 261 1314 315 habet
1347 265 1486 316 inter
1513 264 1627 316 dies
1668 262 1893 324 tnensis,
1926 269 1973 325 Λ
2009 260 2134 326 τάς.
2164 259 2219 314 Si
2256 258 2315 317 S.
2360 257 2575 328 Sophia:
2615 258 2986 327 apostolorum
3021 257 3560 327 Blacheruarmmpn:

318 364 437 408 tum
479 356 607 423 quia
632 354 957 410 Pentecoste
987 365 1073 409 est
1106 356 1306 410 lestum
1341 356 1543 409 mobile
1573 356 1886 423 dependens

313 462 347 500 a
392 446 682 501 Paschate.
719 448 842 501 Non
868 462 1004 515 ergo
1042 461 1256 515 semper
1275 447 1471 500 cadere
1500 456 1678 514 patest
1701 446 1888 498 Domi-

316 539 441 591 nira
468 538 820 594 Orthodoxia:
848 540 902 592 in
928 539 992 592 21
1046 539 1192 592 diem
1224 538 1374 601 Maii,
1400 553 1525 593 cum
1590 538 1706 607 ipsa
1750 536 1888 591 l‘en-

316 637 525 682 teeoste
557 628 705 683 hunc
730 629 876 683 diem
942 629 1027 684 vel
1074 624 1406 683 antecedere
1470 628 1553 681 vel
1622 628 1884 697 subsequi

313 722 512 788 possit.
547 718 759 775 Gens.

388 813 531 867 Ibid.
561 812 663 885 [Ex
694 814 902 884 Typico
944 813 1106 869 Saba:
1154 814 1373 869 brevem
1408 811 1503 866 tibi
1541 811 1885 882 Ὀρθοδοξὶας

313 900 390 953 ita
422 902 583 954 dictae
611 901 897 956 historiam
925 903 1221 972 descripsit
1268 900 1563 959 Gretserus
1590 919 1604 956 :
1646 903 1885 956 o:-natio-

313 1008 431 1044 rem
460 992 623 1046 aliam
650 1003 703 1047 et
756 995 1036 1064 copiosam
1097 994 1268 1065 magis
1330 993 1427 1047 tibi
1487 993 1711 1063 jamjam
1766 994 1888 1047 edet

315 1103 494 1156 nuper
524 1088 1160 1149 memoratusﬁombeﬁs
1208 1105 1274 1143 ex
1295 1104 1412 1144 mss
1440 1088 1646 1159 Regiis,
1684 1090 1769 1143 cui
1829 1088 1888 1143 ti-

308 1178 457 1232 tulus
493 1180 758 1249 Διήγησις
806 1182 1248 1250 διαλαμβάνουσα
1281 1181 1543 1251 περὶτῶν
1592 1181 1765 1248 ἁγίων
1792 1180 1889 1234 καὶ

309 1269 532 1322 σεπτῶν
572 1271 817 1336 εἰκόνων,
857 1274 952 1325 καὶ
982 1273 1130 1335 ὅπως
1162 1274 1256 1325 καὶ
1278 1272 1345 1325 δι’
1375 1272 1443 1341 ῆν
1476 1272 1656 1325 αἰτίαν
1715 1272 1889 1341 παρέ-ο

306 1361 445 1412 2.26s
477 1362 578 1431 τὴν
625 1363 965 1432 ὐρθοδοξίαν
1004 1364 1236 1433 ivncta);
1266 1364 1441 1416 τελεῖν
1463 1366 1527 1433 τῇ
1556 1364 1750 1437 πρώτῃ
1772 1367 1888 1419 Κυ-

314 1457 487 1522 ριακῇ
520 1456 629 1506 τῶν
661 1456 832 1523 ἁγίων
856 1458 1121 1525 νηστειῶν
1153 1458 1187 1526 ἡ
1216 1456 1358 1525 ἁγία
1384 1456 1523 1508 Θεοῦ
1567 1457 1882 1527 Ἐκκλησία.

314 1545 449 1598 Vide
482 1545 719 1601 Leonem
772 1548 1228 1611 Grammatieum,
1253 1548 1586 1615 Cedrenum,
1615 1547 1883 1607 Zonaram

306 1648 363 1691 et
390 1638 529 1694 alios
557 1641 609 1692 in
637 1638 900 1695 Michaele
915 1650 969 1695 et
999 1640 1304 1699 Theodora.

383 1730 519 1784 Ibid.
554 1729 650 1801 [Τό
682 1733 1032 1795 συναδικόν.
1076 1734 1302 1792 Praelata
1335 1738 1672 1811 Ὀρθοδοξίας
1706 1738 1883 1795 Domi-

309 1820 433 1873 uica
460 1822 621 1876 elatis
654 1822 706 1876 in
736 1823 973 1889 sublime
999 1828 1258 1884 crucibus
1283 1839 1338 1885 et
1367 1833 1694 1887 venerandis
1739 1833 1881 1886 ima-

309 1910 533 1977 ginibus
568 1912 633 1966 ad
668 1923 940 1969 statutum
974 1917 1151 1973 locum
1175 1922 1583 1988 processiouem
1624 1922 1882 1978 ecclesia-

258 2074 265 2077 .
307 2002 507 2056 sticam
535 2004 696 2059 habet
720 2004 1015 2064 Orientalis
1068 2008 1334 2067 Ecclesia.
1392 2015 1599 2070 Ibidem
1642 2016 1873 2071 Patrum

307 2096 666 2163 antiquorum
698 2098 937 2156 haereses
967 2101 1129 2173 347
1162 2104 1293 2158 olim
1323 2108 1571 2177 scriptis,
1605 2108 1878 2172 doctrina,

309 2200 477 2251 voce,
511 2188 804 2245 laboribus
830 2192 1224 2249 iusectantium
1261 2196 1443 2252 habita
1484 2201 1718 2254 solemni
1770 2201 1879 2254 ritu

307 2283 602 2351 memoria,
634 2285 917 2340 recensitis
952 2284 1115 2340 etiam
1152 2287 1461 2346 hzeresibus
1489 2292 1621 2360 ipsis
1650 2306 1714 2346 ac
1756 2307 1881 2361 per-

308 2388 476 2428 verso
529 2375 798 2444 cujusque
851 2376 1103 2447 dogmate
1157 2380 1459 2448 publicato,
1519 2384 1733 2437 cunctis
1798 2394 1879 2439 ter

307 2464 901 2532 ἁνάϐεμαὶιιοιδιηειηι.
930 2479 985 2522 et
1017 2468 1404 2527 haereticorum
1468 2478 1717 2530 omnium
1773 2493 1875 2531 no-

308 2572 436 2611 men
455 2568 813 2614 exsecrantur
844 2577 859 2614 :
883 2562 955 2615 ita
984 2563 1181 2617 dicitur
1206 2563 1265 2616 τὸ
1290 2567 1563 2620 συνοδικὸν
1589 2570 1688 2638 τῆς
1714 2570 1876 2637 ἁγίας

306 2650 403 2700 καὶ
455 2650 838 2721 οἰκουμενικῆς
857 2652 1091 2724 ἑϐδόμης
1126 2656 1345 2711 συνόδου
1378 2660 1876 2727 ἀναγινώσκεσθαι.

307 2740 618 2795 Videndum
641 2743 923 2798 Triodium
955 2762 1062 2813 quo
1088 2748 1357 2817 integrum
1408 2752 1697 2820 reperitur.

377 2834 524 2887 Ibid.
548 2835 864 2907 [Ἶσταται.
904 2838 1034 2894 Vide
1070 2840 1454 2911 imperatorem
1475 2844 1731 2901 Ecclesiae
1778 2846 1873 2903 de-

301 2937 457 2980 creta
492 2938 861 2983 venerantem.
892 2929 1086 3002 ϐψω]

381 3017 440 3072 ιι.
474 3018 563 3074 82.
592 3020 768 3074 Pridie
792 3020 1101 3075 Palmarum
1132 3024 1312 3093 agitur
1333 3040 1360 3077 a
1389 3024 1594 3081 Graecis
1615 3028 1871 3085 anniver-

302 3108 453 3161 saria
491 3109 749 3161 memoria
778 3112 1070 3163 resuscitati
1109 3110 1300 3164 Lazari
1334 3131 1349 3168 :
1381 3115 1496 3182 ejus
1521 3117 1573 3169 in
1608 3119 1871 3175 honorem

302 3199 566 3267 templum
598 3202 865 3255 exstruxit
889 3200 995 3255 Leo
1031 3200 1399 3274 Philosophus
1421 3207 1720 3277 imperator
1737 3220 1873 3268 teste

302 3287 544 3354 Zonara,
580 3299 632 3343 et
664 3291 808 3345 ineo
865 3306 1082 3348 sacrum
1144 3296 1268 3365 ejus
1323 3313 1526 3368 corpus
1575 3318 1640 3356 ex
1694 3305 1872 3374 Cypro

303 3382 629 3436 ttanslatum
654 3386 914 3439 condidit.
947 3385 1151 3442 Gners.

375 3479 519 3530 Ibid.
554 3478 834 3549 [Δίκαιον.
873 3481 1063 3537 Beatos
1096 3500 1287 3540 omnes
1325 3487 1377 3540 in
1431 3489 1610 3543 varias
1664 3491 1873 3547 classes

302 3571 649 3625 distribuunt
701 3573 895 3629 Grazci.
929 3573 1153 3630 Etcerte
1178 3580 1477 3640 nonnullis.
1508 3590 1564 3634 ut
1598 3580 1865 3648 Barnabn,

301 3662 478 3727 Luca,
516 3663 822 3734 Stephano,
854 3668 1223 3735 apostolorum
1257 3671 1486 3739 collegio
1505 3689 1871 3729 connumera-

298 3756 396 3819 tis,
420 3755 542 3809 aliis
569 3756 732 3810 etiam
766 3758 1131 3811 ἰσαποστόλων
1160 3761 1378 3813 nomine
1403 3763 1707 3830 honoratis,
1739 3767 1869 3820 sub-

290 3845 532 3914 jungunt
553 3848 956 3918 ἱερομάρτυρας
980 3850 1263 3916 potitilices
1292 3850 1456 3906 simul
1481 3861 1535 3906 et
1564 3842 1868 3924 martyres;

295 3956 424 3991 tuus
463 3940 749 4009 μάρτυρας
780 3941 1244 4012 (ἰηιοιίἰςθλιτούς
1273 3945 1448 4001 nudos
1477 3962 1540 4002 ac
1563 3948 1866 4020 simpliCtts)

292 4041 609 4100 inartyres;
654 4032 997 4101 ὁμολογητάς
1050 4036 1393 4093 confessor-es
1440 4042 1700 4095 nonnulla
1758 4052 1868 4096 toro

294 4128 477 4172 tucnla
519 4121 599 4173 vel
641 4122 891 4199 exsilium
939 4140 1037 4192 pro
1102 4126 1305 4181 Christi
1359 4130 1580 4184 nomine
1641 4146 1864 4199 passos;

290 4198 701 4284 ὁσιομάρτυρας
734 4215 1031 4270 monachos
1054 4218 1215 4272 simul
1251 4228 1305 4273 et
1336 4233 1605 4293 martyres
1627 4226 1862 4291 ;6ciou;,

291 4305 635 4370 monachos;
665 4306 908 4370 δικαίους
930 4309 1134 4377 justas,
1160 4327 1298 4380 quos
1327 4314 1673 4371 confessores
1703 4318 1864 4386 vulgo

283 4395 568 4461 dicimus;
632 4400 940 4468 παρθένους
986 4401 1260 4471 virgines;
1332 4406 1861 4478 παρθενομάρτυρας

290 4490 536 4559 virgines
570 4492 729 4545 simul
755 4509 819 4547 ac
852 4504 1014 4566 martg
1033 4512 1157 4565 res;
1205 4500 1724 4571 γυναικομάρτυρας
1779 4502 1862 4555 le-

290 4584 473 4636 minas
510 4595 795 4654 martyres,
822 4597 925 4642 etc.

366 4673 507 4730 Ib:d.
538 4676 701 4747 [Ἐπ’
728 4679 974 4747 ὀνόματι
996 4681 1184 4734 αὐτοῦ
1198 4682 1418 4749 μονήν.
1448 4681 1619 4752 Cujus
1668 4681 1861 4737 funda-

288 4778 466 4821 torem
501 4767 735 4822 Leonem
769 4770 1077 4837 Sapientem
1111 4772 1273 4827 relert
1302 4773 1446 4828 alius
1505 4774 1616 4828 Leo
1670 4775 1862 4828 Gram-

287 4860 529 4913 maticus
562 4861 613 4912 in
640 4861 759 4928 ejus
791 4859 912 4914 Vita
952 4880 964 4914 :
1002 4863 1261 4917 ’Έκτισεν
1314 4868 1342 4918 ὁ
1396 4868 1548 4918 Λεων
1594 4869 1675 4929 εὶς
1734 4870 1861 4932 τοὺς

282 4950 619 5018 λεγομένους
647 4951 856 5012 Τόπους
891 4952 980 5002 τὸν
1010 4952 1161 5018 ἅγιον
1186 4954 1461 5024 Λάζαρον,
1514 4958 1860 5010 κατασκευάο

282 5061 387 5103 σας
433 5042 602 5112 μονὴν
631 5043 881 5113 ἀνδρείαν
902 5044 1192 5114 εὐνούχων,
1223 5046 1348 5098 ἔνθα
1400 5046 1494 5098 καὶ
1554 5047 1646 5099 τοῦ
1697 5048 1858 5116 ἁγίου

278 5135 548 5204 Λαζάρου
570 5136 729 5204 σῶμα
760 5136 853 5188 καὶ
871 5136 1090 5205 Μαρίας
1122 5137 1625 5207 τῆςΜαγδαληνῆς
1660 5141 1859 5191 ἀνακο-

281 5228 456 5295 μίσας
480 5226 736 5291 ἀπέθετο,
771 5228 1007 5296 ποιήσας
1038 5230 1390 5295 τάέγκαίνια
1426 5233 1520 5281 καὶ
1546 5232 1646 5299 τῆς
1689 5231 1859 5297 αὐτῆς

280 5319 611 5390 ἐκγλησίας.
680 5321 1105 5390 ’Λσχολουμένου
1172 5323 1226 5374 δὲ
1278 5322 1371 5374 τοῦ
1436 5321 1624 5373 στόλου
1658 5324 1736 5383 εἰς
1794 5321 1857 5372 τὰ

277 5412 697 5479 κτίσματατῶν
744 5413 1003 5465 τοιούτων
1064 5414 1371 5479 ἐκκλησιῶν
1428 5413 1754 5483 παρελήφθη
1802 5413 1858 5463 ἐν

279 5496 510 5571 Σικελίᾳ
539 5503 600 5554 τὸ
631 5503 997 5569 Ταυρομένιον
1024 5502 1130 5555 ὑπό
1159 5503 1267 5555 τὼν
1303 5502 1546 5572 Ἄφρων.

355 5593 482 5648 Ibtd
540 5592 675 5664 [Τὰς
705 5614 782 5663 τω
805 5596 1022 5662 operm;
1041 5598 1109 5649 ἐν
1132 5597 1252 5662 τοῖς
1271 5597 1699 5665 μοι’(ιστηρίοίς
1728 5595 1854 5663 ἐορ-

1991 354 2298 423 dempseris
2319 353 2603 416 ecclesias,
2629 353 2766 408 alias
2807 353 2895 407 hic
2934 352 3258 417 recensitas,
3302 353 3366 405 ad
3424 368 3561 422 quas

1990 462 2057 501 ex
2084 446 2370 501 devotione
2400 447 2621 501 statutis
2650 445 2848 501 diebus
2879 448 3053 517 pergit
3082 446 3400 516 imperator,
3448 462 3562 498 mo-

1993 536 2186 591 nachis
2235 537 2541 605 assignatas
2589 550 2653 591 ac
2721 524 3109 605 imperatorum
3152 538 3556 606 magniﬁcentia

1990 635 2322 688 exstructas,
2352 626 2493 682 sicut
2534 635 2587 681 et
2613 642 2643 681 e
2700 626 2984 681 catholicis
3038 636 3144 682 tres
3185 637 3557 689 enumeratas.

1989 716 2325 770 observabis.

2062 808 2202 863 Ibid.
2236 808 2543 879 [Πλάγκον.
2569 807 2800 878 Regium
2829 807 3081 863 vexillum
3118 808 3443 879 imperatore
3466 809 3559 865 ab-

1990 911 2142 954 sente
2170 902 2476 971 obliquum.
2511 912 2773 971 praesente
2807 911 3010 956 rectum
3045 910 3274 955 tenetur.

2058 991 2199 1047 Ibid.
2254 992 2534 1064 [Ἄλτειν
2580 992 2868 1062 λαμπάδα
2910 992 3010 1046 ἐπὶ
3059 993 3167 1046 τοῦ
3228 993 3555 1047 διόελλίου.

1990 1080 2131 1148 Quid
2167 1083 2295 1138 illud
2320 1086 2478 1148 ritus,
2516 1100 2737 1139 cereum
2782 1084 2865 1139 vel
2896 1082 3201 1153 lampadem
3247 1083 3300 1137 in
3365 1084 3559 1136 vexillo

1988 1176 2332 1230 accendere?
2357 1193 2485 1229 num
2509 1186 2656 1231 recte
2679 1166 2937 1242 harioler,
2967 1177 3141 1231 amice
3173 1176 3360 1243 lector,
3389 1176 3560 1245 judex

1988 1276 2125 1321 esto.
2170 1267 2228 1321 lu
2261 1260 2430 1323 a-iieis
2462 1269 2647 1336 figuris
2679 1268 2808 1323 huic
2840 1268 2993 1338 operi
3029 1268 3263 1338 sparsim
3292 1269 3560 1337 appositis

1990 1358 2329 1429 (describunt
2356 1360 2461 1413 illa“.
2492 1360 2599 1414 ϐίη
2621 1376 2812 1415 eorum
2850 1360 3232 1430 imperatorem
3289 1360 3556 1415 Joannem

1988 1451 2236 1504 ultimum
2264 1452 2331 1506 ad
2395 1452 2759 1506 Florentinam
2796 1454 3064 1525 synodum
3091 1455 3190 1509 iter
3244 1453 3557 1521 habentem)

1987 1542 2054 1595 ad
2087 1542 2227 1596 latus
2256 1544 2601 1612 imperatoris
2631 1546 2942 1600 sedentisin
3002 1546 3209 1600 tritemi
3276 1546 3556 1607 vexillum,

1987 1635 2239 1703 superius
2273 1651 2302 1689 a
2323 1652 2409 1690 me
2437 1636 2704 1689 διὸἐλλιον
2730 1638 3068 1691 nominatum
3101 1651 3153 1690 c.
3187 1636 3221 1690 5
3255 1650 3376 1690 nota
3410 1638 3475 1691 ad
3501 1654 3554 1707 p.

1985 1726 2074 1788 59,
2108 1728 2506 1795 animadverto,
2564 1746 2628 1785 ex
2661 1731 2818 1797 cujus
2867 1729 3044 1785 medio
3073 1739 3235 1784 conto
3288 1732 3555 1784 laternam

1982 1820 2097 1875 sive
2128 1822 2365 1889 phanale
2405 1837 2766 1891 prorumpens
2798 1836 2907 1875 non
2969 1821 3114 1875 aliud
3148 1837 3311 1891 quam
3372 1823 3552 1891 ignem

1982 1913 2406 1981 imperatoribus
2422 1914 2717 1980 prtelatum
2754 1912 3033 1968 includere
3067 1915 3312 1967 mihimet
3330 1929 3557 1984 persua-

1981 2004 2103 2059 deo.
2138 2005 2278 2060 Num
2332 2005 2494 2059 modo
2554 2004 2750 2059 ἅπτειν
2774 2005 2873 2075 τὴν
2925 2005 3187 2073 λαμπάδα
3234 2006 3421 2060 ἐπάνω
3459 2007 3552 2059 τοῦ

1978 2096 2245 2151 διϐελλίου
2281 2113 2454 2152 meam
2514 2096 2768 2153 admittat
2820 2098 3218 2166 conjecturam,
3270 2100 3550 2168 approba;

1982 2190 2063 2244 vel
2096 2198 2150 2244 tu
2179 2190 2459 2260 quidpiam
2500 2190 2647 2245 aliud
2681 2192 2800 2246 loco
2825 2193 2996 2262 magis
3045 2207 3348 2262 congruum
3403 2190 3553 2246 edis-

1979 2298 2119 2338 sere.
2143 2284 2290 2338 Goxn
2318 2285 2337 2357 j
3184 2330 3189 2335 .

2066 2373 2210 2429 Ibid.
2248 2376 2556 2432 Ridiculum
2585 2387 2669 2433 est
2701 2377 2848 2447 quod
2885 2375 3081 2432 Junius
3113 2378 3444 2447 suspicatur,
3478 2378 3552 2431 ὡ·

1979 2471 2138 2536 ραὶας
2170 2469 2343 2533 πύλας
2362 2470 2536 2526 dictas
2559 2474 2713 2537 quasi
2742 2472 3005 2533 librarios,
3025 2473 3165 2539 quod
3188 2474 3241 2525 in
3263 2474 3432 2537 primo
3457 2475 3550 2526 illo

1980 2562 2291 2631 templorum
2319 2563 2471 2615 aditu
2503 2565 2573 2617 ait
2590 2564 3013 2617 commodissima
3052 2566 3336 2618 sciaterum
3371 2576 3421 2617 et
3447 2567 3545 2616 lto-

1979 2655 2299 2723 rologiorum
2328 2656 2498 2709 sedet.
2533 2655 2782 2717 Credam,
2840 2656 2930 2710 ubi
2960 2654 3155 2711 Junius
3204 2658 3548 2712 demonstra-

1979 2744 2117 2797 verit
2181 2744 2346 2797 etiam
2396 2747 2448 2798 in
2493 2745 2697 2814 templo
2767 2745 3263 2817 llierosolymimno
3327 2762 3539 2816 portam

1980 2833 2293 2903 Speciosam
2317 2836 2519 2892 dictam
2547 2853 2668 2892 esse
2696 2839 2852 2905 quasi
2889 2840 3183 2904 Itorariam,
3218 2842 3362 2910 quod
3398 2843 3544 2897 scia-

1903 2952 1946 3014 C
1982 2935 2158 2982 terum
2191 2940 2246 2982 et
2281 2929 2686 2998 horologiorum
2710 2931 2865 2985 sedes
2896 2942 3059 2987 CSSl‘l.
3091 2932 3297 2988 (iners.

2051 3020 2191 3074 Ibid.
2240 3020 2604 3093 [Vestibulum
2685 3027 3110 3079 monastiearnm
3187 3027 3540 3082 erclesiarum

1978 3115 2339 3169 subeuntibus
2368 3124 2670 3171 occurrunt
2693 3115 2893 3185 ὡραῖαι
2919 3119 3110 3184 πύλαι,
3145 3136 3539 3192 nonnunquam

1978 3206 2250 3274 βασιλικαί
2309 3220 2649 3276 nuncupatm.
2736 3208 3072 3266 Vestibulum
3118 3213 3249 3266 illud
3302 3216 3541 3285 πρόναος

1974 3298 2139 3369 348
2175 3300 2387 3353 auctori
2412 3300 2636 3365 dicitur,
2698 3304 2789 3369 qui
2849 3304 3010 3374 vulgo
3063 3304 3294 3375 νάρθηξ,
3343 3316 3539 3377 estque

1974 3390 2222 3444 ecclesia‘
2256 3392 2431 3459 portis
2456 3393 2712 3460 adjuncta
2754 3396 3001 3463 porticus
3028 3398 3269 3451 exterior
3325 3413 3542 3468 semper

1973 3492 2157 3553 aperta
2176 3485 2295 3539 etin
2321 3484 2601 3540 ecclesiam
2621 3487 2968 3544 advenientes
2986 3491 3218 3558 primum
3238 3494 3538 3561 excipiens,

1972 3576 2186 3645 qualem
2238 3576 2534 3632 aberrare
2587 3587 2637 3633 te
2681 3596 2873 3648 precor
2926 3582 3155 3638 Parisiis
3217 3586 3283 3638 ad
3353 3588 3538 3642 valvas

1976 3668 2293 3736 tenplorum
2332 3670 2388 3722 S.
2430 3669 2686 3725 Germani
2722 3674 2943 3727 nomine
2995 3685 3344 3737 structorum.
3371 3681 3437 3731 ad
3474 3678 3535 3732 S.

1977 3754 2209 3812 Victoris
2238 3769 2287 3813 et
2319 3761 2384 3813 ad
2410 3760 2466 3815 S.
2506 3761 2818 3816 Geuoveiw.
2848 3764 3086 3831 Πρόναον
3115 3766 3259 3819 hunc
3310 3778 3534 3835 praeter-

1972 3850 2168 3915 greSSis
2200 3864 2495 3905 oc:urrunt
2526 3852 2685 3906 dictae
2710 3854 2946 3922 majores
2972 3858 3396 3927 portze,tbpaiat,
3417 3877 3536 3929 spe-

1973 3941 2151 4003 ciosae,
2183 3942 2258 3994 vel
2287 3941 2356 3995 ob
2391 3942 2563 4009 pictas
2621 3945 2681 3996 ἐν
2742 3946 2966 4016 προνάῳ
3015 3962 3200 4004 sacras
3248 3950 3531 4020 imagines.

1972 4030 2051 4081 Vel
2084 4030 2227 4098 quod
2258 4032 2544 4096 speciosam
2573 4030 2874 4088 Salomonii
2928 4038 3108 4106 templi
3137 4039 3398 4105 referant,
3452 4044 3533 4098 vel

1970 4122 2205 4190 denique
2235 4124 2414 4178 verius
2454 4132 2598 4193 quod
2618 4128 2683 4180 ad
2719 4142 2811 4182 eas
2835 4131 3082 4182 monachi
3112 4132 3351 4195 minores
3367 4135 3534 4190 horas

1926 4274 1940 4313 ,
1973 4213 2228 4282 primam,
2276 4216 2514 4280 tertiam,
2556 4228 2787 4283 sextam,
2820 4235 3020 4275 nonam
3053 4232 3104 4276 et
3140 4227 3531 4281 matutinarum

1970 4316 2175 4376 partem
2208 4306 2333 4375 huic
2358 4311 2578 4372 modulo
2610 4314 2861 4380 praeviatn
2883 4314 2993 4386 Ἱῆς
3016 4318 3418 4392 εὐσπλαγχνίας
3437 4324 3533 4394 τὴν

1970 4402 2144 4469 πύλην
2165 4398 2377 4467 ἄνοιξον
2406 4403 2557 4475 ἡμῖν,
2577 4402 2952 4471 Θεοτὸκε,εῑο.
2985 4412 3299 4468 concinam.
3328 4413 3533 4491 Coae]

2569 4512 2800 4569 CAPUT
2833 4515 2921 4570 XI.

1966 4606 2366 4660 Observationes
2418 4615 2468 4661 et
2519 4606 2897 4745 explécap’ones
2942 4610 2996 4663 iu
3052 4626 3098 4664 ε.
3135 4611 3222 4675 lli.
3272 4616 3414 4683 quod
3455 4627 3531 4671 est

2667 4694 2693 4731 e
2758 4690 2953 4731 ouato.

2667 4694 2693 4731 ε
2736 4690 2953 4731 1088010.

2035 4767 2090 4820 P.
2131 4768 2216 4823 85.
2257 4766 2455 4839 ['l‘évta
2486 4768 2676 4838 σκηνὴ.
2711 4769 2899 4837 κύρτῃ.
2932 4769 3187 4835 κατοῦνα,
3224 4775 3529 4829 tentorium.

2031 4860 2168 4935 Ibid.
2200 4858 2618 4932 [Ἑξαπλῶσαι
2654 4862 2726 4911 τὰ
2746 4859 2984 4912 ἑαυτοῦ.
3017 4858 3244 4929 Regium
3276 4862 3530 4918 domesti-

1960 4955 2120 5020 ciqne
2148 4953 2401 5005 vexillum
2442 4951 2495 5004 in
2523 4950 2692 5003 aciem
2728 4951 2977 5004 latum‘et
3004 4967 3032 5005 c
3062 4951 3315 5007 conﬂictu
3343 4956 3408 5009 ad
3440 4973 3528 5009 ca-

1960 5058 2069 5097 Stra
2098 5044 2323 5096 relatum
2353 5059 2412 5105 tt,
2443 5042 2496 5103 7,
2518 5051 2703 5094 narrat
2734 5040 3163 5099 Caritaettzetitts.
3199 5045 3397 5117 Cum]

2032 5135 2090 5188 P.
2124 5135 2213 5189 85.
2250 5132 2429 5202 Inepte
2455 5131 2674 5197 Junius,
2733 5139 2944 5201 quando
3004 5135 3268 5203 fossatum
3322 5151 3527 5208 oportet

1958 5229 2137 5294 pedem
2173 5225 2355 5294 ﬁgere,
2388 5226 2494 5278 imo
2528 5225 2745 5293 quando
2775 5236 2990 5296 oportet
3024 5227 3287 5284 fossatum
3331 5234 3529 5302 migra~

1961 5334 2016 5369 re
2047 5317 2128 5369 vel
2164 5318 2270 5369 alio
2308 5315 2603 5385 preticisci.
2636 5315 2771 5370 Nam
2835 5317 3083 5381 πεζεύειν
3141 5329 3225 5373 est
3290 5323 3376 5375 hic
3430 5328 3528 5377 iur

1960 5408 2155 5477 facere.
2186 5419 2240 5461 ut
2274 5408 2431 5476 paulo
2460 5419 2581 5476 post
2614 5409 2957 5478 apertissime
2989 5422 3234 5481 apparet,
3291 5415 3383 5467 ubi
3444 5417 3528 5470 oli-

1960 5504 2033 5553 t‘tt
2057 5500 2591 5554 (Indiiusneminem
2628 5503 2898 5567 πεζεύειν,
2934 5504 3035 5558 hoc
3089 5515 3173 5559 est
3202 5505 3308 5559 iter
3362 5508 3435 5560 ini
3473 5527 3525 5573 υ,

1963 5592 2276 5661 νιίεικίιιςάιιι
2304 5608 2530 5664 magnus
2561 5593 2893 5650 domesticus
2924 5596 3218 5665 unicuique
3268 5597 3522 5653 ﬂamina.
