3928 6214
324 4679 336 4744 l

365 171 471 231 3E7

366 286 421 337 lo
451 303 610 339 suum
658 288 838 339 locum
870 283 1190 353 ass'guarit.
1237 283 1502 337 Euntdem
1533 300 1774 338 errorem
1798 292 1938 337 errat
1973 316 2017 367 Δ

367 377 564 431 Junius
597 394 741 430 mox.

442 470 578 522 Ibid.
605 472 642 520 K
655 470 1051 532 ατουνοτῦπιον,
1068 478 1269 534 castra,
1289 470 1429 520 locus
1450 469 1808 521 tentoriorum.
1835 468 1945 519 Κα-

368 561 554 614 τοῦναι
591 564 836 616 tentoria.
869 561 1235 614 Κατουνεύειν
1265 574 1441 613 castra
1474 577 1684 628 ponere.
1715 561 1940 612 tentorio

365 652 545 720 ﬁgere,
589 652 670 705 vel
708 655 869 706 etiam
903 652 1160 706 absolute
1245 651 1714 720 στρατοπεδεύειν.
1751 649 1942 703 Junius

368 744 457 797 hic
492 745 543 796 in
570 745 800 798 Arabcm
830 759 1021 798 versus
1067 757 1293 798 cotuuas
1325 761 1387 797 ex
1440 744 1639 796 Arabia
1690 743 1938 806 advocat,

365 846 629 889 consueta
658 836 758 890 sibi
788 836 842 888 in
881 835 964 890 his
1003 837 1189 902 rebus,
1253 836 1358 890 nisi
1415 836 1592 898 fallor,
1655 836 1939 890 felicitate.

365 927 564 980 Unus.

444 1020 583 1073 Ibid.
621 1020 1079 1090 [Κατουνοτόπιον
1116 1022 1260 1090 quod
1304 1020 1579 1090 ἄπληκτον
1615 1031 1668 1074 et
1726 1020 1942 1087 proprie

380 1115 669 1175 φοσσάτον.
714 1113 1028 1181 Ἀπληκτα,
1062 1113 1220 1181 quasi
1258 1114 1358 1179 τῆς
1383 1113 1600 1182 πληγῆς
1654 1111 1781 1175 ἔξω,
1812 1118 1940 1162 sunt

368 1213 545 1255 castra
579 1205 690 1256 sive
724 1215 1020 1256 castrorum
1059 1205 1391 1267 metatiom-s,
1431 1213 1485 1256 et
1510 1205 1652 1271 quod
1713 1202 1937 1270 quidam

365 1295 744 1363 applicatione:
781 1311 799 1348 :
822 1305 1000 1350 castra
1035 1297 1179 1349 enim
1235 1297 1506 1363 applicare
1538 1303 1590 1348 et
1623 1295 1787 1363 ﬁgere
1805 1291 1938 1346 dici-

364 1402 506 1440 mus.
534 1387 673 1451 Quia
713 1402 840 1440 vero
868 1386 1008 1439 vallo
1046 1386 1292 1454 [ossaque
1323 1397 1507 1440 castra
1570 1385 1937 1449 circumdata,

365 1479 492 1532 hinc
520 1495 662 1532 unus
685 1479 798 1531 τῶν
824 1478 1122 1548 ἁπλήκτων
1154 1480 1248 1532 καὶ
1287 1478 1382 1530 τοῦ
1406 1479 1678 1547 φοσσάτου
1715 1493 1934 1534 sensus.

364 1570 554 1624 Castra
618 1570 816 1644 deinde
878 1569 1027 1624 Iussa
1077 1571 1286 1625 munita
1349 1571 1575 1639 σκηνὰς,
1645 1570 1933 1632 κατούνας.

364 1657 557 1721 τέντας
588 1660 823 1713 tentoria
881 1659 1190 1728 excipiunt,
1217 1675 1280 1712 ac
1324 1671 1609 1728 propterea
1670 1676 1936 1714 κιιιτουνο-⁵
1969 1655 2011 1710 Β

364 1754 579 1820 τόπιον,
615 1755 681 1808 ad
709 1755 947 1809 tentoria
978 1755 1228 1825 ponenda
1260 1755 1507 1823 planities
1535 1764 1660 1824 apta
1689 1755 1940 1825 valloque

367 1849 599 1910 munita,
626 1847 766 1902 ident
799 1849 944 1918 quod
977 1848 1232 1917 άπληκτα
1274 1849 1354 1901 vel
1390 1847 1676 1915 φοσσάτον.
1718 1846 1941 1902 Nicetes

368 1938 559 1993 Isaacii
590 1939 801 2009 Angeli,
835 1939 872 1992 ι.
904 1954 920 1992 ι
955 1956 968 1992 :
1001 1939 1184 1992 Μέσον
1205 1937 1301 1992 τοῦ
1361 1939 1587 2010 κάμπου
1635 1941 1809 1993 [mist
1873 1939 1942 1992 τὰ

365 2031 526 2084 αὖτοῦ
561 2031 978 2096 κατουνοτὸπια,
1015 2033 1156 2100 μήτε
1196 2031 1444 2100 φύλακας
1502 2031 1641 2101 ἔχων
1689 2031 1943 2102 ἀκριϐεῖς

368 2121 401 2192 ἧ
433 2122 641 2191 βίγλας,
679 2124 816 2194 μήτε
845 2123 952 2194 μὴν
984 2122 1195 2192 βάλλων
1219 2123 1462 2194 χάρακα.
1487 2123 1628 2178 Infra
1653 2141 1668 2178 :
1691 2125 1785 2177 καὶ
1808 2125 1941 2194 πρὸς

366 2216 467 2282 τὴν
495 2216 588 2269 τοῦ
621 2217 898 2286 Καίσαρος
934 2216 1203 2272 κατοῠναν
1224 2213 1406 2288 ἦλθον.
1431 2216 1666 2272 Inferius
1701 2218 1935 2272 iterum:

382 2306 745 2376 Ἦρπάγησαν
764 2309 914 2376 παρὰ
933 2309 1040 2360 τῶν
1067 2308 1359 2378 βαρϐάρων
1383 2311 1438 2362 al
1465 2309 1719 2362 κατοῦναι
1747 2310 1941 2364 πᾶσαι.

366 2395 520 2454 Unus
539 2399 736 2454 Leonis
753 2401 904 2454 locus
923 2417 986 2453 ex
1008 2401 1094 2456 his
1119 2401 1298 2470 plura,
1323 2402 1433 2455 imo
1450 2401 1560 2456 fere
1579 2412 1797 2463 cuncta,
1812 2415 1910 2454 cun
1937 2428 1942 2433 -

367 2492 532 2545 nectit
554 2489 927 2560 declaratque,
955 2489 1306 2545 Tacticorum
1329 2498 1507 2546 const.
1537 2491 1624 2556 Η,
1651 2507 1664 2544 ι
1699 2494 1816 2544 εΔεί
1848 2487 1941 2543 οὖν

368 2582 438 2634 τὰ
459 2582 711 2653 ἄπληκτο.
732 2584 851 2654 ἤτοι
869 2583 935 2635 τά
954 2585 1195 2652 φοσσάτα
1219 2585 1445 2656 (κυρίως
1471 2587 1580 2655 γάρ
1598 2587 1864 2654 φοσσάτον
1884 2586 1942 2637 τὸ

369 2675 640 2745 ἄπληκτον
665 2675 757 2728 τοῦ
775 2677 897 2730 ὅλου
915 2679 1148 2749 στρατοῦ
1171 2679 1721 2748 καλείται)“άσφαλῶς
1741 2695 1799 2730 σε
1824 2697 1940 2731 πτι-

370 2770 470 2831 εἴν,
491 2772 583 2822 γαὶ
602 2773 647 2822 εἰ
671 2771 766 2839 μὲν
784 2771 1076 2841 ἐνδέχεται,
1095 2774 1173 2836 εἰς
1189 2771 1541 2842 άραιοτέρους
1559 2774 1752 2833 τόπους
1774 2790 1936 2824 κατα-

371 2862 602 2930 σκηνοῦν
637 2864 706 2915 τά
746 2865 1138 2934 στρατιωτικά,
1187 2869 1232 2918 ei
1272 2867 1328 2917 δὲ
1357 2866 1417 2918 οὐ
1448 2867 1820 2930 κατὰπάντα,
1863 2865 1937 2934 μὴ

367 2957 584 3022 ἀμελῶς
640 2958 773 3010 άλλὰ
825 2959 1104 3026 σφιγκτῶς
1165 2959 1256 3010 καὶ
1304 2957 1516 3026 ὀχυρῶς
1579 2957 1936 3027 ἁπληκεύειν.

369 3049 652 3112 Κατοὺνας
707 3067 869 3118 porro
921 3051 1077 3120 quasi
1151 3050 1449 3111 καντούνας
1479 3051 1595 3104 sive
1647 3052 1937 3106 καντούνια

367 3143 509 3208 (qua:
533 3145 760 3211 γωνίας,
793 3145 1034 3212 angulos,
1064 3154 1176 3196 tum
1197 3142 1380 3196 Portio
1405 3152 1517 3197 tum
1554 3144 1763 3213 vulgari
1797 3145 1935 3213 plebi

365 3229 734 3307 sonant)puto
759 3237 956 3301 dictas,
1020 3235 1162 3306 quod
1193 3236 1328 3303 ipsa:
1390 3237 1762 3289 καντουνωταί
1820 3253 1937 3291 cas-

370 3317 559 3400 traque
593 3330 974 3394 καντουνωτά,
1004 3332 1058 3384 in
1091 3329 1350 3398 quadrum
1388 3329 1648 3384 nimirum
1670 3339 1724 3384 et
1769 3346 1938 3400 angu-

369 3423 444 3477 los
473 3424 702 3494 aequales
728 3424 1024 3491 dispositas,
1060 3423 1137 3475 vel
1165 3423 1361 3476 iterum
1433 3421 1577 3491 quod
1605 3423 1814 3492 ubique
1885 3425 1936 3477 in

369 3519 563 3571 castris
587 3534 651 3571 ex
681 3518 1041 3571 tentariorum
1068 3531 1096 3569 a
1131 3531 1188 3570 se
1219 3516 1452 3570 invicem
1489 3516 1809 3571 dissitorum
1852 3534 1941 3570 οι·-

369 3612 495 3666 dine
522 3619 848 3680 apparerent
878 3611 1082 3679 anguli.
1121 3609 1276 3665 Unde
1312 3608 1498 3664 forsan
1537 3609 1749 3664 viarum
1778 3610 1943 3682 349

366 3707 602 3773 compita
639 3702 808 3757 Gallis
838 3712 1079 3766 cantans,
1111 3703 1192 3756 vel
1219 3712 1367 3756 certe
1398 3703 1467 3757 ab
1501 3703 1587 3758 bis
1615 3702 1771 3772 (quot
1795 3705 1938 3757 enim

365 3805 418 3849 ct
442 3806 645 3866 quanta
677 3795 744 3848 ab
771 3795 836 3848 iis
867 3796 1078 3850 ultimis
1105 3795 1317 3865 imperii
1345 3795 1563 3850 saeculis
1589 3796 1785 3849 mutati
1813 3803 1942 3849 sunt

363 3889 562 3956 (ἔνθεοί)
605 3890 822 3944 illorum
853 3888 1115 3942 κατοῦναι
1148 3906 1162 3942 ;
1196 3898 1249 3943 et
1287 3903 1516 3943 rursum
1550 3904 1614 3943 ex
1647 3889 1942 3943 vernaculo

365 3991 678 4044 cautouner,
714 3980 860 4050 quod
895 3989 980 4034 est
1010 3982 1286 4037 insessum
1308 3981 1488 4036 locum
1519 3991 1705 4036 tenere
1726 3989 1780 4035 et
1801 3995 1863 4034 co
1885 3993 1944 4034 sc

370 4085 428 4127 ιιι
460 4075 756 4128 munitinre
787 4076 951 4140 tueri,
1013 4075 1075 4128 τὸ
1126 4076 1617 4130 κατουνοποιεῖνίη
1675 4075 1940 4131 ϐτωςὶίιιῐι

367 4166 680 4220 detulerunt
698 4164 916 4220 Franci.
938 4165 1171 4222 Consule
1193 4167 1426 4221 Leonem
1452 4170 1490 4222 l.
1508 4184 1557 4223 c.
1577 4185 1628 4221 ιι.
1657 4169 1744 4222 l7.

439 4257 499 4311 P.
524 4258 611 4311 84.
648 4259 851 4328 [Τόπον
890 4261 1088 4314 seriem
1123 4268 1178 4314 et
1211 4261 1459 4316 ordinem
1491 4261 1752 4329 intcllige,

1437 163 1512 229 IN
1551 165 1846 230 LIBRUM
1912 166 2010 226 DE
2052 159 2376 226 (EFF'lCllS
2412 167 2514 227 Ci’.

3505 164 3610 228 388

2124 283 2178 334 l‘.
2225 281 2315 334 85.
2361 279 2501 350 [Ίοῦ
2558 278 2875 345 φοσσιίτου
2905 275 3462 348 ἀόνουμιαζομένου.
3498 276 3607 330 Lu-

2047 386 2215 427 strato
2272 375 2622 440 recemitoque
2665 373 2917 425 exercitu.
2948 372 3306 441 Theophanes
3344 372 3396 425 in
3444 369 3610 424 Justi-

2047 470 2216 522 niano
2251 486 2264 521 :
2301 469 2442 530 Τοὺς
2483 467 2827 536 στρατιώτας
2862 471 2889 520 ὁ
2917 467 3194 536 Γερμανὸς
3242 466 3485 535 ἠρίθμει,
3516 464 3614 516 καὶ

2045 559 2155 612 τῶν
2189 559 2536 628 γραμμάτων
2573 559 2640 611 τὰ
2672 557 2874 627 βιϐλία,
2902 561 2961 610 ὲν
2991 553 3072 620 οἷς
3118 558 3228 611 τῶν
3263 557 3612 627 στρατιωτῶν

2043 654 2110 706 τὰ
2174 654 2415 721 ὀνόματα
2468 651 2862 719 ἐνεγέγραπτο,
2913 651 3336 718 ἀναλεξάμενος.
3398 645 3612 702 Nicetas

2044 743 2238 799 lsaacii
2270 744 2459 810 Angcli
2491 745 2526 796 l.
2564 758 2623 797 ιιι
2658 761 2672 797 :
2707 743 2971 810 Συλλογαὶ
3000 742 3093 795 οὖν
3138 742 3233 794 καὶ
3292 741 3614 809 ἁπογραφαὶ

2043 838 2151 889 τῶν
2179 837 2506 906 Ῥωμαϊκῶν
2537 837 2779 904 ἐγίνοντο
2807 836 3252 904 στρατευμάτων,
3270 833 3368 887 οὐκ
3393 835 3614 902 ἀχρεϊλν

2042 927 2098 980 δὲ
2138 928 2230 980 καὶ
2264 929 2323 979 το
2361 928 2753 997 μισθοφορικὸν
2787 928 3100 995 συνελέγετο

2113 1019 2259 1073 Ibid.
2282 1017 2382 1089 ['0
2409 1019 2597 1088 μέγας
2622 1019 2978 1087 δομέστικος
3011 1021 3080 1072 ἐν
3111 1011 3336 1085 ᾧτόπῳ
3374 1022 3401 1072 ὁ
3431 1021 3616 1082 ﬂam-

2041 1111 2208 1175 λεύς.
2242 1107 2378 1164 lliuc
2435 1109 2484 1162 ei
2531 1110 2662 1179 regii
2717 1125 2853 1177 pene
2901 1110 3139 1164 honores
3187 1111 3376 1164 delati.
3409 1109 3611 1164 Ioanni

2043 1204 2272 1259 Asucho
2322 1217 2521 1274 magno
2572 1204 2877 1259 domestico
2914 1204 3017 1258 sub
3061 1203 3272 1258 Joanne
3333 1203 3612 1258 Comneno

2040 1311 2172 1351 casu
2207 1298 2424 1352 obviam
2447 1297 2554 1352 sibi
2587 1297 2730 1351 Iacto
2756 1297 2938 1352 cuncti
2973 1312 3234 1368 proceres
3267 1305 3322 1349 et
3366 1311 3433 1349 ex
3466 1297 3611 1366 regia

2041 1390 2218 1459 stirpe
2239 1390 2653 1446 honoratissimi
2679 1392 2782 1446 viri
2817 1406 2941 1446 eum
2970 1389 3295 1446 deferebant
3317 1391 3526 1444 cultum
3558 1401 3615 1444 ut

2040 1499 2106 1538 ex
2141 1485 2297 1554 equis
2326 1486 2722 1541 descenderent
2760 1497 2814 1540 et
2867 1487 3194 1570 exhiberem
3223 1487 3612 1543 reverentiam.

2039 1575 2292 1632 Nicelas:
2322 1580 2513 1632 Πᾶσαν
2543 1579 2858 1649 ὑπερανάση
2889 1577 3404 1648 παραδυνάστευσιν
3436 1580 3615 1648 μέγας

2039 1672 2293 1742 τιμηθεὶς
2311 1673 2656 1742 δομέστικος,
2691 1675 2768 1737 ὡς
2802 1674 2895 1727 καὶ
2939 1673 3169 1738 πολλοὺς
3201 1674 3312 1728 τῶν
3347 1674 3613 1744 ἐριτίμων

2039 1767 2184 1818 κατὰ
2225 1767 2385 1834 γένος
2429 1765 2706 1836 βασίλειον
2765 1764 3087 1821 ἀποϐαίνειν
3140 1765 3238 1819 τοῦ
3286 1767 3461 1820 ἵππου
3516 1769 3614 1822 καὶ

2038 1856 2216 1927 τούτῳ
2271 1857 2573 1926 ἀπονέμειν
2638 1857 3054 1928 προσκύνησιν,
3115 1851 3256 1913 κατὰ
3310 1858 3614 1928 συγκυρίαν

2041 1949 2497 2016 ὑπαντιάζοντας.
2538 1950 2616 2006 llll
2656 1952 2805 2006 velut
2838 1952 3160 2022 imperatori
3210 1953 3475 2008 satellites
3521 1967 3615 2007 as-

2041 2044 2263 2116 signati.
2297 2041 2560 2098 Mantlelis
2593 2043 2630 2098 Ι.
2685 2059 2697 2098 I
2743 2063 2756 2097 ε
2805 2043 2867 2096 '0
2920 2043 3097 2114 μέγας
3129 2043 3453 2114 δομέστικος
3485 2045 3614 2107 τοὺς

2045 2137 2211 2200 ίδίους
2268 2135 2694 2205 μεταπέμπεται
2751 2135 3112 2206 δορυφόρους,
3141 2135 3236 2199 οὓς
3293 2135 3382 2190 ἐπὶ
3432 2136 3616 2205 καιρῷ

2045 2226 2227 2297 μάχης
2255 2223 2368 2297 εἶχε
2406 2227 2728 2297 χρησίμους·
2754 2227 2934 2297 ἑαυτῷ
2965 2229 3061 2280 καὶ
3095 2227 3350 2290 ὁπλίταις
3385 2229 3614 2295 ἀγαθοῖς

2042 2320 2330 2388 ἐκέχρητο.
2359 2317 2695 2373 Potestatent
2740 2319 3028 2373 domestici
3076 2335 3242 2390 quam
3287 2319 3524 2388 amplam
3561 2331 3616 2372 et

2045 2413 2409 2483 imperatorire
2461 2412 2765 2481 proximam
2806 2413 2920 2481 ipse
2952 2413 3292 2466 domesticus
3343 2411 3616 2466 Cantacu-

2043 2521 2231 2565 zenus.
2263 2505 2300 2560 l.
2341 2520 2374 2558 ιι
2405 2503 2523 2558 I'use
2558 2505 2842 2559 describit.
2870 2504 3068 2577 6053.]

2117 2601 2256 2656 Ibid.
2309 2599 2381 2656 De
2438 2617 2603 2657 cursu
2658 2613 2712 2656 et
2770 2602 2964 2671 Spoliis
3013 2601 3125 2670 jam
3185 2603 3313 2657 alibi
3377 2601 3610 2672 egimus.

2043 2695 2242 2752 Gntars.

2115 2786 2254 2839 Ibid.
2277 2783 2486 2857 [Λόγῳ.
2512 2783 2761 2849 Nomine,
2785 2785 2838 2837 in
2864 2795 3086 2851 partem,
3107 2787 3218 2855 ejus
3239 2786 3460 2849 ratione,
3483 2791 3619 2848 εἰσ..

2045 2881 2333 2949 respondet
2370 2879 2663 2947 plurimum
2715 2879 2943 2948 antiquo
2998 2878 3182 2931 ἕνεκα.
3212 2876 3434 2934 Phrasis
3463 2896 3491 2933 a
3527 2895 3620 2934 re-

2043 2971 2379 3026 centioribus
2408 2970 2719 3040 frequenter
2745 2974 2967 3032 usitata.
3004 2979 3214 3025 mutato
3249 2986 3346 3040 pro
3379 2973 3624 3026 locutio-

2043 3062 2129 3117 nis
2183 3061 2493 3131 corruptela
2550 3080 2594 3131 ῳ
2645 3061 2696 3115 in
2731 3079 2815 3117 ου.
2848 3061 2940 3116 Sic
2969 3061 3055 3114 διὰ
3087 3062 3248 3130 λόγου
3284 3079 3385 3132 μου
3436 3079 3626 3118 amore

2042 3154 2142 3208 mel
2169 3151 2248 3208 vel
2290 3153 2500 3206 nomine
2548 3169 2680 3217 meo,
2728 3153 2818 3206 διὰ
2843 3154 3005 3222 λόγου
3038 3169 3133 3205 σου
3161 3163 3373 3222 propter
3406 3164 3474 3221 te,
3504 3163 3623 3209 etc.

2041 3245 2248 3300 dicunt.
2292 3244 2702 3313 Theophanes:
2738 3244 2916 3312 Λόγου
2966 3245 3067 3314 τῆς
3121 3247 3366 3315 μεγάλης
3412 3247 3626 3317 ἐκκληι-

2043 3341 2166 3401 σίας
2196 3340 2252 3392 in
2286 3354 2491 3409 magna:
2521 3337 2755 3393 ecclesia
2781 3349 3006 3406 partem.
3039 3337 3246 3411 Gon.]

2116 3430 2254 3486 Ibid.
2296 3431 2619 3498 Κεφαλάδες
2682 3440 2736 3486 et
2785 3432 3090 3500 κεφαλὰδαι
3132 3442 3262 3488 sunt
3290 3434 3357 3488 ad
3389 3435 3622 3491 verbum

2043 3525 2215 3578 nostri
2249 3524 2536 3591 capitonei.
2567 3519 2770 3578 Gut-21‘s.

2113 3609 2257 3666 Ibid.
2292 3607 2652 3682 [Κεφαλάδας
2687 3611 2936 3667 hodierni
2966 3623 3158 3668 vocant
3186 3617 3515 3684 capitonem;
3548 3625 3624 3672 de

2043 3717 2149 3772 qua
2201 3717 2335 3756 voce
2384 3703 2546 3758 docte
2600 3704 2870 3775 Rigaltius
2923 3719 2976 3760 ν.
3029 3705 3262 3777 κεφαλή,
3301 3723 3422 3778 quae
3473 3711 3621 3764 idem

2044 3796 2187 3865 quod
2224 3795 2328 3848 alia
2358 3796 2673 3866 corruptior
2698 3797 3036 3864 κεφαλάδας.

2115 3883 2258 3940 Ibid.
2299 3884 2724 3956 Γρογατόρων.
2769 3884 3088 3944 Habuerunt
3137 3890 3332 3957 Grteci,
3380 3909 3622 3962 quorum

2046 3992 2253 4032 morem
2299 3977 2587 4033 imitantur
2616 3977 2832 4046 Turca,
2855 3981 3058 4038 milites
3104 3984 3242 4040 alios
3281 3985 3623 4054 τιμὰρηδας,

2045 4070 2185 4125 alios
2220 4071 2543 4141 ρογάτορας.
2584 4074 2782 4129 Primis
2819 4076 2872 4128 lu
2921 4075 3256 4144 stipendium
3290 4088 3620 4148 perpetuum

2045 4163 2471 4232 assignabantur
2502 4166 2639 4236 agri,
2669 4169 2761 4237 qui
2797 4168 2956 4238 vulgo
2985 4169 3243 4240 τιμάρια,
3277 4169 3426 4224 velut
3459 4171 3622 4225 labo-

2047 4255 2124 4309 ris
2189 4255 2360 4324 τιμάς
2428 4261 2926 4326 compcnsationes.
2974 4259 3408 4327 Cantacuzenus,
3439 4279 3476 4326 I,
3508 4261 3626 4320 33:

439 4347 582 4403 Ibid.
609 4347 753 4419 [Πρὸ
782 4349 887 4403 τοῦ
912 4348 1194 4410 πεζεῦσαι
1229 4353 1295 4405 τὸ
1328 4353 1668 4422 φοσσάτυν.
1699 4352 1812 4410 Hoc
1839 4351 1940 4408 luit
1972 4345 2014 4400 Ι)
2045 4343 2152 4398 Τοῦ
2205 4347 2393 4416 μέντοι
2425 4348 2822 4418 μισθοφορικοῦ
2854 4353 2954 4420 τῆς
2987 4355 3249 4422 στρατιᾶς
3291 4353 3381 4406 τὸν
3429 4354 3628 4423 μισθὸν

369 4439 568 4494 Leonis
599 4441 922 4495 mandatum
970 4445 1026 4497 in
1057 4443 1210 4500 Tact.
1263 4455 1442 4499 const.
1484 4446 1516 4500 9
1559 4461 1617 4500 n.
1652 4446 1716 4501 6|
1748 4457 1802 4502 et
1830 4449 1937 4503 02:

365 4534 456 4602 Μή
499 4550 629 4585 ποτε
686 4533 1108 4604 ἐγκρύπτωνται
1136 4537 1218 4600 είς
1247 4536 1472 4607 ὄλεθρόν
1501 4555 1646 4593 τινα.
1670 4539 1736 4594 Ει
1764 4539 1937 4596 infra:

369 4628 476 4680 Καὶ
504 4629 673 4682 ταῦτα
705 4631 1046 4701 προερευνᾷν
1076 4631 1158 4683 bs!
1187 4631 1276 4684 διά
1303 4648 1362 4686 τε
1391 4631 1568 4701 ψιλῶν
1592 4633 1942 4703 στρατιωτῶν

366 4724 460 4776 καὶ
483 4723 683 4790 ὀλίγων
709 4722 1119 4792 κασαλλειρίων,
1140 4724 1258 4792 ἅμα
1291 4725 1347 4777 δὲ
1379 4727 1474 4779 καὶ
1501 4727 1791 4779 ἀποσοϐεῖν
1814 4728 1941 4789 τοὺς

363 4816 786 4885 κεκρυμμένους
820 4813 1069 4884 ἐχθροὺς,
1101 4812 1203 4868 εἶθ’
1245 4817 1387 4870 οὕτω
1426 4819 1807 4889 παρέρχεσθαι
1843 4820 1941 4889 τὴν

367 4909 692 4976 παράταξιν.
729 4909 924 4980 Com]

442 5002 499 5054 l'.
528 5002 616 5057 84.
655 5003 836 5057 Codex
860 5001 1269 5057 Lautherianus
1301 5015 1352 5058 et
1385 5005 1523 5058 alter
1556 5003 1754 5057 Βοὴ-ηδ
1784 5021 1797 5058 :
1825 5006 1943 5055 Δει-

367 5094 608 5162 πνήσατε
646 5095 739 5147 καὶ
769 5096 1082 5164 τραγήοατε
1115 5096 1182 5149 τά
1224 5096 1416 5163 ἄλογα.
1453 5095 1658 5149 Gntz'rs.

435 5185 577 5241 Ibid.
611 5186 798 5258 [Solos
829 5190 1043 5257 equites
1062 5186 1128 5240 de
1165 5199 1321 5242 nocte
1353 5197 1654 5254 posuerunt
1684 5187 1734 5238 in
1768 5202 1942 5240 excu-

366 5280 471 5332 biis
498 5281 758 5347 postremi
793 5279 988 5334 Graeci.
1025 5279 1133 5334 Leo
1160 5279 1316 5333 Tact.
1352 5287 1532 5333 const.
1567 5296 1619 5333 ιι.
1659 5279 1727 5334 55
1758 5295 1772 5332 :
1817 5280 1942 5332 Ἐπὶ

366 5373 462 5439 τῆς
514 5372 751 5441 πεζικῆς
783 5372 1096 5443 ὁδοιπορίας
1150 5373 1231 5434 εἰς
1270 5374 1368 5440 μὲν
1415 5372 1709 5434 ἐπιπέδους
1741 5373 1942 5433 τόπους

366 5465 485 5514 δέον
532 5482 590 5517 σε
627 5467 720 5518 καὶ
749 5463 974 5516 δπεσθεν
1011 5464 1196 5516 αὐτῶν
1251 5465 1343 5515 καὶ
1391 5464 1706 5533 ἔμπροσθεν
1739 5462 1946 5515 καίὀλ-

368 5554 589 5622 λαρίους
621 5557 888 5626 καθιστᾷν
939 5559 1017 5618 εἰς
1051 5555 1259 5625 βίγλας,
1290 5557 1386 5608 καὶ
1425 5557 1677 5624 ἐξωτέρω
1727 5555 1826 5623 τῆς
1861 5555 1945 5622 βία

367 5648 502 5714 γλας
539 5649 742 5719 μηδένα
774 5651 880 5704 τῶν
915 5648 1096 5711 πεζῶν
1130 5647 1436 5716 φαίνεσθαι.
1473 5646 1672 5718 ϐολῇ]

2043 4439 2288 4509 αὐξήσας
2314 4441 2590 4512 παρέσχον
2623 4445 2716 4496 καὶ
2744 4445 2848 4511 γῆς
2879 4444 3094 4516 ἑκάστῳ
3131 4447 3342 4516 πλέθρα
3371 4448 3627 4516 χρυσίων

2042 4533 2192 4587 δέκα.
2223 4533 2495 4590 Secundis
2551 4537 2711 4606 ρόγαι
2753 4538 2997 4606 pecunia:
3034 4551 3355 4605 numeratae,
3392 4542 3459 4595 de
3496 4543 3627 4610 qui-
3723 4525 3730 4542 ³

2044 4625 2145 4679 bus
2180 4626 2332 4680 alibi.
2369 4627 2547 4696 Rogas
2575 4624 2740 4699 350
2772 4631 2942 4684 semel
2993 4631 3044 4683 in
3089 4647 3254 4697 anno,
3303 4648 3430 4687 vere
3461 4633 3629 4686 nlmi-

2049 4733 2189 4782 rum,
2219 4719 2273 4771 in
2308 4734 2566 4786 proceres
2596 4732 2648 4774 et
2686 4721 2737 4775 in
2789 4723 2990 4777 milites
3021 4724 3226 4778 divisas
3259 4726 3453 4778 scribit
3502 4725 3630 4778 Baio

2044 4825 2236 4862 samon
2264 4809 2522 4864 Meditata
2550 4812 2616 4867 de
2649 4813 3035 4875 incensis.etc.
3057 4815 3337 4871 Concinne
3363 4818 3630 4872 describit

2046 4902 2418 4970 Luitprandus
2448 4903 2500 4956 in
2541 4904 2856 4972 Legatione,
2881 4915 2934 4959 et
2963 4908 3034 4960 ab
3065 4909 3289 4976 antiquo
3322 4909 3394 4962 ita
3427 4907 3588 4962 distri
3615 4940 3629 4948 -

2045 4992 2204 5047 bulas
2235 4993 2528 5048 confirmat
2549 4994 2871 5060 Simocalta,
2902 5013 2984 5061 ιιι,
3015 4998 3049 5051 4
3084 5016 3097 5052 :
3138 5000 3550 5070 Ἑπιγινομένου
3580 5000 3630 5053 δ’

2043 5080 2176 5154 ἦρος
2229 5086 2325 5137 καὶ
2372 5089 2621 5158 προσηνῆ
2653 5089 2747 5140 καὶ
2781 5091 3043 5159 ἐπίχαριν
3073 5090 3196 5160 ὄψιν
3231 5093 3631 5162 παρεχομένου

2043 5184 2110 5252 τῇ
2145 5184 2237 5252 γῇ,
2271 5183 2303 5252 ὴ
2342 5182 2485 5236 κατὰ
2533 5184 2592 5234 τὸ
2631 5184 2826 5247 εἰωθὸς
2865 5184 2960 5237 τοῦ
3005 5184 3210 5256 χρυσοῦ
3255 5184 3489 5255 διανομὴ
3541 5187 3628 5255 τῷ

2049 5274 2276 5343 μαχίμῳ
2301 5275 2408 5328 ὑπὸ
2436 5275 2528 5327 τοῦ
2575 5276 2987 5346 αὐτοκράτορος
3033 5277 3401 5345 ἐξεπέμπετο.
3436 5275 3634 5332 Hieme

2049 5379 2228 5423 tamen
2258 5369 2526 5438 stipendia
2557 5371 2764 5424 eisdem
2791 5371 2970 5426 soluta
3019 5381 3206 5426 monet
3236 5373 3377 5426 idem
3408 5382 3631 5434 auctor,

2047 5461 2082 5513 Ι.
2115 5477 2151 5513 ιι
2187 5481 2199 5514 :
2238 5465 2518 5532 Χειμῶνος
2550 5465 2656 5532 γάρ
2703 5465 2803 5533 ἤδη
2838 5483 2938 5538 που
2981 5465 3231 5536 ἑνεδήμει
3273 5466 3489 5533 καιρὸς,
3527 5466 3635 5517 καὶ

2046 5554 2079 5621 ἡ
2114 5553 2404 5618 ὲγκύκλιος
2433 5557 2541 5608 τῶν
2575 5558 2877 5628 χρημάτων
2911 5557 3154 5622 ἐπίδοσις
3202 5557 3278 5626 τῷ
3321 5558 3635 5626 Ῥωμαῖκῷ

2046 5645 2222 5712 ἐχεῖτο
2252 5648 2618 5717 συντάγματι.
2647 5647 2845 5719 Comm]
