3928 6214
365 193 479 257 3ὶκ9

1429 192 1815 253 GRETSERI
1868 191 1960 249 ET
2010 188 2244 249 GOARI
2297 189 2532 248 NOT'E-

3514 193 3620 254 390

441 306 499 358 Ρ.
532 303 623 359 85.
647 302 862 368 Junius,
884 301 983 357 hic
1015 311 1074 356 ut
1109 260 1239 358 alibi
1268 316 1506 373 semper,
1536 306 1759 373 ἅρματα
1794 310 1947 372 putat
1974 307 2019 363 Α
2050 300 2252 370 primos
2319 301 2593 370 principes
2664 300 3009 357 Christianos
3085 303 3137 358 in
3207 302 3438 359 ecclesia
3509 321 3616 358 nun

366 410 494 450 esse
546 410 755 455 currus,
794 408 916 447 cum
972 393 1083 447 sint
1141 410 1291 447 arma
1338 408 1369 448 a
1426 393 1623 448 Latino
1672 392 1941 449 vocabulo

367 488 680 556 desumpta.

442 577 587 632 Ibid.
617 576 685 631 Τί
714 576 999 646 γενέσθαι.
1026 576 1253 632 Videtur
1282 577 1590 633 addendum
1614 578 1715 633 δεῖ.
1739 576 1942 633 Gens.

965 690 1198 748 CAPUT
1243 692 1355 748 ΧΗ.

372 785 777 842 Observationes
813 797 864 840 et
893 786 1270 868 applicatione:
1303 787 1447 868 in}.
1492 786 1581 854 Π,
1611 789 1675 841 de
1727 803 1947 841 corona-

872 892 885 900 κ
899 866 1035 911 tione
1074 866 1431 923 imperatoris.

444 950 506 1003 P.
533 947 622 1002 86.
648 948 811 1019 [Περὶ
845 950 1258 1017 στεφηφορίας
1281 949 1609 1014 βασιλέως.
1654 950 1948 1019 Imperato-

378 1055 469 1096 res
522 1040 846 1101 renuntiati.
877 1041 971 1110 qui
1014 1042 1097 1095 vel
1143 1042 1492 1096 subditorum
1547 1042 1816 1096 electione
1863 1045 1947 1098 vel

374 1134 667 1193 sanguinis
705 1132 833 1202 jure
866 1133 949 1184 vel
989 1131 1038 1184 vi
1073 1132 1359 1201 tyrannide
1391 1144 1603 1203 arrepta
1654 1135 1720 1187 ad
1762 1150 1950 1205 regen-

374 1225 509 1278 dum
576 1224 870 1294 imperium
943 1224 1179 1293 promoti
1234 1240 1249 1277 :
1293 1226 1543 1279 coronati
1598 1226 1816 1291 deinde,
1855 1227 1947 1294 qui

377 1317 693 1386 insignibus
723 1316 959 1384 imperii.
982 1331 1212 1380 corona,
1241 1327 1480 1384 sceptro.
1512 1317 1821 1387 chlamyde.
1857 1334 1949 1372 or-

378 1412 494 1465 nati
525 1420 583 1466 et
636 1411 894 1465 unctione
924 1410 1178 1466 delibuti.
1214 1408 1288 1465 De
1333 1411 1613 1466 tradendis
1644 1412 1952 1475 insignibus

382 1503 559 1565 hisce,
596 1501 759 1557 tacita
808 1502 1053 1567 qualibet
1103 1502 1209 1556 alia
1271 1502 1640 1572 promotione,
1674 1512 1820 1558 totus
1871 1514 1957 1559 est

377 1607 621 1659 praesens
653 1600 832 1661 typus.

2047 391 2358 463 suscepisse
2403 394 2544 460 apud
2584 407 2668 446 me
2698 402 2780 447 est
2806 394 3117 449 indubium.
3152 398 3217 450 At
3270 400 3521 467 quamvis
3551 402 3618 451 ιιες

2048 482 2345 546 Marciano.
2377 483 2469 552 qui
2501 484 2737 537 Anatolii
2793 486 3118 552 patriarcha:
3172 502 3275 556 ope
3308 490 3621 544 declaratus

2047 582 2131 627 est
2164 571 2459 642 imperator
2510 587 2540 626 a
2588 572 2898 633 Pulcheria.
2932 575 3191 628 nonnulla
3234 576 3305 630 sit
3353 577 3618 646 suspicio,

2049 681 2210 737 quem
2257 664 2621 736 Theophanes
2674 665 2796 735 θείᾳ
2848 666 3015 737 ψήφῳ
3060 670 3441 738 αὐτοκράτορα
3490 672 3621 723 ἁναο

2049 756 2327 827 δειχθέντα
2361 758 2573 820 scribit,
2611 772 2679 810 en
2706 816 2709 817 ν
2732 767 2911 812 tamen
2948 769 3004 812 ut
3045 758 3151 815 Leo
3174 760 3358 828 jnnior
3385 762 3621 817 senioris

2052 864 2219 919 nepos
2266 860 2473 919 putrem
2520 850 2794 905 Zenonem
2852 854 3070 921 propria
3122 869 3284 907 manu
3312 855 3622 910 diademate

2051 950 2231 1008 ornat,
2268 943 2431 1012 ἐντῷ
2467 942 2772 1012 καθίσματι
2799 943 2897 996 τοῦ
2933 944 3340 1013 Ἱπποδρομίου,
3371 949 3443 1001 ait
3478 948 3620 1000 idem

2052 1031 2440 1102 Theophanes.
2484 1034 2808 1090 Anastasius
2857 1035 3058 1089 ibidem
3100 1046 3419 1092 coronatus.
3455 1038 3625 1091 Justi—

2054 1139 2159 1177 nus
2217 1124 2270 1178 in
2340 1125 2574 1192 palatio,
2628 1124 2977 1179 Justinianus
3046 1124 3273 1178 ilidem.
3333 1123 3625 1179 Mauricius

2054 1229 2274 1284 quoque
2304 1225 2567 1283 prtesente
2584 1217 2801 1283 quidem
2835 1219 3143 1285 patriarcha
3187 1227 3490 1287 senatuque
3524 1218 3627 1270 im-

2062 1312 2281 1371 perator
2312 1303 2579 1359 salutatus
2606 1313 2708 1368 est.
2736 1321 2924 1359 verum
2962 1309 3012 1367 in
3043 1307 3227 1377 palatii
3257 1309 3537 1371 tribunali,
3561 1311 3626 1360 ad

2057 1395 2261 1451 Tiberii
2311 1396 2536 1465 iamiam
2580 1397 2823 1451 morituri
2871 1398 3097 1462 lectum,
3132 1400 3184 1453 in
3235 1416 3396 1469 quem
3446 1402 3624 1455 locum

2062 1490 2178 1558 ipse
2229 1489 2471 1559 φοράδην
2529 1484 2858 1560 ἐξεκομίσθη
2890 1490 3087 1544 scribit
3131 1490 3458 1551 Simocatta.
3490 1508 3528 1553 ι.
3574 1495 3622 1546 i.

2060 1579 2443 1649 CoprOnymus
2476 1579 2711 1647 denique
2734 1580 2788 1633 in
2830 1583 3207 1637 novcmderim
3244 1585 3625 1639 accubiturnnt

453 1658 820 1755 Ibid.
890 1683 1008 1750 τὴν
1072 1683 1188 1751 πρὸ
1244 1682 1357 1752 τῆς
1420 1685 1647 1753 ἡμέρας
1713 1685 1953 1750 ἐκείνης

2063 1671 2317 1725 tribunali
2348 1671 2493 1739 regia
2530 1685 2733 1724 CJrona
2775 1670 2875 1725 fuit
2925 1673 3076 1726 redin
3104 1675 3231 1736 itus,
3258 1684 3316 1728 ut
3348 1692 3411 1730 rx
3444 1677 3624 1730 Theo.

374 1771 668 1840 ἑσπέραν.
707 1770 920 1841 Imperii
955 1784 1328 1837 successores,
1360 1772 1446 1828 vel
1479 1773 1547 1827 ad
1580 1773 1710 1827 illud
1763 1775 1947 1843 populi

375 1864 686 1919 militumve
712 1864 981 1919 electione
1005 1864 1365 1922 obtinendum
1400 1876 1655 1933 vocatos,
1687 1869 1949 1939 palatium

377 1970 479 2009 reu
504 1952 779 2023 propriam
805 1955 991 2010 sedem
1024 1955 1311 2025 possidere
1347 1967 1556 2012 certum
1593 1975 1609 2013 :
1642 1959 1847 2014 ascitos
1882 1960 1947 2011 ad

380 2049 673 2118 imperium
701 2062 731 2102 a
760 2047 1006 2118 principe
1036 2049 1253 2105 seniore
1313 2048 1447 2105 illud
1492 2052 1679 2108 statim
1711 2053 1954 2108 incolere

377 2142 595 2196 datum.
636 2136 873 2209 Vespere
904 2139 1073 2209 igitur
1102 2144 1445 2197 coronationi
1479 2144 1681 2214 praevio
1718 2146 1784 2199 ad
1817 2147 1951 2200 illud

376 2246 439 2287 se
467 2228 783 2291 conferunt.
816 2238 874 2284 ut
923 2228 1143 2293 comite,
1185 2229 1297 2286 itno
1336 2229 1475 2287 duce
1515 2235 1732 2288 seniore
1758 2235 1825 2288 ad
1858 2252 1953 2290 ec-

376 2322 604 2378 clesiam
660 2331 875 2392 postera
950 2320 1074 2375 luce
1126 2332 1377 2393 pergant.
1434 2324 1570 2379 Vide
1632 2324 1951 2381 Michaelem

378 2411 671 2483 Theophili
701 2410 762 2466 F.
784 2411 927 2482 apud
957 2410 1191 2467 Leonem
1220 2411 1649 2470 Grammaticum
1672 2416 1952 2486 quidpiam

375 2504 698 2573 huiusmodi
724 2504 839 2574 jam
866 2519 968 2559 suo
998 2513 1243 2573 tempore
1268 2508 1654 2563 observantem
1690 2527 1704 2563 :
1742 2509 1872 2579 Ὀψὲ
1896 2510 1953 2563 δὲ

382 2595 669 2649 Σαδδάτου
715 2597 814 2664 τῆς
876 2598 1265 2668 Πεντηκοστῆς
1335 2601 1575 2671 ἐμήνυσε
1627 2603 1819 2676 Φωτίῳ
1876 2605 1955 2675 τῷ

380 2690 702 2761 πατριάρχῃ
756 2691 785 2742 ό
841 2690 1098 2760 βασιλεὺς
1149 2691 1241 2744 διὰ
1300 2692 1615 2748 Ῥανδακίου
1671 2697 1955 2767 πρωτοϐε-

376 2782 629 2851 στιαρέου
678 2780 779 2850 τὴν
818 2782 1187 2852 ἀναγόρευσιν
1242 2782 1345 2853 τῆς
1396 2784 1680 2854 βασιλείας
1725 2789 1953 2858 ποιῆσαι

381 2870 694 2925 Βασιλείου.
726 2871 837 2922 Καὶ
860 2874 923 2941 τῇ
960 2872 1224 2941 ἐπαύριον
1254 2873 1477 2943 ἐξῆλθον
1518 2874 1614 2929 δύο
1647 2876 1851 2932 σελλία.
1887 2881 1952 2931 Οί

375 2961 438 3015 δὲ
473 2960 592 3014 λαοὶ
625 2962 1009 3035 ἐταράχθησαν
1061 2964 1175 3026 πῶς
1217 2966 1337 3029 ἑνὸς
1374 2964 1643 3034 βασιλέως
1679 2967 1832 3032 ὄντος
1860 2969 1953 3022 δύο

383 3053 570 3109 σελλία
600 3054 845 3124 ἐξῆλθον.
874 3055 1113 3113 Observa
1150 3073 1342 3113 rursus
1377 3059 1446 3113 ab
1498 3059 1873 3117 adulatoribus
1900 3072 1955 3117 et

383 3147 764 3217 perduellibus
797 3157 1111 3217 promotum
1145 3149 1211 3203 ad
1245 3149 1547 3205 invadenda
1593 3164 1808 3221 sceptra
1841 3156 1955 3223 pri-

384 3254 537 3292 mum
568 3240 730 3308 hujus
770 3238 1008 3293 nominis
1040 3240 1412 3296 Andronicum
1458 3243 1636 3312 primo
1661 3243 1750 3314 pie
1799 3255 1954 3312 pote-

382 3333 549 3385 statis
579 3329 891 3401 insignihus
926 3331 1285 3387 tumultuario
1302 3334 1536 3404 arreptis
1564 3335 1773 3400 ornari,
1799 3337 1878 3405 Τῇ
1911 3337 1955 3389 δ’

384 3422 652 3491 ὑστεραία
682 3422 775 3476 ἐπὶ
810 3422 909 3491 τῆς
951 3424 1193 3493 μεγάλης
1226 3424 1579 3496 Ἐκκλησίας,
1612 3441 1676 3481 ac
1698 3427 1955 3492 inferius,

385 3514 469 3568 Τά
500 3515 622 3585 ίερά
647 3515 948 3583 ἑσαφίκετο
988 3514 1238 3587 μέλαθρα
1272 3517 1739 3589 στεφθησὸμενος,
1768 3533 1831 3573 ac
1864 3535 1958 3588 po-

388 3616 598 3662 stremo
626 3608 693 3662 ad
721 3608 893 3678 ipsam
929 3607 1173 3679 Magnam
1217 3609 1514 3666 Eeclesiam
1548 3613 1663 3666 sive
1698 3613 1765 3666 ad
1801 3627 1958 3667 saera

390 3700 690 3768 penetralia
722 3701 1099 3767 coronandum
1150 3705 1392 3768 tendere,
1431 3704 1594 3759 ritum
1643 3706 1757 3776 jam
1808 3721 1959 3762 rece-

389 3800 545 3859 ptum
579 3792 653 3845 ita
684 3790 953 3848 referente
980 3791 1169 3848 Niceta
1212 3796 1263 3848 in
1300 3795 1488 3851 Alexio
1529 3794 1591 3850 ll.

464 3881 606 3938 Ibid.
642 3883 1177 3955 [Συναθροίζονται.
1239 3884 1355 3942 Non
1407 3888 1681 3945 curiosius
1725 3890 1964 3945 circum-

388 3976 705 4042 spieicndae,
758 3978 889 4045 quin
947 3978 1129 4049 potius
1180 3981 1552 4038 coronationis
1600 3983 1963 4051 approbandae

392 4066 504 4119 fine
532 4082 596 4119 ex
638 4067 854 4123 cunctis
894 4069 1183 4124 ordinibus
1241 4071 1497 4141 praecipui
1549 4073 1715 4127 simul
1762 4088 1963 4128 conve-

389 4158 574 4213 niunt.
604 4158 859 4216 Tiberius
908 4162 1053 4232 apud
1111 4162 1466 4218 Simocattam
1515 4164 1834 4220 Mauricium
1866 4165 1966 4220 de-

389 4249 742 4305 nuntiaturus
802 4253 1187 4321 imperatorem
1245 4270 1259 4307 :
1320 4254 1425 4308 Τὸν
1476 4255 1576 4325 τῆς
1637 4255 1965 4327 ίεραρχικῆς

2059 1762 2236 1831 phane
2268 1758 2497 1815 inferius
2531 1761 2853 1817 referemus.
2895 1762 3107 1818 Phocas
3135 1766 3379 1820 omnium
3418 1768 3627 1834 primus

2061 1853 2448 1925 περιόάλλεται
2505 1854 2598 1907 τδν
2660 1853 2933 1924 βασίλειον
2984 1855 3249 1922 στέφανον
3301 1858 3358 1910 ἐν
3404 1856 3481 1927 τῷ
3521 1858 3630 1928 νεῲ

2058 1946 2155 2000 τοῦ
2187 1948 2470 2018 προφήτου
2502 1949 2601 2023 καὶ
2636 1946 2947 2002 Βαπτιστοῦ
2992 1949 3263 2010 Ἰωάννου,
3294 1965 3406 2020 quo
3443 1949 3624 2006 forsan

2061 2039 2402 2110 tyrannidem
2448 2038 2649 2109 pietate
2678 2039 2951 2093 coloraret
2980 2048 3034 2093 et
3065 2040 3186 2094 loco
3216 2054 3375 2094 sacro
3400 2041 3625 2095 sacrile-

2059 2133 2206 2200 gium
2242 2140 2464 2199 tegeret.
2495 2130 2784 2186 lleraclius
2811 2130 3007 2186 deinde
3032 2133 3091 2185 ἐν
3120 2131 3198 2202 τῷ
3227 2131 3503 2202 εὐκτηρίῳ
3531 2133 3626 2186 τοῦ

2059 2228 2217 2296 ἁγίου
2243 2224 2519 2295 Στεφάνου
2555 2227 2612 2279 ὲν
2644 2225 2723 2297 τῷ
2757 2225 3003 2281 παλατίω
3034 2224 3365 2296 ιστέφϐη,ἰιι
3396 2226 3627 2281 eetlcsia

2059 2320 2278 2388 reliqui.
2320 2317 2535 2390 Gesn}

2132 2410 2276 2465 Ibid.
2326 2409 2454 2464 Nota
2491 2408 2891 2479 professionem
2947 2408 3094 2473 ﬁdei,
3136 2418 3191 2462 et
3224 2410 3624 2479 juramentum,

2059 2517 2172 2572 quo
2203 2518 2260 2557 se
2287 2501 2566 2569 obligahat
2599 2511 2704 2554 tam
2744 2500 3038 2569 imperator
3065 2515 3230 2569 quam
3273 2499 3490 2556 futurus
3524 2502 3627 2555 im-

2060 2604 2305 2664 perator.
2326 2594 2529 2649 Gens.

2129 2684 2267 2741 Ibid.
2298 2683 2669 2757 [Fidei,quam
2704 2692 2888 2739 mente
2917 2692 3143 2743 teneret.
3167 2682 3443 2751 publicum
3477 2684 3629 2736 testi-

2060 2779 2307 2833 monium
2370 2775 2424 2829 in
2457 2776 2713 2831 Ecclesiae
2746 2784 3018 2829 conventu
3056 2775 3267 2842 primus
3287 2775 3427 2828 inter
3458 2774 3630 2843 impec

2060 2879 2273 2923 ratores
2334 2868 2483 2921 dedit
2553 2868 2903 2921 Anastasius.
2960 2865 3257 2921 llistoriam
3312 2865 3480 2920 refert
3529 2866 3632 2921 huc

2059 2972 2217 3033 pacto
2258 2961 2620 3030 Theophanes
2651 2977 2665 3014 :
2696 2960 3031 3023 Βασιλεύσας
3083 2963 3111 3013 ὁ
3147 2959 3496 3023 ’Λναστάσιος
3544 2961 3630 3026 ἔγ-

2059 3071 2269 3124 γραφον
2316 3052 2573 3123 ἀπῃτήθη
2627 3051 2923 3121 ὁμοὶογίαν
2986 3052 3123 3121 πρὸς
3179 3051 3463 3121 Εὐφημίου
3524 3068 3631 3105 πα·

2056 3148 2341 3218 τριάρχου,
2371 3147 2509 3216 πρὸς
2543 3146 2602 3199 τὸ
2642 3146 2719 3216 μὴ
2755 3145 3016 3198 σαλεῦσαί
3076 3163 3127 3199 τι
3162 3146 3261 3215 τῆς
3304 3146 3632 3216 Ἐκκλησίας

2056 3242 2151 3294 καὶ
2198 3240 2459 3303 πίστεως.
2510 3240 2852 3309 Βιαζομένιης
2902 3239 2957 3292 δὲ
3002 3240 3165 3293 αὐτὸν
3217 3241 3317 3309 τῆς
3362 3240 3631 3310 βασιλίδος

2066 3334 2356 3404 Ἀριάδνης
2384 3313 2480 3386 καὶ
2503 3333 2602 3401 τῆς
2632 3333 2963 3401 συγκλήτου,
2990 3331 3182 3387 ἔλαᾶσν
3209 3333 3375 3388 αὑτοῦ
3407 3335 3470 3388 τὸ
3505 3336 3633 3388 ἱδιό·

2059 3444 2264 3497 χειρον,
2294 3427 2368 3489 ὡς
2401 3426 2722 3495 ἀποδέχεται
2749 3426 2827 3488 είς
2864 3426 2991 3496 ὅρον
3022 3426 3259 3489 πίστεως
3288 3427 3356 3481 τὰ
3385 3427 3631 3496 δόγματα

2059 3521 2161 3589 τῆς
2192 3523 2246 3573 ἐν
2287 3519 2591 3589 Χαλκηδόνι
2621 3518 2863 3573 συνόδου.
2897 3519 3005 3573 Καὶ
3052 3517 3197 3572 οὕτω
3239 3519 3493 3586 στεφθεὶς
3538 3520 3632 3572 ὑπ’

2060 3611 2225 3667 αὐτοῦ
2275 3611 2559 3683 Ἀριάδνην
2587 3611 2779 3679 ἄγεται
2815 3613 2893 3671 εἰς
2929 3611 3127 3680 γάμον.
3162 3610 3433 3682 Scriptam
3468 3625 3634 3680 spon-

2062 3706 2270 3760 sionem
2305 3704 2449 3759 illam
2487 3718 2651 3772 penes
2681 3719 2740 3758 se
2771 3704 3115 3757 custodiebat
3143 3701 3455 3777 patriarcha
3492 3718 3507 3756 :
3541 3702 3632 3773 Τῷ

2061 3796 2172 3865 γὰρ
2203 3796 2446 3867 δευτέρῳ
2491 3795 2605 3849 ἔτει
2649 3795 2840 3858 αὑτοῦ,
2870 3796 2947 3849 ait
2982 3795 3282 3861 Cedrenus,
3323 3796 3464 3864 pm
3507 3795 3633 3864 βίας

2061 3889 2161 3959 τὴν
2210 3885 2503 3959 ὁμολογίαν
2533 3885 2701 3940 αὐτοῦ
2732 3888 2883 3954 παρά
2916 3884 3194 3954 Εὑθυμίου
3219 3883 3401 3938 ἔλασε.
3437 3883 3630 3939 Parent

2064 3981 2190 4037 fidei
2212 3979 2605 4051 professionem
2627 3976 2816 4032 emisit
2842 3976 3069 4044 Phocas,
3085 3975 3274 4032 eodem
3296 3974 3633 4046 Theophane

2063 4081 2201 4128 teste
2251 4089 2268 4126 :
2318 4071 2545 4124 Πάντων
2580 4070 2639 4122 ἑν
2691 4068 2769 4137 τῷ
2812 4067 3057 4137 Ἐδδόμῳ
3102 4066 3248 4137 (loco
3289 4068 3373 4123 ΟΡ
3423 4076 3629 4138 septem

2066 4164 2337 4237 lapidibus
2367 4161 2588 4231 dissita)
2612 4158 2965 4230 ἀφικομένων
2997 4158 3279 4228 Κυριακδς
3304 4161 3332 4213 ὁ
3363 4148 3635 4230 πατριάρο

2066 4275 2168 4329 χης
2219 4254 2469 4328 ἀπῄτησα
2517 4254 2612 4308 τὸν
2675 4255 2947 4323 τύραννον
2996 4250 3293 4321 ὁμολογίαν
3347 4251 3478 4321 περὶ
3531 4253 3634 4318 τῆς

386 4341 720 4408 προεστῶτα
768 4343 1041 4413 καθέδρας
1090 4344 1583 4415 συγκαλεσάμινος,
1618 4348 1710 4401 τόν
1752 4365 1813 4400 τε
1852 4348 1964 4401 τῶν
1997 4354 2041 4410 D
2069 4349 2351 4422 ὁρθοδόξου
2384 4350 2621 4411 πίστεως
2669 4347 2766 4399 καὶ
2800 4345 2894 4399 τοῦ
2942 4344 3222 4414 ἀτάραχον
3270 4344 3504 4413 φυλάξαι
3534 4348 3635 4413 τὴν

391 4431 563 4499 ἱερῶν
612 4433 940 4503 ἀξιωμάτων
984 4434 1486 4507 συναθροισάμενος
1519 4437 1802 4507 σύλλογον,
1835 4439 1963 4504 τούς

388 4542 451 4577 τε
489 4525 825 4595 δορυφόρους
859 4528 955 4582 καὶ
984 4528 1232 4596 φύλακας
1262 4529 1358 4582 καὶ
1388 4530 1598 4592 πάντας
1620 4531 1748 4595 τοὺς
1778 4533 1834 4595 ἐς
1864 4533 1965 4604 βα-

392 4616 593 4678 σιλέως
642 4616 809 4687 τιμὴν
866 4620 1355 4689 συντεταγμένους,
1392 4622 1482 4675 ναὶ
1532 4620 1640 4693 μὴν
1690 4625 1789 4677 καὶ
1836 4625 1964 4687 τοὺς

392 4708 837 4776 ὲπισημοτέρους
866 4709 961 4761 τοῦ
993 4708 1192 4780 δήμου.
1229 4708 1471 4766 Joannes
1512 4713 1676 4767 etiam
1727 4714 1965 4769 nominis

389 4799 560 4851 istius
590 4799 864 4854 secundus
893 4801 1034 4869 apud
1060 4799 1306 4856 Nicetam
1349 4801 1705 4872 ἑκκλησιάζει
1742 4804 1803 4857 τὸ
1832 4823 1966 4874 συγ-

396 4889 559 4956 γενὲς
590 4890 685 4941 καὶ
732 4890 909 4957 φίλιον
957 4892 1048 4945 καὶ
1076 4890 1274 4945 ὁπόσον
1309 4894 1366 4945 ἐν
1410 4890 1711 4964 ὑπεροχαῖς
1754 4913 1814 4948 τε
1872 4899 1966 4951 καὶ

390 4980 711 5051 ἀξιώμασιν
734 4979 825 5053 ἦν,
861 4993 920 5037 ιιι
951 4983 1061 5038 ﬁlio
1084 4982 1322 5039 Manueli
1353 4996 1480 5040 natu
1511 4970 1729 5051 minori,
1765 4991 1965 5060 reiecto

352 5064 357 5071 ’
390 5078 603 5146 priore,
634 5080 938 5134 moriturus
973 5080 1262 5147 imperium
1294 5080 1587 5150 relinquat.
1622 5079 1823 5152 Cum]

470 5169 614 5225 Ibid.
652 5172 971 5240 Ἀξιώματα
999 5172 1141 5242 ἔχειν
1172 5172 1257 5227 vel
1296 5174 1354 5226 ἐν
1391 5172 1664 5243 ἀξιώματι
1699 5169 1841 5226 εἶναι
1882 5178 1963 5230 vel

390 5275 525 5314 esse
562 5262 938 5330 ἀξιωματικόν
970 5263 1101 5319 solis
1131 5265 1371 5320 desueta:
1400 5262 1600 5318 Caesari
1634 5274 1686 5317 et
1716 5266 1963 5319 sebasm-

390 5351 596 5404 oratori
631 5355 902 5421 competit.

464 5439 624 5510 351
670 5441 811 5495 Ibid.
850 5444 921 5496 Τὸ
969 5444 1239 5511 φοσσάτον
1287 5460 1397 5500 non
1461 5461 1560 5513 pro
1610 5449 1825 5510 castris,
1870 5449 1959 5502 sed

386 5546 498 5603 pro
528 5532 656 5601 ipsis
688 5536 938 5589 militibus
972 5538 1257 5607 accipitur.
1296 5538 1499 5593 Gnsrs.

470 5623 613 5691 Ibid.
656 5626 781 5700 [Εἰς
811 5629 923 5698 τὴν
951 5632 1127 5700 ἁγίαν
1156 5635 1402 5701 Σοφίαν.
1435 5632 1650 5705 Imperii
1698 5649 1956 5689 coronam

2077 4440 2430 4511 Ἐκκλησίαν.
2463 4437 2711 4494 Tertium
2762 4436 3077 4492 exhibuisse
3110 4433 3343 4489 Leonem
3387 4434 3633 4490 lsaurum

2067 4532 2278 4603 reperio
2307 4531 2451 4602 apud
2482 4529 2805 4600 scriptorem
2843 4527 3119 4582 eumdem.
3152 4525 3305 4577 Λέων
3338 4524 3429 4578 οὖν
3453 4527 3635 4593 εἰσῆλ-

2067 4624 2157 4679 θεν
2189 4627 2267 4689 είς
2298 4626 2360 4678 τὸ
2410 4621 2695 4684 παλάτιον,
2732 4620 2828 4673 καὶ
2859 4617 3193 4690 παραλαϐὼν
3240 4616 3443 4679 πάντα,
3478 4620 3635 4686 ποιή-

2067 4734 2163 4776 σας
2216 4716 2561 4786 προέλιυσιν,
2621 4712 2873 4782 είσῆλϐεν
2927 4712 2986 4762 ὲν
3042 4712 3107 4779 τῇ
3173 4708 3473 4779 ἐκκλησίᾳ,
3540 4711 3633 4763 καὶ

2065 4808 2302 4860 das/.06»:
2353 4808 2433 4869 είς
2480 4807 2569 4860 τὸν
2628 4806 2858 4874 ἄμϐωνα
2906 4800 3143 4870 ἐστέφθη
3174 4799 3279 4852 ὑπὸ
3310 4800 3630 4869 Νικηφόρον

2065 4902 2158 4953 τοῦ
2189 4900 2486 4970 τηνικαῦτα
2521 4897 2859 4967 πατριάρχου
2892 4894 3069 4959 ὁντος,
3097 4893 3367 4962 πρότερον
3400 4894 3632 4961 ποιήσας

2069 4995 2353 5063 ίδιόχειρον
2411 4991 2550 5059 μετά
2591 4989 2700 5042 τῶν
2737 4990 2834 5041 σὺν
2868 4985 3017 5053 αὐτῷ
3060 4985 3332 5054 μηδέποτε
3366 4985 3508 5037 κατὰ
3537 4986 3632 5052 τῆς

2078 5085 2405 5157 Ἐκκλησίας
2441 5080 2758 5152 γενέσθαιῆ
2811 5078 3069 5132 σαλεῦσαί
3101 5097 3149 5131 τι
3184 5076 3289 5128 τῶν
3335 5076 3518 5140 καλῶς
3554 5080 3633 5139 εἷς

2066 5176 2233 5244 αὐτὴν
2281 5172 2607 5242 ὁρισθέντων
2662 5173 2769 5226 ὑπὸ
2811 5170 2922 5224 τῶν
2955 5170 3127 5238 ἁγίων
3162 5168 3425 5235 Πατέρων
3468 5168 3632 5237 ἱερῶν

2064 5267 2370 5337 δογμάτων.
2405 5264 2520 5318 Hac
2551 5279 2608 5319 se
2642 5263 2873 5328 cautela,
2918 5264 3043 5319 dato
3088 5276 3281 5328 nempe
3318 5259 3632 5327 iuramento

2067 5363 2300 5430 lideique
2351 5359 2703 5423 testimonio,
2752 5357 3014 5411 adversus
3061 5355 3417 5421 imperatores
3477 5352 3631 5420 prmi

2065 5470 2259 5508 sensus
2325 5451 2641 5521 suspicione
2716 5460 2933 5504 notatos
3004 5447 3318 5501 munierunt
3378 5444 3631 5512 primitus

2067 5542 2406 5613 patriarchas,
2446 5543 2587 5596 unde
2615 5542 2816 5597 sensim
2860 5541 3039 5594 invalu
3067 5550 3086 5592 t
3115 5552 3231 5591 mos
3261 5544 3317 5589 ut
3339 5536 3629 5591 OIIIIO-inxi

2066 5651 2279 5704 quoque
2319 5634 2476 5689 [idem
2526 5650 2652 5702 erga
2691 5633 2857 5688 Deum
2906 5640 2955 5685 et
2991 5631 3042 5682 in
3097 5628 3356 5698 populum
3397 5628 3631 5683 clemen-
