3928 6214
302 232 415 299 393

1440 235 1815 296 GRETSERI
1850 237 1943 296 ET
1986 237 2221 298 GOARI
2260 235 2495 299 NOTxE.

3449 231 3558 295 394

306 343 515 415 jusvis,
552 357 687 400 crux
726 343 939 414 appicta
975 344 1077 400 fuit
1110 343 1374 398 indicium
1432 355 1487 399 et
1519 346 1884 401 conﬁrmatio.
1912 350 1962 407 Α
1994 347 2079 399 hic
2134 349 2295 399 etiam
2365 348 2591 401 verbum
2670 348 2991 417 προτάσεων
3058 346 3197 400 male
3258 344 3559 413 redditum.

306 437 424 492 Leo
453 436 863 492 Grammaticus
893 436 946 491 in
977 435 1243 492 Micltaele
1273 436 1557 507 Theophili
1604 437 1642 490 F
1678 455 1690 490 :
1726 439 1883 491 Γενο-

310 528 483 599 μένης
530 527 615 598 δὶ,
652 527 755 597 τῆς
816 528 1194 599 προελεύσεως
1246 530 1325 592 είς
1365 529 1433 581 τά
1479 530 1884 599 χαλκοπράτεια

302 620 402 674 τοῦ
457 620 889 688 εὐαγγελισμοῦ,
923 621 1018 673 καὶ
1057 622 1156 689 τῆς
1201 620 1406 673 εἰσόδου
1444 622 1765 691 γενομένης,
1793 622 1885 674 καὶ

306 712 406 767 τοῦ
443 712 781 781 Εὐαγγελῐου
806 697 1176 777 τελεσθέντοξ,
1209 713 1438 783 ἀνῆλθεν
1460 716 1486 766 ὅ
1516 731 1576 766 τε
1610 714 1883 784 πατριάρ-

304 817 413 869 χης
457 801 662 863 Φώτιος
712 801 805 854 καὶ
839 802 867 853 δ
915 801 1171 871 βασιλεὺς
1216 801 1315 856 σὺν
1369 802 1448 872 τῷ
1500 802 1744 873 Καίσαρι
1789 803 1885 856 καὶ

303 893 579 962 Βασιλείῳ
630 892 1116 963 παρακοιμωμένῳ
1177 893 1235 946 ὲν
1284 895 1397 956 τοῖς
1449 897 1884 964 κατηχουμένοις

303 983 633 1053 (porticibus
663 983 1094 1052 circumquaque
1122 983 1174 1037 in
1207 983 1495 1039 ecclesiam
1530 994 1887 1054 prospectan-

305 1073 506 1144 tibus),
530 1073 630 1127 τοῦ
667 1076 1007 1144 πατριάρχου
1037 1077 1131 1127 ἐπὶ
1157 1078 1348 1144 χεῖρας
1373 1075 1587 1145 ἔχοντος
1618 1076 1676 1129 τδ
1702 1077 1886 1145 τίμιον

306 1167 470 1236 σῶμα
503 1166 596 1219 καὶ
624 1164 773 1236 αἷμα
798 1165 893 1219 τοῦ
925 1166 1133 1237 Κυρίου
1178 1167 1335 1236 ἡμῶν
1378 1168 1556 1235 Ἰησοῦ
1609 1167 1848 1235 Χριστοῦ
1870 1185 1883 1200 ο

305 1258 403 1310 καὶ
435 1257 708 1327 βάψαντες
758 1258 786 1310 δ
840 1270 901 1310 τε
951 1257 1209 1327 βασιλεὺς
1251 1254 1349 1311 καὶ
1378 1261 1405 1312 6
1436 1259 1717 1322 Βασίλειος
1760 1262 1885 1321 τοὺς

301 1348 526 1417 τιμίους
555 1348 879 1417 ὑπέγραψαν
914 1349 1205 1418 σταυροὺς,
1236 1350 1385 1420 ὅρκῳ
1418 1350 1764 1420 βεϐαιοῦντες
1794 1352 1885 1403 τὸν

202 1444 215 1454 ⁵
303 1439 568 1510 Καίσαρα
621 1441 838 1508 ἀφόϐως
896 1441 1235 1505 συνεξελθεῖν
1290 1439 1411 1511 μετ’
1463 1442 1647 1495 αὐτῶν
1699 1444 1759 1494 ἐν
1809 1440 1888 1511 τῷ

302 1528 548 1597 ταξιδίῳ.
575 1530 680 1597 Qui
703 1531 1080 1600 juramentum
1110 1547 1277 1587 cruce
1313 1531 1590 1587 ﬁrmatum
1625 1533 1884 1597 violabat,

306 1630 447 1675 tetra
494 1623 871 1692 σταυροπάτου
920 1624 1246 1677 inurebatur
1294 1633 1446 1689 nota,
1518 1624 1584 1679 de
1632 1639 1736 1694 qua
1787 1641 1887 1680 nos

304 1711 559 1780 quedam
593 1713 647 1766 in
678 1712 1007 1768 Cedreuum.
1041 1713 1098 1767 in
1134 1714 1541 1784 σταυροπάτας,
1564 1716 1882 1784 bujusmodi

304 1804 578 1859 {ruderum
608 1805 861 1861 videlicet
885 1814 942 1861 et
970 1805 1335 1875 jurisjurandi
1367 1806 1688 1877 interposita
1720 1822 1885 1863 cruce

305 1895 624 1959 violatores.
660 1896 904 1950 divinum
953 1897 1169 1951 Numen
1201 1905 1600 1968 provocaturos
1641 1914 1699 1954 se
1730 1909 1886 1968 puta—

308 1989 441 2044 bant
472 1989 727 2061 injuriam
755 1991 927 2061 passi,
962 2006 1086 2045 cum
1114 1990 1318 2046 tabulis
1364 2006 1529 2047 cruce
1566 1992 1794 2047 lirmatis
1826 2009 1889 2048 ac

308 2080 528 2133 irritam
557 2095 743 2149 pacem
778 2080 1247 2149 promittentibus,
1275 2080 1342 2134 de
1384 2089 1549 2135 conto
1578 2082 1886 2151 suspensis,

303 2171 368 2227 in
406 2172 729 2242 foedifragos
770 2173 937 2228 ducto
966 2173 1208 2227 exercitu
1239 2174 1630 2242 procedebant.
1675 2173 1891 2229 Andro.

306 2263 476 2317 nicus
518 2264 725 2332 junior,
771 2263 1042 2331 scriptore
1089 2264 1470 2320 Cantacuzeno
1522 2281 1579 2330 ιι,
1633 2265 1687 2329 5,
1720 2266 1888 2320 bocce

309 2354 587 2410 facturum
618 2354 825 2423 perﬁdo
854 2354 1148 2409 Marsorum
1182 2356 1412 2425 principi
1450 2356 1691 2410 minatur
1717 2374 1730 2411 :
1758 2356 1889 2409 Ἐὰν

308 2446 372 2500 δὲ
405 2446 483 2517 μὴ
511 2446 750 2516 ἀποδιδῷ
776 2448 838 2499 τδ
870 2448 1136 2516 πόλισμα,
1173 2448 1264 2500 τὸν
1308 2448 1559 2518 σταυρὸν,
1596 2448 1654 2500 ὃν
1689 2450 1890 2519 πρότε-

311 2555 410 2607 ρον
442 2538 703 2606 πέπομφε
734 2537 872 2606 πρὸς
902 2538 1090 2603 αὐτὸν,
1126 2538 1219 2590 ἐπὶ
1256 2536 1356 2607 τῆς
1388 2538 1631 2607 σημαίας
1663 2540 1890 2602 ἀναθεὶς

308 2628 597 2683 ἐλεύσεται
626 2629 712 2682 ἐπ’
738 2629 923 2684 αὐτόν.
948 2628 1015 2683 Et
1045 2628 1185 2684 infra
1209 2647 1221 2683 :
1247 2629 1349 2682 Σοῦ
1377 2629 1433 2684 δὲ
1465 2631 1617 2683 οὐδὲν
1648 2633 1886 2696 ἐπιεικὲς

307 2720 770 2790 ἀποκρινομένου,
806 2722 874 2791 τῇ
904 2720 999 2774 τοῦ
1035 2720 1272 2791 σταυροῦ
1303 2721 1534 2791 δυνάμει
1563 2722 1808 2792 θαρῤῶν,
1830 2723 1890 2775 ὃν

307 2812 479 2876 αὐτὸς
512 2813 791 2883 ἐγγυητὴν
839 2814 963 2883 ἐμοὶ
1014 2814 1294 2884 παρέσχου
1345 2812 1439 2867 τοῦ
1472 2815 1745 2884 μηδέποτε
1782 2833 1891 2868 πα-

306 2904 712 2973 ρασπονδῆσαι,
747 2905 1041 2976 βαδιοῦμαι
1074 2905 1166 2957 ἐπὶ
1198 2907 1277 2959 σέ.
1312 2903 1425 2960 Hoc
1455 2905 1595 2960 idem
1626 2906 1887 2962 Saraceni

303 2994 468 3065 prius
488 3005 715 3063 egerant
741 2995 1053 3051 Justiniano
1078 2994 1429 3051 Rhinotmeto
1450 2996 1611 3051 ﬁdem
1633 2997 1892 3053 violatam

308 3088 763 3157 exprobrantes:
799 3090 911 3143 Καὶ
967 3090 1408 3159 μαρτυρούμενοι
1468 3088 1564 3142 καὶ
1610 3089 1701 3142 τὸν
1758 3090 1893 3143 Θεὸν

308 3178 607 3251 ἐκδικητὴν
636 3179 843 3233 τούτων
877 3180 1338 3250 προκαλούμενοι,
1377 3180 1469 3232 τὸν
1518 3177 1621 3248 τῆς
1666 3181 1892 3250 εἰρήνης

306 3272 595 3341 ἔγγραφον
621 3272 835 3343 χάρτην
880 3270 975 3324 ἐπὶ
1017 3269 1354 3339 φλαμουλίου
1386 3270 1767 3344 κρεμάσαντες
1798 3272 1894 3324 καὶ

310 3363 663 3430 προάγοντες
687 3362 833 3415 κατὰ
878 3360 989 3414 τῶν
1023 3360 1316 3431 Ῥωμαίων
1355 3358 1647 3429 ὥρμησαν.
1682 3360 1759 3414 lla
1793 3360 1896 3414 Ce-

312 3453 544 3529 drenus.

390 3544 536 3600 Ibid.
574 3545 775 3613 Οικείᾳ
824 3544 974 3614 χειρί
1030 3544 1354 3614 προέταξα.
1388 3545 1547 3598 υῦτω
1582 3544 1682 3613 μὲν
1716 3546 1743 3596 ὁ
1777 3560 1897 3596 στε-

312 3638 558 3706 φόμενος
606 3638 708 3707 (sic
757 3637 901 3690 enim
959 3635 1120 3691 habet
1166 3638 1303 3690 alter
1366 3635 1539 3689 codex
1597 3634 1795 3689 Boicus
1844 3643 1897 3689 et

314 3716 750 3794 Lautberianus)
797 3727 898 3795 τῆς
960 3724 1157 3778 ἑαυτοῦ
1226 3725 1549 3796 προτάσσων
1606 3724 1898 3794 ὁμολογίας

314 3821 549 3889 γράφει.
586 3817 786 3873 Junius
832 3817 1107 3886 :Propria
1150 3833 1309 3871 manu
1364 3818 1641 3886 prwﬁnivi.
1672 3816 1765 3870 Sic
1811 3818 1935 3871 in-.'

316 3913 503 3968 scribit
549 3912 638 3981 qui
692 3918 975 3963 coronatus
1019 3918 1117 3974 est,
1166 3910 1465 3978 prae/iniens
1519 3907 1900 3977 confessionem

318 4020 503 4058 suam.
534 4005 717 4073 Inepte
751 4019 766 4057 τ
793 4002 924 4072 quid
953 4002 1101 4057 enim
1135 4002 1254 4055 vult
1284 4000 1387 4055 sibi
1416 4000 1521 4054 hoc
1548 4000 1811 4069 prce/inivi
1846 4009 1898 4052 et

312 4097 665 4169 pm'ﬁm'ens?
686 4095 882 4151 Verte:
924 4095 1051 4149 Ηωε
1096 4094 1312 4162 propria
1368 4107 1526 4145 manu
1573 4091 1901 4160 prwscripsi,

319 4205 425 4243 seu
449 4188 772 4254 confessioni
795 4188 920 4255 ﬁdei
949 4202 1077 4241 mea:
1105 4186 1363 4255 pra’misi.
1394 4183 1474 4237 Ad
1504 4184 1651 4238 hunc
1680 4183 1899 4237 modum

318 4282 372 4336 is
404 4283 503 4348 qui
539 4287 841 4335 coronatus
883 4278 990 4349 (vel
1033 4277 1216 4347 potius
1262 4274 1613 4345 coronandus)
1643 4283 1746 4338 est,
1776 4290 1902 4343 pro-

1987 436 2176 492 Priora
2212 438 2290 491 sic
2326 439 2489 491 vertit
2521 437 2716 493 Junius
2762 457 2775 492 :
2820 440 3023 506 Quodsi
3054 438 3197 507 filius
3228 447 3302 490 est
3328 438 3452 506 ipsi,
3484 439 3557 491 si-

1987 530 2199 597 quidem
2246 530 2493 583 attribuit
2531 542 2703 597 pater.
2755 532 3070 601 Pcrperam.
3124 530 3439 597 Legendum
3489 543 3561 582 ex

1940 636 1949 641 ί
1989 620 2118 673 cod.
2142 620 2271 673 Bav.
2307 631 2361 675 et
2415 621 2615 676 Lautb.
2645 622 2919 676 ἐνδίδωσιν
2944 639 2956 652 ·
2995 624 3044 676 si
3084 634 3233 691 pater
3281 620 3560 684 concedat,

1989 712 2035 763 si
2066 712 2359 778 permittat.
2390 712 2593 767 Gnnrs.

2060 801 2201 856 Ibid.
2238 801 2553 879 [Gregoras,
2621 819 2695 869 ιν,
2753 804 2821 858 15
2877 822 2891 858 :
2960 803 3258 872 Ἐπέτρεψε
3312 803 3357 855 δ’
3411 800 3562 864 αὐτῷ

1992 892 2371 963 (Ἃνδρονίκῳ)
2404 898 2432 949 ὁ
2464 895 2651 966 πατὴρ
2690 897 2782 949 καὶ
2813 896 2883 948 δι’
2934 895 3185 966 ἑρυθρῶν
3220 895 3563 964 ὑπογράφειν

1990 987 2339 1056 γραμμάτων
2374 991 2805 1057 προστάγματα,
2842 990 2904 1041 οὐ
2944 988 3127 1057 μέντοι
3184 988 3328 1055 μῆνα
3357 988 3452 1039 καὶ
3491 986 3564 1038 ῐν-

1990 1078 2203 1142 δικτοιν,
2230 1079 2396 1144 ἀλλὰ,
2447 1080 2787 1150 Ἀνδρόνικος
2821 1070 3059 1149 Χριστοῦ
3085 1078 3269 1148 χάριτι
3315 1076 3566 1146 βασιλεὺς

1996 1168 2311 1236 ’⁹Ριιιμαίων.
2339 1171 2539 1242 GOAR.J

2062 1261 2124 1314 P.
2172 1262 2262 1316 87.
2312 1262 2510 1319 Junius
2559 1265 2752 1319 inscite
2781 1265 3031 1335 promitto
3068 1279 3149 1318 me
3202 1263 3568 1318 abstenturum

1993 1352 2057 1405 ab
2098 1353 2319 1407 invidia.
2347 1353 2461 1409 imo
2503 1372 2535 1407 a
2582 1354 2835 1418 cwdibus,
2865 1354 2992 1423 quia
3044 1355 3333 1424 legendum
3365 1355 3569 1422 φόνων,

1992 1457 2099 1511 non
2156 1443 2390 1511 φθόνων.
2441 1443 2634 1510 Qualis
2677 1446 2972 1515 promissio
3020 1448 3091 1501 ab
3136 1450 3487 1518 imperatore.
3521 1449 3569 1504 si

1994 1532 2276 1601 promittat
2301 1550 2361 1589 se
2384 1535 2521 1591 velle
2551 1536 2829 1591 abstinere
2853 1542 2920 1589 ab
2954 1538 3317 1601 invidia,cum
3345 1539 3431 1591 vix
3462 1538 3549 1592 ba.

1997 1622 2119 1676 beat
2150 1624 2238 1677 cui
2268 1624 2384 1692 ipse
2421 1625 2681 1689 invideat,
2724 1628 2839 1694 ipse
2883 1629 3160 1682 communi
3198 1631 3445 1683 omnium
3488 1630 3571 1683 in-

1997 1712 2156 1767 vidire
2194 1715 2515 1783 expositus?
2543 1717 2653 1771 Nec
2681 1728 2826 1771 recte
2850 1718 3013 1771 vertit
3043 1718 3569 1789 ἀκρωτηριασμούς,

1995 1805 2389 1862 concussiones
2436 1824 2452 1860 :
2508 1809 2881 1863 mutilationes
2926 1809 3187 1875 debebas,
3232 1809 3382 1866 Juni.
3432 1812 3572 1878 Quia

1996 1896 2143 1949 enim
2174 1896 2347 1952 Graeci
2379 1899 2741 1968 imperatores
2790 1902 2855 1953 ad
2906 1902 3085 1957 caedes
3111 1913 3165 1956 et
3194 1904 3570 1960 mutilationes

1996 1987 2154 2042 valde
2183 1990 2419 2059 prompti
2461 1999 2638 2054 erant,
2673 2001 2733 2044 ut
2765 2006 2829 2044 ex
2858 1999 2968 2045 tota
3005 1991 3234 2046 historia
3270 1993 3571 2063 Byzantina

1996 2074 2190 2144 liquet,
2237 2076 2362 2144 jure
2413 2078 2483 2132 ab
2539 2079 2677 2144 illis,
2727 2094 2867 2149 quos
2918 2095 3123 2135 corona
3183 2082 3572 2151 exspectabat,

1996 2168 2318 2238 exigebatur
2357 2179 2416 2225 ut
2470 2173 2574 2226 bac
2603 2172 2658 2225 in
2706 2187 2764 2226 re
2795 2172 3016 2227 modum
3065 2174 3314 2229 tenerent
3345 2184 3396 2229 et
3438 2174 3574 2231 nihil

1996 2270 2192 2325 praeter
2223 2258 2304 2313 fas
2339 2269 2580 2328 agerent.

2068 2347 2213 2402 Ibid.
2253 2352 2356 2416 Είς
2385 2350 2491 2416 τὰς
2520 2352 2727 2418 τόσας.
2761 2353 2902 2419 Quid
2935 2338 3053 2412 hoc.
3068 2357 3173 2411 sibi
3209 2356 3362 2422 velit,
3398 2356 3575 2411 fateor

1999 2454 2086 2492 me
2115 2453 2219 2493 non
2244 2442 2500 2509 assequi;
2536 2458 2661 2496 nam
2698 2445 2845 2512 quod
2887 2446 3085 2501 Junius
3112 2447 3401 2513 vertit,ad
3447 2458 3574 2501 tau-

2000 2541 2078 2585 tas
2106 2528 2172 2595 N,
2204 2532 2256 2585 id
2292 2531 2426 2585 mihi
2463 2548 2571 2587 non
2604 2534 2893 2590 satisfecit.
2925 2537 3132 2593 (ἔπιτε.

2078 2619 2219 2675 Ibid.
2254 2618 2419 2691 [Quid
2454 2621 2556 2675 hoc
2580 2624 2682 2676 sibi
2714 2624 2864 2690 velit,
2896 2624 3070 2679 fateor
3096 2641 3182 2681 me
3208 2642 3314 2682 non
3333 2626 3571 2696 assequi,

1998 2713 2188 2767 scribit
2204 2712 2513 2770 Grelserus.
2533 2714 2616 2768 Nil
2637 2715 2836 2771 mirum
2858 2735 2871 2772 :
2892 2726 3186 2788 corruptus
3208 2721 3351 2773 enim
3377 2729 3430 2773 et
3457 2720 3575 2772 vul-

2000 2805 2147 2874 garis
2174 2814 2257 2860 est
2280 2806 2534 2875 loquendi
2559 2808 2773 2874 modus,
2802 2826 2913 2873 quo
2942 2822 3173 2880 quotum
3201 2813 3405 2866 mensis
3427 2812 3575 2866 diem

2000 2898 2263 2952 aduotant
2286 2897 2480 2953 Graeci.
2502 2898 2575 2954 Ex
2604 2901 2808 2969 vulgari
2833 2907 3190 2971 grammatica
3211 2903 3453 2973 percipio
3479 2916 3576 2957 eos

1999 2988 2118 3044 dies
2137 2991 2344 3047 mensis
2368 3001 2757 3048 numeraturos
2772 3009 2881 3047 non
2900 2995 3185 3063 adjectivis
3200 2995 3577 3051 numeralibus

2003 3080 2097 3135 sed
2134 3081 2496 3138 substantivis
2555 3084 2633 3137 uti
2679 3101 2693 3139 :
2735 3100 2843 3138 non
2891 3086 3035 3140 enim
3073 3088 3261 3142 dicunt
3307 3088 3577 3153 secundo,

2001 3171 2237 3238 decimo,
2264 3174 2522 3230 vicesimo
2542 3176 2651 3243 die,
2671 3191 2858 3231 verum
2894 3179 2960 3233 ad
2996 3180 3153 3244 duos,
3171 3180 3237 3234 ad
3269 3179 3482 3246 decem,
3507 3182 3578 3237 ad

2002 3264 2198 3335 viginti
2238 3267 2354 3322 dies
2390 3269 2616 3323 mensis.
2657 3268 2833 3323 Simul
2859 3270 3020 3325 etiam
3070 3273 3470 3341 praepositionis
3498 3274 3581 3338 είς

2003 3357 2564 3427 accusativojunctaa.
2598 3376 2760 3429 quam
2797 3363 2855 3413 ἐν
2878 3362 3084 3429 dativo,
3123 3364 3465 3434 frequentior
3494 3375 3579 3422 est

2004 3448 2148 3517 apud
2204 3463 2299 3504 eos
2353 3465 2506 3505 usus.
2557 3449 2714 3507 Vides
2749 3453 2934 3522 itaque
2978 3454 3059 3516 είς
3109 3455 3206 3518 τὰς
3258 3458 3423 3520 τόσας
3479 3458 3577 3510 τοῦ

2009 3538 2198 3607 μηνὸς,
2233 3540 2300 3593 ad
2341 3541 2565 3596 verbum
2612 3544 2684 3596 ad
2734 3552 2809 3598 tot
2854 3546 3047 3600 mensis
3091 3547 3226 3608 dies.
3264 3548 3426 3600 scribi
3461 3548 3579 3603 vice

2008 3630 2105 3683 tali
2148 3633 2232 3684 die
2275 3634 2489 3687 mensis.
2522 3634 2888 3706 Subjnngitur
2924 3639 2983 3689 ὲν
3031 3639 3249 3707 ἡμέρᾳο
3287 3646 3342 3692 ιιι
3385 3642 3581 3709 supple

2005 3722 2106 3793 τῆς
2139 3722 2430 3792 ἑϐδομάδος
2460 3723 2673 3797 πρώτῃ,
2701 3727 2947 3796 δευτέρᾳ,
2985 3729 3166 3797 τρίτῃ.

2078 3813 2219 3868 Ibid.
2263 3816 2530 3882 Συνόδφ.
2586 3815 2705 3871 Non
2768 3818 2931 3871 unius
2978 3817 3271 3886 provincia:
3319 3820 3580 3875 collectos

2009 3903 2295 3973 episcopos
2334 3918 2549 3970 omnes,
2597 3905 2681 3960 vel
2727 3920 2793 3960 ex
2830 3906 3130 3975 provinciis
3178 3909 3435 3962 omnibus
3482 3925 3582 3979 pa-

2012 3995 2267 4048 triarchae
2310 3995 2574 4063 subjectis
2623 3996 2885 4065 praesules
2945 3997 3175 4067 aliqum,
3224 4001 3293 4055 de
3333 4002 3581 4057 moribus

2010 4085 2092 4138 vel
2126 4085 2400 4155 Ecclesiae]
2425 4086 2529 4142 lide
2559 4088 2969 4157 disquisituros.
3001 4089 3223 4143 σύνοδον
3263 4092 3349 4147 hic
3388 4094 3584 4147 vocari

2010 4176 2313 4242 existimes,
2346 4180 2440 4233 sed
2489 4180 2571 4233 vel
2617 4180 2823 4235 clerum
2873 4179 3004 4246 CP.,
3038 4182 3121 4235 vel
3159 4198 3283 4236 cum
3334 4199 3401 4238 eo
3445 4199 3587 4253 prae.

2012 4268 2163 4323 sules
2214 4270 2307 4338 qui
2362 4269 2503 4325 forte
2558 4269 2665 4327 ΟΡ.
2724 4283 3033 4326 versantur.
3087 4272 3221 4328 Vide
3269 4273 3416 4328 Juris
3464 4274 3582 4331 GR.

323 4376 504 4445 priarn
552 4387 708 4428 suam
756 4370 1171 4427 conlessionem'
1211 4367 1623 4439 praescriptione
1669 4375 1725 4420 et
1768 4366 1896 4435 praé-

2014 4359 2051 4413 1.
2089 4377 2144 4415 ιιι
2174 4369 2228 4415 et
2259 4378 2312 4416 Iv
2353 4363 2635 4418 continere
2660 4364 2942 4427 συνοδικὰς
2972 4365 3297 4434 ἀποφάσεις,
3332 4366 3432 4421 Ιιοο
3474 4366 3585 4434 est,

325 4464 613 4519 notatione
655 4462 899 4518 nominis
945 4469 999 4516 et
1041 4459 1325 4529 dignitatis
1355 4474 1467 4513 sua:
1498 4457 1746 4528 insignit.
1778 4456 1905 4512 Haec

323 4557 479 4611 enim
528 4554 957 4625 praescribebant
1000 4569 1015 4605 :
1056 4551 1123 4608 Ὀ
1154 4552 1302 4605 δεῖνα
1334 4552 1393 4603 ὲν
1421 4549 1646 4619 Χριστῷ
1676 4546 1753 4619 τῷ
1788 4548 1908 4619 Θεῷ

328 4649 527 4710 πιστὸς
561 4647 815 4717 βασιλεὺς
842 4648 943 4700 καὶ
969 4645 1331 4713 αὐτοκράτωρ
1360 4642 1540 4712 οἰκείᾳ
1570 4641 1714 4711 χειρὶ
1746 4639 1910 4711 προέ-

290 4772 293 4773 ν
328 4739 492 4804 suis.
530 4738 594 4792 Et
626 4740 752 4792 buic
780 4739 1030 4808 προταγῇ
1062 4738 1359 4804 respondet
1387 4732 1661 4801 ὑποταγή,
1682 4731 1914 4785 subscri-

332 4833 472 4901 ptio,
501 4829 571 4884 de
618 4843 727 4898 qua
776 4826 1062 4895 Curopsl.,
1109 4841 1163 4894 p.
1212 4823 1330 4878 87:
1379 4824 1439 4876 '0
1488 4821 1546 4874 δὲ
1585 4822 1911 4891 προτάσσων

332 4923 500 4976 τοῦτο
527 4921 664 4975 αὐτὸ
694 4920 858 4972 πάλιν
884 4920 977 4972 καὶ
1007 4921 1147 4987 μετὰ
1167 4918 1265 4985 τὴν
1291 4916 1392 4985 τῆς
1425 4917 1662 4978 πίστεως
1694 4914 1915 4966 ἔκθεσιν

334 5015 668 5069 ὑποτάσσων
721 5010 885 5081 35ἥ,
913 5011 1134 5078 γράφει,
1160 5007 1332 5077 ἤγουν
1366 5006 1426 5058 τὸ
1458 5008 1486 5058 ὁ
1511 5006 1662 5058 δεῖνα
1689 5007 1745 5059 ὲν
1786 5005 1920 5074 Χρι-

338 5102 459 5172 στῷ
485 5100 564 5171 τῷ
589 5100 707 5167 Θεῷ
740 5101 928 5160 πιστὸς
959 5098 1210 5167 βασιλεὺς
1244 5096 1338 5149 καὶ
1369 5096 1735 5165 αὐτοκράτωρ
1782 5095 1917 5146 Ῥωο

341 5194 550 5264 μαίων,
593 5191 626 5259 ἢ
682 5190 933 5259 βασιλεὺς
996 5187 1304 5256 Ῥωμαίων,
1357 5187 1534 5256 οίκείᾳ
1585 5185 1729 5255 χειρὶ
1785 5186 1921 5237 ὐπο-

338 5287 539 5349 τάξας.
578 5284 721 5351 Ergo
746 5294 802 5336 et
832 5282 1183 5350 _ﬁpOthO’$tV
1220 5287 1276 5332 et
1308 5279 1638 5331 ὐποτάσσειν
1669 5287 1752 5330 est
1780 5292 1921 5344 prmo

338 5378 576 5434 scribere
604 5386 660 5431 et
705 5372 1062 5436 subscribere;
1096 5375 1150 5424 in
1180 5385 1418 5441 quorum
1474 5369 1696 5422 notione
1739 5367 1922 5436 pervi-

339 5470 525 5528 denda
557 5479 609 5524 et
637 5468 960 5537 explicanda
988 5465 1145 5534 plane
1177 5461 1450 5517 caecutivit
1474 5459 1687 5514 Junius.
1713 5461 1921 5516 (inm-8.

2014 4453 2408 4523 ἀρχιερατικάς
2463 4453 2764 4519 διατάξεις,
2816 4456 3114 4524 pontiﬁcins
3185 4460 3588 4513 constitutiones

2016 4544 2272 4613 privatim
2319 4561 2347 4599 a
2389 4547 2718 4615 patriarchis
2760 4549 2959 4613 editas,
2994 4548 3083 4603 cui
3132 4550 3329 4617 privati
3374 4558 3589 4604 tantum

2019 4636 2292 4706 paucique
2334 4639 2579 4708 episcopi
2614 4640 2905 4694 consilium
2940 4640 3155 4693 dedisse
3193 4649 3585 4695 memorantur.

2021 4726 2159 4781 Hinc
2183 4727 2494 4797 ἑνδημοῦσα
2524 4729 2649 4799 ἱερὰ
2679 4730 2916 4793 σύνοδος,
2956 4731 3292 4797 peregrinaris
3313 4740 3361 4783 et
3387 4732 3591 4784 incerta

2022 4816 2273 4887 synodus,
2303 4827 2358 4873 et
2410 4820 2509 4889 τῆς
2560 4820 2900 4890 ἐνδημούσης
2940 4817 3246 4888 τηνικαῦτα
3284 4819 3592 4889 συναθροι-

2026 4910 2243 4981 σθείσης
2276 4911 2495 4963 συνόδου
2532 4912 2827 4979 συνέδριον,
2862 4911 3186 4964 occurrentis
3234 4919 3284 4965 et
3317 4913 3385 4963 ad
3407 4910 3592 4963 urbem

2026 5005 2187 5075 (forte
2231 5005 2478 5073 fortuito)
2521 5005 2709 5074 synodi
2767 5005 3080 5070 concilium,
3119 5005 3360 5073 ejusdem
3409 5006 3592 5076 operis

2029 5111 2082 5162 p.
2112 5094 2238 5147 271.
2263 5092 2463 5164 ϐολιι.]

2101 5189 2164 5241 Ρ.
2206 5187 2293 5241 88.
2344 5186 2664 5240 Thomaites.
2696 5186 2947 5256 Magnum
2998 5189 3139 5242 sacri
3190 5187 3376 5258 palatii
3420 5187 3600 5242 tricli-

2030 5284 2205 5349 nium,
2241 5293 2299 5336 ut
2336 5298 2365 5336 a
2414 5282 2628 5336 Zonara
2670 5283 2724 5335 in
2765 5281 2994 5350 imperio
3028 5282 3211 5337 lrenes
3256 5282 3597 5345 nominatur,

2033 5375 2176 5444 quod
2209 5375 2311 5428 sub
2342 5375 2528 5428 eadem
2570 5373 2918 5442 imperatrice
2946 5373 3340 5443 conﬂagravit;
3379 5385 3602 5440 unaque

2035 5475 2272 5520 cremata
2296 5480 2417 5519 esse
2441 5463 2690 5517 feruntur
2719 5481 2784 5519 eo
2807 5465 3006 5520 inloco
3029 5464 3420 5519 commentaria
3437 5461 3600 5533 355

416 5561 483 5615 P.
511 5561 603 5616 86.
639 5563 737 5611 Ἀν
783 5560 839 5611 δὲ
878 5559 992 5618 υίὸς
1046 5554 1195 5623 οὺτῷ
1230 5550 1287 5627 ᾖ,
1317 5554 1366 5605 εί
1430 5553 1528 5621 μὲν
1575 5552 1862 5605 ἐκδίδωσιν

2037 5555 2282 5625 quaedam
2313 5555 2365 5607 in
2398 5569 2585 5609 sacras
2622 5555 2833 5611 litteras
2858 5555 2915 5612 S.
2943 5554 3169 5611 Joannis
3198 5553 3581 5626 Cbrysostomi

346 5656 563 5727 πατὴρ,
582 5653 911 5723 γράφει¹κα¹ι
941 5650 1124 5711 αὐτὸς,
1151 5649 1472 5715 προτάσσων
1504 5643 1696 5708 οὕτως.
1725 5646 1927 5701 Omitlo

647 5757 921 5821 Ps’rlton.
964 5752 1080 5809 Gn.
1107 5744 1335 5809 CLVII.

2040 5656 2097 5704 ut
2127 5648 2317 5704 scribit
2348 5645 2613 5704 Zonaras.
2648 5646 2850 5703 Gasrs.

3161 5743 3235 5802 13
