3928 6214
336 158 457 221 ’395

1438 148 1520 209 IN
1556 146 1854 209 LIBRUM
1898 146 1995 207 DE
2036 144 2367 209 OFFlClIS
2392 142 2505 206 (ΞΡ.

3496 143 3602 210 3‘35

418 265 560 322 Ibid.
584 262 912 339 [Augustior
948 269 1004 317 et
1033 258 1267 329 amplior
1306 259 1625 328 patriarcliii
1658 260 1783 314 aula
1825 260 1934 312 Θω·
1966 262 2009 319 Α
2040 255 2221 325 iepist.
2282 271 2348 312 ex
2414 257 2479 312 iis
2504 270 2627 324 quae
2687 271 2861 329 nuper
2917 256 2974 312 in
3024 258 3198 316 lucem
3262 258 3609 328 prodierunt.

351 359 555 429 ματτης
579 366 685 413 est.
705 356 986 412 Cedrenus
1018 353 1072 407 in
1098 353 1283 407 lrene:
1314 352 1374 404 Ὀ
1395 351 1672 422 τρίκλινος
1700 350 1793 406 τοῦ
1820 366 1928 405 πα·

341 448 659 519 τριαρχείου
694 449 721 499 6
754 446 1050 513 λεγόμενος
1080 444 1399 513 Θωμαῖτης.
1434 443 1687 514 Magnum
1728 442 1785 498 S.
1820 443 1925 497 So-

343 540 485 609 pbize
517 538 717 592 atrium
769 536 1016 605 respicit.
1086 535 1355 590 Memorat
1407 535 1541 589 illud
1588 535 1927 603 Augusteoni

343 630 670 698 adjunctum
701 628 924 681 Nicetas
966 628 1021 680 in
1053 627 1246 680 Alexio
1277 625 1543 679 Manuelis
1563 624 1625 678 F.
1657 623 1849 696 Gosn.]

430 720 573 774 Ibid.
637 722 1046 787 Augusteonem.
1114 716 1168 771 In
1228 717 1549 787 Originibus
1596 717 1701 786 Cp.
1766 727 1820 772 et
1871 717 1925 770 in

346 809 519 865 Suida
586 822 636 862 ν.
678 808 945 876 Augusteo
983 809 1095 862 hate
1126 808 1191 861 de
1233 808 1587 876 Augustcone
1628 809 1924 879 leguntur:

344 902 545 967 Quinta
569 900 653 953 die
706 899 898 952 mensis
948 898 1192 951 Octobris
1215 899 1456 966 prwfecti
1481 900 1753 969 regionum
1779 900 1925 952 urbis

342 992 395 1043 in
422 992 776 1059 Angusteone,
832 988 1071 1041 videlicet
1116 988 1233 1055 foro
1256 987 1545 1052 dulciario,
1581 990 1794 1041 choreas
1826 988 1926 1040 du-

341 1084 525 1137 cebant
554 1086 609 1137 in
659 1082 911 1135 honorem
937 1082 1022 1134 sui
1054 1081 1414 1149 imperatoris.
1449 1079 1625 1134 Istum
1657 1082 1821 1150 igitur
1840 1080 1925 1133 lo-

342 1193 461 1229 cum
499 1177 684 1242 vulgus
744 1176 1132 1243 Augusteonem
1185 1174 1445 1249 nominat,
1502 1174 1558 1225 in
1611 1189 1712 1241 quo
1767 1175 1925 1226 etiam

343 1268 518 1334 magni
564 1266 904 1319 Constantini
956 1272 1007 1317 et
1049 1265 1237 1316 matris
1281 1262 1397 1330 ejus
1445 1262 1706 1317 columna:
1740 1263 1927 1330 posita:

343 1367 485 1412 sunt.
523 1356 650 1410 Ideo
679 1366 726 1409 et
760 1356 932 1408 locum
965 1356 1352 1423 Augusleonem
1377 1355 1687 1417 nominavit,
1711 1355 1799 1423 qui
1831 1371 1927 1419 an-

345 1457 428 1503 tea
459 1448 725 1511 Cuslittm,
750 1449 845 1499 hoc
869 1456 946 1499 est
966 1446 1142 1514 [orum
1174 1444 1595 1513 cupedinarium,
1627 1447 1923 1500 dicebatur.

348 1540 421 1593 De
442 1540 794 1608 Augusteone
843 1536 1015 1590 multa
1057 1535 1277 1591 Nicetas
1311 1536 1611 1591 Clioniates
1644 1540 1696 1590 in
1728 1538 1925 1593 Alexio

343 1629 614 1684 Manuelis
642 1630 911 1684 Comneni
951 1629 1084 1683 lilio.
1125 1628 1332 1683 Gnns.
1780 1626 1789 1634 ’

422 1722 564 1775 Ibid.
629 1720 842 1791 [Suidze
872 1719 1162 1788 interpres,
1222 1735 1330 1773 non
1384 1720 1479 1773 ille
1528 1720 1782 1789 vulgatus
1826 1720 1922 1775 sed

347 1812 588 1881 ignotus,
611 1824 639 1863 a
662 1809 919 1865 Gretsero
954 1810 1181 1873 relatus,
1215 1824 1359 1864 caece
1392 1811 1613 1880 penitus
1647 1819 1700 1866 et
1736 1812 1927 1880 ignare

345 1902 437 1956 τὸν
479 1902 882 1969 Αὐγουστεῶνα
902 1909 962 1956 et
990 1903 1055 1954 τὺ
1111 1902 1477 1971 Δύγουστεῖον
1511 1904 1817 1958 confundit.
1852 1902 1927 1957 De

347 1994 590 2048 secundo
639 1994 860 2063 scripsit
906 1994 1127 2059 Suidas,
1171 1995 1236 2048 de
1283 1995 1462 2064 primo
1488 2006 1677 2050 noster
1708 2003 1922 2049 auctor.

348 2086 711 2151 Δύγουστετον
759 2087 870 2140 ludi
914 2088 1119 2141 suntin
1178 2088 1438 2142 honorem
1478 2087 1710 2157 Augusti
1739 2088 1928 2143 Romae

346 2178 630 2243 celebrati,
682 2176 892 2233 Latinis
922 2179 1285 2246 Augustalia;
1332 2180 1405 2233 ita
1438 2180 1639 2235 scribit
1671 2182 1926 2250 vulgatus

348 2270 649 2339 interpres;
709 2271 964 2341 idemque
1002 2272 1170 2326 refert
1213 2273 1567 2342 Dcmpsterus
1589 2276 1639 2328 in
1663 2275 1925 2330 Romanis

343 2360 806 2428 Antiquitatibus.
876 2343 1237 2430 Ᾰύγουστεὼν
1270 2364 1421 2421 locus
1449 2375 1533 2421 est
1576 2368 1707 2430 CP.,
1746 2368 1805 2423 S.
1842 2369 1928 2422 ni-

347 2451 547 2504 mirum
580 2450 799 2521 Sopliize
825 2452 1024 2507 atrium
1060 2455 1164 2509 sub
1187 2456 1497 2511 Thomaite.
1527 2457 1623 2511 ’En
1654 2462 1764 2521 τοῖς
1790 2477 1927 2529 προ-

346 2542 665 2604 αυλίοιςτοῦ
695 2543 793 2611 τῆς
821 2544 1067 2614 μεγάλης
1094 2547 1394 2616 ἐκκλησίας
1412 2549 1570 2615 ναοῦ,
1604 2551 1774 2620 ήγουν
1808 2552 1865 2603 ἐν
1885 2544 1929 2619 ᾧ

344 2629 561 2699 εἴρηται
578 2630 983 2698 Δύγουστεῶνι,
1007 2633 1233 2701 jamjam
1259 2636 1554 2706 explicabit
1571 2648 1761 2695 auctor
1788 2641 1925 2708 ipse.

351 2715 502 2773 Unde
514 2727 568 2773 et
579 2719 675 2790 τὴν
690 2720 784 2773 τοῦ
799 2723 1217 2790 Αύγουστεῶνος
1226 2726 1453 2781 αὐλαίαν
1469 2738 1627 2783 vocat
1643 2728 1857 2785 Nicetes
1874 2731 1927 2783 in

344 2809 533 2865 Alexio
551 2811 817 2867 secundo.
838 2812 915 2865 Ad
925 2822 1074 2867 verte
1092 2824 1366 2883 repertum
1383 2831 1603 2887 quoque
1617 2816 1701 2871 CP
1717 2819 1930 2887 Αὐγου-

349 2901 571 2968 στίωνα,
604 2904 915 2957 columnam
946 2907 1221 2961 nimirum
1248 2922 1470 2973 aeream,
1512 2911 1601 2963 cui
1628 2908 1925 2968 Iustiniani

346 3004 583 3049 statuam
608 2998 1007 3065 superpositam
1031 3008 1220 3054 narrat
1241 2999 1523 3057 Cedrenus
1543 3002 1596 3056 in
1621 3004 1740 3073 ejus
1765 3004 1884 3059 Vita
1908 3024 1921 3061 :

344 3084 671 3157 Ἐπληρώθη
700 3088 759 3141 δὲ
811 3091 954 3143 καὶὸ
1003 3092 1241 3160 χαλκοῦς
1290 3093 1427 3147 κίων
1458 3096 1485 3147 6
1523 3081 1720 3166 μέγας,
1763 3098 1791 3151 ὁ
1816 3099 1924 3150 Αὑ-

345 3181 637 3246 γουστίων.
660 3178 728 3234 Ει
762 3181 993 3237 inferius
1019 3199 1035 3239 :
1072 3184 1237 3250 Οὗτος
1259 3184 1317 3238 δέ
1346 3186 1493 3239 ἐστιν
1510 3189 1539 3240 6
1568 3188 1703 3242 κίων
1724 3191 1751 3241 ὀ
1772 3189 1923 3257 λεγὸ·

349 3286 510 3337 μενος
557 3273 926 3340 Αὑγουστίων.
988 3276 1121 3340 Quae
1194 3276 1261 3330 de
1291 3277 1645 3348 Augusteone
1671 3289 1835 3349 gustu
1866 3290 1920 3336 et

346 3361 470 3417 foro
496 3365 848 3433 cupedinario
879 3367 931 3419 in
956 3366 1147 3423 Graeco
1168 3366 1349 3424 Suidte
1372 3370 1519 3425 textu
1557 3387 1665 3426 non
1700 3381 1923 3427 exstan-

346 3454 494 3510 tibus
547 3456 712 3510 refert
768 3458 972 3511 citatus
1024 3459 1298 3527 interpres
1362 3463 1507 3531 apud
1576 3461 1919 3530 Gretserum,

347 3546 746 3601 somniantium
789 3548 895 3602 cibi
928 3559 1080 3615 sunt,
1114 3551 1334 3617 insulsi,
1366 3552 1611 3623 insipidi,
1644 3556 1792 3608 vani.
1825 3557 1924 3610 Est

345 3637 719 3692 ettrielinium
774 3638 870 3690 τοῦ
903 3639 1285 3707 Αὑγουστέως,
1322 3643 1391 3714 de
1424 3657 1535 3711 quo
1555 3641 1921 3714 Theophanes

349 3728 403 3782 in
457 3729 836 3800 Copronymo:
871 3730 1141 3802 Ἐστέφθη
1189 3734 1247 3785 ὲν
1281 3732 1361 3803 τῷ
1405 3734 1666 3804 τρικλίνῳ
1695 3736 1789 3789 τοῦ
1814 3738 1922 3789 Αύ-

344 3822 618 3889 γουστέως
652 3824 684 3889 ὴ
726 3822 1018 3890 βασίλισσα
1065 3824 1296 3894 Είρήνη.
1358 3826 1613 3897 Idemque
1659 3830 1920 3898 estquod

347 3914 550 3969 dicitur
584 3912 822 3985 χρυσοῦν
851 3914 1177 3984 τρικλίνιον,
1229 3931 1259 3970 a
1290 3916 1599 3974 Justiniano
1628 3918 1671 3973 ll
1705 3930 1922 3975 exstru-

345 4012 524 4068 ctum;
556 4005 623 4056 de
655 4018 765 4071 quo
789 4003 936 4058 alibi.
978 4003 1178 4076 Genu]

416 4092 560 4147 Ibid.
606 4092 933 4160 Epicombia.
992 4094 1193 4151 Junius
1244 4097 1321 4151 ait
1379 4098 1685 4168 ἑπικόμϐια
1740 4099 1918 4159 fuisse

346 4187 590 4249 missilia,
645 4186 726 4240 sic
774 4187 920 4240 dicta
950 4188 1097 4256 quod
1134 4198 1316 4242 essent
1375 4190 1571 4259 κόμδοι
1596 4194 1784 4247 ἐπάνω
1814 4196 1919 4248 αὐ-

344 4275 474 4338 τῶν,
500 4276 639 4343 quod
667 4276 790 4328 nodi
824 4291 986 4344 supra
1011 4294 1073 4330 ea
1107 4287 1299 4345 essent,
1329 4281 1517 4349 quibus
1540 4294 1692 4338 erant
1714 4287 1915 4339 nummi

342 4373 618 4432 propterea
678 4366 1018 4431 circumdati,
1067 4383 1129 4420 ne
1167 4369 1323 4435 jactu
1368 4374 1641 4440 populum,
1682 4377 1735 4428 in
1767 4392 1919 4445 quem

347 4456 711 4519 mittebantur,
730 4456 1073 4535 offenderent.
1103 4456 1210 4513 Sed
1233 4459 1349 4514 sine
1368 4461 1530 4515 dubio
1551 4465 1745 4519 melius
1762 4466 1921 4521 scivit

345 4547 676 4615 CurOpalata
741 4548 872 4618 quid
923 4560 1109 4604 essent
1161 4551 1486 4621 ὲπικόμσια,
1510 4569 1670 4622 quam
1700 4554 1918 4611 Junius.

344 4639 421 4693 Ita
450 4653 578 4708 ergo
602 4638 693 4693 ille
719 4658 733 4693 :
770 4640 1051 4709 Τμήματα
1082 4643 1146 4696 ἐκ
1171 4642 1374 4695 πανίων
1406 4646 1719 4711 κόπτοντες,
1747 4649 1920 4714 parti-

344 4728 491 4782 culas
516 4745 581 4783 ea:
634 4730 825 4796 pannis
892 4740 1208 4795 resecantes,
1240 4741 1290 4784 et
1317 4733 1370 4785 in
1394 4733 1623 4799 qualibet
1649 4735 1917 4802 particula

343 4820 506 4886 νωτιιὶ
536 4821 642 4872 tria
691 4835 855 4873 aurea
910 4820 1232 4874 numismata
1256 4829 1306 4875 et
1341 4822 1557 4875 totidem
1599 4834 1846 4893 argentea
1869 4837 1919 4880 et

347 4920 451 4964 tres
492 4911 671 4964 obolos
734 4912 1073 4981 colligantes,
1103 4913 1388 4981 projiciunt
1417 4916 1468 4968 in
1503 4916 1916 4974 multitudinem.

357 5001 639 5057 Ῥίπτουσι
681 5002 738 5055 δὲ
777 5002 1055 5066 τοιούτους
1091 5004 1454 5075 ἀποδέσμους·
1492 5008 1774 5076 projiciunt
1800 5026 1919 5063 vero

350 5092 649 5159 liujusmodi
701 5096 983 5161 fasciculos
1018 5108 1096 5161 et,
1161 5106 1219 5150 ut
1255 5101 1335 5154 sic
1371 5099 1573 5167 dicam,
1626 5102 1917 5171 ligaturas,‘

348 5181 541 5239 Latine
584 5186 813 5240 missilia
851 5186 963 5241 dici
978 5200 1228 5256 possunt.
1257 5187 1325 5243 Et
1358 5190 1413 5244 hi
1437 5191 1686 5259 fasciculi
1715 5210 1916 5250 vocan-

348 5282 438 5326 tur
483 5275 784 5345 ὲπικόμὸια
814 5278 1014 5331 anodo
1075 5293 1185 5347 quo
1229 5280 1580 5350 colligantur,
1633 5299 1729 5340 seu
1770 5289 1915 5355 quod

348 5362 602 5432 κόμὸοις,
639 5368 742 5421 hoc
789 5377 871 5422 est
888 5368 1067 5434 nodis,
1101 5371 1570 5439 constringantur.
1602 5374 1678 5429 De
1718 5377 1913 5432 iisdem

345 5454 717 5525 ἑπικομὸίοιςν,
778 5476 832 5529 p.
874 5460 973 5527 97,
1037 5462 1104 5517 de
1145 5462 1311 5516 verbo
1394 5467 1727 5535 ἐπικομόέω,
1786 5486 1914 5525 num

344 5544 594 5605 Gratum
627 5553 698 5607 sit
752 5567 822 5607 au
866 5552 1183 5619 barbarum,
1228 5556 1470 5626 disputat
1528 5559 1761 5617 Photins
1796 5563 1849 5617 in
1880 5564 1913 5616 2

2033 345 2109 401 De
2139 346 2334 402 iisdem
2387 348 2737 417 ὲπικομόίοις
2802 349 2994 405 eadem
3029 352 3142 406 fere
3175 350 3417 433 Joannes
3472 354 3615 409 Can-

2034 449 2357 505 tacuzenus,
2399 440 2437 494 l.
2477 455 2494 494 ι
2560 440 2635 496 De
2674 442 2832 498 bellis
2886 446 3030 501 inter
3068 444 3412 501 Andronieos
3451 461 3611 505 arum

2031 543 2085 586 et
2141 541 2430 601 nepotem;
2490 532 2598 588 nisi
2651 535 2799 603 quod
2856 550 2919 589 ea
2985 536 3167 606 spargi
3231 538 3394 602 dicit,
3457 550 3611 607 post-

2033 638 2195 692 quam
2266 628 2566 693 imperator
2630 626 2773 691 jam-
2813 627 3074 683 inunctus
3134 638 3189 683 et
3255 629 3614 699 inauguratus

2034 730 2099 769 ex
2133 715 2335 784 templo
2369 716 2670 785 egreditur.
2732 718 2949 773 Rursus
2970 719 3039 773 de
3073 720 3266 774 iisdem
3291 720 3454 790 356
3491 724 3613 774 ἐπι-

2034 806 2285 874 κομὸίοις
2311 808 2502 863 eodem
2536 810 2916 864 coronationis
2944 811 3033 864 die
3064 812 3245 881 spargi
3285 812 3464 866 solitis
3496 814 3612 867 haec

2030 898 2222 953 eodem
2279 900 2419 954 libro
2484 901 2945 959 Cautacuzenus:
3013 903 3154 957 ’Υπὸ
3201 904 3257 957 δὲ
3309 905 3408 975 τὴν
3439 907 3612 977 αὑτὴν

2032 990 2246 1059 ἡμέραν
2274 990 2331 1043 ἐν
2367 993 2478 1056 τοῖς
2506 990 2806 1060 βασιλείοις
2826 993 2921 1047 τοῦ
2943 995 3117 1065 δήμου
3146 997 3612 1068 συνηθροισμένου

2031 1079 2234 1142 παντὸς
2265 1081 2416 1150 παρὰ
2457 1083 2555 1135 τοῦ
2586 1084 2751 1137 αὑτοῦ
2788 1086 3163 1157 συγκλητικοὺ
3189 1087 3297 1142 τῶν
3326 1090 3613 1162 προτέρων

2031 1169 2135 1223 ἴσοι
2171 1169 2203 1238 ἢ
2236 1173 2330 1224 καὶ
2390 1172 2635 1237 πλείονες
2671 1176 2956 1248 ρίπτονται
2985 1180 3310 1250 ἁπόδεσμοι.
3360 1184 3614 1254 Curopa-

2030 1262 2141 1315 lata
2175 1278 2227 1331 p.
2258 1263 2347 1327 98,
2383 1265 2435 1317 in
2474 1276 2755 1335 posterum
2795 1268 2940 1324 diem
2973 1272 3026 1325 id
3052 1273 3270 1341 rejicit;
3304 1291 3412 1345 quo
3438 1278 3523 1332 die
3548 1278 3605 1332 id

2029 1356 2196 1409 etiam
2225 1356 2339 1410 fieri
2370 1358 2593 1414 solitum
2630 1359 3050 1418 Cantacuzenus
3070 1366 3263 1421 scribit
3288 1366 3327 1420 l.
3361 1382 3401 1433 ι,
3432 1382 3481 1424 ο.
3515 1369 3612 1423 bl.
3718 1382 3723 1385 '
3818 1394 3835 1413 -

2030 1446 2241 1501 Similia
2269 1448 2380 1503 fere
2411 1448 2744 1519 Curopalata
2778 1464 2985 1519 noster,
3017 1471 3067 1510 e.
3104 1458 3190 1511 17.
3219 1457 3292 1514 De
3322 1459 3425 1514 lioc
3457 1475 3614 1516 more

2031 1538 2384 1607 accipiendus
2440 1557 2664 1611 quoque
2722 1552 2806 1599 est
2871 1544 3237 1619 Pacliymeres
3301 1553 3339 1606 l.
3400 1569 3454 1607 ιχ
3495 1571 3616 1610 suae

1957 1629 2005 1686 B
2035 1627 2324 1694 Historias,
2385 1630 2477 1685 ubi
2522 1632 2769 1688 scribens
2813 1635 2880 1689 de
2927 1629 3279 1693 coronatione
3332 1641 3615 1699 Michaelis

2030 1719 2319 1789 Palmulogi
2341 1720 2433 1774 lilii
2457 1722 2757 1780 Andronici
2776 1726 3031 1793 senioris,
3054 1730 3394 1798 ῥιπτοῦνται,
3412 1732 3617 1802 inquit,

2029 1813 2080 1866 oi
2111 1812 2364 1882 συνήθεις
2396 1815 2718 1885 ἀπόδεσμοι.
2752 1818 2816 1872 Et
2850 1817 3053 1874 frustra
3080 1830 3164 1876 est
3194 1822 3332 1877 bene
3358 1825 3423 1879 de
3454 1824 3615 1881 Grae-

2031 1903 2111 1957 cis
2138 1904 2363 1957 meritus
2396 1904 2688 1974 interpres,
2714 1908 2807 1975 qui
2840 1909 3125 1976 fasciculos
3145 1913 3489 1968 odoratorum
3510 1917 3616 1984 ﬂo-

2030 2010 2147 2048 rum
2178 1997 2358 2065 spargi
2388 1996 2573 2050 solitos
2602 1999 2845 2067 coniicit.
2880 2001 3077 2057 (iners.

2081 2086 2165 2144 Ib.
2187 2085 2335 2159 [Hzec
2356 2089 2672 2159 ἑπικόμϐια,
2698 2094 2842 2162 regia
2861 2096 3087 2149 donaria
3109 2112 3322 2153 corona
3342 2113 3617 2173 susceptae

2031 2179 2204 2249 gratia
2248 2196 2461 2250 sparsa,
2519 2186 2763 2253 reperies
2812 2188 2957 2256 apud
3022 2190 3283 2261 antiquos
3338 2195 3615 2261 ὑπατείας

2030 2285 2163 2325 voce
2195 2272 2525 2343 significata.
2564 2275 2723 2331 Dicto
2746 2280 3382 2352 suggeritargumentum
3410 2288 3614 2344 Cedre-
3666 2336 3669 2337 ν

2032 2379 2136 2417 nus
2190 2364 2244 2418 in
2280 2364 2629 2421 Iustiniano:
2668 2370 2954 2423 Βασιλεύει
3011 2373 3146 2425 ἐτῶν
3190 2374 3292 2443 με’,
3327 2380 3419 2430 καὶ
3449 2398 3613 2449 μονο·

2031 2455 2320 2525 κρατήσας
2367 2456 2598 2511 δέδωκεν
2650 2460 2913 2513 ὑπατείαν
2967 2463 3100 2533 ὅσην
3133 2466 3312 2531 οὐδεὶς
3344 2469 3616 2538 βασιλέων

2030 2548 2251 2600 δέδωκε.
2295 2545 2657 2617 Theophanes
2691 2550 2746 2604 in
2801 2552 3044 2621 Tiberio,
3081 2556 3304 2628 ἔρριψεν
3346 2562 3614 2615 ὑπατείαν

2032 2639 2265 2711 πολλήν.
2298 2641 2358 2695 ιιι
2388 2641 2775 2715 Copronymo:
2818 2645 3101 2716 Προῆλθον
3130 2650 3367 2719 βασιλεῖς
3392 2655 3617 2723 ῥίπτον-

2031 2749 2120 2796 τες
2145 2733 2414 2787 ὑπατείαν
2446 2737 2727 2805 τριμίσεια
2759 2738 2855 2793 καὶ
2886 2741 3133 2810 σιμίσεια
3166 2743 3261 2796 καὶ
3301 2748 3617 2816 νομίσματα

2033 2824 2359 2895 καινούργια
2390 2826 2492 2890 ἕως
2525 2827 2626 2897 τῆς
2664 2829 2911 2899 μεγάλης
2937 2832 3256 2904 ἐκκλησίας.
3283 2837 3609 2901 Simmatta,

2033 2931 2148 2983 vni,
2176 2918 2261 2982 l0,
2292 2919 2358 2972 de
2377 2918 2555 2974 Phoca
2578 2920 2634 2974 in
2660 2919 2942 2977 Hebdomo
2969 2941 3161 2983 recens
3187 2939 3451 2986 coronato
3475 2950 3488 2986 :
3525 2934 3610 3003 Τῇ

2033 3010 2079 3063 δ’
2102 3010 2367 3081 ὑστεραίᾳ
2394 3011 2729 3083 ὲπιόατήρια
2755 3016 2865 3069 τῶν
2888 3018 3189 3088 σκήπτρων
3205 3023 3313 3084 τοῖς
3345 3025 3614 3093 στρατεύε

2037 3117 2171 3170 μασι
2212 3100 2361 3173 δῶρα
2395 3103 2715 3173 παρείχετο.
2767 3105 2878 3162 Leo
2913 3107 3315 3169 Grammaticus
3351 3115 3433 3169 vel
3466 3117 3614 3172 alius

2032 3192 2210 3262 quivis
2242 3193 2298 3247 in
2332 3196 2590 3251 Armenio
2643 3196 2829 3254 Leone
2859 3216 2873 3253 :
2931 3201 3152 3274 Μιχαὴλ
3182 3205 3209 3256 ὁ
3232 3204 3491 3274 βασιλεὺς
3527 3209 3613 3277 τῷ

2034 3283 2239 3353 πρώτῳ
2299 3283 2408 3337 ἔτει
2437 3286 2535 3356 τῆς
2567 3286 2849 3356 βασιλείας
2902 3291 3069 3345 αὑτοῦ
3102 3292 3330 3364 ἔστεψεν
3379 3298 3470 3350 τὸν
3491 3300 3611 3352 υἱὸν

2031 3375 2199 3429 αὑτοῦ
2226 3376 2626 3447 Θεοφύλακτον,
2682 3383 2762 3444 είς
2783 3381 2883 3447 τάς
2916 3400 2977 3437 τε
3000 3386 3197 3456 ἑορτὰς
3236 3390 3612 3462 προελθούσης

2031 3466 2125 3517 καὶ
2151 3465 2250 3533 τῆς
2287 3467 2551 3534 γυναικὸς
2586 3470 2751 3525 αὑτοῦ
2782 3474 3095 3542 Προκοπίας
3122 3477 3265 3546 μετὰ
3295 3479 3453 3550 δόξης
3475 3483 3610 3534 πολ-

2031 3555 2148 3625 λῆς,
2173 3558 2265 3609 καὶ⁵
2289 3558 2728 3632 παρασταθείσης
2744 3564 3057 3635 ἔμπροσθεν
3077 3566 3169 3620 τοῦ
3195 3568 3606 3642 θυσιαστηρίου,

2031 3646 2125 3699 καὶ
2154 3646 2368 3717 ίδούσης
2404 3650 2670 3721 στὲψιμον
2712 3655 2805 3707 τοὺ
2844 3658 2961 3711 υίοῦ
2996 3659 3190 3731 αὑτῆς,
3249 3667 3343 3716 καὶ
3372 3668 3612 3736 ποιησά-

2033 3753 2132 3806 σης
2190 3739 2364 3809 χαρὰν
2423 3742 2694 3812 μεγάλην,
2760 3748 2854 3798 καὶ
2899 3747 3269 3818 διανιιμάσης
3334 3758 3609 3826 χρήματα

2032 3828 2203 3906 πολλά
2239 3845 2253 3861 ’
2287 3830 2424 3901 αὕτη
2456 3832 2564 3902 γὰρ
2598 3829 2666 3904 ἦν
2720 3836 3043 3894 διατιθοῦσα
3073 3844 3254 3897 πάντα
3280 3846 3349 3899 τὰ
3379 3851 3478 3916 τῆς
3508 3850 3607 3919 βα-

2033 3920 2261 3985 σιλείας.
2322 3923 2366 3975 Α
2397 3926 2786 3984 consularibus
2821 3932 3121 4003 congiariis
3146 3939 3470 3995 muneribus
3506 3944 3607 3995 do-

2029 4014 2225 4070 nativis
2252 4016 2364 4071 haec
2392 4016 2781 4087 imperatorum
2811 4024 3075 4090 ὑπατείας
3095 4044 3292 4085 nomen
3313 4032 3610 4090 retinuisse

2029 4105 2315 4160 indubium
2350 4119 2453 4162 est.
2488 4110 2704 4177 Quanto
2737 4115 2902 4183 fastu,
2938 4119 3448 4189 acclamationibus,
3480 4141 3611 4179 mu-

2028 4197 2323 4265 nificentia,
2354 4203 2625 4259 donativis
2656 4209 2914 4263 κοινωνὸν
2947 4211 3056 4263 τῶν
3088 4212 3286 4267 ἑαυτοῦ
3318 4216 3607 4284 θεσαυρῶν

2026 4290 2087 4342 τὸ
2112 4291 2351 4362 ὑπήκοον
2380 4296 2616 4368 ποιήσας
2648 4298 2947 4359 Mauricius
2989 4303 3199 4371 inierit,
3229 4308 3416 4365 verbis
3444 4325 3605 4379 pom-

2028 4396 2149 4449 pam
2181 4388 2525 4455 aequantibus
2555 4402 2802 4448 recenset
2854 4392 3176 4462 Simoeatta,
3211 4414 3250 4464 t,
3291 4400 3378 4454 12.

2093 4472 2236 4528 Ibid.
2267 4473 2421 4547 [Ἐπὶ
2455 4482 2822 4549 σκουταρίου
2857 4487 3194 4552 καθεσθείς.
3228 4487 3490 4545 Sedentes
3542 4492 3602 4547 in

2022 4565 2214 4634 clypeo
2238 4582 2337 4636 per
2376 4580 2555 4626 castra
2586 4573 2945 4631 circumferre
3001 4594 3194 4634 recens
3224 4581 3604 4649 proclamatos

2020 4656 2384 4727 imperatores
2425 4677 2836 4721 consueverunt
2868 4670 3081 4740 antiqui
3108 4671 3366 4727 Romani.
3412 4673 3600 4729 Zona-

2023 4763 2112 4803 ras
2158 4751 2211 4804 in
2261 4750 2611 4811 Justiniano:
2678 4757 2942 4815 ’Υπάτιον
2994 4763 3087 4815 ἐπὶ
3126 4765 3355 4827 ἀσπίδος
3392 4766 3600 4835 μετάρ-

2023 4857 2139 4894 σιον
2168 4842 2401 4913 ἄραντες
2436 4849 2832 4919 ἀναγορεύουσι
2864 4853 3114 4922 βασιλέα.
3147 4848 3509 4924 Theopltanes
3533 4858 3597 4911 in

2022 4930 2321 4989 Mauricio:
2357 4937 2460 4989 Τὸν
2507 4940 2788 5010 Γερμανδν
2828 4942 3033 4998 ἄκοντα
3062 4946 3368 5016 στρατηγὸν
3392 4948 3596 5017 ἀνηγό-

2023 5040 2225 5092 ρευσαν
2250 5027 2343 5078 ἐπὶ
2375 5028 2608 5094 ἀσπίδος
2642 5031 2981 5101 ὑψώσαντες.
3014 5036 3216 5092 Ibidem
3246 5055 3262 5095 :
3295 5039 3375 5090 Τὰ
3410 5037 3593 5108 πλήθη

2024 5117 2486 5186 συναθροισθέντα
2543 5122 2939 5191 προϐάλλονται
2982 5125 3217 5196 ἔξαρχον
3252 5128 3447 5180 Φωκᾶν
3497 5129 3592 5181 τὸν

2021 5207 2344 5278 κένταρχον,
2374 5211 2468 5263 καὶ
2504 5212 2596 5264 ἐπὶ
2622 5215 2825 5268 ἀσπίδα
2858 5216 3047 5273 τοῦτον
3069 5218 3386 5287 ὑψώσαντες
3420 5220 3589 5290 εὐφή-

2024 5315 2205 5368 μησαν
2272 5300 2524 5373 ἔξαρχον.
2585 5306 2787 5362 Eadem
2821 5324 2960 5378 pene
2992 5311 3155 5366 verba
3183 5313 3377 5367 scribit
3406 5313 3592 5367 Simo—

2021 5401 2187 5455 t'atta,
2208 5408 2326 5459 vni,
2353 5394 2405 5450 7.
2449 5395 2879 5470 Ἑκατόνταρχον
2901 5410 3082 5458 tamen
3112 5405 3412 5460 correctius
3435 5415 3593 5459 vocat

2023 5492 2181 5550 quem
2243 5486 2601 5556 TbeOphanes
2661 5494 2984 5564 κένταρχονδ
3034 5495 3304 5567 Gregoras
3362 5513 3455 5562 ιιι,
3504 5497 3593 5551 1;

2033 5568 2422 5640 Ἀνηγορεύετο
2458 5575 2505 5629 δ’
2537 5578 2761 5647 ὕστερον
2794 5581 3179 5651 παρ’ἑκόντων
3206 5587 3312 5642 τῶν
3336 5586 3593 5657 ὑπηκόων
