3928 6214
329 116 436 180 39’)

1392 113 1478 173 IN
1521 112 1821 172 LIBRUM
1873 112 1967 170 DE
2037 110 2364 172 OFFICIIS
2405 111 2515 172 ΟΡ.

3477 108 3580 175 (ιζιθ

324 235 560 291 nullum.
613 229 671 284 '0
699 230 849 283 Λέων
901 227 992 281 τὸν
1041 223 1318 291 Κάρουλον
1355 225 1713 294 ἀμειϐόμενος
1760 223 1875 275 ἕστε

2011 222 2254 291 δρομίου,
2282 223 2400 277 loco
2425 223 2492 276 ab
2525 221 2756 277 ecclesia
2791 220 2871 276 vel
2902 221 3206 293 patriarcha
3241 221 3395 290 longe
3451 225 3575 278 alie—

323 326 423 396 ψεν
474 322 636 377 αὑτὸν
693 323 772 382 είς
801 318 1024 389 βασιλέα
1094 316 1376 384 Ῥωμαίων
1406 318 1461 368 ἐν
1508 315 1583 385 τῷ
1637 313 1746 383 ναῷ
1804 315 1895 365 τοῦ

322 417 478 486 ἁγίου
510 413 806 468 ἀποστόλου
845 411 1072 478 Πέτρου,
1114 407 1308 478 χρίσας
1337 407 1500 475 ἐλαίῳ
1537 405 1640 458 ἀπὸ
1673 405 1773 467 τῆς
1809 421 1897 456 κε-

322 507 499 577 φαλῆς
522 506 626 567 ἕως
655 501 850 566 ποδῶν,
872 501 964 554 καὶ
992 499 1302 569 περιϐαλὼν
1375 496 1655 567 βασιλικὴν
1696 495 1896 564 ἐσθῆτα

320 599 416 650 καὶ
474 595 684 661 στέφος.
727 590 832 646 Sed
884 605 983 645 nec
1032 590 1146 660 ipse
1194 589 1504 658 Eucltologii
1542 598 1742 647 textus.
1776 589 1896 641 aliis

319 685 568 740 minutim
599 683 908 746 recensitis,
942 681 1253 736 unctionem
1312 678 1570 747 prmcipit.
1626 679 1756 732 solis
1814 679 1896 732 his

317 779 502 834 verbis
556 785 697 831 orat.
741 776 791 839 1,
856 776 1039 844 χρῖσαι
1072 773 1409 836 καταξίωσον
1450 771 1526 839 τῷ
1583 770 1747 839 ἐλαίῳ
1798 771 1896 838 τῆς

317 871 713 939 ἀγαλλιάσεως,
761 882 880 921 eam
923 874 1217 920 conuolare
1285 871 1621 918 contentum.
1687 860 1892 916 Forsan

316 966 443 1036 quia
477 964 618 1017 ritus
658 978 685 1013 a
722 959 933 1013 Latinis
967 965 1244 1011 mutuatus
1262 964 1319 1010 et
1352 956 1421 1008 ob
1447 957 1700 1024 pietatem
1737 969 1894 1006 usur-

312 1067 492 1125 patus,
529 1053 744 1109 silentio
807 1062 987 1106 tamen
1023 1048 1127 1103 fuit
1171 1047 1224 1101 in
1257 1047 1636 1115 Euchologicis
1700 1055 1890 1098 tectus.

312 1150 475 1204 Solus
508 1148 597 1200 hic
622 1156 807 1199 noster
840 1150 1052 1205 auctor,
1081 1157 1144 1195 ac
1175 1149 1298 1193 ante
1321 1137 1519 1193 saecula
1553 1148 1785 1204 quatuor
1811 1134 1893 1188 Si-

310 1255 468 1294 meon
507 1234 1036 1297 Thessalonicensis,
1069 1233 1312 1302 apertius
1335 1232 1646 1285 unctionem
1681 1243 1890 1281 memo-

308 1344 516 1384 ravere.
556 1328 731 1395 Hujus
753 1333 884 1380 sunt
920 1324 1083 1377 verba
1120 1365 1133 1376 .
1176 1322 1268 1391 Τῷ
1326 1322 1423 1390 μὲν
1471 1319 1628 1388 μύρῳ
1659 1319 1891 1388 σφραγί-

304 1421 412 1484 ζων
436 1419 599 1472 αὐτὸν
631 1419 696 1486 τῇ
730 1414 1026 1485 σημειώσει
1057 1416 1149 1466 καὶ
1171 1412 1352 1482 χρίσει
1400 1409 1491 1463 τοῦ
1553 1410 1704 1472 ὄντος
1757 1427 1890 1462 παν-

301 1513 568 1575 τάνακτος
596 1510 689 1564 καὶ
745 1509 885 1563 κατὰ
910 1507 1144 1578 μίμησιν
1171 1504 1336 1558 αὑτοῦ
1369 1503 1529 1557 αὐτὸν
1568 1503 1890 1573 καθίστησιν

304 1606 398 1657 ἐπὶ
427 1603 553 1672 γῆς.

375 1693 518 1748 Ibid.
541 1690 995 1766 ῘΣταυροειδῶς.
1015 1688 1522 1743 Thessalonicensis
1566 1705 1579 1742 :
1613 1687 1768 1741 Μετά
1796 1685 1894 1756 τὴν

311 1786 538 1858 πρώτην
573 1784 739 1853 εὐχὴν
771 1785 839 1852 τῇ
863 1783 1074 1850 κεφαλῇ
1104 1779 1266 1832 αὐτοῦ
1306 1778 1666 1849 σταυροειδῶς
1713 1773 1892 1848 έκχέει

302 1880 364 1932 τὸ
393 1879 585 1949 μῦρον,
609 1877 824 1938 δεικνὺς
859 1876 933 1938 ὡς
966 1876 992 1926 ὁ
1018 1873 1255 1942 Χριστὸς
1278 1871 1442 1925 αὐτὸν
1466 1871 1675 1941 ἔχρισε.

377 1975 517 2027 Ibid.
549 1972 790 2044 [Ἄγιος.
830 1969 971 2022 Idem
1007 1968 1112 2021 :To
1154 1967 1306 2032 ἆγιος
1333 1965 1651 2035 ἀνακράςει,
1679 1962 1891 2026 δεικνὺς

301 2070 383 2136 ὅτι
416 2069 480 2118 ὲκ
530 2065 625 2117 τοῦ
681 2063 838 2129 ἁγίου
888 2060 1306 2128 καθαγιάζεται,
1363 2058 1458 2110 καὶ
1503 2053 1887 2123 καθιεροῦσθαι

302 2156 560 2229 βασιλεὺς
600 2156 708 2207 τῶν
738 2152 1091 2224 ήγιασμένων
1124 2153 1269 2203 ἐστὶν
1310 2149 1418 2202 ἀπὸ
1450 2147 1712 2211 Χριστοῦ.

378 2249 524 2303 Ibid.
563 2249 649 2320 [Et
674 2249 774 2300 καί
804 2263 964 2310 τινες
986 2245 1259 2313 λέγουσι.
1281 2245 1472 2300 Merito
1491 2252 1762 2308 asserunt,
1787 2241 1887 2296 Co-

300 2343 446 2397 dine.
470 2339 604 2395 Nam
637 2349 691 2394 et
720 2339 1069 2408 imperialem
1117 2353 1398 2403 coronam,
1449 2347 1507 2392 ut
1566 2336 1884 2402 patriarcha:

299 2436 440 2488 votis
468 2431 787 2487 coronando
816 2429 1136 2484 redderetur
1177 2428 1413 2493 felicior,
1458 2430 1508 2482 in
1537 2430 1693 2482 altari
1727 2429 1883 2481 video

298 2524 596 2594 repositam
627 2521 770 2590 apud
805 2519 1042 2574 Leonem
1071 2519 1495 2574 Grammaticum
1532 2520 1583 2572 in
1619 2519 1880 2572 Michacle

297 2614 608 2684 Theophili,
651 2612 806 2682 cujus
846 2621 1050 2665 textum
1094 2612 1259 2666 reddo
1295 2612 1381 2666 hic
1430 2612 1729 2682 puriorem.
1770 2611 1880 2662 Καὶ

293 2706 542 2771 δεδωκὼς
577 2708 604 2758 ὁ
631 2705 884 2775 βασιλεὺς
914 2705 1104 2774 Φωτίῳ
1156 2705 1478 2776 πατριάρχῃ
1518 2705 1576 2756 τὸ
1635 2705 1875 2773 στέμμα,

293 2801 433 2870 ἄρας
482 2801 548 2852 ἐκ
592 2799 688 2868 τῆς
738 2796 902 2849 αὐτοῦ
943 2797 1203 2866 κεφαλῆς,
1266 2797 1342 2858 ὡς
1386 2799 1700 2864 εἰσαγαγεῖν
1733 2799 1787 2849 ὲν
1813 2799 1875 2867 τῇ

292 2894 426 2964 ἁγίᾳ
450 2890 720 2961 τραπέζῃ,
764 2889 838 2949 ὡς
894 2888 1150 2956 ἐποίησεν
1192 2889 1356 2956 εὐχὴν
1410 2889 1498 2939 ἐπ’
1553 2887 1720 2954 αὐτῷ,
1782 2889 1876 2940 καὶ

295 2986 344 3037 οἱ
377 2985 726 3054 πραιπόσιτοι
753 2982 1075 3048 ἐνέγκαντες
1099 2980 1158 3031 τὸ
1214 2979 1494 3032 διϐιτίσιον
1521 2982 1612 3032 καὶ
1637 2982 1874 3048 τςαγγία

293 3078 548 3130 ἐνέδυσαν
576 3073 874 3137 Βασίλειον,
905 3073 1052 3134 ὅστις
1077 3070 1253 3140 βαλὼν
1287 3072 1386 3141 τὴν
1408 3071 1653 3141 χλαμύδα
1684 3072 1874 3124 ἔπεσεν

289 3172 369 3231 εἰς
393 3171 518 3229 τοὺς
541 3165 708 3227 πόδας
739 3165 832 3217 τοῦ
872 3163 1155 3234 βασιλέως.
1192 3165 1299 3216 Καὶ
1346 3164 1574 3232 ἐξῆλθεν
1614 3167 1640 3216 ὀ
1680 3182 1872 3233 πατρι-

291 3262 493 3328 άρχης,
527 3257 622 3311 καὶ
645 3252 779 3327 ἦρεν
818 3254 926 3308 ἀπὸ
947 3255 1046 3323 τῆς
1076 3254 1319 3323 κεφαλῆς
1342 3254 1436 3306 τοῦ
1468 3253 1750 3323 βασιλέως,
1780 3256 1872 3306 καὶ

291 3351 565 3402 ἐπέδωκεν
591 3346 724 3400 αὐτὸ
753 3345 829 3414 τῷ
858 3343 1091 3414 βασιλεῖ.
1125 3344 1235 3397 Καὶ
1280 3343 1388 3397 τῶν
1430 3343 1726 3413 σκήπτρων
1778 3360 1871 3395 πε-

291 3443 514 3504 σόντων,
546 3439 621 3502 ὡς
651 3440 792 3503 ἔθος,
832 3436 1058 3505 ἔστεψεν
1087 3438 1113 3489 ὁ
1147 3436 1368 3506 Μιχαὴλ
1425 3436 1516 3489 τὸν
1548 3437 1829 3488 Βασίλειον
1856 3451 1868 3466 ·

291 3537 387 3588 καὶ
429 3533 753 3601 εὐφήμησαν
807 3530 1008 3591 πάντες
1038 3546 1054 3562 ο
1117 3547 1136 3580 ε
1185 3529 1403 3598 Μιχαὴλ
1467 3527 1562 3580 καὶ
1607 3527 1871 3596 Βασιλείῳ

309 3625 479 3678 πολλὰ
517 3627 580 3678 τά
605 3624 720 3694 έτη.
760 3640 780 3674 ι

356 3715 688 3787 3591bid.
739 3711 946 3786 [Αὐτός
978 3730 1041 3767 τε
1093 3709 1193 3768 καὶ
1223 3714 1256 3766 ὁ
1286 3709 1679 3800 πατριάρχης.
1718 3709 1872 3764 Nunc

285 3826 391 3880 Ope
421 3812 487 3863 ab
529 3817 755 3876 utroque
780 3806 998 3868 collata,
1035 3817 1427 3873 nonnunquam
1452 3819 1480 3856 a
1523 3803 1740 3856 seniore
1771 3802 1872 3855 im-

290 3915 542 3972 peratore
600 3900 862 3968 collegam
909 3897 1243 3962 asciscente,
1303 3911 1332 3948 a
1387 3895 1506 3949 solo
1563 3893 1868 3963 patriarcha

289 4010 680 4064 nonnunquam
712 3993 920 4062 regium
950 4001 1180 4046 stemma
1226 3988 1468 4044 coronati
1502 3988 1664 4057 capiti
1697 3988 1870 4054 impo-

287 4090 540 4144 nebatur.
593 4085 967 4138 Patriarcbam
1027 4097 1191 4152 porro
1252 4083 1334 4136 vel
1396 4085 1686 4151 episcopos
1735 4081 1870 4135 alios

287 4179 668 4252 promovendis
700 4175 1122 4245 imperatoribus
1159 4176 1242 4229 vel
1283 4190 1504 4228 manum
1548 4175 1867 4227 adhibuisse

2004 329 2092 365 no.
2133 314 2479 367 Anastasitnn
2533 329 2905 368 successorem
2953 324 3179 369 coronat
3241 312 3574 382 Enphcmius

2001 415 2223 473 accepto
2255 405 2373 460 fidei
2408 399 2746 475 syngrapho:
2801 405 2994 475 Στέφει
3031 407 3213 468 αὑτὸν,
3265 407 3437 475 inquit
3477 406 3575 458 Zo-

2002 510 2186 549 naras.
2220 495 2489 565 Ἐστέφθη
2515 497 2593 558 δὲ,
2631 497 2865 565 explicat
2911 497 3291 566 Theophanes,
3347 497 3574 570 πέμπτῃ

1999 589 2061 654 τῇ
2095 588 2305 656 μεγάλῃ
2338 587 2432 639 τοῦ
2476 588 2668 656 Πάσχα
2711 589 2768 639 έν
2799 587 2876 656 τῷ
2915 587 3215 657 καθίσματι
3259 587 3353 641 τοῦ
3392 587 3572 641 Ἰππο-

1998 677 2244 748 δρομίου.
2272 677 2506 738 Justino.
2533 687 2725 732 cxaCto
2752 694 2887 747 pene
2918 679 3169 747 imperio,
3195 677 3430 733 Joannes
3449 696 3579 748 pou—

2000 769 2132 823 tifex
2165 769 2444 826 Romanus
2475 771 2684 839 Cpolim
2715 770 2995 842 profectus
3023 786 3280 825 coronam
3323 772 3577 840 imponit,

1998 878 2061 916 ex
2092 863 2406 917 Anastasio.
2455 862 2710 918 Justinus
2761 863 2928 925 idem,
2982 877 3048 916 ex
3119 863 3354 929 Zonara,
3414 881 3581 932 μετα-

1997 953 2276 1020 πέμπεται
2310 954 2435 1014 τοὺς
2468 955 2524 1006 ὲν
2553 953 2698 1005 τέλει
2732 956 2828 1007 καὶ
2865 952 3094 1023 βασιλέα
3129 953 3220 1004 τὸν
3259 953 3579 1021 ἀδελφιδοῦν

2008 1044 2392 1099 ’1ουστινιανδν
2416 1047 2822 1108 ἀναδείκνυσιν,
2853 1047 3014 1109 αὐτὸς
3041 1050 3106 1116 τῇ
3158 1047 3368 1116 κεφαλῇ
3406 1046 3574 1100 αὐτοῦ

1997 1139 2243 1208 περιθεὶς
2278 1139 2337 1190 τὸ
2366 1140 2625 1209 διάδημα.
2662 1140 2839 1210 Hujus
2871 1140 3032 1193 etiam
3091 1154 3260 1208 nepos
3297 1141 3431 1195 alter
3477 1139 3580 1193 Juo

2002 1232 2188 1286 stinus
2219 1230 2459 1300 ἐστέ-96η
2485 1231 2590 1284 ὑπὸ
2611 1232 2858 1286 Ἰωάννου
2885 1232 3247 1302 πατριάρχου,
3275 1232 3350 1286 ait
3371 1232 3581 1287 Cedro-

1993 1342 2134 1379 nus:
2157 1325 2247 1378 cui
2283 1340 2446 1392 gener
2477 1323 2756 1388 Tiberius,
2783 1324 3118 1392 TheOphane
3154 1335 3311 1388 teste,
3336 1325 3573 1394 ὲστέιρθη

1994 1419 2099 1470 ὑπὸ
2127 1417 2219 1470 τοῦ
2244 1418 2510 1486 Εὑτυχίου
2551 1417 2921 1486 πατριάρχου.
2957 1418 3058 1482 Qui
3095 1418 3345 1486 sequitur
3368 1416 3578 1471 Tiberii

1993 1525 2162 1580 gener
2198 1509 2495 1563 Mauricius
2523 1523 2707 1564 coram
2741 1510 3054 1578 patriarcha
3087 1511 3571 1580 senatuquejussu

1924 1595 1966 1652 Β
1997 1602 2175 1657 soceri
2209 1602 2533 1672 designatus
2563 1603 2860 1669 imperator
2886 1603 2983 1671 τῆς
3023 1601 3130 1655 τῶν
3152 1604 3372 1668 κοινῶν,
3411 1603 3578 1658 verba

1999 1702 2126 1747 sunt
2157 1691 2406 1757 Zonaraa,
2454 1693 2776 1763 διοικήσεως
2843 1694 3022 1765 εἴχετο
3058 1695 3307 1765 στεφθεὶς
3343 1697 3445 1749 ὑπὸ
3477 1695 3574 1749 τοῦ

1997 1784 2340 1855 πατριάρχου
2364 1784 2638 1838 Ἰωάννου.
2675 1783 2912 1850 Phocas,
2971 1787 3021 1839 in
3084 1787 3142 1840 S.
3178 1786 3405 1843 Joannis
3456 1789 3577 1843 aede

1995 1877 2046 1930 in
2079 1875 2358 1930 Hebdomo
2387 1887 2706 1944 coronatus,
2735 1879 2951 1933 nonnisi
2995 1894 3022 1930 a
3052 1879 3281 1951 (Syriaco
3335 1882 3577 1952 patriar-

1993 1965 2097 2021 cha
2130 1967 2256 2021 illuc
2290 1977 2616 2022 occurrente
2642 1983 2704 2022 ac
2732 1970 2854 2024 fidei
2913 1969 3318 2040 professionem
3373 1974 3574 2043 exqui-

1995 2067 2154 2114 rente
2216 2061 2371 2130 regni
2405 2076 2664 2115 coronam
2711 2062 2924 2116 videtur
2957 2066 3207 2133 adeptus.
3279 2064 3573 2122 lleraclius

1991 2150 2211 2203 sublato
2244 2161 2478 2221 tyranno
2507 2153 2687 2206 Phora
2712 2155 2792 2215 είς
2827 2155 2892 2206 τὰ
2915 2153 3165 2222 βασίλεια
3193 2157 3428 2229 ἐστέφθη
3461 2161 3570 2211 om

1989 2242 2216 2311 Σεργίου
2274 2244 2636 2313 πατριάρχου,
2705 2246 2764 2296 ἐν
2796 2245 2872 2313 τῷ
2933 2247 3207 2318 εὐκτηρίῳ
3237 2250 3332 2301 τοῦ
3377 2251 3568 2318 Ἀγίου

1988 2333 2287 2402 Στεφάνου,
2309 2336 2364 2386 έν
2399 2334 2477 2404 τῷ
2510 2335 2779 2404 παλατίῳ,
2810 2337 3005 2392 scribit
3041 2338 3422 2408 Theophanes.
3455 2342 3569 2397 He—

1990 2425 2188 2479 raclius
2206 2427 2343 2480 ﬁlios
2357 2427 2387 2479 d
2400 2441 2520 2489 uos,
2537 2426 2847 2482 lleraclium
2868 2438 2920 2483 et
2937 2429 3376 2497 Constantinum,
3395 2433 3568 2503 ἄμφω

1985 2515 2061 2567 τὼ
2092 2516 2245 2569 παῖδε
2301 2516 2379 2586 τῷ
2415 2517 2682 2586 βασιλικῷ
2707 2517 2996 2588 διαδήματι
3023 2525 3362 2586 τεταινίωκε,
3394 2533 3455 2578 ut
3487 2526 3570 2580 ait

1985 2606 2272 2661 Zonaras:
2363 2609 2516 2662 solus
2589 2623 2721 2662 vero
2783 2609 3182 2668 Constantinus
3258 2617 3556 2670 successit.

1983 2698 2272 2762 Constans,
2301 2714 2403 2754 avo
2427 2710 2580 2769 patre
2617 2708 2670 2755 et
2695 2712 2890 2770 patruo
2923 2705 3175 2771 mortuis,
3213 2707 3265 2759 in
3307 2723 3561 2778 regnum

1981 2800 2315 2859 assumptus,
2345 2793 2412 2845 de
2457 2807 2570 2861 quo
2602 2801 2788 2848 tacent
2813 2793 3082 2860 historici,
3121 2799 3342 2854 nonnisi
3398 2817 3425 2853 a
3464 2817 3563 2870 pa-

1983 2883 2222 2936 triarcha
2257 2883 2434 2953 potuit
2468 2885 2614 2954 regia
2639 2885 2832 2939 donari
2858 2888 3039 2941 ta-nia.
3075 2887 3242 2945 Filius
3289 2893 3564 2951 Constan-

1985 2977 2130 3028 tinus
2175 2985 2542 3045 cognomento
2584 2975 2902 3047 Pogonatus
2923 2979 3002 3048 τῷ
3035 2982 3132 3049 τῆς
3166 2982 3440 3050 βασιλείας
3471 3007 3566 3042 κε-

1979 3066 2224 3136 κόσμητο
2243 3067 2538 3137 διαδήματι
2571 3069 2827 3137 στεφθεὶς
2859 3071 3011 3141 παρά
3067 3075 3160 3127 τοῦ
3190 3078 3414 3147 πατρός.
3483 3080 3563 3138 De

1975 3156 2270 3212 Justiniani
2311 3159 2654 3215 Rhinotmeti
2681 3163 3042 3219 coronatione
3067 3169 3250 3224 nullus
3283 3174 3425 3240 apud
3471 3175 3559 3229 hi-

1978 3251 2216 3305 storicos
2245 3266 2430 3307 sermo
2459 3269 2474 3306 :
2519 3253 2635 3323 ipse
2667 3263 2871 3321 tamen,
2900 3259 3089 3314 scribit
3115 3261 3258 3318 idem
3291 3264 3558 3332 Zonaras,

1977 3342 2262 3414 Θετιδώραν
2290 3347 2383 3398 καὶ
2407 3345 2467 3397 τὸ
2495 3347 2705 3400 παιδίον
2737 3348 2814 3418 τῷ
2845 3349 2944 3420 τῆς
2987 3352 3267 3420 βασιλείας
3318 3358 3557 3423 ἀξιώσας

1975 3436 2201 3501 ὀνόματι
2256 3438 2423 3508 ἄμφω
2485 3437 2697 3508 ἔστεφε.
2749 3439 2878 3506 Qui,
2913 3444 3129 3500 sublato
3164 3445 3477 3506 Justiniano
3502 3463 3561 3507 et

1976 3528 2302 3600 Pbilippico,
2339 3534 2681 3602 tyrannidem
2724 3536 2984 3606 arripuit,
3021 3541 3300 3597 Artemius
3323 3541 3559 3600 Anasta-

1975 3623 2090 3678 sius
2125 3627 2189 3693 τῇ
2211 3629 2446 3694 κυριακῇ
2489 3627 2588 3695 τῆς
2618 3627 3022 3698 Πεντηκοστῆς,
3053 3633 3410 3701 συναχθέντος
3457 3637 3555 3690 τοῦ

1974 3715 2104 3769 λαοῦ
2135 3717 2193 3767 ἐν
2223 3719 2285 3786 τῇ
2323 3717 2537 3789 μεγάλῃ
2564 3719 2851 3790 ἐκκλησίᾳ,
2872 3721 3106 3792 ὲστέφθη
3139 3725 3243 3778 ὑπὸ
3299 3728 3550 3784 Ἰωάννου

1973 3808 2339 3878 πατριάρχου,
2379 3817 2439 3861 ut
2469 3815 2706 3863 testatur
2751 3809 3052 3867 Cedrenus.
3088 3811 3398 3872 Theodosio
3423 3833 3555 3873 suc-

1973 3914 2216 3963 cessore,
2244 3899 2311 3955 de
2348 3900 2506 3968 cujus
2544 3902 2961 3958 consecratione
2990 3904 3138 3959 nulla
3165 3909 3453 3976 memoria,
3484 3910 3554 3964 ad

1973 3991 2282 4046 clericalem
2318 3992 2480 4046 vitam
2506 3992 2766 4062 relegata,
2793 3992 2902 4048 Leo
2929 3992 3155 4052 lsaurus
3201 4000 3422 4054 nonnisi
3455 4017 3554 4069 pa-

1975 4085 2227 4138 triarchae
2263 4098 2430 4139 manu
2462 4085 2712 4140 diadema
2765 4089 2944 4155 potuit
2993 4088 3261 4158 accipere.
3315 4091 3392 4146 De
3439 4093 3556 4150 tilio

1971 4176 2314 4246 Copronymo
2348 4176 2466 4232 haec
2517 4178 2884 4242 TheOphanes
2913 4194 2928 4230 :
2974 4181 3054 4250 Τῇ
3096 4181 3281 4252 ήμέρᾳ
3310 4185 3402 4236 τοῦ
3434 4186 3554 4240 Πά-

285 4274 370 4327 νυι
396 4288 492 4327 ora
524 4273 578 4324 in
617 4285 804 4339 preces
856 4282 1137 4324 reserasse
1187 4275 1311 4318 ante
1366 4266 1700 4319 Marcianum
1758 4279 1864 4317 non

1984 4285 2076 4338 σχα
2109 4269 2344 4337 ὲστέφθη
2391 4270 2797 4332 Κωνσταντῖνος
2828 4269 2934 4322 ὑπὸ
2959 4270 3187 4334 Λέοντος
3216 4271 3310 4325 τοῦ
3345 4276 3553 4344 πατρὸς

285 4367 541 4435 legimus.
604 4362 769 4417 Casta
818 4360 966 4415 illius
1017 4375 1156 4413 uxor
1217 4357 1508 4410 Pulchcria
1569 4356 1866 4424 μεταστέλ-

283 4459 432 4511 λεται
470 4454 738 4526 (omnium
771 4450 967 4521 prima)
1005 4451 1095 4503 τὸν
1130 4452 1475 4519 πατριάρχην
1499 4447 1714 4518 καὶ-τὴν
1739 4448 1868 4517 σύγ-

283 4553 503 4618 κλητον,
541 4548 633 4600 καὶ
659 4544 980 4614 ἀναγορεύει
1006 4542 1325 4612 Μαρκιανὸν
1361 4540 1610 4609 βασιλέα.
1643 4541 1721 4594 Ex
1762 4555 1868 4610 quo

284 4641 597 4697 Marcianus
629 4637 733 4694 iste
771 4637 981 4708 primus
1017 4635 1264 4689 omnium
1297 4633 1542 4689 ecclesiae
1603 4633 1866 4701 suffragio

285 4743 589 4806 promotus,
626 4732 749 4804 θείᾳ
781 4730 953 4801 ψήφῳ
974 4729 1331 4800 αὐτοκράτωρ
1356 4726 1721 4796 ἀναδειχθεὶς,
1773 4741 1865 4779 as-

285 4829 484 4883 seritur
508 4824 914 4893 aTheophane.
957 4821 1115 4883 Exin.
1148 4823 1224 4875 ait
1255 4821 1420 4883 idem,
1479 4819 1629 4872 Λέων
1685 4818 1866 4870 ἐϐασί-

285 4921 477 4972 λευσεν
510 4917 660 4988 Θρᾲξ
682 4917 760 4987 τῷ
782 4918 955 4984 γένει,
1021 4915 1307 4984 τριδοῦνος
1358 4914 1456 4982 τὴν
1508 4913 1690 4977 ἀξίαν,
1747 4929 1864 4964 στε-

291 5013 447 5083 φθεὶς
491 5012 598 5065 ὑπὸ
632 5009 939 5062 Ἀνατολίου
968 5009 1060 5061 τοῦ
1095 5009 1456 5077 πατριάρχου.
1495 5005 1672 5059 Infra:
1717 5006 1867 5058 Λέων

285 5107 375 5158 τὸν
430 5105 635 5158 Λέοντα
685 5105 777 5156 τδν
829 5103 1076 5172 Ζήνωνος
1147 5102 1262 5154 υἱὸν
1318 5103 1412 5153 καὶ
1447 5099 1735 5170 Ἀριάδνης
1768 5100 1868 5168 τῆς

289 5199 420 5260 ἰδίας
455 5197 742 5266 θυγατρὸς,
771 5195 864 5248 τὸν
903 5194 1096 5246 ἑαυτοῦ
1132 5193 1355 5260 ἔγγονα,
1392 5191 1591 5260 στέψας
1645 5191 1867 5259 βασιλέα

285 5293 676 5362 ἀνηγόρευσεν.
720 5291 924 5344 Λέοντα
955 5287 1046 5341 τὸν
1079 5289 1326 5357 Ζήνωνος
1358 5286 1472 5338 υἱὸν
1511 5286 1606 5338 καὶ
1655 5285 1869 5354 Ἀριάδ-

289 5402 410 5453 νης,
438 5383 635 5454 νήπιον
701 5381 779 5434 ἐτι
833 5380 983 5446 ὄντα,
1040 5379 1262 5448 βασιλέα
1293 5379 1795 5447 προχειροτονήσας
1842 5377 1869 5429 ὁ

285 5475 438 5527 Λέων
470 5475 601 5546 μηνὶ
630 5473 970 5542 Ἰανουαρίῳ,
1011 5473 1105 5525 καὶ
1127 5470 1479 5540 Φεϐρουαρίῳ
1518 5471 1645 5538 μηνὶ
1678 5468 1868 5536 ἔστεφε

283 5566 509 5634 Ζήνωνα
540 5565 629 5624 τὸν
663 5564 793 5619 ἴδιον
825 5566 1036 5633 πατέρα
1071 5565 1128 5616 ὲν
1163 5561 1242 5630 τῷ
1269 5561 1566 5632 καθίσματι
1591 5565 1680 5615 τοῦ
1710 5563 1866 5615 ἱππο-

1973 4362 2032 4412 έν
2081 4360 2158 4430 τῷ
2203 4360 2562 4429 τριϐουναλίῳ
2605 4360 2712 4414 τῶν
2750 4361 3043 4416 δεκαεννέα
3080 4363 3407 4429 ἀκουὸίτων,
3452 4365 3552 4419 τοῦ

1977 4452 2248 4522 μακαρίου
2275 4451 2558 4522 Γερμανοῦ
2596 4451 2691 4505 τοῦ
2727 4452 3065 4522 πατριάρχου
3098 4455 3198 4516 τὰς
3253 4457 3385 4525 πρὸς
3421 4475 3549 4513 συν-

1971 4544 2162 4614 ήθειαν
2185 4544 2347 4612 εὐχὰς
2383 4542 2692 4605 ποιοῦντος.
2723 4545 3106 4614 Copronymus
3139 4545 3343 4614 pariter
3375 4551 3548 4605 filium

1971 4635 2235 4703 Leonem,
2261 4637 2452 4691 eodem
2489 4636 2818 4706 Theophane
2843 4637 3135 4705 scriptore,
3168 4653 3268 4692 ceu
3315 4640 3553 4710 impera-

1972 4737 2147 4782 torem
2203 4729 2511 4784 diademate
2555 4727 2796 4790 ornavit,
2851 4743 3040 4782 verum
3095 4731 3374 4785 Anastasii
3429 4732 3552 4790 falsi

1973 4821 2300 4888 patriarchae
2332 4830 2384 4873 et
2415 4821 2660 4890 ejusdem
2691 4821 2965 4874 haereseos
3018 4821 3294 4877 consortis
3342 4837 3506 4891 opera
3532 4841 3547 4877 :

1976 4911 2238 4979 Ἐστεψεν
2270 4913 2675 4973 Κωνσταντῖνος
2705 4913 2731 4962 δ
2759 4911 3022 4980 δυσσεϐὴς
3059 4911 3266 4965 Λέοντα
3301 4914 3396 4966 τὸν
3425 4916 3549 4968 ἐαυ-

1971 5004 2066 5056 τοῦ
2098 5005 2210 5055 υἱὸν
2233 5006 2311 5065 είς
2361 5003 2588 5071 βασιλέα
2621 5003 2690 5054 δι’
2714 5001 3070 5055 Ἀναστασίου
3129 5001 3221 5055 τοῦ
3267 5004 3545 5072 ψευδωνύ-

1976 5113 2076 5166 μου
2124 5096 2462 5165 πατριάρχου
2500 5095 2591 5146 καὶ
2626 5093 2932 5162 σύμφρονος
2975 5093 3164 5148 αὑτοῦ.
3196 5092 3302 5159 Qui
3353 5094 3550 5150 deinde

1974 5199 2248 5258 sceptrum
2285 5188 2482 5241 invasit
2515 5186 2875 5255 Nicephorus,
2933 5186 3203 5255 προῆλθεν
3251 5188 3309 5237 ὲν
3342 5189 3404 5254 τῇ
3449 5189 3544 5238 έκ-

1975 5282 2198 5350 κλησία,
2239 5283 2314 5334 ait
2342 5280 2644 5342 Cedrenus,
2671 5279 2762 5330 ἐπὶ
2815 5279 2876 5330 τὸ
2906 5278 3218 5346 στεφθῆναι,
3272 5277 3550 5346 Ταρασίου

1978 5375 2058 5427 ἔτι
2085 5376 2172 5426 τὸν
2207 5374 2392 5442 θρόνον
2417 5373 2755 5440 κατέχοντος,
2797 5371 2888 5440 qui
2914 5370 2986 5425 ob
3025 5385 3282 5425 coronam
3319 5379 3552 5440 tyranno

1981 5469 2294 5537 impositam
2343 5466 2480 5519 diris
2541 5463 3035 5528 exsecrationibus,
3086 5473 3143 5517 ut
3183 5463 3552 5531 Theophanes

1982 5571 2233 5626 testatur,
2284 5575 2310 5611 a
2365 5556 2565 5626 populo
2623 5554 2721 5610 fuit
2770 5556 3074 5624 itupetitus.
3135 5554 3299 5624 360
3359 5553 3552 5610 Narrat
