3928 6214
365 430 474 493 403

1477 433 1559 494 ΙΝ
1600 436 1903 496 LIBRUM
1945 439 2039 496 DE
2081 440 2399 502 OFFICIIS
2434 444 2543 502 (ΣΡ.

3489 438 3593 501 404

367 539 519 596 omni
554 555 620 595 ex
649 548 805 610 parte
829 541 1058 611 aequale,
1085 544 1180 598 sed
1226 544 1382 599 nodis
1416 546 1701 615 globisque
1728 548 1930 616 produ-
1960 564 2005 615 Α
2035 550 2315 607 Michaelis
2368 568 2531 607 manu
2582 551 2806 621 jamjam
2848 550 3064 620 imperii
3117 564 3379 608 coronam
3413 566 3602 607 susce-

366 633 638 690 ctioribus
694 634 1127 699 interstinctum,
1186 638 1516 703 rotundum,
1564 640 1720 708 quasi
1779 648 1935 693 torno

364 723 594 790 factum,
628 727 684 780 in
736 728 892 796 cujus
928 743 1183 797 suprema
1213 739 1369 798 parte
1403 730 1579 786 nodus
1624 740 1709 786 est
1760 732 1934 801 major

364 816 481 870 sive
514 815 775 873 ﬂosculus
804 820 1035 888 gemmis
1080 821 1511 891 circumquaque
1553 838 1647 892 per
1680 822 1764 875 (ila
1809 839 1934 892 ger-

366 908 705 992 minantibus
740 908 1007 966 emicans.
1055 911 1373 966 Rotundum
1404 928 1549 978 esse,
1584 930 1689 967 non
1722 915 1787 968 ad
1821 915 1933 983 pal-

367 999 540 1053 maris
569 1001 705 1053 rami
757 1002 977 1056 modum
1006 1003 1198 1067 latum,
1236 1006 1571 1060 demonstrat
1602 1020 1701 1059 vox
1742 1005 1937 1058 κυκλόο

368 1087 460 1139 θεν
516 1089 603 1143 hic
650 1092 848 1159 posita,
901 1109 1007 1163 qua
1057 1111 1298 1163 gemmas
1360 1112 1455 1165 per
1502 1112 1695 1166 gyrum
1748 1096 1935 1152 atIixas

369 1188 647 1234 ostentare
705 1184 1035 1238 declaratur.
1099 1186 1349 1256 Reliqua,
1412 1188 1470 1241 ni
1530 1187 1725 1242 fuerim
1786 1191 1936 1257 prior

282 1347 295 1352 _
368 1268 651 1335 deceptus,
687 1271 742 1352 in
780 1272 953 1342 eﬂigie
986 1272 1218 1330 Helenes
1260 1276 1525 1331 Manuelis
1578 1278 1847 1347 conjugis,
1879 1280 1932 1333 in

368 1350 924 1427 imperatorio'prius,
960 1379 1101 1417 nunc
1140 1366 1290 1433 regio
1341 1366 1399 1421 S.
1434 1367 1677 1437 Dionysii
1707 1382 1931 1435 operum

367 1458 471 1497 ms.
500 1445 553 1499 in
587 1448 734 1516 regia
765 1450 1008 1519 ejusdem
1062 1454 1303 1510 nominis
1334 1455 1554 1511 abbatia
1587 1458 1929 1526 reperiendo,

366 1534 517 1591 visus
552 1542 948 1609 comprobabit.

436 1626 584 1682 Ibid.
618 1628 807 1700 [Ὑπὸ
844 1637 1175 1704 εὐνούχων.
1207 1639 1248 1691 Α
1283 1640 1575 1707 praeposito
1603 1639 1742 1708 ipso,
1774 1641 1824 1694 id
1850 1648 1934 1695 est

348 1718 434 1787 fab
472 1720 854 1775 cunuchorum
885 1725 1148 1793 principe,
1174 1726 1545 1779 deducendam
1577 1726 1729 1794 jubet
1776 1736 1931 1796 typus

365 1805 768 1880 Euchologicus
803 1854 817 1867 .
858 1815 1153 1885 Είσάγεται
1214 1819 1246 1886 ἡ
1308 1817 1596 1887 βασίλισσα
1644 1819 1797 1887 παρὰ
1833 1818 1926 1871 τοῦ

365 1902 753 1967 πραιποσίτου.
789 1904 1101 1973 Simocatta,
1136 1924 1210 1971 tv,
1247 1910 1312 1963 15
1345 1926 1360 1962 :
1398 1910 1662 1979 Εὐνοῦχος
1702 1911 1781 1972 είς
1830 1910 1928 1978 τὴν

365 1986 651 2062 βασιλικὴν
724 1995 1053 2068 δορυφορίαν
1116 2001 1556 2069 συντεταγμένος
1634 2002 1927 2072 κορυφαιό-

361 2096 545 2146 ἀτος,
594 2082 654 2136 δν
716 2088 1087 2155 πραιπὸσιτον
1116 2089 1321 2143 εἴθιστο
1358 2088 1665 2159 Ῥωμαίους
1716 2091 1925 2143 ἀποκα-

363 2170 500 2225 λεῖν.

430 2263 495 2320 Ρ.
528 2265 617 2322 9‘2.
673 2267 914 2339 [Σωλέαν
946 2273 1123 2342 prius,
1184 2275 1408 2331 σωλεῖον
1442 2277 1529 2331 hic
1558 2277 1748 2333 scribit
1782 2297 1794 2332 :
1832 2278 1924 2332 alii

360 2356 605 2422 συλείαν,
631 2360 844 2429 σολὲαν,
878 2374 983 2423 etC.

428 2449 577 2505 Ibid.
606 2452 978 2525 [Ἐπιτίθησι
1007 2458 1079 2527 τῇ
1106 2460 1365 2530 κεφαλῇ.
1404 2460 1559 2518 Haud
1589 2465 1921 2531 patriarcha,

356 2560 548 2600 verum
592 2547 918 2617 imperator,
949 2552 1347 2622 imperatricem
1383 2564 1634 2609 coronat.
1668 2553 1920 2611 Justinus

355 2637 398 2701 Ι,
428 2638 731 2694 Λουπικίαν
762 2641 987 2711 ἔστεψεν
1025 2645 1363 2712 Αὐγοῦσταν.
1408 2644 1658 2701 Justinus
1704 2647 1748 2699 ll
1788 2641 1910 2715 eixe

355 2734 590 2797 γυναῖκα
611 2734 810 2801 Σοφίαν
841 2735 1089 2804 ὀνόματι,
1114 2738 1302 2807 ἥντινα
1328 2737 1551 2803 ἔστεψεν
1580 2737 1915 2804 Αὐγοῦσταν.

359 2818 612 2874 Tiberius
642 2821 867 2891 ἔστεψεν
899 2824 1273 2877 Ἀναστασίαν.
1296 2825 1505 2882 Pltocas
1527 2826 1785 2879 Λεοντίαν
1817 2826 1914 2896 τὴν

354 2906 552 2960 ἑαυτοῦ
588 2913 820 2975 γυναῖκα
866 2912 1094 2983 ἔστεψεν
1121 2914 1459 2983 Αὑγοῧσταν.
1522 2918 1596 2971 Ita
1634 2917 1915 2985 Theopha-

356 3014 475 3052 nes.
508 2998 625 3054 Non
648 3000 865 3057 inﬁcior
895 3004 1345 3074 imperatricibus
1368 3007 1710 3075 patriarchas
1738 3009 1914 3076 impo-

354 3092 537 3147 suisse
572 3108 854 3161 coronam,
883 3097 959 3151 ita
993 3099 1232 3154 monitus
1255 3114 1285 3153 a
1310 3098 1642 3169 TheOphane
1676 3117 1689 3153 :
1734 3100 1915 3152 Ἐστὲ-

2042 653 2234 712 pturus
2286 644 2463 714 βαλὼν
2512 645 2609 715 τὴν
2634 644 2885 714 χλαμύδα
2922 645 3120 696 επεσεν
3164 644 3245 706 είς
3276 645 3403 705 τοὺς
3430 644 3600 705 πόδας

2037 733 2130 787 τοῦ
2163 733 2446 801 βασιλέως,
2476 743 2534 787 ut
2563 732 2726 787 refert
2758 732 2865 788 Leo
2896 732 3315 787 Grammaticus.
3346 730 3540 802 Coum]

2112 823 2257 878 Ibid.
2304 827 2370 880 Et
2400 826 2468 878 δὲ
2505 823 2731 894 συμϐῇ.
2778 823 2836 879 Si
2882 824 3177 894 contigerit
3212 824 3596 893 imperatorem

2038 925 2198 971 antea
2260 930 2381 971 esse
2445 924 2789 978 corooatum,
2840 923 3140 969 coronatur
3183 914 3509 983 imperatrix
3566 929 3596 967 a

2039 1010 2264 1078 proprio
2297 1008 2498 1061 marito
2545 1016 2599 1061 et
2643 1007 3011 1076 imperatore;
3044 1002 3235 1059 eodem
3276 1002 3440 1057 modo
3469 1012 3599 1061 tunc

2038 1099 2261 1168 quando
2291 1099 2381 1153 illa
2413 1100 2466 1152 in
2501 1112 2724 1152 uxorem
2773 1097 2933 1151 ducta
2976 1096 3287 1167 nuptiarum
3330 1095 3596 1152 solemnia

2037 1192 2296 1246 celebrat.
2352 1192 2423 1244 At
2483 1191 2527 1245 si
2569 1204 2635 1244 eo
2687 1204 2799 1259 quo
2851 1186 3090 1243 diximus
3140 1196 3297 1258 pacto
3354 1189 3591 1253 eveniat,

2040 1290 2169 1337 tunc
2190 1321 2204 1345 ,
2235 1290 2523 1350 postquam
2578 1282 2879 1351 imperator
2913 1294 3087 1335 novus
3119 1282 3272 1334 suam
3309 1281 3596 1349 coniugem

2038 1383 2092 1429 et
2149 1374 2548 1441 imperatricem
2584 1372 2892 1439 coronavit,
2948 1372 3041 1426 illa
3092 1386 3241 1434 vero,
3284 1380 3345 1425 ut
3392 1371 3594 1425 dictum

2036 1475 2139 1530 est,
2191 1466 2457 1520 honorem
2519 1474 2574 1518 et
2613 1465 2979 1519 reverentiam
3031 1463 3239 1525 habuit,
3294 1461 3595 1515 ascendunt

2037 1556 2202 1612 simul
2260 1557 2313 1610 in
2368 1556 2728 1609 anabathram
2779 1568 2872 1607 seu
2908 1552 3236 1610 tabulatum.
3295 1562 3595 1617 rursusque

2037 1646 2321 1701 consident
2353 1646 2405 1699 in
2440 1660 2538 1699 suo
2570 1645 2786 1698 throno.
2822 1643 2888 1695 Et
2919 1645 3032 1696 haec
3056 1638 3432 1709 interpretatio
3462 1652 3596 1691 con-

2037 1739 2287 1792 firmatur
2318 1753 2383 1791 ex
2426 1737 2462 1790 l.
2502 1752 2515 1789 l
2547 1735 2773 1790 Joannis
2803 1734 3198 1794 Cantacuzeni,
3236 1732 3289 1785 in
3322 1744 3432 1799 quo
3456 1730 3596 1783 hanc

2036 1825 2386 1893 imperatoris
2409 1822 2770 1892 inaugurandi
2796 1830 2848 1875 et
2874 1821 3240 1890 imperatricis
3272 1820 3599 1874 coronanda:

2037 1915 2422 1968 caeremoniam
2466 1914 2655 1968 iisdem
2690 1912 2865 1966 ferme
2891 1912 3073 1967 verbis
3106 1911 3301 1979 quibus
3349 1909 3593 1977 Curopa-

2033 2006 2141 2059 lata
2174 2006 2465 2070 describit;
2516 2006 2593 2059 ait
2630 2005 2820 2058 enim:
2858 2002 2919 2056 Et
2961 2002 3019 2056 δὲ
3058 2001 3239 2072 συμϐῇ
3287 2017 3595 2072 προεστεμο

2037 2097 2196 2168 μένον
2228 2093 2367 2151 εἶναι
2394 2096 2485 2149 τὸν
2510 2096 2732 2161 βασιλέα
2755 2096 2846 2148 ἐπὶ
2873 2095 2973 2165 τῆς
2989 2093 3097 2146 τῶν
3129 2094 3321 2161 γάμων
3344 2092 3588 2161 τελετῆς,

2032 2192 2059 2241 ὁ
2085 2187 2338 2257 βασιλεὺς
2360 2188 2459 2256 τὴν
2484 2187 2619 2240 ἰδίαν
2641 2186 2906 2248 ὡσαύτως
2940 2188 3126 2254 στέφει
3152 2186 3408 2252 γυναῖκα,
3433 2179 3593 2245 αὖθις

2032 2279 2089 2331 δὲ
2124 2280 2426 2349 ἀμφότεροι
2474 2280 2569 2331 ἐπὶ
2608 2279 2706 2349 τὴν
2735 2276 3074 2347 ἀναϐάθραν,
3127 2286 3237 2331 etc.
3291 2274 3400 2329 Nec
3455 2274 3590 2329 illud

2032 2372 2421 2434 omittendum,
2477 2371 2571 2424 ubi
2615 2370 2947 2440 Curopolata
3010 2370 3176 2425 habet
3227 2367 3451 2430 σάκκον,
3512 2367 3589 2421 ibi

2032 2464 2174 2532 apud
2231 2462 2673 2518 Cantacuzenum
2725 2462 2834 2530 legi
2889 2460 3214 2531 πορφύραν,
3278 2468 3336 2513 ιιι
3390 2474 3441 2513 ο.
3494 2458 3587 2526 17,

2029 2556 2274 2609 ἐνδύεται
2310 2554 2500 2607 ἐπάνω
2529 2552 2623 2606 τοῦ
2652 2552 2886 2617 σάκκου,
2923 2551 3341 2606 Cantacuzenus
3379 2566 3395 2603 :
3425 2550 3594 2619 Περι-

2032 2647 2289 2700 6ἀλλεται
2337 2645 2580 2716 μανδύαν
2612 2642 2853 2715 χρυσοῦν
2885 2643 2976 2695 ἐπὶ
3008 2642 3067 2695 τὺ
3091 2641 3330 2711 διάδημα
3364 2641 3459 2693 καὶ
3490 2640 3590 2709 τὴν

2027 2739 2335 2807 πορφύραν.
2369 2737 2567 2792 (ῗιιιετε.
2698 2770 2719 2783 ε-

2096 2828 2157 2882 Ρ.
2193 2830 2280 2882 93.
2302 2826 2423 2902 μινά
2440 2830 2688 2902 ζλουσιν
2721 2823 2961 2893 ᾅσματά
2994 2839 3147 2876 τινα.
3175 2819 3585 2891 Tlteopbylacto

2025 2901 2683 2988 MichaelisCuropalatis
2705 2917 2815 2970 tilio
2838 2923 3099 2971 coronato
3124 2928 3308 2967 coram
3340 2912 3581 2981 parenti-

2025 3014 2131 3069 bus
2184 3014 2233 3064 oi
2265 3013 2450 3080 δῆμοι,
2484 3008 2676 3064 scribit
2723 3008 2834 3062 Leo
2870 3021 3040 3075 nuper
3072 3002 3276 3059 relatus
3304 3002 3387 3056 vel
3443 3001 3588 3055 alius

2021 3102 2221 3172 quivis,
2255 3099 2555 3168 Ἐμέλισαν
2584 3099 2873 3167 ποιήματα
2890 3096 3011 3148 καθ’
3031 3095 3263 3147 ’ἑκαστον
3288 3088 3421 3162 ἦχον
3440 3092 3581 3157 πρὸς

353 3184 464 3255 φθη
497 3187 529 3254 ἡ
570 3186 895 3255 Ἐπιφάνεια
917 3189 1076 3260 362
1106 3192 1139 3260 ὴ
1164 3190 1411 3260 θυγάτηρ
1457 3191 1782 3261 Ἡρακλείου
1812 3190 1916 3243 ὑπὸ
1944 3207 1989 3268 c
2024 3192 2301 3262 εὐφημίαν
2348 3190 2551 3254 αὐτῶν,
2608 3191 2792 3242 πᾶσαν
2831 3188 3022 3257 ἡδονὴν
3069 3186 3356 3248 κολακείας
3408 3182 3587 3252 παρέ-

355 3275 582 3345 Σεργίου
651 3280 1387 3357 πατριάρχουΙΑὺγοῦστα.
1454 3283 1512 3335 '0
1597 3282 1920 3352 ’Ἡράκλειος

354 3367 562 3436 ἔγημεν
590 3370 868 3439 Μαρτῖναν
888 3373 981 3425 καὶ
1002 3373 1370 3442 ἀνηγόρευσεν
1392 3374 1561 3443 αὐτὴν
1579 3374 1917 3441 Αὐγοῦσταν,

357 3461 683 3528 στεφθεῖσαν
711 3463 814 3515 ὑπὸ
836 3464 1062 3530 Σεργίου
1088 3465 1450 3535 πατριάρχου.
1473 3465 1729 3534 Augustae
1762 3478 1922 3533 porro

360 3565 465 3603 non
504 3566 896 3622 usquequaque
925 3570 1181 3609 coronam
1214 3557 1268 3609 in
1294 3555 1522 3611 ecclesia
1547 3555 1922 3623 suscipiebant

358 3642 647 3710 conjugum
681 3644 762 3698 vel
796 3645 1226 3713 patriarcharum
1262 3660 1449 3714 opera,
1487 3645 1725 3713 ἑστέφθη
1751 3645 1921 3712 siqui-

358 3731 479 3786 dem
505 3735 786 3802 Προκοπῐα
810 3737 1091 3804 Αὑγοῦστα
1127 3739 1185 3789 ὲν
1212 3736 1286 3806 τῷ
1308 3737 1567 3807 τρικλίνῳ
1588 3738 1679 3788 τοῦ
1706 3736 1919 3804 Αὐγου-

359 3826 550 3887 στὲως.
600 3826 805 3881 Ibidem
843 3828 1011 3881 Maria
1068 3828 1266 3882 Leonis
1311 3829 1483 3882 Isauri
1545 3828 1747 3897 coniux
1780 3828 1917 3896 ‘pari

356 3917 570 3969 honore
640 3918 970 3987 insigniter,
1019 3934 1085 3973 ex
1139 3917 1490 3988 Theophane,
1554 3933 1584 3971 a
1638 3933 1748 3988 quo
1804 3918 1919 3972 haec

353 4018 574 4061 cuncta.
601 4008 863 4062 Craterum
889 4010 1126 4064 Zenobia
1150 4001 1391 4063 Baéilisci
1427 4024 1564 4063 uxor
1593 4009 1761 4075 prima
1798 4025 1917 4060 στε-

354 4099 552 4162 φθεῖσα
625 4100 910 4166 Δὺγοῦστα
971 4101 1111 4167 apud
1177 4100 1487 4154 Ccdrenutn
1553 4101 1791 4154 occurrit
1860 4100 1914 4151 in

354 4186 594 4240 Zenone.
646 4190 902 4258 Angusmc
958 4191 1183 4244 nomine
1245 4192 1530 4259 conjugem
1595 4190 1918 4243 honestassc

353 4279 724 4331 Domitianum
760 4281 1080 4348 principem,
1103 4289 1352 4335 senatum
1372 4280 1623 4333 eumdem
1650 4280 1913 4333 honorem

349 4371 576 4423 Adriani
609 4371 827 4440 σου]υεὶ
862 4371 1147 4435 detulisse,
1185 4373 1324 4441 apud
1362 4372 1659 4439 Georgium
1685 4370 1914 4440 Syncel-

348 4465 461 4515 lum
497 4462 643 4529 lego.

2028 3302 2214 3355 κοντα.
2266 3283 2459 3353 ϐοΑιι.]

2096 3375 2239 3431 Ibid.
2277 3376 2514 3429 Metaxa.
2564 3372 2761 3428 Suidas
2797 3390 2811 3425 :
2844 3370 3056 3440 Σηρικὴ
3102 3370 3136 3438 ἡ
3178 3365 3385 3436 μέταξά
3414 3365 3586 3428 ἐστιν,

2025 3468 2084 3531 ἐξ
2113 3462 2181 3538 ἦς
2222 3466 2509 3519 εἰώθεισαν
2545 3465 2645 3535 τὴν
2678 3463 2880 3532 ἐσθῆτα
2911 3461 3269 3531 ἐργάζεσθαι,
3297 3457 3363 3527 ἣν
3410 3455 3585 3508 πάλαι

2027 3558 2127 3627 μὲν
2160 3558 2431 3629 ’Έλληνες
2466 3555 2728 3625 Μηδικὴν
2761 3553 3015 3616 ἐκάλουν,
3044 3552 3103 3603 τὸ
3134 3551 3193 3603 δὲ
3228 3550 3323 3602 νῦν
3349 3549 3587 3617 σηρικὴν

2024 3650 2371 3719 ὀνομάζουσι.
2432 3649 2567 3703 Ηίιιο
2609 3647 2961 3702 metaxaricus
2988 3644 3299 3713 negotiator
3334 3647 3586 3693 metam.

2024 3742 2232 3797 Scribit
2295 3742 2657 3811 Nicephorus,
2710 3755 2841 3802 xvn,
2895 3738 2985 3799 52,
3045 3742 3311 3811 metaxam
3364 3733 3585 3787 demum

2022 3834 2125 3889 sub
2180 3810 2489 3887 Iustiniano
2547 3831 2874 3898 imperatore
2908 3827 3118 3895 Cpolim
3172 3810 3405 3878 allatam‘
3438 3836 3585 3876 esse.

2023 3926 2139 3979 lluc
2194 3924 2331 3979 adde
2385 3922 2643 3991 ἑξὰμιτον
2687 3920 2765 3974 vel
2821 3919 3072 3988 ζάμιτον,
3115 3925 3361 3970 sammet.
3401 3913 3579 3966 Etiam

2020 4017 2195 4071 Latini
2235 4023 2585 4084 usurparunt.
2647 4014 2705 4067 in
2769 4011 3042 4067 Chronico
3069 4008 3384 4063 Sclavorum
3417 4005 3579 4075 363

2021 4125 2074 4164 c.
2107 4110 2139 4163 5
2167 4126 2180 4162 :
2210 4108 2405 4176 Regina
2435 4107 2651 4159 donavit
2681 4105 2802 4157 duci
2831 4104 3075 4156 samittos
3104 4101 3381 4167 plurimos,
3416 4100 3493 4150 ita
3524 4106 3582 4149 ut

2021 4216 2196 4253 omnes
2229 4199 2421 4250 milites
2453 4213 2574 4250 suos
2622 4197 2832 4249 vestiret
2867 4193 3118 4247 samittis.
3178 4190 3310 4244 Vide
3364 4190 3585 4243 Glossa~

2021 4294 2158 4346 rium
2195 4288 2731 4344 Graeco-Barbarum.
2762 4285 2977 4354 Tyrius,
3014 4297 3134 4349 xtu,
3166 4282 3235 4335 27
3272 4298 3286 4334 :
3322 4279 3580 4333 Exameto

2019 4388 2314 4445 coopertum
2338 4377 2618 4431 altissimo.
2653 4375 2859 4430 GnE'rs.
3144 4382 3173 4453 ς

2091 4470 2149 4523 Ρ.
2178 4470 2265 4523 93.
2286 4467 2386 4538 ['0
2417 4470 2601 4536 λόγος
2625 4467 2900 4532 ζητεῖται.
2931 4464 3152 4519 Audebo
3172 4463 3389 4526 dubius,
3412 4461 3458 4515 si
3477 4475 3586 4514 non

418 4552 559 4605 Ibid.
599 4552 749 4623 [Οὐχ
805 4554 1013 4621 ὅμοιον
1085 4553 1164 4619 τῷ
1218 4554 1324 4609 τοῦ
1394 4553 1724 4619 βασιλέως.
1797 4554 1910 4606 Imo

2031 4570 2217 4621 :ertus,
2254 4557 2518 4609 rationein
2551 4553 2813 4624 proferre.
2852 4554 3013 4607 Forte
3049 4563 3105 4606 ut
3131 4552 3404 4621 quondam
3431 4552 3585 4619 prino

346 4643 575 4699 adversa
608 4660 742 4713 pene
784 4646 958 4700 forma
983 4657 1350 4716 cmnpactum.
1382 4646 1500 4700 Noli
1533 4647 1676 4699 enim
1727 4646 1912 4713 globo-

346 4752 466 4790 sum
515 4751 566 4790 et
597 4747 820 4801 tectum,
853 4739 949 4793 sed
984 4738 1203 4807 planum
1255 4747 1311 4793 et
1347 4744 1629 4807 apertum,“
1651 4754 1713 4790 ac
1748 4737 1912 4790 latius

346 4812 851 4897 nonniliilsupcrne
879 4829 1239 4896 imperatricis
1267 4836 1500 4891 stemma
1549 4828 1600 4880 in
1631 4825 1779 4895 regio
1807 4842 1908 4879 ms.

349 4915 766 4987 Sandionysiaei
823 4918 1093 4985 depictqu
1168 4929 1270 4981 est,
1344 4934 1517 4987 eoque
1604 4926 1910 4973 memorata

345 5008 572 5071 Helene.
630 5008 908 5063 coloribus
956 5011 1259 5076 tlelineata,
1296 5011 1445 5065 velut
1480 5009 1679 5079 Cybele
1715 5009 1910 5062 turrita

343 5114 545 5151 corona
574 5099 884 5152 redimitur.
912 5099 1255 5171 Τυμπάνιον,
1286 5116 1436 5162 reor,
1474 5114 1501 5151 a
1530 5099 1704 5151 forma
1742 5114 1906 5166 quam

346 5185 540 5250 refert,
574 5198 736 5241 vocat
763 5188 979 5243 Nicetas
1010 5191 1184 5243 Alexii
1221 5191 1364 5243 tertii
1398 5190 1435 5241 l.
1466 5206 1484 5244 ι
1516 5206 1528 5242 :
1557 5190 1911 5259 Προεκάοητο

344 5276 609 5348 λαμπρῶς
647 5280 1102 5347 διεσκευασμένη,
1152 5282 1317 5343 λίθοις
1368 5298 1426 5333 τε
1463 5282 1559 5333 καὶ
1597 5282 1908 5350 μαργάροις

346 5369 635 5435 διαφανέσι
669 5370 728 5421 τὸ
756 5372 1064 5440 τυμπάνιον
1094 5372 1411 5437 ἁναδέουσα,
1451 5375 1543 5424 καὶ
1574 5373 1668 5424 τὸν
1700 5374 1906 5442 τράχη-

344 5460 434 5513 λον
463 5463 748 5531 ὀρμίσκοις
780 5463 1096 5532 πολυτίμοις
1120 5464 1586 5531 διαλαμϐάνουσα.

414 5551 475 5605 Ρ.
513 5552 602 5605 92.
637 5552 1089 5623 [Ὀμολογοῦσα
1120 5552 1215 5606 διὰ
1254 5552 1360 5621 τῆς
1404 5556 1907 5621 προσκυνήσεως.

341 5643 418 5696 lla
447 5643 746 5698 Mauricius
782 5661 809 5697 a
836 5644 1054 5699 Tiberio
1086 5660 1269 5698 coram
1300 5647 1610 5713 patriarcha
1637 5657 1689 5699 et
1711 5659 1902 5702 senatu

342 5745 641 5788 coronatus
678 5736 969 5793 confestim
1003 5736 1069 5789 ad
1111 5736 1275 5803 pedes
1305 5738 1424 5804 ejus
1456 5740 1691 5804 procidit
1731 5749 1781 5793 et
1811 5756 1903 5794 eos

344 5816 717 5890 eiwsculatur,
778 5828 921 5895 apud
976 5830 1353 5884 Simocattam.
1412 5828 1643 5884 Basilius
1691 5846 1904 5900 quoque

2014 4649 2224 4718 cipibus
2256 4645 2901 4725 triumphumagentibus
2926 4642 3090 4714 (quod
3122 4659 3247 4712 erga
3275 4641 3583 4695 lleraclium

2015 4741 2310 4796 factitatum
2341 4749 2525 4793 narrat
2580 4738 2961 4807 Theophanes)
3016 4737 3245 4804 populus
3298 4734 3585 4803 βαστάζων

2012 4834 2235 4894 κλάδους
2265 4832 2460 4884 ἐλαιῶν
2478 4831 2569 4884 καὶ
2595 4831 2905 4899 λαμπάδας,
2940 4827 3199 4897 εὐφημῶν
3224 4827 3484 4896 ἐξήρχετο
3505 4826 3584 4887 είς

2014 4923 2330 4991 ὑπάντησιν,
2361 4922 2430 4974 ita
2461 4922 2677 4973 demum
2720 4920 3053 4997 sericisillis
3083 4917 3388 4987 panniculis
3425 4917 3582 4969 elatis

2013 5015 2064 5067 in
2084 5013 2531 5067 sublimemorem
2568 5012 2849 5081 antiquum
2872 5013 3162 5066 novusiste
3202 5010 3402 5064 referre
3431 5009 3575 5063 vide-

2012 5114 2183 5157 retur.
2223 5102 2333 5155 Nec
2362 5102 2459 5154 abs
2518 5116 2576 5154 re
2606 5101 2712 5155 dici
2762 5111 2939 5169 potest
2997 5109 3276 5155 cantorum
3319 5100 3581 5154 domesti-

2013 5209 2199 5248 corum
2232 5200 2286 5245 et
2313 5191 2572 5246 lectorum
2612 5193 2807 5245 choros
2874 5193 3005 5245 visis
3044 5192 3097 5245 in
3130 5193 3268 5245 atrio
3313 5193 3579 5248 militibus

2012 5299 2107 5353 per
2136 5284 2388 5337 cohortes
2437 5282 2625 5337 divisis
2669 5299 2763 5336 sua
2795 5284 2948 5352 signa
2980 5283 3393 5352 praeferentibus
3429 5284 3581 5346 (ἕκα-

2014 5392 2133 5439 στος
2160 5375 2265 5444 γὰρ
2299 5376 2404 5428 τῶν
2429 5375 2771 5444 μεγιστάνων
2804 5374 2939 5443 μετὰ
2970 5374 3067 5443 τῆς
3115 5375 3321 5436 οἰκείας
3370 5375 3576 5437 τάξεως

2009 5468 2278 5537 διακριδὸν
2312 5469 2693 5536 ἐφιστάμενος,
2731 5479 2787 5519 ιιι
2812 5466 2934 5519 alibi
2965 5482 3028 5519 ex
3051 5465 3236 5519 Niceta
3266 5469 3315 5519 in
3365 5466 3578 5521 Joallne

2010 5560 2343 5628 retulimus),
2395 5560 2541 5627 ipsos
2589 5550 2804 5628 quoque
2848 5566 2957 5612 tres
3007 5569 3330 5613 memoratas
3366 5561 3574 5624 hastas,

2010 5666 2107 5719 pro
2132 5656 2299 5704 ternis
2317 5650 2769 5719 protopsaltarum
2794 5649 3218 5707 domesticorum
3238 5660 3289 5704 et
3314 5653 3573 5705 lectorum

2010 5741 2218 5806 turmis,
2255 5757 2318 5794 ex
2342 5751 2573 5810 utraque
2592 5741 2697 5795 τῶν
2715 5740 2965 5809 κρακτῶν
2986 5740 3118 5806 acie,
3154 5751 3209 5795 ut
3240 5742 3305 5795 ad
3333 5743 3575 5811 singulas

2008 5834 2154 5890 velut
2178 5835 2242 5888 ad
2271 5836 2545 5903 proprium
2569 5837 2779 5902 signum
2806 5847 2864 5890 se
2882 5832 3079 5904 singuli
3110 5836 3434 5905 reciperent,
3492 5834 3574 5889 vel
