3928 6214
344 333 455 399 εο5

1370 288 1381 295 ἣ
1443 338 1827 400 GRETSERI
1866 339 1961 400 ET
1983 338 2223 400 GOARI
2256 341 2493 402 ΝΟΤςΕ.

3488 350 3607 414 406?

320 461 493 523 certe
510 448 577 505 ad
616 449 789 505 solam
845 451 1293 515 ostentationem,
1356 466 1610 523 promere
1666 454 1931 508 voluisse.
1975 460 2012 516 Α
2049 452 2256 508 Sensus
2273 465 2355 507 est
2389 468 2401 502 :
2442 454 2741 521 imperator
2767 462 2913 509 tenet
2949 462 3077 511 tunc
3107 456 3391 527 (nimirum
3420 462 3475 518 in
3510 467 3600 521 illa

344 537 652 594 Candidum
679 553 811 595 vero
839 539 1180 609 rubrumque
1209 539 1418 595 colores
1440 539 1742 594 Ecclesiam
1774 539 1919 592 velut

342 632 412 683 ad
444 645 503 686 se
530 640 837 701 spectantes
870 630 970 686 sibi
995 632 1299 687 vindicasse
1354 631 1593 687 diximus
1648 631 1701 685 in
1759 645 1918 700 supe-

342 721 603 775 rioribus.
632 720 829 792 Coae]

415 812 559 866 Ibid.
582 812 760 866 Codex
800 812 995 868 Lautb.
1066 829 1165 883 pro
1213 816 1411 884 σεμνοῦ
1465 812 1657 883 ὕμνου.
1710 813 1918 867 Recte:

340 902 473 958 Cum
498 906 719 975 hymnus
741 906 1043 970 inchoatur,
1076 906 1330 960 videlicet
1358 922 1387 959 a
1434 906 1772 968 cantoribus,
1828 905 1920 973 qui

338 1002 621 1055 decantari
660 1002 801 1055 solet
826 1002 878 1055 in
908 1017 1107 1071 magno
1135 1002 1409 1070 ingressu,
1456 1003 1555 1057 hoc
1590 1001 1752 1056 estin
1786 1016 1921 1069 sup-

335 1092 637 1161 plicatione
669 1108 762 1147 seu
799 1093 1029 1147 solemni
1072 1094 1448 1161 processioue,
1478 1093 1533 1146 in
1598 1106 1725 1161 qua,
1786 1091 1922 1144 lecto

329 1184 449 1249 jam
488 1183 801 1252 Evangelia,
834 1184 1218 1237 circumfertur
1248 1198 1346 1252 per
1373 1183 1630 1250 templum
1696 1181 1922 1259 materia

334 1276 512 1333 tutari
544 1274 821 1339 sacriﬁcii,
849 1275 1013 1329 ducto
1048 1274 1207 1329 initio
1235 1291 1262 1327 a
1306 1274 1576 1344 prothesi,
1618 1273 1685 1326 ad
1749 1272 1923 1325 altare

332 1371 391 1424 in
427 1386 537 1439 quo
569 1366 893 1423 saciiﬁcium
920 1367 1323 1421 immolabatur.
1351 1367 1423 1419 De
1440 1381 1545 1434 qua
1572 1365 1925 1433 processione

332 1460 551 1528 legatur
574 1457 828 1513 Cabasila
862 1458 915 1509 in
940 1456 1185 1524 Exposit.
1208 1455 1406 1517 Missae,
1438 1471 1487 1510 c.
1524 1455 1613 1509 34.
1645 1454 1850 1509 Gnsrs.

410 1547 556 1604 Ibid.
589 1547 827 1619 [Duplex
858 1546 1058 1608 εἰσοδῡς
1091 1548 1336 1600 introitus
1363 1547 1416 1599 in
1453 1547 1693 1616 liturgia,
1722 1561 1924 1614 parvus

333 1650 392 1694 et
419 1654 671 1708 magnus.
705 1637 918 1692 Primus
952 1637 1258 1691 inducendo
1286 1638 1352 1692 ad
1392 1638 1563 1692 altare
1593 1638 1927 1707 Evangelio;

333 1745 486 1793 rum,
517 1718 645 1783 ante
668 1728 956 1785 lectionem
987 1742 1203 1794 eorum,
1228 1728 1390 1795 libro,
1424 1728 1701 1783 secundus
1726 1728 1925 1795 depor-

335 1823 522 1876 tandis
554 1821 619 1875 ad
662 1821 805 1874 idem
839 1821 1011 1875 altare
1033 1822 1205 1876 sacris
1239 1820 1421 1886 donis,
1466 1835 1606 1890 pane
1660 1820 1920 1873 nimirum

332 1920 390 1964 et
423 1910 574 1975 vino,
608 1909 915 1964 destinatus
938 1918 1021 1964 est
1047 1926 1062 1973 ;
1098 1909 1268 1979 ﬁtque
1297 1926 1361 1964 ea
1405 1912 1587 1965 missae
1606 1919 1779 1979 parte,
1800 1925 1921 1978 quae

332 2002 499 2057 nobis
528 2001 820 2068 Evangelio
846 2000 986 2056 lecto
1022 2001 1225 2055 dicitur
1266 2003 1616 2069 oﬁ‘ertorium.

410 2092 551 2145 Ibid.
588 2091 609 2163 [
644 2095 864 2161 Υμνου.
886 2093 1127 2161 Hymnus
1155 2094 1244 2149 ille
1271 2094 1609 2149 Cherubicus
1636 2102 1741 2158 est,
1774 2095 1924 2162 offer-

334 2184 533 2237 torium
567 2200 762 2239 rursus
792 2184 1002 2239 Latinis
1029 2185 1357 2249 vorandum,
1394 2186 1538 2254 quod
1560 2186 1689 2239 dum
1718 2185 1916 2240 oblatae

333 2274 665 2330 deferuntur
687 2276 752 2330 ad
781 2276 972 2341 altare,
1005 2285 1275 2341 cantetur,
1312 2276 1377 2330 de
1403 2291 1512 2345 quo
1538 2276 1793 2338 All-alius,
1821 2276 1923 2329 Ar-

332 2369 555 2431 cudius,
589 2370 806 2439 liturgia
822 2369 1202 2441 Chrysostomi
1236 2379 1289 2423 et
1322 2367 1737 2438 Eucbologium.

413 2460 556 2514 Ibid.
592 2460 933 2533 [Πρόθεσιν.
980 2462 1169 2516 Altare
1218 2462 1531 2517 Graecorum
1560 2462 1715 2531 ἅγιον
1769 2464 1921 2534 βῆμα

332 2552 502 2622 vulgo
530 2552 759 2618 dictum,
794 2567 822 2605 a
854 2552 1064 2621 reliquo
1090 2552 1292 2621 templo
1325 2563 1580 2621 separant
1615 2554 1913 2621 κιγκλίδες,

338 2644 588 2708 cancelli,
607 2643 689 2697 vel
712 2644 876 2697 etiam
898 2643 1068 2697 solida
1099 2644 1361 2707 tabulata,
1396 2653 1557 2712 prout
1589 2645 1640 2698 in
1670 2646 1919 2700 ecclesiis

338 2735 549 2789 nostris
576 2735 677 2787 alia
714 2744 866 2803 septa
898 2750 1182 2789 sacrorum
1216 2735 1457 2788 virorum
1486 2735 1714 2789 chorum
1753 2751 1782 2790 a
1816 2751 1915 2803 po-

338 2826 473 2895 pulo
499 2826 750 2880 dividunt
786 2828 1102 2897 augustiora
1139 2836 1313 2896 septa.
1350 2828 1407 2880 In
1461 2837 1775 2883 transverso
1826 2829 1919 2884 illo

338 2918 586 2972 tabulato
616 2930 726 2971 tres
760 2930 927 2986 portae
948 2927 1095 2981 sunt,
1124 2920 1299 2973 media
1335 2920 1533 2988 major,
1562 2922 1680 2974 alia:
1712 2936 1742 2974 a
1785 2921 1918 2974 late-

341 3012 498 3064 ribus
528 3011 787 3064 minores.
826 3009 1051 3063 Mediam
1097 3011 1226 3079 ἅγια
1272 3009 1432 3079 Οὐρια
1488 3012 1677 3064 dicunt
1720 3011 1915 3076 Graeci,

2024 542 2396 614 processione)
2437 544 2617 598 locum
2644 544 2907 611 deputati.
2942 544 3270 603 Numeratur
3304 560 3484 608 autem
3516 556 3601 608 οἵα

2023 634 2205 687 ﬁcium
2264 635 2563 703 deputatia
2621 633 2947 702 Curopalata
3013 638 3340 696 interoﬁicia
3397 659 3606 714 magum

2023 724 2277 779 Ecclesia
2330 727 2382 779 in
2442 726 2691 796 catalogo
2749 726 3061 783 olllcialium
3117 731 3361 799 ejusdem
3434 739 3602 804 aulae,

2023 830 2072 870 c.
2106 816 2159 869 1.
2188 818 2396 872 Guers.

2096 907 2246 965 Ibid.
2281 908 2479 981 [Simul
2514 920 2679 981 atque
2704 928 2974 970 summum
3004 917 3292 987 imperium
3315 923 3492 990 quivis
3507 938 3602 978 ac-

2024 996 2258 1064 ripiebat
2290 994 2610 1067 imperator,
2641 1002 2716 1054 ait
2753 1002 3033 1070 Zosimus,
3060 1007 3297 1063 amictus
3322 1012 3373 1063 ei
3419 1027 3603 1066 sacer.

2024 1088 2219 1144 dotalis
2270 1104 2299 1143 a
2361 1092 2714 1159 pontificibus
2811 1095 3171 1163 oﬁ‘erebatur,
3226 1106 3282 1153 et
3348 1103 3605 1158 continue

2024 1181 2299 1247 pontiﬁcis
2341 1183 2562 1237 maximi
2588 1185 2808 1239 titulum
2839 1190 3173 1257 usurpabat;
3200 1200 3457 1261 tantaque
3491 1203 3609 1248 erat

2025 1269 2165 1323 inter
2203 1270 2611 1359 imperatoriam
2634 1285 2686 1329 et
2713 1276 3049 1344 poutiﬁciam
3091 1281 3415 1349 dignitatem
3474 1299 3608 1340 con-

2025 1362 2209 1428 nexio,
2231 1370 2290 1414 ut
2312 1364 2432 1417 sine
2453 1363 2554 1418 hac
2577 1365 2668 1419 illa
2692 1367 2998 1423 consistere
3024 1371 3292 1437 nequiret,
3322 1388 3385 1426 ac
3404 1375 3458 1427 in
3484 1389 3609 1428 eum

2025 1454 2231 1509 Sttbditi
2264 1456 2582 1523 conspirare
2638 1456 3052 1525 impellerentur
3102 1463 3389 1529 audacius,
3443 1483 3607 1535 quem

2024 1542 2201 1612 patria
2225 1544 2484 1612 religione
2512 1555 2895 1603 consecratqu
2927 1566 3035 1604 non
3062 1556 3605 1623 contemplarentur;

2027 1651 2186 1703 quem
2221 1650 2351 1690 vero
2380 1634 2489 1690 illa
2512 1638 2785 1693 sublatum
2819 1642 3186 1711 suspicerent,
3249 1654 3395 1699 tanta
3443 1648 3610 1702 simul

2028 1728 2351 1782 auctoritate
2379 1729 2674 1797 pollentem
2728 1734 3154 1801 venerabantur,
3188 1745 3249 1790 ut
3294 1751 3359 1791 eo
3386 1740 3609 1806 quosvis

2028 1820 2382 1888 magistratus
2409 1830 2724 1876 assererem
2760 1823 3070 1890 inferiores,
3125 1836 3180 1881 et
3205 1829 3425 1898 ex-ejns
3475 1840 3609 1885 nutu

2025 1910 2413 1978 voluntateun
2442 1926 2529 1965 res
2558 1912 2813 1980 publicas,
2850 1913 3100 1984 privatae,
3124 1917 3275 1983 belli,
3313 1919 3483 1987 pacis,
3519 1937 3612 1975 ex-

2026 2007 2216 2062 ternae,
2252 1999 2592 2066 domesticae,
2629 2011 2843 2057 cunctae
2878 2005 3224 2073 penderent;
3259 2022 3379 2075 quae
3444 2024 3610 2065 causa

2022 2089 2127 2145 fuit
2158 2099 2217 2145 ut
2244 2092 2386 2165 inter
2412 2091 2765 2148 Christianos
2797 2094 3158 2163 imperatores
3215 2098 3402 2167 primi,
3455 2100 3606 2153 Con-

2022 2183 2316 2250 stantinus,
2336 2184 2714 2254 Constantius,
2739 2184 3181 2254 Valentinianus,
3203 2188 3403 2246 Valens
3427 2201 3480 2247 et
3513 2193 3607 2246 alii

2022 2274 2088 2327 ad
2122 2272 2447 2328 Gratianum
2486 2291 2680 2345 usque,
2755 2278 3033 2345 pontiﬁcis
3088 2280 3315 2334 maximi
3382 2284 3601 2337 titulum

2022 2367 2326 2436 stolamque
2359 2381 2466 2420 nou
2490 2367 2689 2422 fuerint
2719 2370 3138 2426 aversati.Hine
3172 2372 3302 2427 illud
3332 2374 3616 2428 Ambrosii»

2022 2458 2436 2513 deCltristianis
2460 2459 2802 2527 principibus
2851 2462 3014 2515 etiam
3077 2464 3219 2517 intra
3285 2465 3607 2520 Christiana:

2021 2548 2299 2617 religionis
2333 2548 2595 2601 terminos
2620 2548 2918 2603 ambitione
2950 2551 3115 2604 motis
3142 2552 3348 2606 dictum
3379 2572 3392 2607 :
3439 2553 3617 2625 Vulgo-

2020 2640 2125 2691 dici
2159 2639 2296 2707 quod
2320 2642 2660 2707 imperatores
2688 2641 3260 2713 sacerdotium‘magis
3310 2648 3610 2713 optaverint

2020 2747 2179 2801 quam
2209 2731 2488 2799 imperium
2524 2730 2847 2783 sacerdotes.
2893 2729 2997 2784 Ubi
3050 2741 3229 2787 tamen
3259 2745 3417 2789 aucta
3480 2737 3610 2790 reli-

2019 2822 2109 2892 gio
2147 2822 2469 2877 umbratiles
2492 2824 2657 2876 etiam
2680 2822 3097 2891 superstitionis
3136 2824 3330 2880 titulos
3357 2828 3614 2881 elimina-

2019 2915 2097 2968 vit
2125 2929 2154 2968 e
2180 2915 2401 2982 palatio,
2440 2928 2503 2968 ac
2535 2916 2751 2969 sincera
2782 2917 2981 2970 mentis
3014 2915 3249 2984 dejectio
3311 2918 3479 2974 falsas
3512 2931 3612 2976 aut

2020 3022 2188 3060 vanas
2216 3006 2522 3074 repudiavit
2545 3006 2961 3075 appellationes,
2980 3008 3123 3063 inter
3150 3009 3378 3065 ultimos
3414 3009 3610 3067 Eccle-

340 3102 504 3170 ἁγίας
526 3102 720 3166 πύλας,
746 3101 902 3168 ἁγίας
926 3100 1115 3170 θύρας,
1141 3110 1244 3157 etc.
1266 3101 1307 3153 E
1326 3102 1589 3155 lateribus
1613 3102 1918 3165 dexteram,

2030 3098 2120 3151 sise
2178 3097 2464 3153 ministros
2518 3097 2700 3151 locum
2744 3099 2987 3168 reperire
3041 3115 3109 3154 ac
3163 3115 3353 3155 eorum
3408 3118 3623 3158 munus:

342 3195 441 3249 ubi
484 3192 791 3246 διακονικόν
822 3202 926 3254 est,
951 3192 1123 3244 νότιον
1162 3194 1345 3261 μέρος,
1377 3193 1655 3251 sinistram
1699 3193 1911 3263 βόρειον

343 3284 529 3353 μέρος,
561 3297 659 3336 nec
689 3297 799 3334 non
850 3281 1108 3351 πρόθεσιν
1154 3288 1367 3335 vocant.
1406 3283 1669 3351 llpdﬁeat;
1699 3282 1917 3336 demum

338 3389 530 3429 mensa
571 3383 655 3428 est
691 3374 780 3426 ubi
825 3387 984 3427 sacra
1012 3374 1155 3427 dona
1193 3374 1244 3426 in
1302 3374 1471 3428 missa
1542 3374 1918 3427 consecranda

338 3467 706 3536 προτίθενται,
740 3468 907 3532 primo
957 3474 1342 3534 proponuntur,
1400 3475 1458 3519 et
1543 3474 1668 3519 ante
1738 3465 1921 3519 missa).

340 3558 673 3627 principium
713 3570 743 3610 a
774 3557 1058 3611 sacerdote
1113 3566 1167 3610 et
1225 3559 1458 3611 diacono
1508 3566 1810 3625 praeparata
1850 3558 1918 3611 ad

341 3650 687 3705 oﬁ‘ertorium
718 3664 890 3718 usque
925 3656 1282 3718 reponuntur.
1309 3648 1516 3719 Hineci
1541 3663 1762 3718 quoque
1786 3667 1921 3719 προ-

342 3745 541 3805 Θέσεως
576 3756 802 3796 nomen.
1428 3718 1467 3755 θ

414 3830 558 3885 Ibid.
597 3829 701 3900 [Td
722 3829 879 3899 ἅγια.
919 3829 1167 3898 lutellige
1195 3829 1366 3900 δῶρα,
1393 3844 1590 3899 panem
1625 3838 1680 3883 et
1704 3829 1917 3886 viuum.

412 3917 561 3971 Ibid.
612 3917 885 3988 [Μανδύας
938 3920 1136 3988 regium
1189 3919 1417 3987 pallium
1450 3930 1559 3981 est,
1598 3930 1650 3974 et
1677 3921 1725 3975 si
1750 3922 1921 3976 mavis

340 4011 619 4078 chlamys;
673 4008 776 4064 nisi
828 4011 972 4078 quod
1027 4010 1273 4079 chlamys
1320 4011 1555 4075 brevior,
1606 4019 1661 4064 et
1693 4011 1922 4064 humero

342 4104 538 4158 dextro
572 4102 732 4157 ﬁbula
763 4103 845 4157 vel
871 4103 1014 4157 nodo
1040 4114 1368 4169 necteretur,
1400 4106 1661 4175 mandyas
1685 4105 1920 4173 longior,

344 4196 411 4249 ad
438 4194 879 4263 pectuszcollique
908 4194 1143 4248 radicem
1170 4196 1523 4249 anteriorem.
1553 4195 1725 4251 Totus
1748 4195 1923 4267 Phry-

346 4284 531 4351 gionis
556 4299 720 4351 opera
746 4284 912 4338 ramis
957 4285 1289 4353 circulisque
1343 4288 1547 4352 aureis,
1609 4289 1661 4341 in
1722 4289 1922 4357 quibus

349 4374 545 4441 aquilae
578 4374 822 4443 bicipites
850 4374 1038 4428 eodem
1069 4390 1203 4429 auro
1229 4377 1639 4439 extuberantes.
1667 4378 1920 4447 depictus

344 4476 447 4520 CSl.

412 4558 558 4613 Ibid.
591 4559 733 4630 [Τὸν
751 4562 1038 4628 σταυρόν.
1065 4558 1282 4629 Virgam
1308 4561 1561 4615 nimirum
1592 4576 1836 4628 auream,
1874 4564 1927 4617 in

344 4651 499 4718 cujus
517 4653 832 4705 summitate
849 4666 981 4705 crux
1000 4666 1166 4704 aurea
1188 4652 1416 4719 gemmis
1440 4663 1651 4715 ornata,
1671 4656 1829 4723 vulgo
1847 4653 1925 4723 6}.-

344 4744 591 4794 κανίκιον
627 4761 640 4805 ;
672 4744 737 4795 de
769 4757 875 4811 quo
904 4743 1176 4810 superius.
1606 4764 1614 4771 ν
1870 4721 1888 4749 ⁸

420 4833 563 4885 Ibid.
592 4832 919 4903 [Αἰἱρθηκα,
942 4834 1188 4903 ferulam,
1211 4835 1419 4906 virgam
1453 4836 1728 4900 leviorem,
1759 4851 1921 4905 quam

344 4935 612 4979 memorat
644 4925 865 4979 Simeou
896 4923 1408 4982 Tbessalonicensns
1428 4943 1480 4982 c.
1500 4927 1532 4981 6
1561 4938 1689 4981 nota
1735 4911 1805 4982 ᾸΜ
1827 4944 1919 4982 re-

342 5016 507 5068 latus.
532 5014 728 5086 Com]
1162 5056 1167 5060 .

412 5105 581 5175 36ιῇ,
600 5110 659 5159 Ρ.
678 5106 768 5160 95.
790 5106 974 5169 Τάξιγ
992 5106 1535 5175 ἐκκλησιαστικὴν,
1556 5107 1637 5176 ἦν
1661 5111 1922 5162 καλοῦσι

340 5196 445 5248 τοῦ
469 5197 536 5249 δέ
576 5212 742 5249 ποτε.
781 5198 1030 5252 Ordinem
1068 5201 1502 5265 ecclesiasticum,
1556 5219 1706 5271 quem
1755 5205 1922 5271 ipsius

342 5298 550 5341 weant.
592 5287 905 5356 Pcrpcram,
938 5290 1030 5343 sed
1064 5292 1301 5345 correxit
1351 5290 1549 5348 Junius
1581 5309 1824 5348 errorem
1850 5308 1915 5347 ex

345 5381 453 5433 alio
484 5380 689 5432 codice.
723 5379 1030 5448 Legendqu
1066 5382 1211 5435 enim
1239 5382 1333 5435 τοῦ
1390 5384 1703 5449 Sertorii-ceu,
1740 5395 1800 5438 ut
1822 5386 1919 5438 has

344 5472 431 5524 bet
465 5470 706 5526 Joannes
741 5472 1158 5529 Cantacuzenus
1194 5476 1246 5529 in
1278 5492 1377 5531 sua
1412 5476 1676 5539 Historia,
1704 5477 1740 5532 l.
1774 5494 1789 5533 ι
1855 5479 1923 5532 de

346 5564 501 5626 bellis
537 5565 677 5616 inter
730 5565 1099 5620 Andronicum
1148 5581 1310 5622 avum
1356 5578 1410 5622 et
1468 5580 1718 5639 nepotem
1750 5611 1765 5635 ,
1824 5570 1918 5625 ubi

349 5666 505 5706 τιιιιιιι
530 5655 888 5723 inaugurandi
920 5656 1268 5723 imperatoris
1295 5657 1582 5716 describit.
1639 5662 1775 5715 Cod.
1822 5661 1921 5713 Ba-

352 5759 462 5797 vur.
509 5745 862 5812 δεσποτάτου,
896 5755 1059 5814 recte,
1120 5750 1165 5803 si
1206 5750 1424 5805 unicum
1488 5752 1658 5823 sigma
1708 5752 1918 5807 demas.

2020 3191 2315 3259 quodpiam
2347 3191 2401 3244 in
2428 3190 2675 3246 Ecclesia
2704 3192 2857 3247 obire
2877 3190 3103 3248 fuitillis
3132 3193 3185 3247 in
3218 3194 3431 3263 pretio;
3461 3200 3609 3250 unde

2018 3292 2199 3336 ortum
2229 3291 2361 3351 puto
2393 3290 2453 3335 ut
2489 3283 2746 3351 antiquas
2773 3282 3090 3353 chlamydes
3121 3286 3454 3353 posteriores
3495 3290 3599 3341 im-

2020 3374 2155 3442 perii
2187 3387 2534 3427 successores
2565 3373 2618 3426 in
2638 3373 2922 3443 mandyas,
2958 3374 3227 3429 lectorum
3263 3376 3450 3445 pallia,
3473 3392 3606 3432 cou-

2020 3474 2310 3529 vcrterent;
2336 3464 2717 3532 deputatorum
2743 3466 2797 3519 in
2819 3450 3061 3521 Ecclesia
3082 3478 3331 3537 gererent
3349 3469 3608 3524 oﬁieiunv
3624 3497 3643 3503 υ

2020 3566 2073 3609 ct
2100 3556 2240 3609 viam
2281 3557 2334 3609 in
2370 3556 2605 3611 solemni
2650 3572 2938 3614 sacrorum
2976 3560 3249 3613 donorum
3314 3562 3608 3617 adaltare

2020 3647 2401 3718 deportatione
2432 3649 2648 3704 clericis
2702 3658 2756 3704 et
2808 3651 3192 3706 sacerdotibus
3242 3662 3636 3718 sternerent;-

2022 3756 2085 3796 ac
2110 3743 2332 3796 demum
2363 3741 2607 3797 Ecclesia
2626 3742 2941 3812 religiosam
2965 3734 3281 3811 hﬂjusmodi
3315 3744 3607 3797 demissio~

2021 3848 2145 3887 nem
2201 3843 2642 3901 compensatura,
2722 3836 2847 3887 thus
2916 3849 3308 3901 nonnunquam
3361 3836 3415 3889 in
3470 3836 3641 3889 alta-A

2022 3925 2176 3979 ribus
2199 3908 2551 3989 accendeddi,
2572 3925 2798 3979 trisulco
2813 3940 2977 3978 cereo
2994 3926 3436 3980 benedictionem
3463 3929 3601 3982 sub-

2023 4016 2150 4069 ditis
2194 4015 2542 4083 impertiendi
2595 4030 2890 4097 sacrosque
2935 4030 3217 4071 sermones
3246 4018 3311 4071 ad
3341 4032 3620 4087 proceres

2026 4116 2080 4161 ct
2120 4106 2378 4176 populum
2435 4106 2673 4161 habendi
2729 4107 3026 4162 contulerit
3078 4122 3199 4162 eam
3257 4118 3607 4177 potestatem,

2024 4211 2187 4265 quam
2210 4195 2277 4249 ab
2310 4195 2531 4261 injuste:
2554 4197 2635 4250 vel
2660 4197 2944 4267 sacrilegae
2964 4200 3643 4268 usurpationiscrimine~

2025 4303 2150 4342 reor
2182 4288 2511 4341 vindicatum
2541 4297 2674 4342 nota
2730 4290 2785 4343 in
2838 4290 3067 4359 hujusce
3132 4292 3381 4346 auctoris
3427 4294 3600 4346 nostri

2026 4390 2187 4448 caput
2220 4380 2308 4442 14.
2337 4380 2403 4433 ad
2457 4395 2511 4449 p.
2556 4380 2643 4434 76.
2683 4378 2858 4445 Quam
2893 4382 2937 4435 si
2968 4380 3093 4450 quis
3133 4382 3609 4436 condemnandam
3642 4414 3647 4417 -

1955 4451 1997 4506 Ῑ)
2034 4472 2371 4539 pervicacius
2400 4481 2634 4540 expetat,
2663 4486 2785 4526 reos
2843 4472 3006 4525 simul
3061 4481 3186 4541 agat
3243 4487 3471 4528 necesse
3521 4481 3608 4527 est

2035 4562 2531 4617 Cbristianissimos
2583 4577 2735 4630 rcges
2792 4562 2846 4615 in
2895 4562 3165 4631 primores
3228 4563 3528 4618 canonicos
3577 4577 3609 4615 a

2040 4653 2291 4721 pluribus
2320 4651 2709 4706 ecclesiaSIicis
2735 4651 2980 4719 collegiis
3014 4653 3610 4720 allectos,eosdemque
3642 4682 3651 4691 ι

2036 4760 2099 4798 ac
2130 4759 2409 4812 supremos
2433 4745 2567 4797 alios
2611 4743 2795 4796 srcculi
2854 4743 3147 4809 principes,
3202 4747 3295 4811 qui
3359 4742 3647 4794 munium.

2034 4834 2240 4903 aliquid
2271 4834 2770 4888 ecclesiasticorum
2814 4842 3154 4901 praesumant
3184 4848 3248 4886 ac
3284 4833 3347 4886 ius
3378 4832 3609 4901 privilea

2033 4928 2244 4997 giorum
2272 4937 2475 4994 partem
2504 4940 2614 4977 rem
2642 4916 2927 4991 deputent.
2969 4923 3172 4994 Gom.]

2102 5017 2162 5069 P.
2193 5018 2280 5071 95.
2303 5017 2651 5083 ΙΙροηγεῖται
2677 5014 2788 5081 τῆς
2817 5014 3061 5067 εἰσόδου
3087 5014 3312 5082 πάσης.
3347 5016 3610 5070 Prmcedt't
3644 5040 3651 5051 -

2035 5127 2126 5178 per
2157 5114 2444 5179 ingressum
2482 5118 2672 5162 totum.
2700 5106 2923 5162 Inscite.
2949 5106 3139 5162 Potius
3159 5109 3405 5174 praecedit
3436 5117 3633 5163 totam»

2032 5202 2482 5269 supplicationem,
2509 5200 2709 5266 primus
2748 5199 2914 5253 estin
2942 5202 3297 5268 processione.
3332 5201 3607 5255 Cantacu-
3632 5242 3645 5247 »-

2040 5308 2206 5347 lenus
2237 5293 2427 5359 ἡγεῖτα
2439 5307 2476 5342 ι.

2109 5385 2253 5440 Ibid.
2317 5384 2523 5438 Forsan
2586 5398 2687 5452 pro
2712 5384 2844 5437 ἄλλα
2900 5383 3189 5453 legendum
3241 5383 3467 5437 ἔπιπλα.
3518 5384 3649 5440 Sic—

2034 5478 2177 5531 eniin
2209 5476 2622 5531 Cantacuzenus
2657 5476 2859 5530 ἔπιπλά
2887 5492 2944 5527 τε
2976 5477 3069 5527 καὶ
3111 5474 3278 5546 σκεύη
3305 5475 3414 5529 τῶν
3448 5477 3625 5551 ιερῶν

2034 5572 2126 5622 καὶ
2154 5568 2291 5619 αὐτὰ
2321 5566 2598 5635 ἁγιώτατα
2664 5566 3072 5636 ἐπιφερόμενοι.
3107 5564 3294 5621 Gners

2080 5659 2218 5715 Ibid.
2258 5658 2471 5730 [Σκεύη
2496 5658 2637 5712 δέτε
2664 5658 2841 5711 ἄλλα.
2867 5657 2924 5711 1η
2960 5656 3185 5726 Ιὶιυτίςίω
3220 5661 3464 5729 ingressu
3494 5673 3637 5712 mam

2027 5751 2171 5822 jorc,
2191 5767 2348 5809 sacro
2369 5750 2699 5823 procedendi
2721 5749 2848 5819 ritu,
2873 5746 3614 5817 lectores,subdiaebni,dja-n
