3928 6214
78 6162 103 6175 Α

289 240 385 299 te:
784 274 791 277 -
1368 246 1453 309 IN
1488 249 1789 313 LIBRUM
1821 252 1918 314 DE
1949 256 2274 319 OFF'lCIIS
2312 261 2422 322 cu.
3407 261 3513 325 ιω

288 356 411 412 coni
451 365 505 411 et
542 357 851 413 sacerdotes
878 360 1067 413 ordine
1095 361 1521 445 progrediuntur
1563 382 1577 417 :
1610 366 1846 434 pontifex
1880 376 1918 425 A
1950 374 2433 429 sanetitirationem
2474 374 2707 444 accepit,
2739 375 2883 445 quod
2916 389 2981 429 ex
3019 373 3138 443 ejus
3167 375 3306 430 mole
3330 377 3510 432 oblata

290 452 327 505 si
356 448 610 513 celebret,
633 462 924 517 nusquam.
965 448 1067 504 Sed
1096 442 1384 507 redeuntes
1410 454 1462 507 in
1485 456 1653 512 sacris
1678 456 1849 511 valvis

288 536 501 605 excipit.
527 535 781 592 Lectores
810 550 863 591 et
886 539 991 595 illis
1026 543 1273 608 permisti
1320 544 1560 614 deputati
1602 556 1656 600 et
1714 548 1849 601 sub-

287 628 494 682 diaconi
556 644 745 684 cereos
802 645 1064 686 accensos
1118 632 1417 702 praeferunt
1474 636 1555 690 vel
1615 637 1847 704 ﬂabella,

287 720 495 773 diaconi
522 722 822 786 thuribula,
855 723 1191 791 penultimus
1218 734 1396 780 tamen
1432 728 1706 796 pontificis
1733 730 1848 799 pal-

286 813 411 864 lium
443 812 602 882 365
635 814 887 869 decenter
917 818 1323 884 complicatum,
1372 829 1698 889 postremus,
1746 822 1838 891 qui

286 904 435 971 prior
468 905 751 973 dignitate,
782 921 976 965 panem
1004 922 1223 962 saccum
1254 909 1409 964 disco
1442 914 1845 979 superpositum

285 1011 345 1048 ac
373 998 607 1050 velatum
629 999 791 1066 capiti
822 1000 1325 1067 superimpositum,
1358 1010 1590 1069 gestant.
1628 1001 1846 1056 Primus

284 1089 625 1141 sacerdotum
658 1090 883 1143 calicem
917 1091 1044 1144 vino
1076 1091 1316 1156 mistum,
1353 1091 1446 1145 alii
1478 1094 1691 1153 sacram
1729 1093 1848 1147 lan-

283 1192 693 1238 ceam,sacram
744 1182 1048 1249 spongiam,
1104 1183 1336 1245 stellam,
1397 1182 1595 1239 calices
1644 1199 1847 1239 vacuos

283 1270 365 1324 vel
396 1285 495 1337 pro
523 1270 703 1339 populi
728 1272 898 1325 sacris
931 1271 1303 1340 participantis
1359 1274 1689 1327 necessitate
1731 1276 1845 1343 pie-

282 1379 383 1416 nos
416 1363 685 1417 deferunt.
722 1361 956 1430 Haecque
976 1370 1105 1415 sunt
1160 1376 1313 1417 saera
1372 1376 1527 1428 vasa,
1581 1378 1703 1431 quae
1761 1364 1848 1419 hic

281 1463 467 1508 tenere
499 1454 771 1523 leguntur.
816 1453 1039 1509 Tractat
1066 1454 1283 1508 abunde
1313 1454 1380 1508 de
1411 1454 1533 1509 istis
1563 1456 1849 1510 Eucholoo

280 1545 427 1613 gium
457 1546 805 1600 acSimeonis
824 1544 1336 1601 Thesszilonicencis
1358 1560 1519 1615 opere
1548 1545 1615 1601 de
1648 1549 1847 1617 templo

281 1646 337 1689 et
366 1636 532 1691 missa
564 1650 737 1703 nuper
767 1651 796 1689 a
841 1636 997 1691 nobis
1044 1636 1213 1690 edito.

360 1724 500 1779 Ibid.
546 1727 986 1793 Περιελθόντες.
1024 1726 1091 1797 [Δ
1119 1726 1377 1795 prothesi,
1427 1728 1494 1783 de
1526 1744 1633 1797 qua
1667 1743 1847 1797 supra,
1881 1716 1923 1770 Β

284 1818 349 1870 ad
376 1816 618 1871 ecclesiae
656 1825 862 1884 portam
887 1816 1235 1880 exteriorem,
1272 1828 1325 1871 et
1358 1816 1426 1870 ab
1456 1833 1518 1872 ea
1550 1818 1615 1872 ad
1650 1819 1851 1873 medias

285 1923 582 1977 sacrasque
608 1908 794 1961 altaris
835 1907 981 1961 t'ores
1012 1908 1334 1976 procedunt.

355 2000 496 2054 Ibid.
534 2001 674 2073 [Τὸν
709 2002 1083 2070 πατριάρχην
1126 2004 1480 2072 ἱστάμενον.
1522 2003 1669 2058 Dona
1695 2019 1848 2059 sacra

284 2094 617 2161 missumque
647 2108 831 2147 secum
870 2093 1228 2158 celebrantes,
1262 2094 1569 2150 sacerdotes
1604 2095 1851 2150 videlicet

283 2194 333 2236 et
365 2184 663 2246 ministros,
701 2194 1073 2252 excepturum.

355 2264 493 2330 Ibid.
528 2274 712 2346 [Οὐδὲ
752 2277 1217 2344 πρωτοψάλτην.
1282 2276 1617 2334 Recensetur
1671 2288 1851 2336 tamen

284 2369 426 2423 inter
448 2369 847 2423 ecclesiasticos
881 2368 1133 2424 ofﬁciales
1157 2386 1205 2426 c.
1234 2371 1290 2424 i.

353 2460 417 2514 Ρ.
469 2460 556 2515 96.
618 2459 872 2530 [Ὥσπερ
909 2461 1008 2514 καὶ
1041 2464 1096 2514 oi
1134 2462 1327 2529 ἱερεῖς.
1363 2463 1475 2518 Hoc
1518 2473 1623 2531 est,
1663 2465 1852 2522 ambas

286 2551 491 2620 species
521 2552 673 2620 panis
702 2560 756 2605 et
790 2553 898 2604 vini
933 2554 1218 2620 separatim
1258 2555 1476 2623 accipit,
1507 2558 1849 2611 sacerdotum

283 2658 455 2709 more,
489 2644 673 2698 relicta
697 2644 851 2712 plebe
885 2659 1073 2712 panem
1104 2646 1230 2699 vino
1256 2645 1567 2712 intinctam,
1601 2651 1851 2702 sacerdo-

285 2736 353 2788 tis
385 2748 572 2799 manu,
602 2735 653 2787 in
684 2734 952 2788 cochleari
978 2733 1147 2798 λαὸύς
1173 2743 1384 2803 vocato,
1420 2736 1474 2791 in
1509 2739 1851 2793 communio-

282 2838 405 2878 nem
436 2823 910 2894 sumente.Gosn.]

356 2915 512 2969 Ibid-
548 2916 622 2969 De
682 2900 945 2970 antidoro
985 2916 1096 2985 jam
1153 2931 1314 2985 supra
1344 2917 1436 2972 'ad
1488 2931 1544 2985 p.
1589 2915 1679 2971 48.
1727 2916 1853 2970 Ele-

1953 463 2113 517 fu~rit
2142 476 2417 533 excerpta.
2448 465 2591 531 quod
2631 480 2817 521 sacras
2855 481 2941 521 res
2969 465 3208 534 attigerit
3248 481 3312 521 ac
3340 469 3512 537 preci-
3556 463 3573 471 “

1950 561 2053 613 bus
2084 562 2348 629 litnrgicis
2402 575 2618 630 semper
2649 558 2885 614 adfuerit
2919 572 3179 629 praesens.
3215 555 3373 612 Ritus
3405 572 3523 627 quo

1949 653 2293 706 distribuitur
2313 653 2597 708 exhibetur
2613 652 2668 705 in
2702 648 3100 715 Euchelogicis.
3123 645 3325 717 ϐοιιι]

2020 744 2157 798 Ibid.
2194 743 2624 812 [Calechumena.
2685 740 2953 796 Scribitur
2976 741 3139 793 etiam
3171 754 3518 807 κατηχουμε-

1950 837 2085 901 νεῖα,
2112 836 2264 891 locus
2291 836 2343 889 in
2384 849 2493 905 quo
2525 832 2898 891 catechumeni
2952 830 3028 885 rei
3062 829 3258 884 divina!
3280 843 3515 900 operam

1949 928 2171 982 dabant.
2249 926 2501 996 Amplum
2561 940 2626 982 ac
2672 924 2974 995 spatiosum
3034 919 3207 976 fuisse
3271 931 3510 990 oportet.

1951 1017 2145 1071 Gusrs.

2020 1108 2083 1163 Ib
2110 1109 2162 1162 d.
2189 1107 2493 1180 [Nusquam
2527 1121 2627 1177 pro
2654 1104 3173 1161 catechumenorum
3210 1100 3516 1156 mansioni-

1950 1203 2051 1258 bus
2087 1204 2173 1256 hic
2232 1200 2512 1265 Sumenda,
2542 1198 2636 1254 sed
2662 1212 2759 1267 pro
2782 1197 2917 1253 locis
2957 1195 3124 1248 verbo
3157 1192 3251 1246 Dei
3289 1192 3515 1247 ofﬁciis-

1950 1310 2057 1365 que
2081 1293 2465 1350 ecclesiasticis
2525 1288 2812 1345 audiendis
2858 1287 2925 1341 ad
2966 1285 3289 1354 templorum
3329 1298 3519 1337 muros

1952 1384 2267 1440 exstructis.
2298 1383 2457 1436 Tales
2498 1379 2659 1437 hodie
2690 1378 2938 1433 videmus
2976 1376 3063 1431 vel
3092 1377 3158 1429 ad
3184 1373 3515 1441 templorum

1952 1490 2138 1539 naves,
2191 1483 2248 1528 ut
2280 1480 2501 1535 vocant,
2545 1484 2776 1540 superne
2801 1482 2865 1522 ac
2892 1468 3213 1530 introrsum,
3246 1464 3328 1517 vel
3384 1463 3521 1517 foris

1950 1564 2318 1636 prominentes
2346 1562 2609 1632 porticus,
2647 1560 2701 1614 in
2737 1558 2969 1615 sublime
2997 1566 3228 1620 erectas,
3261 1554 3425 1626 366
3450 1569 3522 1609 ex

1952 1657 2150 1726 quibus
2198 1655 2250 1708 in
2284 1668 2445 1707 omne
2482 1650 2667 1721 templi
2690 1648 2996 1723 subjectum
3035 1646 3269 1717 spatium
3296 1658 3524 1715 prospe-

1956 1756 2074 1800 ctus
2121 1746 2367 1799 habetur.
2400 1743 2528 1798 inde
2559 1744 2705 1801 viros
2741 1740 3000 1796 uxoribus
3024 1738 3397 1792 cohabitantes
3425 1733 3524 1790 de-

1955 1837 2074 1907 pelli
2131 1837 2286 1903 jubet
2344 1850 2518 1889 canon
2554 1835 2623 1890 93
2650 1832 2938 1887 Trullanus
2972 1849 2988 1885 :
3041 1831 3141 1882 Ἐκ
3176 1827 3286 1881 τών
3320 1828 3377 1880 ὲν
3404 1827 3522 1889 τοῖς

1957 1925 2275 1994 σεϐασμὶοις
2319 1924 2489 1986 οἴκοις
2537 1921 2961 1993 κατηχουμὲνων
3005 1918 3324 1983 ἐξωθεῖσθαι
3351 1934 3522 1986 προσ.

1954 2017 2257 2083 τάσσομεν.
2305 2014 2380 2068 Ne
2406 2028 2534 2067 vero
2568 2028 2689 2065 cum
2736 2012 3030 2079 interprete
3068 2008 3262 2063 Latino
3288 2007 3368 2062 vel
3397 2005 3519 2059 aliis

1954 2109 2068 2162 loca
2107 2104 2509 2161 catechumenis
2536 2103 2748 2158 addicta
2772 2102 3064 2172 intelligas,
3108 2099 3325 2155 abunde
3358 2098 3519 2153 docet

1955 2202 2006 2253 in
2063 2198 2309 2253 eumdem
2347 2212 2609 2253 canonem
2670 2195 2974 2250 Scholiasta
3028 2190 3443 2249 Balsamon.Ac
3471 2186 3519 2243 si

1956 2305 2148 2344 sensus
2174 2290 2318 2343 allati
2351 2289 2578 2342 vididius
2611 2295 2833 2355 expetas
2871 2290 3277 2354 argumentum,
3311 2282 3519 2350 accipe.

1954 2380 2371 2434 Catechumenis
2441 2378 2613 2433 sacris
2682 2376 2952 2445 mysteriis
3013 2383 3194 2431 astare
3246 2372 3518 2443 quondam

1954 2476 2106 2528 nctus
2130 2489 2228 2526 :en
2252 2480 2432 2525 autem
2462 2479 2518 2523 ut
2541 2472 2604 2522 ὲκ
2621 2467 2726 2521 τῶν
2748 2466 3176 2537 κατηχουμένων
3194 2480 3259 2518 ex
3284 2462 3367 2517 bis
3392 2462 3520 2517 sub~

1955 2566 2259 2620 limioribus
2308 2565 2359 2615 in
2407 2560 2692 2625 ecclesiam
2752 2555 3230 2628 prospectantibus
3270 2553 3524 2608 ambula-

1954 2657 2063 2711 Cris
2098 2656 2176 2709 vel
2215 2653 2419 2708 aedibus
2449 2652 2697 2721 qumdam
2732 2664 2851 2705 cum
2884 2648 3006 2703 aliis
3033 2646 3254 2711 mulier,
3287 2643 3462 2699 sacris
3492 2658 3527 2697 a

1954 2747 2155 2803 Basilio
2194 2745 2375 2805 factis,
2422 2755 2480 2798 ut
2506 2742 2918 2811 Amphilochius
2947 2741 3000 2794 in
3027 2739 3146 2808 ejus
3171 2736 3289 2791 Vita
3331 2743 3525 2792 auctor

1956 2849 2058 2901 est,
2097 2836 2304 2899 aderat,
2340 2844 2395 2888 et
2432 2834 2720 2887 diaconum
2752 2830 2952 2885 Basilio
2981 2828 3381 2883 ministrantem
3407 2841 3529 2880 mu-

1957 2927 2066 2981 tuis
2129 2924 2415 2979 oculorum
2464 2920 2685 2976 nutibus
2732 2920 2799 2974 ad
2845 2919 3123 2973 lasciviam
3167 2915 3525 2987 provocabat.

289 3016 476 3074 gauter
508 3005 833 3060 describitur
855 3021 881 3059 a
911 3005 1165 3059 Simeone
1188 3005 1661 3061 Thessalonicensi
1694 3008 1748 3060 in
1782 3006 1848 3059 li-
1875 3030 1920 3092 ρ
1955 3018 2073 3072 Non
2091 3016 2404 3083 unumque
2420 3010 2829 3068 catechumeuis
2846 3010 2938 3065 sed
2978 3008 3251 3073 ﬁdelibus,
3287 3003 3526 3061 maxime

287 3096 431 3151 bello
486 3097 552 3151 de
589 3097 809 3165 templo.
846 3096 1083 3150 Post/uec
1117 3098 1286 3149 sacris
1314 3113 1342 3148 a
1372 3098 1601 3165 prothesi
1632 3097 1848 3160 ablatis,

285 3188 511 3242 diacono
543 3189 748 3255 quidem
788 3188 933 3240 disco
958 3204 1116 3256 super
1164 3184 1343 3257 citput,
1373 3190 1734 3242 sacerdotibus
1759 3206 1855 3243 au-

289 3291 387 3335 tem
418 3281 659 3354 manibus
690 3281 876 3333 calices
928 3280 1244 3344 tenentibus,
1278 3282 1389 3348 ipse
1416 3282 1606 3351 gratiis
1642 3282 1775 3334 actis
1804 3292 1852 3337 et

287 3371 528 3425 manibus
572 3371 692 3423 lotis
741 3370 1029 3440 egreditur,
1083 3373 1322 3439 quodque
1373 3383 1595 3426 vocatur
1627 3374 1853 3427 ἀντίδωο

284 3479 382 3529 ρον
412 3462 465 3514 in
481 3464 734 3529 populum
787 3462 1080 3515 distribuit.
1113 3462 1377 3527 Quoniam
1406 3466 1548 3518 enim
1581 3467 1854 3535 episcOpus

289 3552 583 3610 Christum.
616 3563 672 3604 ut
708 3552 1006 3618 docuimus,
1044 3554 1316 3617 exprimit,
1356 3555 1527 3622 ipsum
1566 3567 1613 3608 et
1645 3558 1858 3625 sacriﬁ-

288 3644 426 3696 cavit
456 3652 507 3694 et-
534 3644 868 3712 participavit
901 3653 948 3696 et
986 3644 1214 3697 sacratis
1239 3645 1361 3697 viris
1391 3646 1687 3711 impertit-it.
1722 3645 1859 3699 Satt-

289 3736 663 3803 ctiﬁcalionem
714 3746 890 3789 autem
948 3738 1274 3804 participare
1303 3754 1432 3806 opus
1468 3748 1544 3790 est
1582 3738 1856 3806 populum,

288 3841 489 3896 quanta
556 3831 761 3893 quidem
809 3847 839 3882 ο
870 3830 1125 3897 precibus
1160 3838 1207 3882 et
1264 3830 1534 3883 tremendo
1584 3829 1857 3898 sacriﬁcio

291 3923 637 3976 intellectuali
690 3923 845 3976 mde
890 3922 1131 3991 ﬁdelibus
1192 3922 1580 3974 communicata
1631 3932 1728 3974 est.
1794 3920 1861 3973 Et

291 4015 536 4077 quatiam
562 4030 653 4082 per
673 4024 834 4067 restes
869 4015 1151 4080 quasdam,
1180 4022 1236 4066 ut
1262 4030 1379 4082 qua:
1409 4030 1596 4083 corpus
1617 4024 1857 4067 contexe-

293 4106 419 4167 rint,
452 4104 930 4170 sanctiﬁcationem
975 4107 1213 4173 accipere
1260 4115 1488 4172 oportet,
1522 4122 1614 4173 per
1640 4108 1863 4159 ἀντίδω-

296 4207 386 4258 ρον
419 4191 475 4243 id
510 4193 591 4258 lit.
624 4191 720 4244 Est
753 4203 929 4244 autem
965 4194 1326 4260 sanctiﬁcatus
1355 4195 1507 4263 panis
1538 4196 1591 4248 in
1630 4196 1863 4261 prothesi

293 4283 574 4344 repositus,
624 4298 688 4334 ea:
724 4298 825 4351 quo
863 4285 1091 4335 medium
1133 4294 1396 4336 exsectum
1429 4286 1498 4337 ad
1542 4286 1862 4353 sacri/icium

1956 3106 2297 3171 mulieribus,
2355 3104 2667 3173 assignatus
2715 3103 2769 3156 in
2804 3100 3034 3156 ecclesia
3078 3099 3256 3162 locus,
3288 3111 3421 3167 quo,
3462 3102 3523 3148 ut

1956 3197 2009 3250 in
2041 3195 2328 3249 mulierum
2396 3192 2665 3263 capitibus
2711 3200 2935 3261 prepter
2985 3189 3206 3258 angelos
3236 3187 3352 3241 vela
3397 3184 3525 3255 poni

1950 3289 2104 3356 jubet
2141 3286 2457 3357 Apostolus,
2505 3285 2578 3338 ita
2616 3292 2839 3353 propter
2884 3282 3100 3337 easdem
3137 3279 3265 3334 inde
3298 3292 3527 3347 prospe-

1958 3389 2168 3435 ctantes
2206 3378 2324 3432 vela
2352 3378 2607 3444 deinceps
2637 3374 2891 3444 suspendi
2959 3371 3215 3442 praecepit
3244 3370 3525 3425 Basilius:

1959 3472 2110 3542 Βῆλά
2146 3488 2204 3525 τε
2242 3468 2583 3541 παραχρῆμα
2618 3467 2874 3519 ἐκέλευσε
2908 3461 3288 3532 κρεμασθῆναι
3336 3461 3395 3511 ὲν
3416 3460 3531 3521 τοῖς

1960 3562 2418 3632 κατηχουμὲνοις.
2470 3560 2553 3612 An
2585 3558 2691 3611 alia
2724 3555 2929 3610 fuerint
2957 3552 3413 3621 κατηχουμενεὶα,
3439 3563 3534 3603 ca-

1961 3652 2411 3706 techumenorum
2458 3647 2526 3702 ab
2573 3645 2659 3698 his
2715 3643 2781 3697 de
2831 3643 3031 3712 quibus
3088 3655 3267 3695 sermo
3295 3641 3532 3709 propria:

1960 3739 2295 3804 diversaeque
2351 3734 2525 3799 sedes,
2567 3731 2789 3803 quidam
2846 3730 3148 3800 inquirunt.
3178 3728 3296 3784 Non
3322 3729 3528 3785 abnuo.

1925 3830 2086 3884 .llaac
2135 3843 2256 3897 qua:
2294 3825 2471 3880 adhuc
2522 3824 2577 3878 in
2612 3823 2813 3892 templo
2845 3819 2904 3875 S.
2951 3820 3169 3888 SOphiae
3211 3829 3533 3890 supersunt,

1964 3920 2232 3987 ﬁdelibus,
2287 3933 2412 3973 cum
2447 3916 2622 3972 sacris
2670 3916 3036 3978 interessent,
3070 3910 3244 3967 fuisse
3276 3927 3529 3967 commu-

1965 4014 2053 4067 nia
2104 4011 2408 4078 contendo;
2467 4008 2774 4077 similiaque
2836 4005 3113 4061 nonnullis
3163 4006 3216 4058 in
3284 4004 3537 4059 ecclesiis

1964 4103 2285 4159 mulieribus
2308 4102 2470 4157 etiam
2524 4099 2684 4156 hodie
2720 4112 2912 4169 preces
2940 4098 2997 4152 iu
3034 4096 3267 4153 ecclesia
3296 4095 3527 4152 {acturis

1967 4193 2175 4249 Graecia
2208 4193 2481 4249 concedit.

2036 4284 2097 4340 P.
2128 4285 2216 4339 97.
2247 4283 2630 4356 [Δεσποίνης.
2660 4281 3052 4354 imperatorum
3091 4290 3145 4335 et
3176 4279 3537 4348 despotarum

295 4372 536 4438 offertur.
570 4370 672 4425 Hic
709 4382 892 4441 postea
929 4382 985 4425 ut
1031 4372 1266 4426 lanceola
1304 4374 1565 4442 signatus,
1595 4384 1643 4427 et
1673 4376 1857 4430 divinis
1888 4365 1941 4424 D
1964 4376 2257 4445 conjugum
2292 4374 2578 4444 appellatio
2615 4383 2700 4431 est
2733 4374 3015 4427 δέσποινα.
3068 4372 3142 4426 De
3181 4369 3532 4425 Monontachi

294 4461 462 4515 verbis
499 4479 653 4529 super
680 4480 733 4517 se
780 4463 963 4529 factis,
1006 4464 1118 4517 loco
1157 4465 1415 4517 donorum
1448 4467 1862 4535 tremendorum,

293 4553 535 4607 uidelicet
590 4555 655 4607 iis
684 4555 776 4624 qui
820 4571 921 4607 non
975 4556 1455 4619 communiverunt,
1524 4558 1861 4626 dispertitur.

298 4643 451 4708 Quod
476 4645 742 4712 episcopus
775 4645 863 4698 ubi
897 4646 1022 4715 fecit
1052 4656 1103 4701 et
1134 4645 1325 4714 populo
1357 4649 1482 4702 bene
1513 4658 1757 4718 precatus
1789 4657 1867 4703 est

296 4736 450 4803 ﬁnem
481 4736 653 4789 missi:
690 4738 927 4806 imponit.
962 4737 1160 4794 (ἴητε.

371 4826 509 4881 Ibid.
536 4825 865 4899 ['A-ciiitopov
890 4831 1041 4895 panis
1071 4829 1395 4896 benedictus,
1420 4832 1539 4885 ἀντὶ
1565 4833 1673 4883 τῶν
1696 4832 1866 4897 ἁγίων

300 4920 492 4991 δώρων
529 4921 933 4976 communionis
965 4922 1083 4975 vice
1126 4921 1178 4974 in
1215 4921 1445 4976 ecclesia
1504 4932 1771 4989 sumptus,
1802 4923 1867 4975 de

300 5028 411 5081 quo
436 5013 722 5067 Balsamon
764 5014 816 5066 in
863 5028 985 5066 can.
1015 5012 1050 5065 2
1075 5014 1507 5069 Autiochenum:
1539 5013 1865 5082 Ἐπενοήοη,

299 5105 373 5167 ὼς
429 5104 684 5176 ἔοικεντή
718 5105 812 5157 τοῦ
857 5105 1151 5172 ἀντιδώρου
1213 5106 1452 5168 διάδοσις
1508 5106 1647 5158 ὥστε
1682 5108 1867 5158 πᾶσαν

302 5195 548 5266 ἀνάγκην
569 5196 714 5265 ἔχειν
743 5196 837 5248 καὶ
858 5196 1052 5256 αὐτοὺς
1082 5196 1205 5255 τοὺς
1233 5195 1305 5265 μὴ
1334 5195 1669 5263 δυναμένους
1700 5210 1869 5263 μετα·

300 5286 486 5339 λαόετν
542 5288 651 5339 τῶν
682 5284 853 5353 ἁγίων
885 5286 977 5339 καὶ
1012 5286 1295 5349 ζωοποιῶν
1354 5286 1668 5356 μυστηρίων
1697 5303 1867 5354 προσ-

303 5379 599 5448 καρτερεῖν
634 5380 798 5446 μέχρι
832 5376 1019 5439 τέλους
1047 5376 1142 5444 τῆς
1178 5376 1329 5439 θείας
1359 5377 1749 5445 ἱεροτε).εοτία;
1775 5379 1867 5429 καὶ

302 5470 369 5521 lx
398 5470 578 5539 χειρὸς
626 5466 1243 5537 ῑερατικῆςλλαμῦάνειν
1278 5468 1409 5519 αὐτὸ
1459 5470 1539 5530 ei;
1568 5468 1863 5537 ἁγιασμόν.

307 5563 390 5617 En
431 5576 528 5615 cur
583 5561 833 5629 ἁγιασμα
875 5570 1031 5614 vocet
1061 5569 1272 5627 auctor,
1306 5561 1448 5631 quod
1480 5561 1735 5614 nimirum
1771 5577 1865 5613 su-

308 5651 582 5706 mentibus
651 5650 1135 5706 sattctiiicatiuncm
1204 5658 1488 5714 operetur,
1532 5652 1656 5713 quia
1717 5651 1865 5717 prius

1967 4468 2159 4537 peltice
2202 4467 2269 4521 ad
2328 4481 2606 4519 summum
2661 4464 2888 4519 honoris
2946 4460 3177 4533 gradum
3211 4460 3280 4516 ab
3312 4468 3535 4514 amante

1968 4565 2222 4627 provecta
2268 4556 2456 4610 scribit
2519 4554 2799 4609 Zonaras:
2852 4554 3175 4623 Ἐτετίμητο
3224 4552 3283 4606 δὲ
3324 4553 3358 4622 ἡ
3387 4550 3536 4623 γυνὴ

1968 4646 2230 4715 σεϐαστὴ,
2282 4646 2418 4715 αὐτῇ
2454 4644 2649 4715 πρώτῃ
2676 4645 2779 4712 τῆς
2817 4642 3011 4713 πρώην
3051 4642 3369 4712 βασιλίσσης
3396 4643 3535 4693 ἁπο-

1967 4737 2297 4807 νεμηθείσης
2316 4737 2409 4788 καὶ
2450 4734 2605 4798 ἀξίας
2640 4733 2735 4787 καὶ
2764 4732 3031 4802 κλήσεως,
3069 4734 3165 4786 καὶ
3210 4731 3535 4801 ὠνομάζετο

1966 4829 2247 4882 δέσποινα.
2285 4825 2588 4893 Δεσποίνης
2614 4825 2808 4878 iterum
2836 4823 3070 4892 insignia
3102 4837 3131 4876 a
3154 4821 3382 4877 Joannis
3413 4821 3533 4891 pel-

1969 4922 2090 4983 lice,
2112 4934 2259 4973 more
2279 4918 2630 4980 rectamante,
2666 4924 2922 4983 usurpata
2944 4914 3195 4984 suggillat
3211 4914 3482 4983 logotbeta
3510 4930 3527 4968 :

1979 5009 2229 5079 Ἐρώτων
2290 5009 2345 5060 δὲ
2379 5006 2585 5075 θήλεων
2646 5005 2868 5073 ἡττᾶτο,
2928 5002 3163 5070 μάλιστα
3208 5003 3265 5057 δὲ
3325 5002 3425 5070 τῆς
3470 5000 3534 5064 ἐξ

1981 5101 2207 5163 Ἰταλίας
2264 5098 2630 5169 Μαρκεσίνης,
2689 5096 2763 5158 ὡς
2793 5096 2888 5148 καὶ
2944 5095 3136 5147 πέδιλα
3170 5092 3533 5161 ὑποδεδέχθαι

1969 5192 2286 5260 κοκκοὸαφῆ
2324 5191 2413 5243 καὶ
2446 5187 2770 5256 ὲφεστρίδας
2815 5186 2913 5240 καὶ
2943 5186 3163 5255 χαλινὰ,
3195 5182 3429 5238 ἕπεσθαί
3466 5198 3530 5235 τε

1968 5284 2222 5346 πλείονας
2253 5283 2286 5354 ἢ
2319 5285 2385 5354 τῇ
2418 5280 2697 5351 δεσποίνῃ.
2730 5279 2969 5333 Consule
3001 5277 3245 5331 Nicetam
3266 5275 3537 5330 Manueiis

1968 5373 2257 5436 Contneni,
2293 5374 2329 5427 1.
2364 5390 2400 5427 t.
2944 5399 2970 5413 -ο

2041 5466 2180 5520 Ibid.
2232 5466 2645 5537 [Ἄπέρχονται
2673 5467 2759 5530 εἶς
2788 5463 2854 5517 τὸ
2880 5461 3198 5517 παλὰτιον.
3242 5459 3419 5514 Ducto
3448 5457 3536 5513 ni-

1973 5558 2172 5611 mirum
2236 5558 2536 5625 triumpho,
2579 5557 2894 5625 nulliusque
2926 5569 3136 5623 pompae
3168 5551 3544 5623 przetermisso

1971 5659 2250 5713 apparatu,
2281 5650 2495 5714 qualem
2540 5648 2795 5706 describit
2818 5647 3014 5705 citatus
3044 5644 3371 5710 Simocatta,
3404 5656 3535 5712 vni,
