3928 6214
258 293 365 357 409

1342 310 1727 376 GRETSERI
1770 318 1867 380 ET
1906 321 2147 387 GOARI
2194 326 2432 390 NOTAE.

3397 333 3501 398 410

262 402 348 468 10,
378 403 594 462 Nicetas
623 406 674 461 in
702 407 843 467 Man.
880 411 1074 471 Comn.
1109 414 1147 469 l.
1197 432 1257 474 ιιι
1296 428 1348 473 et
1394 435 1445 483 ν,
1479 422 1804 492 triumphali:

1929 436 2026 503 τῆς
2057 435 2330 505 βασιλίδος
2361 441 2582 513 ἀδελφοὶ
2627 444 2881 519 Ἰωάννης
2909 448 3005 503 καὶ
3043 447 3303 517 Μανουὴλ
3346 447 3442 501 καὶ
3469 449 3500 500 ὁ

263 497 539 568 ingressus
586 510 639 555 et
689 517 981 573 processus
1046 508 1268 579 conjugi
1303 510 1546 570 Leontiae
1578 531 1607 570 a
1637 516 1824 573 Phoea

259 589 466 645 delatos
486 591 721 649 honores
750 595 1013 654 describit
1038 600 1239 658 citatus
1268 602 1603 680 Simocatta:
1644 608 1822 681 Ύπῆν

258 683 313 737 δὲ
333 682 409 752 τῷ
428 685 678 756 τυράννῳ
700 687 942 756 γύναιον,
966 693 1196 749 Λεοντὶα
1235 695 1406 766 ὄνομα
1428 699 1578 769 αὐτῷ
1601 715 1616 731 ·
1643 703 1815 776 ταύτῃ

259 775 522 844 στέφανον
538 777 809 844 βασίλειον
826 784 1190 855 περιτίθησιν.
1218 787 1371 841 Ἐπεὶ
1387 789 1444 843 δὲ
1459 792 1555 844 καὶ
1576 775 1825 862 πομπαῖς

257 866 488 923 εἰθισται
544 873 657 934 τοῖς
712 874 1113 947 αὐτοκράτορσι
1171 879 1269 943 τὰς
1293 882 1601 949 ὁμοζύγους
1625 886 1823 952 ἀναγο-

258 959 462 1029 ρεύειν,
514 965 797 1033 ἐπιφανῶς
851 970 1092 1038 τιμήσας
1118 972 1180 1026 τὸ
1202 974 1322 1038 ἔθος
1351 979 1380 1030 ὁ
1417 978 1682 1049 τύραννος
1717 983 1819 1051 τὴν

252 1054 512 1110 Δεοντίαν
532 1056 855 1124 βασίλισσαν
881 1064 1032 1133 ἠξίου
1056 1064 1436 1137 θριαμϐεύειν.
1471 1071 1652 1127 [renes
1684 1071 1824 1129 Leo-

252 1147 339 1201 nis
367 1148 544 1204 vidua:
570 1151 903 1221 triumphum
932 1156 1435 1224 splendidissimum
1467 1165 1820 1220 commendat

250 1235 531 1295 Cedrenns
584 1241 637 1294 in
683 1243 778 1296 iiIii
812 1243 1159 1304 Constantini
1190 1250 1337 1306 Vita.

321 1327 464 1385 Ibid.
490 1331 743 1403 [Πάντες
764 1336 930 1403 πεζῆ.
965 1338 1411 1397 Cantacuzenum
1437 1352 1617 1400 tamen
1642 1348 1815 1417 impe-

248 1431 491 1477 ratorem
552 1435 796 1485 recenter
829 1441 1155 1489 coronatum
1183 1434 1395 1503 equites
1427 1451 1617 1492 omnes
1642 1437 1817 1493 secuti

247 1521 401 1578 sunt,
422 1512 456 1567 l.
482 1529 564 1575 ιιι,
595 1514 692 1571 27:
734 1517 890 1572 Μετὰ
914 1521 970 1575 δὲ
1010 1522 1111 1591 τὴν
1153 1524 1429 1594 εὐφημίαν
1463 1526 1701 1594 ἔφιππος
1729 1545 1818 1595 γε-

248 1603 477 1670 νόμενος
523 1608 552 1658 ὁ
601 1606 878 1675 βασιλεὺς,
932 1613 1027 1666 καὶ
1077 1614 1188 1668 τῶν
1221 1616 1397 1670 ἄλλων
1431 1619 1650 1673 πάντων
1690 1621 1816 1674 ἐπο-

249 1696 433 1763 μένων
461 1698 547 1768 ἐφ’
576 1700 778 1768 τπποις,
812 1704 925 1758 ὅσοι
962 1700 1125 1777 ἦσαν.
1159 1706 1358 1783 ϐοιιι]

316 1788 460 1844 Ibid.
518 1793 623 1849 Pro
677 1795 1001 1864 exanimata
1032 1799 1151 1866 lego
1189 1801 1498 1870 χαιώματα,
1530 1812 1583 1859 et
1613 1803 1811 1859 τούσια

246 1896 342 1936 seu
374 1884 564 1936 τουόία
592 1887 816 1943 omnino
849 1889 1133 1945 retinenda
1167 1903 1318 1958 sunt,
1343 1909 1445 1949 nec
1468 1897 1727 1950 mutanda
1756 1897 1811 1951 in

244 1972 470 2040 τουφια.
502 1973 685 2043 Inepte
712 1976 911 2033 Junius
934 1995 1124 2045 parvos
1158 1982 1312 2036 tubos
1337 1999 1431 2039 seu
1476 1987 1689 2041 tubulos
1729 1988 1815 2040 in-

246 2072 598 2131 terpretatur.
649 2067 791 2122 Idem
820 2070 965 2126 circa
1025 2071 1321 2142 χαιώματα
1359 2076 1553 2130 iterum
1623 2078 1812 2133 arabi-

243 2166 355 2211 ιιιι.

312 2244 377 2301 Ρ.
406 2246 495 2302 98.
555 2248 737 2321 Imago
757 2250 814 2309 S.
834 2252 1048 2323 Georgii
1085 2256 1138 2310 in
1167 2258 1370 2327 palatio
1395 2268 1514 2314 erat
1549 2261 1696 2316 circa
1721 2244 1812 2318 sa.

242 2335 443 2389 rellnm
475 2337 719 2408 virginis
744 2342 1052 2413 Nicopmre,
1096 2355 1156 2401 ut
1184 2362 1250 2403 ex
1283 2364 1450 2420 supra
1474 2351 1635 2409 dictis
1672 2368 1809 2410 con-

238 2437 371 2493 stat,
396 2444 449 2485 c.
479 2431 565 2496 11,
601 2442 655 2489 et
676 2433 778 2490 hoc
798 2435 941 2490 libro
970 2452 1020 2492 c.
1038 2438 1089 2492 6.
1118 2438 1314 2496 Gesta.

311 2540 456 2597 Ibid.
482 2541 921 2613 [Cantacuzenus
949 2548 1371 2619 Thessalonica},
1403 2563 1462 2609 ut
1492 2561 1650 2612 modo
1669 2559 1810 2614 rela-

235 2643 354 2687 tum
372 2645 478 2698 est,
507 2650 631 2689 cum
672 2640 786 2693 suis
815 2640 950 2709 πρὸς
984 2643 1074 2694 τὸν
1105 2644 1231 2696 ναὸν
1261 2644 1356 2697 τοῦ
1386 2647 1808 2720 μεγαλομάρτυ-

233 2742 333 2796 ρος
368 2729 591 2795 ἐγένετο
617 2731 889 2803 Γεωργίου
923 2733 1019 2787 τοῦ
1071 2737 1574 2808 Παλαιοκαστρίτου
1601 2760 1807 2814 προσα-

232 2820 632 2888 γορευομένου,
652 2823 746 2874 καὶ
779 2824 877 2894 τὴν
900 2830 1273 2897 προσκύνησιν
1304 2831 1581 2899 ἀπεδίδου,
1600 2843 1661 2889 ιιι
1696 2835 1810 2891 feli-

232 2913 393 2967 cibus
448 2913 608 2982 387
635 2914 757 2983 ejus
791 2918 1054 2987 auspiciis
1104 2934 1365 2976 coronam
1402 2927 1704 2995 sumpsisse
1726 2929 1809 2983 vi-

229 3004 478 3059 deretur.
530 3004 813 3072 Snbditur,
843 3010 985 3077 quod
1028 3012 1115 3066 hic
1149 3014 1319 3067 tacuit
1343 3015 1605 3081 Codinus,
1628 3019 1801 3087 impe-

1922 524 2017 578 τοῠ
2047 526 2308 596 βασιλέως
2338 532 2555 602 ἀνεψιὸς
2581 535 2608 586 ὁ
2639 537 2903 607 Ἀγγελος
2941 540 3217 610 Ἰωάννης.
3245 535 3446 609 Gosn.]

1994 615 2055 671 P.
2083 617 2175 674 99.
2201 618 2437 677 Omnino
2457 623 2744 693 legendum
2792 629 2848 683 ἐν
2874 632 2938 699 τῇ
2967 630 3264 699 εὐωχήσει,
3297 642 3407 682 non
3438 629 3499 681 ἑν

1920 709 2319 782 τῇεύλογήσει,
2354 714 2481 783 quia
2519 716 2812 787 εὐλόγησις
2856 721 2993 775 nihil
3016 722 3231 789 penitus
3263 720 3329 773 ad
3379 733 3494 772 rem

1921 798 2071 863 facit,
2099 810 2155 857 at
2185 804 2414 859 multum
2451 806 2747 877 εὐώχησις.
2795 808 2936 866 Dicit
2972 811 3121 865 enim
3185 811 3496 875 imperato-

1919 906 2035 947 rem
2062 892 2203 949 inter
2230 897 2559 963 epulandum
2590 899 2732 953 ferre
2755 914 3013 956 coronam
3037 916 3217 966 suam,
3250 901 3299 955 si
3338 901 3498 967 prius

1919 995 2215 1040 coronatus
2242 985 2424 1054 fuerit,
2463 996 2519 1043 et
2542 990 2735 1044 sedere
2754 990 2809 1044 in
2834 990 2954 1045 loco
2976 990 3365 1053 eminentiore,
3388 991 3498 1045 hoc

1917 1078 2074 1133 estin
2102 1080 2397 1134 anabathra
2430 1096 2527 1135 seu
2560 1083 2809 1137 tabulato
2851 1083 3108 1145 editiore,
3174 1091 3339 1151 prout
3403 1082 3494 1135 die

1918 1173 2287 1227 coronationis
2321 1175 2510 1229 sedere
2539 1176 2847 1231 consuevit.
2889 1175 3089 1231 Junius
3142 1190 3365 1246 prorsus
3395 1174 3496 1228 ﬂav

1917 1260 2111 1329 gitiose
2146 1280 2160 1316 :
2187 1264 2469 1319 Sciendum
2492 1268 2629 1335 ferre
2655 1268 3036 1333 imperatorem
3061 1283 3314 1321 coronam
3338 1283 3491 1320 suam

1916 1352 1971 1405 in
2000 1353 2377 1419 benedictione,
2410 1357 2456 1408 si
2493 1358 2767 1423 proposita
2811 1367 2888 1410 est
2918 1373 2939 1421 ;
2967 1358 3045 1411 sic
3073 1365 3248 1410 autem
3312 1356 3492 1409 sedere

1915 1441 1970 1494 in
2000 1441 2319 1509 anabathra,
2359 1452 2417 1497 ut
2473 1457 2593 1499 ante
2616 1445 2817 1500 dictum
2855 1455 2958 1512 est,
3013 1448 3070 1502 in
3124 1445 3487 1500 coronatione.

1916 1530 2207 1600 Perperam
2232 1534 2412 1602 plane.
2457 1534 2662 1591 Gnns.
3238 1599 3245 1609 _

1985 1619 2125 1673 Ibid.
2170 1620 2528 1693 [Ῥομφαῗαι.
2567 1624 2686 1679 Haec
2711 1625 2857 1680 circa
2883 1626 3264 1696 imperatorem
3296 1624 3365 1679 ad
3391 1624 3490 1679 ho-

1916 1713 2066 1767 noris
2097 1712 2309 1783 insigne
2328 1714 2492 1768 etiam
2523 1715 2579 1769 in
2605 1717 2721 1771 acie
2755 1717 2969 1772 delatae.
3029 1717 3175 1773 Vidit
3209 1731 3305 1772 eas
3356 1716 3484 1770 Ale-

1918 1805 2040 1859 xins
2067 1806 2119 1858 in
2146 1805 2376 1861 adverso
2432 1806 2689 1877 Bryennii
2741 1808 2989 1864 exercitu
3053 1819 3287 1873 erectas,
3356 1821 3519 1861 mox,

1915 1895 2120 1951 eversis
2142 1905 2194 1950 et
2215 1905 2373 1966 capto
2412 1896 2759 1965 imperatoris
2792 1912 2934 1968 equo
2949 1913 3110 1968 quem
3139 1896 3485 1951 comitaban-

1916 1994 2025 2050 tur,
2046 1990 2308 2054 prteconis
2338 2002 2468 2043 voce
2490 1998 2781 2059 tyrannum
2814 1997 2870 2043 et
2936 1989 3152 2043 hostem
3207 1987 3487 2042 interiisse

1912 2075 2230 2144 proclamat.
2264 2080 2482 2147 Annal.,
2508 2081 2545 2135 l.
2569 2098 2640 2137 x:
2678 2082 2868 2153 ’ορᾷό
2912 2084 3095 2154 πατὴρ
3142 2082 3233 2137 τὸν
3257 2082 3484 2135 ἱπποκό-

1917 2183 2019 2234 μον
2044 2167 2140 2220 τοῦ
2164 2168 2453 2247 Βρυεννίου
2483 2171 2649 2226 ἵππον
2675 2173 3070 2242 ἐπισυρόμενον
3095 2174 3161 2242 τῇ
3192 2190 3252 2226 τε
3283 2172 3483 2241 ἁλουρ-

1911 2257 1993 2327 γῷ
2021 2261 2296 2331 ὲφεστρίδι
2330 2266 2746 2334 κεκοσμημένον
2793 2264 2892 2318 καὶ
2931 2266 3250 2337 κατάχρυσοι
3273 2265 3344 2319 τὰ
3374 2264 3483 2334 φά-

1910 2347 2053 2419 λαρα
2084 2350 2297 2419 ἔχοντα,
2350 2355 2443 2407 καὶ
2473 2354 2537 2425 δὴ
2565 2355 2659 2408 καὶ
2714 2357 2842 2419 τοὺς
2892 2359 3224 2426 κατέχοντας
3270 2358 3368 2419 τὰς
3422 2358 3484 2424 ἐξ

1910 2436 2194 2502 ἔθουςτοίς
2256 2439 2548 2509 βασιλεῦσι
2607 2446 3131 2515 παραπεμπομένας
3204 2446 3483 2515 ῥομφαίας

1908 2527 2120 2583 ἐκεῖθεν
2151 2528 2300 2600 αὐτῷ
2348 2532 2746 2601 παραθέοντας.
2785 2535 2849 2590 Et
2875 2534 3018 2589 infra
3054 2554 3069 2590 :
3136 2537 3482 2591 Καταὸάλλει

1913 2618 2014 2688 μὲν
2074 2620 2166 2673 τὸν
2226 2621 2556 2691 ἱπποκόμον,
2633 2628 3056 2697 συναφαιρετται
3107 2626 3164 2680 δὲ
3230 2629 3324 2680 καὶ⁸
3381 2628 3482 2690 τὰς

1911 2711 2208 2780 ῥομφαίας,
2233 2712 2327 2765 καὶ
2356 2713 2531 2784 λάθρα
2586 2715 2833 2782 ὑπέξεισι
2890 2716 2985 2769 τοῦ
3045 2717 3475 2787 στρατεύματος.

1921 2801 2008 2853 Ἐν
2031 2802 2110 2871 τῷ
2138 2803 2403 2875 ἀκινδύνῳ
2459 2805 2518 2859 δὲ
2553 2808 2830 2872 καταστὰς
2880 2810 2973 2863 τόν
3015 2825 3076 2862 τε
3135 2811 3480 2881 χρυσοφάλαο

1912 2909 2005 2960 ρον
2056 2894 2265 2948 ἐκεῖνον
2298 2896 2469 2949 ἵππον
2499 2896 2776 2969 ἐξέπεμψε
2815 2900 2914 2953 καὶ
2943 2899 3043 2963 τὰς
3072 2901 3205 2972 παρ’
3239 2902 3483 2973 ἑκάτερα

1905 2982 2001 3035 τοῦ
2050 2983 2328 3053 βασιλικοῦ
2396 2987 2650 3057 σώματος
2726 2991 3105 3063 στρεφομένας
3173 2993 3476 3063 ῥομφαίας.

228 3103 474 3149 ratorem
507 3095 678 3151 oﬂlcia
706 3071 1105 3170 dignitatesque
1125 3104 1496 3161 coronationis
1524 3071 1632 3161 rit'u
1673 3071 1797 3177 ρει·-
1831 3082 1875 3142 c
1908 3071 2109 3177 Gofn']

226 3194 358 3239 acto
412 3186 883 3242 contulissezKat
931 3207 1039 3242 τισι
1093 3193 1205 3254 τοῖς
1255 3195 1318 3246 ὲκ
1372 3194 1473 3263 τῆς
1505 3196 1804 3267 Λατινικῆς

228 3279 497 3344 στρατιᾶς
526 3278 625 3347 τὴν
653 3279 1006 3349 καϐαλαρίων
1034 3284 1261 3353 παρεῖχε
1290 3284 1476 3355 τιμὴν,
1505 3287 1682 3341 πάντα
1713 3287 1801 3341 ἐπ’

226 3366 419 3427 αὐτοῖς
460 3365 531 3418 τὰ
571 3366 855 3436 εἰθισμένα
903 3370 1181 3438 πράττων.
1245 3371 1388 3427 Idem
1424 3376 1677 3443 praastitit
1710 3392 1803 3431 ac-

226 3465 388 3525 cepta
417 3471 619 3511 corona
648 3456 889 3515 Joannes
904 3460 1199 3518 Andronici
1225 3465 1401 3520 lilius:
1438 3468 1527 3520 ’Ev
1544 3471 1610 3537 τῇ
1637 3470 1797 3540 ἑορτῇ

224 3547 284 3599 δὲ
310 3550 408 3599 καὶ
436 3548 548 3600 τῶν
577 3549 676 3618 τῆς
714 3552 1019 3619 συγκλήτου
1079 3546 1220 3626 πλὴν
1246 3555 1441 3623 ὀλίγων
1472 3556 1799 3626 ἀξιωμάτων

224 3640 432 3699 πάντες
494 3639 707 3710 ἔτυχον,
737 3641 811 3703 ὡς
840 3641 907 3694 ἂν
934 3641 1165 3708 ἕκαστος
1227 3646 1378 3712 παρὰ
1405 3647 1675 3717 βασιλίδος
1704 3651 1801 3704 καὶ

223 3732 577 3802 πατριάρχου
608 3734 701 3786 καὶ⁵
730 3734 828 3803 τῆς
860 3734 1059 3804 βουλῆς
1075 3736 1224 3801 ἄξιος
1260 3737 1475 3809 ἐκρίθη.
1507 3740 1799 3813 Subjungit

222 3823 530 3892 dignitates
569 3840 689 3894 quae
723 3826 923 3895 cuique
942 3827 1181 3883 collatae:
1207 3836 1262 3883 at
1294 3829 1397 3884 illa:
1424 3830 1644 3888 nihilad
1658 3848 1796 3889 rem.

220 3913 301 3969 ita
335 3914 372 3968 i.
394 3913 641 3982 ejusdan
658 3931 708 3971 c.
752 3917 844 3971 ‘56.

275 4027 443 4083 'Jbid.
472 4027 836 4100 [Κεχυμένα.
875 4028 994 4084 Non
1016 4030 1220 4100 insilia,
1247 4032 1340 4088 sed
1363 4034 1552 4105 absque
1579 4053 1795 4092 numero

219 4134 415 4188 sparsa
448 4129 498 4173 et
533 4122 877 4175 coaceruatim
908 4123 1103 4191 effusa.

295 4232 443 4287 Ibid.
473 4231 1011 4305 [Ἀρχοντόπουλα.
1031 4222 1322 4293 Procerum
1352 4240 1497 4308 ﬁlios
1523 4257 1620 4299 seu
1640 4242 1795 4312 juse-

219 4342 316 4381 nes
342 4342 602 4393 proceres,
630 4337 684 4380 et
709 4342 832 4381 cum
849 4327 1234 4385 Cantacuzeno
1252 4332 1339 4385 επ⁹
1370 4332 1624 4403 εὐγενείᾳ
1652 4334 1794 4406 λαμ-

220 4417 610 4485 πρυνομένους
656 4418 813 4479 νέους
842 4418 931 4472 hic
960 4419 1311 4489 interpretor,
1361 4433 1528 4492 prout
1587 4426 1792 4481 Cedre-

218 4524 334 4564 nus
355 4509 745 4579 κομητόπουλα
761 4508 985 4581 juvenes
1012 4513 1227 4568 comites
1255 4516 1477 4585 scripsit
1535 4516 1594 4571 in
1647 4517 1794 4573 Con-

218 4601 451 4654 stantini
482 4585 716 4656 Romani
746 4600 1014 4672 Lecapeni
1041 4619 1260 4673 genero.
1307 4606 1797 4677 Ἀρχοντοπούλους

218 4691 511 4745 cohortem
547 4691 621 4745 ita
651 4692 851 4747 dictam
874 4693 928 4747 in
959 4694 1137 4750 Alexii
1169 4700 1414 4753 exercitu
1443 4696 1615 4757 fuisse
1636 4703 1797 4758 docet

216 4786 388 4836 Anna
419 4782 549 4846 tilia,
582 4783 617 4837 l.
660 4798 756 4837 vn.
807 4785 878 4837 At
933 4785 989 4840 hi
1055 4788 1480 4858 ἀρχοντόπουλοι
1548 4794 1794 4859 nomine,

218 4889 337 4926 non
372 4872 553 4929 forsan
576 4876 985 4943 ἁρχοντόπουλα
1021 4880 1304 4949 sanguinis
1335 4882 1638 4938 nobilitate.
1673 4886 1797 4939 Ἑκ-

215 4967 521 5035 λεξάμενος
550 4970 783 5036 λογάδας
806 4972 900 5025 καὶ
931 4973 1125 5037 αὐτοὺς
1155 4976 1281 5040 τοὺς
1323 4977 1795 5047 ἀρχοντοπούλους

217 5055 575 5123 λεγομένους.
612 5056 676 5110 Et
712 5056 851 5112 infra
884 5075 899 5112 :
936 5059 1204 5116 Πίπτουσι
1257 5064 1367 5119 τῶν
1426 5068 1794 5138 ἁρχοντοπού-

216 5147 337 5197 λων
361 5144 486 5198 ὡσεὶ
513 5147 833 5214 τριακόσιοι.

294 5252 438 5308 Ibid.
472 5254 601 5326 [Ἐκ
629 5259 849 5325 γένους
874 5276 961 5325 τις
992 5262 1096 5315 τοῦ
1111 5265 1436 5333 βασιλέως.
1458 5272 1792 5328 (Iantacuze-

218 5360 335 5397 nus
357 5361 551 5401 mensae
589 5365 702 5405 suae
726 5353 1008 5409 ministros
1046 5354 1175 5410 fecit
1210 5372 1332 5412 esse
1381 5364 1569 5416 uxoris
1588 5364 1787 5422 fratres

216 5435 255 5487 1.
282 5450 374 5498 ιιι,
405 5451 450 5490 c.
473 5438 540 5491 27
575 5455 591 5492 :
628 5440 870 5495 Ἐκεῖθεν
900 5444 958 5495 δὲ
980 5446 1062 5507 εἰς
1097 5448 1162 5499 τὰ
1190 5447 1437 5521 βασίλεια
1475 5455 1789 5510 ἐπανελθὼν

218 5522 351 5590 ἅμα
377 5523 606 5592 βασιλίδι
633 5533 699 5599 τῇ
729 5537 941 5604 γαμετῇ
973 5536 1242 5606 λαμπρῶς
1272 5542 1530 5609 εἱστιᾶτο,
1570 5548 1788 5601 πάντων

220 5619 652 5686 παρισταμένων
701 5625 846 5679 κατά
903 5626 971 5680 τὰ
1019 5633 1385 5700 νενομισμένα
1452 5636 1785 5706 βασιλεῦσιν.

234 5707 643 5779 Ὕπηρετοῦντο
696 5715 753 5769 δὲ
790 5719 971 5782 αὐτοῖς
1001 5721 1136 5791 πρὸς
1169 5724 1267 5793 τὴν
1330 5726 1570 5782 ἑστίασιν
1608 5731 1677 5783 ὀἵ
1728 5750 1785 5785 τε

1976 3164 2149 3221 Porro
2182 3168 2547 3239 imperatores
2582 3172 2638 3227 in
2672 3154 2772 3228 sua
2826 3174 3251 3247 inauguratione
3306 3177 3477 3233 etiam

1902 3260 2061 3328 alios,
2090 3262 2135 3317 si
2161 3265 2378 3318 occasio
2401 3263 2707 3332 oti'erretur,
2732 3267 3089 3336 dignitatibus
3112 3269 3481 3325 honestabant

1906 3354 2172 3422 novisque
2209 3355 2385 3410 titulis
2410 3357 2847 3413 condecorabant
2879 3375 2894 3412 :
2929 3374 3053 3413 nam
3089 3375 3211 3415 cum
3239 3359 3481 3417 Joannes

1901 3444 2205 3499 Andronici
2229 3445 2475 3502 Junioris
2508 3446 2653 3502 illius
2677 3459 3065 3516 coronaretur,
3100 3467 3276 3506 omnes
3311 3452 3479 3521 ferme

1900 3550 2157 3602 proceres,
2190 3547 2249 3592 ut
2276 3555 2525 3609 quemque
2562 3541 2899 3608 imperatrix,
2941 3543 3255 3611 patriarcha
3285 3554 3331 3597 et
3350 3560 3482 3598 con-

1900 3629 2077 3681 citium
2109 3645 2221 3683 esse
2245 3631 2456 3699 dignum
2480 3630 2781 3699 judicarat,
2810 3634 3097 3703 dignitates
3123 3634 3300 3701 adepti
3325 3644 3471 3692 sunt.

1899 3720 1968 3774 Et
1992 3723 2200 3777 Isacius
2233 3723 2440 3792 quidem
2474 3724 2673 3777 Asanes
2717 3724 3225 3793 panltypersebastus
3280 3725 3463 3778 decla-

1898 3823 2047 3868 ratus
2072 3824 2168 3879 est,
2192 3816 2500 3884 Apocaucus
2527 3831 2745 3884 magnus
2775 3818 2903 3878 dux,
2941 3814 3213 3868 Clmmnus
3249 3832 3478 3886 magnus

1816 3941 1826 3950 ι
1895 3906 2349 3974 stratopedarclta.
2383 3907 2549 3977 368
2576 3906 2911 3959 Andronicus
2944 3904 3288 3975 Palteologus
3322 3910 3470 3975 Apo-

1897 3999 2046 4050 cauci
2080 4013 2235 4066 gener
2263 3998 2423 4051 etiam
2451 3998 2559 4065 ipse
2590 4012 2811 4066 magnus
2841 3996 3281 4066 strntopedarcha
3326 3998 3477 4051 desi.

1895 4083 2344 4158 gnatur,Gabatas
2360 4088 2773 4153 protosebastus.
2790 4097 2841 4141 et
2857 4088 2935 4141 ita
2955 4087 3052 4142 atii
3072 4104 3267 4153 omnes,
3283 4084 3471 4143 eorum

1894 4178 2193 4247 suffragiis,
2224 4177 2289 4231 de
2307 4179 2495 4247 quibus
2517 4194 2679 4248 supra
2705 4179 2965 4233 dicimus.
3004 4179 3323 4253 Patriarchn
3342 4184 3471 4253 quin

1894 4268 2118 4339 gradum
2149 4277 2451 4337 permutare
2470 4283 2575 4323 non
2595 4278 2824 4337 poterat,
2862 4269 3046 4324 habitu
3068 4286 3124 4325 se
3192 4274 3471 4342 augustio-

1898 4377 2007 4416 rem
2034 4361 2178 4430 fecit,
2202 4368 2252 4414 et
2277 4361 2332 4414 in
2385 4360 2857 4431 subscriptionibus
2889 4362 3064 4415 colore
3109 4362 3331 4416 caruleo
3386 4362 3475 4416 est'

1902 4470 2028 4508 usus
2091 4454 2492 4523 ﬂammeumque
2523 4469 2614 4508 seu
2648 4462 2850 4524 tegmen
2886 4454 3101 4523 capitis,
3148 4455 3287 4523 quod
3311 4464 3472 4509 antea

1896 4546 2255 4611 patriarchas,
2279 4546 2326 4599 si
2355 4544 2419 4599 de
2439 4546 2712 4600 monachis
2736 4563 2838 4600 non
2879 4554 3071 4612 essent,
3096 4549 3276 4601 album
3325 4550 3473 4618 ferre

1898 4655 2009 4692 mos
2033 4647 2168 4702 erat,
2194 4638 2305 4707 ipse
2333 4653 2467 4692 auro
2500 4637 2817 4705 illustravit,
2857 4636 3157 4692 Servatoris
3204 4640 3373 4692 nostri
3415 4650 3473 4693 es

1896 4730 2119 4786 illibatae
2139 4731 2252 4799 ejus
2285 4731 2558 4799 genitricis
2589 4729 2831 4799 Πείρου-ω
2857 4746 2921 4783 ac
2944 4726 3173 4782 Joannis
3204 4728 3475 4797 Baptistae

1896 4823 2115 4891 depictis
2138 4825 2193 4876 in
2226 4839 2285 4877 eo
2311 4823 2569 4877 iconibus.
2619 4821 3056 4885 Cantacnzenus,
3093 4835 3175 4886 ιιι,
3233 4820 3324 4874 36.
3380 4821 3472 4876 Ιια

1896 4915 1965 4970 ad
1994 4916 2345 4969 ambitionem
2372 4913 2659 4983 tegendam
2707 4920 3030 4981 argumenta
3065 4910 3283 4979 pietatis
3327 4910 3472 4965 ima-

1895 5006 2051 5074 gines
2072 5004 2276 5059 assumi
2309 5004 2633 5059 debuerunt.

1964 5096 2321 5149 Ambitiosior
2346 5095 2524 5147 adhuc
2549 5093 2815 5165 Bulgaria:
2867 5093 3339 5164 archiepiscopus,
3366 5096 3481 5166 qui

1895 5192 2030 5249 teste
2054 5183 2289 5251 Georgio
2316 5182 2613 5252 Logotheta
2660 5183 2713 5236 in
2760 5182 3034 5238 Chronico
3084 5184 3146 5237 τὸ
3179 5184 3465 5253 βασιλικὸν

1894 5274 2206 5343 περιτίθησι
2232 5276 2419 5343 σχῆμα
2451 5273 2544 5326 καὶ
2572 5273 2834 5344 διάδημα,
2864 5275 2941 5338 ὠς
2966 5274 3210 5343 ἔφασκεν
3240 5278 3461 5333 αὐτόνος

1895 5382 1993 5435 μος
2021 5364 2095 5417 ὢν
2119 5364 2210 5417 καὶ
2241 5365 2434 5433 μηδενὶ
2462 5363 2692 5429 εὐθύνας
2721 5366 2952 5435 ὀφείλων
2992 5366 3216 5434 διδόναι,
3251 5370 3345 5423 καὶ
3368 5371 3461 5424 διὰ

1890 5458 2049 5511 τοῦτο
2076 5456 2221 5525 ἔχειν
2247 5456 2497 5519 ἐξουσίαν
2530 5457 2761 5527 βασιλέα
2815 5460 3053 5529 στέφειν.
3081 5458 3216 5517 Vitio
3258 5461 3460 5518 Novel—

1891 5550 2000 5605 lam
2035 5548 2126 5602 151
2164 5546 2457 5603 Justiniani
2485 5550 2853 5621 imperatoris.

1962 5639 2101 5695 Cum
2128 5638 2366 5697 Joannes
2387 5641 2803 5699 Cantacnzenus
2824 5642 3193 5715 Didymotichi
3213 5646 3456 5716 impera-

1893 5742 1979 5793 tor
2000 5733 2329 5803 initiaretur,
2368 5734 2594 5805 ipsemet
2632 5735 2809 5805 primo
2837 5746 3024 5792 restem
3051 5735 3459 5806 imperatoriam
