3928 6214
407 313 509 379 411

1515 318 1600 378 IN
1639 319 1932 378 LIBRUM
1974 319 2066 377 DE
2108 316 2437 379 OFFICIIS
2471 317 2574 378 ΟΡ.

3542 310 3644 374 4ἳὲ

406 433 601 492 induit,
634 428 817 483 deinde
846 430 896 481 in
939 437 1212 494 conspectu
1245 429 1477 486 omnium
1534 446 1687 497 peaes
1747 434 1969 497 crepidis
1996 447 2047 503 Α
2072 431 2210 481 diem
2230 444 2341 482 sum
2368 427 2657 482 vocationis
2699 435 2953 496 tanquam
2982 423 3251 493 speculum
3282 422 3391 476 suis
3448 420 3646 475 obtuti-

403 524 677 591 purpureis
708 529 967 586 exaniat;
999 538 1223 589 quorum
1282 522 1550 575 dexteram
1612 524 1659 575 ei
1710 522 1967 588 sanguine

403 612 651 675 proximi,
685 611 948 664 sinistram
982 628 1046 665 ea:
1079 612 1418 666 conductitiis
1465 612 1670 667 Latinis
1702 614 1966 666 nobilitate

400 710 449 752 et
480 701 751 767 splendore
770 703 972 769 generis
1019 704 1175 770 primi
1207 703 1482 757 inducunt.
1510 703 1837 771 Imperialem
1872 720 1969 756 att-

403 797 502 842 tem
535 792 728 843 tiaram
767 802 886 843 ante
913 794 1268 845 immaculata:
1342 792 1570 863 Virginis
1625 794 1721 846 Dei
1775 792 1967 847 Matris

399 878 677 947 imaginem
704 882 845 933 humi
874 884 1099 949 positam
1126 901 1281 936 manu
1315 901 1411 936 sua
1450 885 1639 938 tollens
1673 886 1782 952 ipse
1807 884 1969 949 capiti

400 982 494 1017 suo
519 968 757 1033 imponit.
784 968 1075 1025 Cantacuz.
1113 989 1196 1036 ιιι,
1219 974 1310 1025 27.
1350 972 1451 1026 Ubi
1479 974 1707 1028 observa
1758 988 1965 1026 morem

400 1060 1120 1126 pnnennihumicoronam,
1178 1075 1235 1117 ut
1291 1066 1607 1145 insinuetur
1661 1064 1964 1127 humilitas,

400 1157 449 1198 ιιι
485 1158 610 1200 ante
642 1150 932 1217 imaginem
957 1152 1013 1205 Β.
1047 1152 1310 1221 Virginis,
1362 1167 1418 1207 ut
1442 1155 1767 1209 ostendatur
1799 1155 1969 1223 impe-

404 1236 602 1286 ratoris
630 1236 681 1287 in
714 1248 930 1292 sanctos
971 1242 1161 1307 pietas.

471 1322 669 1378 lterum
690 1340 982 1384 coronatus
1007 1341 1089 1384 est
1116 1332 1253 1386 idem
1308 1332 1727 1389 Cantacuzenus
1768 1334 1967 1388 Adria-

399 1417 605 1481 nopoli,
637 1430 796 1485 prout
831 1421 1057 1487 ipsemet
1085 1423 1169 1477 his
1226 1426 1406 1480 verbis
1445 1428 1689 1494 exponit,
1712 1442 1795 1491 ιιι,
1849 1426 1917 1480 92
1949 1446 1962 1481 :

394 1501 516 1554 Jam
541 1522 657 1558 vero
681 1508 881 1575 placuit
916 1513 1079 1564 etiam
1113 1514 1486 1580 imperatorum
1520 1532 1661 1569 more
1693 1517 1962 1581 coronari,

394 1595 819 1662 quandoquidem
899 1609 946 1651 et
1005 1601 1313 1667 patriarcha
1396 1594 1878 1673 Hierosolymorum
1916 1614 1963 1659 el

394 1683 623 1751 episcopi
646 1690 940 1755 complures
976 1706 1152 1742 coram
1179 1693 1438 1747 adessent.
1460 1695 1690 1765 Curaque
1717 1700 1964 1752 mandas-

2071 518 2164 571 bus
2200 529 2512 586 anteponat,
2539 518 2840 570 districtum
2875 516 3077 569 ultima:
3114 514 3483 567 discussionis.
3498 512 3649 580 judi-

2070 611 2211 664 cium
2241 612 2637 673 contremiscat,
2674 617 2957 679 quatenus,
3016 608 3143 659 dum
3196 621 3334 658 nunc
3380 604 3647 657 Creatoris

2068 703 2151 755 sui
2180 702 2375 771 legibus
2412 702 2679 764 subditur,
2712 700 2805 770 qui
2826 700 2964 753 inter
2990 705 3286 761 creaturas,
3311 711 3428 759 qua:
3481 704 3649 748 terre-

2071 807 2152 846 nte
2184 802 2327 854 sunt,
2354 794 2558 845 videtur
2588 792 2841 862 insignis,
2891 790 2949 841 in
2985 787 3185 841 cmlesti
3223 802 3422 855 quoque
3477 785 3651 854 gloria

2069 886 2315 938 veraciter
2332 886 2400 938 sit
2426 884 2687 938 sublimis.
2721 884 2786 937 Et
2812 883 2919 936 huc
2948 879 3206 935 tendebat
3234 884 3237 888 ’
3261 892 3482 947 quoque
3515 893 3647 930 aca-

2069 977 2173 1040 cia,
2215 992 2375 1045 quam
2402 977 2702 1045 imperator
2723 976 2895 1030 altera
2929 988 3093 1027 manu
3120 968 3263 1026 ferre
3281 970 3515 1033 solebat,
3578 969 3649 1023 de

2069 1081 2176 1135 qua
2207 1067 2317 1135 jam
2342 1069 2541 1136 saepius
2567 1066 2799 1122 dictum.
2824 1065 2924 1121 Est
2947 1074 3129 1119 autem
3189 1062 3376 1117 akacia
3401 1062 3466 1115 ad
3526 1075 3651 1113 ver-

2068 1158 2195 1212 bum
2223 1159 2543 1222 innocentia,
2574 1168 2630 1213 et
2654 1158 2887 1213 Aeacius
2912 1156 3280 1219 Innocentius,
3312 1162 3373 1209 ut
3401 1167 3503 1210 suo
3521 1152 3649 1207 loco

2068 1249 2399 1305 notavimus.
2430 1249 2637 1305 Gens.

2628 1340 2857 1396 CAPUT
2918 1339 3063 1394 XIII.

2073 1450 2473 1507 Observationes
2518 1462 2568 1506 et
2616 1454 2996 1521 explicationes
3047 1454 3103 1506 in
3164 1470 3213 1509 c.
3261 1453 3329 1508 i8
3365 1463 3415 1507 et
3460 1455 3549 1520 l9,
3582 1455 3646 1509 de

2137 1524 2473 1576 coronatione
2498 1525 2750 1591 despotic,
2781 1525 3214 1577 sebastocratoris
3240 1534 3288 1577 et
3317 1522 3572 1578 Casaris.

2139 1613 2200 1668 P.
2232 1615 2353 1667 l00.
2389 1613 2500 1684 [Τὰ
2524 1614 2732 1671 οἰκεῖα.
2762 1614 3161 1685 Dignoscuntur
3181 1629 3230 1670 c.
3257 1615 3291 1668 4
3321 1614 3485 1684 huius
3508 1630 3645 1686 Ope-

2067 1705 2165 1759 ris.
2191 1703 2389 1776 Germ]

394 1783 473 1825 set
506 1776 804 1842 artiﬁcibus
827 1788 881 1831 ut
915 1795 1163 1832 coronam
1194 1791 1243 1834 et
1267 1783 1389 1835 aliis
1420 1795 1473 1837 ut
1502 1786 1613 1838 alia
1648 1787 1717 1839 ad
1741 1804 1856 1840 eam
1885 1805 1967 1841 ce-
1998 1770 2041 1825 Β
2137 1793 2279 1849 Ibid.
2322 1770 2570 1848 Δίϐολέα
2621 1794 2860 1860 πέδιλα,
2906 1796 3137 1864 duplicis
3181 1797 3375 1850 coloris
3426 1800 3644 1851 calcea-

394 1865 693 1919 lebritatem
716 1872 1183 1941 cwremoniamque
1216 1878 1609 1931 accommodata
1630 1880 1962 1947 conﬁcerent,

395 1958 597 2019 paratis
630 1959 867 2012 omnibus
909 1960 1166 2015 aLazaro
1218 1966 1526 2031 patriarcha
1582 1965 1965 2038 Hierosolymi-

393 2056 539 2110 tano,
572 2065 744 2102 mense
798 2049 966 2116 Maio,
1024 2056 1234 2123 quando
1288 2056 1621 2111 Constantini
1676 2058 1860 2128 Magni
1912 2070 1963 2114 et

395 2136 609 2192 Helerni:
635 2141 819 2194 matris
844 2142 979 2211 ejus,
1012 2147 1267 2212 apostolis
1297 2152 1801 2213 comparandorum,
1854 2169 1961 2206 me-

396 2230 563 2280 moria
588 2228 817 2297 colitur,
845 2249 1037 2288 corona
1069 2237 1331 2291 induitur.
1401 2238 1634 2295 Coronat
1690 2252 1867 2296 autem
1912 2256 1961 2297 et

394 2320 524 2387 ipse,
550 2330 607 2373 ut
636 2340 745 2375 mos
777 2326 1006 2388 tenebat,
1027 2326 1214 2381 Irenen
1240 2331 1512 2399 conjugem
1534 2349 1686 2387 suam
1716 2350 1735 2398 ;
1759 2336 1962 2388 omnia-

395 2432 494 2480 que
517 2417 915 2483 solitisritibus,
943 2438 1098 2489 quam
1131 2426 1359 2478 maxime
1387 2426 1505 2493 ﬁeri
1530 2429 1722 2495 potuit,
1740 2440 1957 2497 peracta

392 2515 535 2557 sunt.
572 2505 713 2558 Nam
734 2517 783 2561 et
815 2519 1058 2577 argentea
1085 2520 1241 2580 atque
1270 2530 1427 2567 aurea
1450 2516 1770 2569 numismata
1806 2535 1959 2585 spar-

391 2592 667 2659 gebantur,
723 2598 957 2650 convivia
1024 2599 1432 2669 poculorumque
1487 2604 1826 2659 invitationes
1888 2609 1957 2660 ad

386 2682 499 2737 ili-“es
522 2686 779 2752 plurimos
807 2688 1298 2757 frequentabantur.
1356 2690 1537 2746 Tertio
1557 2693 1773 2749 demum
1796 2712 1958 2751 coro-

391 2785 553 2831 natus
584 2788 666 2831 est
696 2779 845 2848 Cpoli
871 2780 921 2833 in
946 2779 1264 2835 Blacbernis
1284 2781 1529 2852 Deiparae
1564 2786 1787 2855 virginis
1818 2799 1956 2843 temo

393 2868 504 2934 plu,
528 2877 689 2935 prout
715 2869 830 2935 ipse
862 2868 983 2925 inse
1016 2872 1242 2939 exponit
1274 2887 1349 2939 tv,
1382 2873 1437 2927 4.
1674 2934 1683 2945 ,

463 2955 543 3007 Ad
575 2956 735 3009 linem
759 2957 923 3027 hujus
950 2961 1145 3028 capitis
1172 2960 1237 3016 de
1260 2964 1618 3020 coronatione
1657 2966 1956 3035 imperato-

2066 1896 2263 1939 menta.
2287 1884 2385 1941 Vel
2407 1887 2533 1942 hinc
2556 1897 2781 1956 apparet
2798 1888 3123 1942 vocabulum
3150 1887 3361 1942 διόολέα
3388 1898 3574 1958 specta
3586 1903 3644 1942 re

2064 1976 2425 2045 adduplicem
2470 1978 2740 2035 .colorem.
2784 1977 2933 2048 (Haec
2953 1994 3003 2033 c.
3057 1978 3109 2032 5.
3150 1977 3346 2046 Gem.)
3402 1979 3478 2033 Ex
3509 1994 3645 2034 voce

2069 2068 2260 2120 πέδιλα
2314 2079 2499 2131 natum
2555 2078 2638 2124 est
2689 2068 2990 2133 πεδούλιον,
3054 2079 3108 2124 et
3160 2069 3367 2124 Latinis
3418 2084 3645 2139 quoque

2061 2158 2288 2225 pedulis.
2348 2160 2615 2228 lnterpres
2636 2158 2914 2214 iuvenalis
2945 2160 3063 2213 Sat.
3101 2175 3117 2212 ι
3151 2176 3165 2213 :
3200 2158 3424 2213 Pedules
3476 2174 3643 2213 novos

2061 2247 2116 2300 in
2140 2246 2365 2312 braccis,
2399 2265 2528 2318 quos
2561 2248 2815 2317 pedornes
2840 2250 3048 2304 dicunt.
3079 2249 3278 2304 (ἴητε.

2128 2337 2268 2391 Ibid.
2298 2337 2710 2409 ['Tndgbnyor.
2747 2339 2969 2410 Proprie
2989 2340 3080 2409 qui
3101 2340 3169 2394 ad
3189 2340 3411 2408 aliquod
3437 2355 3645 2395 munus

2058 2430 2252 2484 electus
2285 2439 2368 2486 est
2398 2440 2451 2486 et
2479 2433 2784 2501 deputatus,
2822 2432 3064 2487 nondum
3097 2441 3281 2487 tamen
3317 2434 3643 2503 impositum

2061 2522 2233 2576 habet
2271 2522 2354 2576 vel
2388 2538 2418 2577 a
2453 2524 2737 2592 superiore
2786 2524 3169 2579 commissum.
3196 2522 3289 2578 Sic
3324 2524 3535 2579 electus
3567 2526 3641 2579 ad

2060 2612 2463 2681 episcOpatum,
2512 2614 2756 2667 nondum
2778 2622 2957 2669 tamen
2991 2615 3297 2679 ordinatus,
3329 2615 3647 2684 ὑπόψηφος

2056 2713 2160 2759 est.
2228 2705 2633 2776 Eucbologiunr.
2681 2724 2696 2762 :
2732 2708 3178 2778 llpootpéperat‘b
3208 2707 3517 2776 ὑποψήφιος
3540 2708 3645 2777 (ita

2058 2794 2207 2865 legit)
2243 2796 2351 2848 ὑπὸ
2381 2796 2489 2848 τῶν
2519 2798 2796 2867 κληρικῶν
2824 2798 3011 2857 αὑτοῦ.
3051 2809 3125 2868 ιιι,
3139 2807 3518 2854 consecretur.

2115 2885 2246 2945 Ibid.
2272 2886 2291 2959 [
2309 2886 2653 2948 Ἀσπάζεται
2668 2890 2844 2942 πόδα.
2861 2890 2992 2944 Vide
3009 2890 3152 2944 dicta
3174 2890 3226 2944 in
3241 2899 3369 2945 nota
3387 2891 3452 2944 ad
3473 2905 3528 2960 p.
3541 2891 3641 2946 92.

2110 2977 2247 3032 Ibid.
2279 2977 2582 3059 [Κᾳμάρας
2602 2980 2821 3049 μικρὰς
2849 2980 3175 3049 τέσσαρας.
3205 2982 3452 3051 Despota:
3476 2997 3644 3059 (ιρι-ρο

388 3046 466 3101 ris
502 3049 685 3117 accipe
706 3064 768 3103 ex
800 3049 956 3105 Petro
994 3051 1255 3109 Damiano
1288 3055 1324 3109 Ι.
1364 3072 1402 3120 ι,
1432 3072 1516 3126 ep.
1546 3059 1630 3124 l7,
1658 3060 1804 3115 hunc
1850 3077 1956 3117 mo-

2073 3082 2126 3120 ιιι
2165 3069 2313 3123 solus
2352 3052 2588 3124 circulus
2622 3079 2706 3126 est
2738 3069 2973 3125 frontem
3023 3072 3303 3137 ambiens,
3336 3046 3643 3142 quem'ge-

387 3155 502 3193 rem
534 3141 587 3193 in
620 3142 978 3196 coronatione
1017 3143 1296 3199 observari
1336 3158 1680 3216 consuetum,
1706 3165 1867 3220 quem
1923 3166 1953 3205 a

387 3233 596 3287 (ἐοιιίηο
624 3236 888 3289 omissum
923 3235 1173 3299 mirarer,
1210 3237 1312 3292 nisi
1361 3239 1561 3294 scirem
1593 3242 1642 3295 ei
1677 3258 1784 3297 non
1820 3242 1957 3297 luis-

388 3340 447 3379 se
481 3327 819 3395 propositum
852 3326 1105 3380 omniain
1150 3327 1362 3385 litteras
1414 3330 1641 3387 referre.
1683 3331 1762 3387 lta
1823 3350 1954 3406 ergo

390 3419 685 3472 llan'iianns
726 3437 739 3473 :
765 3418 918 3487 Apud
936 3418 1145 3474 Graecos
1168 3422 1276 3476 ltwc
1308 3426 1471 3477 teneri
1491 3426 1810 3480 consuetudo
1834 3443 1957 3496 per-

388 3512 613 3573 ltibetur,
642 3522 695 3563 ut
719 3528 835 3564 cum
868 3514 1157 3579 imperator
1186 3516 1305 3584 quis
1342 3517 1399 3569 in
1420 3517 1682 3587 dignitate
1722 3530 1955 3588 creatur,

387 3620 511 3659 mox
538 3614 593 3657 ut
629 3604 995 3673 imperialibus
1021 3606 1183 3674 fuerit
1211 3608 1398 3675 infulis
1423 3612 1720 3676 redimitus,
1752 3629 1958 3669 corona:

388 3698 546 3750 simul
572 3713 635 3750 ac
663 3698 854 3764 sceptri
890 3697 1063 3765 gloria
1092 3695 1389 3765 decoratus,
1423 3716 1540 3753 cum
1569 3703 1792 3771 denique
1836 3721 1960 3773 pro-

390 3807 565 3844 rerum
596 3792 827 3843 uallatur
844 3789 1124 3860 obsequiis,
1159 3807 1277 3844 cum
1308 3793 1569 3861 excipitur
1634 3797 1959 3851 modulanti-

389 3884 483 3937 bus
504 3884 840 3952 psallentium
865 3884 1059 3947 choris,
1080 3884 1295 3954 quidam
1313 3884 1413 3937 sibi
1446 3896 1641 3955 prwsto
1675 3888 1736 3955 ﬁt
1759 3889 1955 3957 obvius,

387 3978 479 4046 qui
512 3976 747 4031 videlicet
788 3993 891 4029 una
912 3992 1069 4029 manu
1102 3977 1365 4030 vasculum
1393 3978 1603 4046 plenum
1635 3992 1959 4036 mortuorum

388 4070 553 4139 369
578 4071 779 4123 ossibus
802 4085 862 4120 ac
889 4071 1188 4136 pulveribus
1211 4071 1425 4138 o/ferat,
1454 4073 1508 4125 in
1529 4074 1639 4127 alia
1671 4091 1785 4128 vero
1819 4085 1963 4143 stup-

389 4177 511 4226 pam
537 4159 634 4211 lini
662 4158 925 4211 subtiliter
946 4176 1133 4225 pexam
1165 4177 1227 4212 ac
1256 4163 1379 4229 pilis
1410 4165 1697 4230 pensilibus
1732 4165 1964 4220 molliter

391 4250 716 4313 demolitam,
756 4252 841 4303 cui
866 4253 1113 4317 protinus
1144 4253 1280 4320 ignis
1319 4255 1616 4317 adhibetur,
1649 4265 1698 4308 et
1757 4266 1964 4323 repente

392 4344 447 4396 in
475 4345 582 4395 ictu
614 4341 753 4394 oculi
790 4342 1012 4408 flamma
1048 4343 1220 4394 subito
1257 4352 1473 4396 vorante
1515 4349 1866 4409 consumitur,
1905 4357 1961 4400 ut

2060 3158 2195 3211 mini
2255 3158 2541 3230 hemicycli
2591 3176 2825 3230 superne
2851 3162 2904 3215 in
2934 3175 3156 3218 crucem
3214 3162 3319 3217 acti
3342 3172 3642 3217 exornant.

2060 3248 2237 3304 Radix
2289 3251 2453 3306 unius
2508 3252 2561 3305 in
2620 3252 2799 3307 fronte
2853 3261 2939 3309 est
2983 3255 3112 3308 etin
3153 3254 3408 3324 occipite,
3468 3269 3641 3324 supra

2059 3349 2349 3410 utramque
2420 3356 2607 3396 aurem
2661 3342 2940 3397 alterius:
2979 3342 3052 3396 ita
3117 3353 3356 3411 quatuor
3387 3342 3635 3398 fornices

2057 3437 2393 3499 exsurgunt:
2422 3429 2648 3501 καμάρα
2672 3430 2815 3485 enim
2840 3430 3135 3500 hemicycli
3162 3445 3287 3499 pars
3315 3439 3399 3486 est
3434 3432 3637 3485 media.

2060 3521 2274 3591 imperii
2328 3521 2672 3578 Francorum
2715 3536 3005 3578 successor
3052 3522 3347 3592 delphinus
3371 3537 3640 3578 coronam

2059 3623 2233 3683 gestat
2287 3614 2496 3677 duobus
2539 3613 2848 3668 istiusmodi
2902 3613 3231 3684 hemicyclis
3299 3612 3355 3667 in
3409 3628 3637 3668 crucem

2061 3704 2388 3761 transversis
2428 3705 2696 3775 insignem
2752 3715 2807 3758 et
2827 3705 3087 3774 καμάρας
3121 3702 3331 3775 μικρὰς
3358 3705 3640 3774 τέσσαρας

2061 3797 2309 3867 ἔχουσαν.
2365 3794 2607 3851 Consule
2667 3794 2906 3851 Marcum
2944 3794 3266 3850 Vulsonium
3299 3797 3355 3849 in
3390 3795 3640 3851 Scienti:

2061 3888 2301 3944 beroica.
3307 3934 3338 3972 .

2130 3981 2294 4051 370
2321 3979 2457 4033 Ibid-
2479 3978 2882 4052 [Ἔμπροσθεν
2906 3980 3112 4045 μόνον.
3131 3978 3426 4051 llemicycli
3458 3981 3642 4035 nimi-

2063 4087 2186 4126 rum
2222 4081 2426 4140 partem
2473 4072 2706 4125 mediam
2741 4071 2945 4127 circulo
3018 4073 3072 4127 in
3109 4072 3288 4128 fronte
3318 4074 3641 4143 prominen-

2066 4174 2200 4218 tem.
2237 4162 2435 4234 Coum]

2138 4251 2277 4305 Ibid.
2335 4250 2875 4323 Stemmatogyrium,
2919 4267 2950 4308 a
2987 4261 3275 4310 stemmate
3322 4254 3533 4309 scilicet
3584 4262 3644 4308 et

2067 4340 2241 4411 gyris,
2296 4341 2497 4409 quibus
2521 4343 2836 4398 constabat.
2873 4341 3071 4399 Junius
3106 4354 3351 4414 gyratam
3383 4359 3639 4411 coronam

391 4436 447 4489 in
491 4436 656 4488 altero
703 4435 884 4487 debeat
936 4432 1270 4487 considerare
1313 4435 1452 4504 quod
1506 4447 1603 4499 est,
1678 4437 1733 4490 in
1797 4439 1962 4499 altero
1998 4416 2235 4486 θυοσαει
2272 4432 2477 4487 Caus.

391 4527 563 4581 valeat
657 4527 830 4580 videre
917 4526 1057 4595 quod
1109 4525 1283 4590 habet,
1355 4527 1408 4579 in
1468 4528 1728 4582 cineribus
1787 4531 1955 4599 siqui-

390 4622 509 4673 dem
567 4636 619 4673 se
668 4620 891 4672 cinerem
947 4618 1300 4687 recognoscit;
1354 4619 1615 4687 iustuppa
1672 4621 1787 4689 jam
1847 4625 1960 4676 col-

393 4713 506 4779 ligit
530 4711 583 4765 in
614 4710 697 4763 die
717 4710 911 4778 judicii
933 4726 1091 4778 quam
1111 4710 1282 4762 subito
1305 4711 1531 4764 mundus
1551 4714 1795 4775 ardebit;
1828 4730 1963 4785 qua-

395 4817 567 4868 tenus,
587 4807 706 4858 tlum
726 4822 779 4858 se
798 4804 959 4858 simul
988 4820 1050 4857 ac
1079 4819 1177 4857 sua
1215 4814 1323 4857 tant
1354 4822 1510 4869 vana,
1540 4815 1646 4858 tam
1675 4808 1962 4876 ﬂoccipen-

390 4898 564 4950 denda
593 4896 911 4959 considerat,
963 4895 1026 4947 de
1091 4896 1381 4962 imperialis
1434 4898 1679 4951 culminis
1745 4916 1963 4953 ascenso

393 4988 607 5056 fastigio
642 4986 943 5039 nullatenus
1006 4986 1341 5052 insolescat;
1411 4997 1461 5040 et
1516 4988 1638 5040 dum
1695 5007 1963 5057 possessor

393 5087 544 5146 atque
579 5076 835 5145 possessio
881 5077 1150 5145 subjacere
1195 5078 1461 5130 communi
1510 5080 1750 5132 omnium
1816 5084 1965 5135 casui

395 5185 498 5221 non
548 5167 854 5236 ambigitur,
901 5168 1018 5237 jam
1069 5170 1224 5237 quasi
1261 5169 1325 5223 de
1376 5170 1634 5239 singulari
1686 5172 1963 5239 dignitatis

395 5262 560 5328 apice.
591 5261 679 5329 qui
730 5261 798 5312 ad
847 5276 1055 5314 summa
1099 5272 1372 5327 provectus
1398 5270 1495 5323 est,
1557 5278 1659 5314 non
1729 5265 1960 5333 inﬂetur.

402 5351 685 5405 Pulchrum
713 5369 834 5422 ergo
870 5353 1154 5406 mundana:
1177 5353 1500 5406 conditionis
1548 5354 1784 5408 ordinem
1810 5354 1964 5407 homo

397 5448 710 5508 consideret,
743 5457 791 5499 et
814 5448 938 5499 dum
970 5446 1081 5499 suis
1112 5445 1290 5497 usibus
1325 5447 1500 5499 omnia
1528 5449 1693 5500 cernit
1716 5450 1963 5512 attribui,

402 5553 504 5590 non
543 5537 641 5589 sibi
668 5538 757 5589 sed
782 5551 875 5589 suo
906 5537 1097 5606 referat
1144 5538 1348 5605 gratias
1404 5538 1711 5603 conditori;
1768 5541 1967 5593 lenoci-

401 5637 612 5682 nantem
639 5629 820 5683 mundi
841 5629 1065 5699 gloriam
1121 5629 1215 5681 sub
1239 5627 1435 5695 judicii
1463 5630 1545 5680 sui
1572 5630 1806 5683 calcibus
1876 5632 1965 5684 tle-

397 5714 616 5785 printat,
645 5719 866 5773 virorem
894 5719 1070 5776 carnis
1100 5716 1305 5772 aridum
1328 5715 1445 5785 jam
1474 5717 1733 5784 pulrereur
1760 5719 1963 5785 credat,

2136 4521 2272 4576 Ibid.
2312 4521 2645 4593 [Coronarize
2679 4524 2920 4594 cujusvis
2955 4526 3221 4582 machinae
3249 4526 3487 4588 circulus
3518 4528 3642 4598 pla-

2059 4628 2164 4669 nus
2192 4616 2331 4669 solet
2370 4631 2490 4670 esse
2519 4617 2689 4682 basis,
2718 4633 2839 4687 quae
2869 4618 3070 4683 κύκλος
3096 4620 3181 4674 vel
3210 4621 3380 4689 γῦρος
3419 4636 3644 4674 nuncu-

2061 4710 2260 4776 panda.
2287 4709 2539 4764 Circulus
2568 4710 2658 4765 ille
2692 4713 2881 4767 eodem
2917 4727 3079 4781 opere
3116 4714 3637 4783 conﬂatus,parque

2062 4800 2456 4869 conspicienda
2492 4801 2545 4854 in
2575 4801 2918 4869 imperatoris
2950 4804 3283 4872 praeclariori
3322 4815 3639 4869 stemmate,

2064 4890 2543 4959 στεμματογύριον
2577 4900 2678 4957 est,
2706 4891 2863 4960 quasi
2890 4892 3096 4955 nudus,
3132 4893 3253 4946 solo
3285 4892 3644 4948 semifornice

2063 4978 2344 5047 adjuncto,
2399 4981 2700 5035 stemmatis
2732 4982 2972 5036 circulus
3006 5002 3020 5037 :
3049 4983 3270 5051 στέμμα
3291 4999 3418 5036 vero
3445 4985 3643 5051 praci-

2064 5085 2227 5139 puum
2254 5081 2337 5123 est
2366 5073 2711 5141 imperatoris
2738 5073 2971 5141 insigne.
3005 5071 3180 5127 Infera
3205 5072 3323 5142 ejus
3347 5087 3440 5125 ora
3473 5089 3643 5141 στεμ-

2066 5164 2385 5232 ματογυρίῳ
2416 5164 2665 5217 vallatnr.
2702 5163 2863 5217 Parte
2926 5164 3088 5218 fronti
3133 5164 3642 5233 superposita-ger-

2065 5253 2277 5306 minant
2333 5253 2662 5307 semicirculi
2701 5253 2828 5316 duo,
2873 5256 2927 5307 in
2982 5254 3089 5308 ima
3141 5270 3303 5324 quam
3335 5255 3385 5307 in
3436 5270 3641 5321 supera

2068 5354 2238 5412 parte,
2268 5359 2372 5412 qua
2404 5343 2682 5398 declinant
2712 5346 2779 5399 ad
2811 5344 2973 5411 latus,
3001 5346 3431 5415 coniunctiores.
3456 5347 3640 5416 Στεμ-

2070 5438 2407 5507 ματογύριον
2462 5452 2616 5507 aeque
2675 5451 2739 5491 ac
2788 5439 3159 5506 prominentes
3212 5439 3546 5493 semicirculi
3570 5440 3641 5491 ei

2068 5529 2284 5583 metallo
2313 5530 2604 5599 fabrilique
2636 5545 2803 5600 opere
2835 5530 3091 5585 videntur
3117 5530 3391 5598 conlecti;
3424 5534 3643 5585 vetant-

2067 5636 2172 5690 que
2220 5621 2444 5690 pilcum,
2489 5632 2545 5677 at
2594 5637 2702 5675 non
2744 5637 2913 5692 supra
2970 5637 3154 5688 aures,
3210 5623 3296 5678 vel
3318 5623 3494 5694 spatio
3524 5636 3647 5692 quo

2070 5718 2338 5775 dissident
2390 5719 2461 5775 ab
2490 5719 2743 5789 invicem,
2776 5718 2869 5777 ubi
2906 5718 3104 5791 pileus,
3131 5720 3272 5798 sicut
3295 5728 3348 5778 et
3378 5718 3478 5791 ipsi
3506 5731 3643 5776 cum
