3928 6214
1371 344 1751 405 GRETSERI
1798 346 1894 406 ET
1942 347 2176 409 GOARI
2214 348 2451 411 NOTAE.

303 341 416 405 413

3466 344 3570 409 414

302 458 517 516 circulo
541 457 822 524 inferiore,
848 455 1048 528 lapillis
1073 457 1414 528 gemmisque
1435 470 1711 516 coruscat.
1739 461 1887 517 Pene
1917 469 1964 526 Α
1995 468 2157 521 modo
2187 466 2357 521 dixit;
2390 472 2443 518 at
2471 463 2558 519 ille
2581 462 2732 518 color
2770 460 3033 532 ὴεράνεος
3076 459 3221 514 inter
3275 457 3568 513 caeruleum

302 567 393 606 me
419 551 635 621 fugerat
661 550 984 620 explicanda
1018 550 1143 619 pilei
1178 550 1354 605 forma
1409 554 1664 617 rotunda,
1695 567 1886 607 verum

303 645 372 697 ad
397 643 569 697 latera
600 643 849 698 nonnihil
881 643 1057 708 latior,
1091 644 1162 698 ob
1179 652 1534 712 conspectum
1577 645 1810 714 lapidem
1832 646 1887 700 in

305 738 425 807 ejus
457 736 663 791 vertice
695 736 988 805 insignem,
1030 736 1166 790 adeo
1197 743 1255 789 ut
1281 736 1506 791 verticis
1530 737 1698 792 decus
1725 753 1889 793 omne

306 828 661 895 quantumvis
690 827 946 893 exiguum
976 827 1045 881 ab
1071 828 1165 880 illo
1193 828 1433 881 moderni
1458 829 1629 887 Graeci
1670 830 1890 899 στέμμα

308 919 689 981 denominent,
722 919 878 987 quasi
901 919 1066 972 fuerit
1096 919 1409 988 στέμματος
1436 920 1610 989 ipsius
1633 921 1885 991 στέμμα.

304 1012 535 1082 Percipe
588 1028 654 1066 ex
693 1011 814 1065 istis
846 1011 1132 1081 logotheta:
1192 1012 1398 1065 verba:
1428 1012 1515 1063 Τὰ
1552 1012 1659 1081 μὴν
1681 1013 1889 1082 ἐρυθρὰ

276 1102 503 1175 ,πέδιλα
532 1103 844 1156 ἀπεόἀλετο
878 1104 973 1156 καὶ
998 1104 1097 1169 τὴν
1121 1104 1545 1173 περιμάργαρον
1575 1105 1886 1174 πυραμίδα,

302 1197 386 1256 είς
417 1196 485 1261 ἦν
515 1194 611 1246 καὶ
631 1193 781 1254 λίθος
816 1193 1198 1261 ὑπερκάθηται
1240 1193 1517 1256 κόκκινος,
1555 1192 1590 1245 ἃ.
1634 1192 1891 1262 βασιλικὰ

304 1286 581 1355 σύμϐολα.
638 1285 1007 1340 Cantacuzeni
1062 1299 1312 1354 quoque,
1360 1299 1400 1351 ι,
1442 1285 1522 1338 '5:
1565 1286 1766 1339 Είσιὼν
1795 1285 1889 1338 τοῦ

250 1445 265 1453 η
300 1378 558 1430 οίκίσκου
590 1376 690 1446 τὴν
732 1376 901 1446 θύραν
952 1378 1016 1428 ἐκ
1041 1377 1348 1445 μαρμάρων
1376 1370 1546 1428 οὖσαν
1585 1376 1686 1444 τὴν
1728 1374 1889 1441 φλιὰν

302 1468 677 1539 ἡρμοσμένην
712 1460 1034 1536 συμὸέὸηκε
1070 1467 1163 1520 τὸν
1193 1469 1286 1519 ἐπὶ
1320 1468 1418 1535 τῆς
1452 1468 1701 1537 κεφαλῆς
1745 1466 1891 1520 λίθον

300 1559 385 1629 τῷ
415 1561 697 1628 μαρμάρῳ
733 1559 1247 1631 προσαρῤαχθῆναι.
1804 1582 1831 1607 ι

382 1652 449 1706 Ρ.
478 1653 600 1707 101.
639 1650 745 1722 [Τὰ
761 1652 874 1720 γὰρ
906 1654 1133 1705 παλαιὰ
1150 1652 1419 1721 ζητεῖται.
1444 1654 1551 1708 Nec
1584 1654 1888 1719 immerito;

276 1744 400 1821 ivix
433 1746 579 1797 enim
613 1743 717 1797 sub
766 1743 969 1799 favillis
991 1746 1227 1813 exiguus
1258 1746 1484 1801 ardebat
1518 1748 1758 1815 pritnagri
1792 1751 1890 1803 de-

1992 567 2045 615 et
2065 560 2293 615 viridem
2327 557 2543 613 medius
2568 564 2671 611 est.
2696 554 2917 609 Nicetas
2949 554 3211 623 γεράνεον
3240 550 3432 605 scribit
3460 550 3565 604 Isa-

1993 651 2078 707 aci
2117 651 2307 721 Augeli
2348 650 2365 703 ι
2412 666 2458 703 l:
2524 647 2892 717 Ἦρπάγησαν
2924 643 3079 711 παρὰ
3128 642 3238 694 τῶν
3277 640 3569 711 βαρῦἀρων

1993 748 2049 800 al
2082 734 2344 799 κατοῦναι
2378 744 2550 795 πᾶσαι
2580 742 2674 793 καὶ
2707 743 2772 792 τὰ
2804 735 3293 808 χρυσοῦφῆ,ροὖχα
3317 735 3415 788 τοῦ
3436 736 3570 787 Κςιιί⁴

1995 856 2177 907 σαρος,
2232 838 2300 891 τὰ
2350 835 2489 905 μετὰ
2553 832 2661 885 τῶν
2713 830 2994 901 γερανέων
3040 827 3351 898 χρωμάτων
3412 841 3573 895 σεση·

1996 930 2304 998 μειωμένα.

2065 1021 2206 1074 Ibid.
2236 1019 2362 1091 [Εἰς
2385 1019 2529 1083 τοὺς
2559 1014 2759 1070 αὐτῶν
2785 1014 3017 1077 οἴκους.
3037 1008 3205 1065 Miror
3234 1007 3297 1060 ad
3330 1005 3573 1074 proprias

1994 1115 2208 1177 domos,
2238 1129 2348 1167 non
2381 1112 2445 1164 ad
2480 1108 2793 1169 ecclesiam,
2835 1118 3028 1173 preces
3064 1115 3163 1169 pro
3181 1099 3451 1167 imposita
3494 1095 3575 1149 di-

1993 1207 2217 1277 gnitate,
2257 1220 2365 1272 quo
2412 1200 2587 1255 fausta
2635 1197 2951 1267 reipublicae
3016 1190 3253 1258 felixque
3304 1186 3575 1247 evaderet,

1994 1308 2351 1365 suscepturos
2389 1293 2659 1346 Cursarem
2712 1297 2767 1341 ct
2820 1286 3256 1339 sebastocratora
3311 1279 3576 1332 deductos

1984 1397 2271 1443 auctorem
2315 1384 2624 1451 scripsisse.
2654 1379 2828 1432 Tanta
2881 1390 3120 1442 namque
3169 1372 3431 1439 religione
3471 1369 3579 1422 im-

1992 1479 2169 1549 posita
2206 1475 2309 1530 sibi
2342 1474 2523 1527 munia
2552 1470 2806 1525 subibant
2852 1466 3016 1519 aulici
3048 1462 3180 1525 CP.,
3215 1472 3275 1514 ut
3311 1461 3399 1514 illa
3438 1473 3581 1511 non-

1994 1570 2097 1626 nisi
2130 1568 2329 1637 praevia
2383 1563 2628 1634 episcopi
2679 1561 2761 1614 vel
2827 1556 3153 1626 patriarchae
3200 1552 3580 1608 benedictione

1993 1663 2432 1732 auspicarentur.
2458 1655 2594 1709 llinc
2615 1651 2999 1717 EuchOIOgirte
3023 1647 3301 1701 orationes
3330 1644 3422 1696 ἐπὶ
3443 1659 3578 1712 προ-

1993 1755 2224 1825 χειρίσει
2249 1749 2550 1818 Καίσαρος,
2581 1741 3002 1808 νωὸελισσίμου,
3043 1735 3480 1807 κουροπαλάτου,
3511 1749 3577 1788 ac

301 1838 458 1891 coris
488 1836 781 1905 igniculus,
821 1835 1160 1906 despotaque
1200 1839 1626 1893 sebastocratori
1662 1849 1716 1894 et
1742 1850 1891 1893 utro-

2002 1848 2092 1902 ἐπὶ
2112 1843 2415 1913 προαγωγῇ
2436 1837 2715 1908 ἀρχόντων
2742 1833 2865 1902 ἦτοι
2902 1828 3237 1899 πατρικίων,
3271 1826 3399 1880 alia.
3438 1824 3577 1879 lliuc

302 1945 419 1999 que
440 1927 644 1984 Caesari
683 1929 935 1996 praelato,
974 1930 1192 1985 nonnisi
1228 1931 1466 1986 nominis
1511 1939 1566 1986 et
1594 1930 1891 2001 insignium

301 2034 430 2078 crat
459 2024 586 2078 huic
611 2033 887 2093 postremo
916 2024 1174 2098 dignitas.
1195 2025 1435 2096 Insignia
1468 2041 1596 2079 vero
1611 2026 1725 2080 lucc
1761 2025 1892 2079 ulti-

302 2117 416 2171 mis
450 2116 791 2186 temporibus
829 2119 967 2171 adeo
1006 2130 1127 2171 rara
1157 2127 1481 2187 supererant
1513 2127 1571 2171 ut
1602 2132 1724 2173 vere
1751 2115 1893 2187 apud

300 2208 770 2264 Nicetamlsaacii
805 2210 1017 2279 Angeli,
1043 2210 1081 2262 ι.
1117 2225 1153 2262 ιι
1190 2208 1478 2264 Conradus
1496 2210 1677 2265 Caesar
1701 2223 1895 2279 ειμι-ος-

298 2304 454 2367 bret,
488 2304 572 2366 είς
605 2304 764 2370 μόνον
791 2303 851 2356 τὸ
881 2304 953 2373 μὴ
981 2304 1094 2365 τοῖς
1126 2302 1346 2365 πολλοῖς
1375 2303 1702 2372 όμόχρωμον
1760 2301 1897 2353 ὑπό-

299 2400 368 2469 δη
381 2419 463 2467 μα
485 2399 583 2453 τοῦ
618 2400 779 2462 ποδδς
807 2400 870 2451 τὸ
904 2399 1011 2450 τῶν
1044 2399 1341 2477 Καισᾴρων
1376 2399 1709 2468 παράσημον
1730 2414 1897 2451 κατα-

300 2491 503 2560 λῆξαι.
571 2491 1191 2548 Vetustiora‘Caesarum
1221 2493 1453 2561 insignia
1485 2492 1717 2562 legimus
1751 2490 1896 2561 apud

305 2587 741 2654 Theophanem:
792 2586 932 2647 Τοὺς
978 2586 1129 2647 υἱοὺς
1172 2586 1334 2638 αὐτοῦ
1384 2585 1761 2654 Χριστοφόρον
1802 2584 1895 2635 καὶ

304 2679 640 2749 Νικηφόρον
676 2678 1019 2748 προεϐάλετο
1081 2677 1389 2746 Καίσαρας,
1424 2678 1520 2729 τοῦ
1550 2678 1895 2745 πατριάρχου

306 2772 654 2838 ποιήσαντος
683 2772 878 2840 εὖχὴν,
916 2770 1010 2822 καὶ
1036 2769 1131 2822 τοῦ
1166 2768 1437 2838 βασιλέως
1486 2768 1773 2830 ἐπιθέντος
1799 2770 1898 2820 αὖ·

303 2868 423 2925 τοῖς
448 2863 549 2925 τάς
578 2880 636 2914 τε
658 2862 881 2932 χλαίνας
907 2862 1001 2915 καὶ
1025 2863 1089 2915 τὰ
1115 2861 1451 2930 Καισαρίκια
1472 2861 1894 2929 περικεφάλαια.

317 2954 608 3015 Ὡσαύτως
637 2955 729 3008 καὶ
783 2953 1025 3023 Νικήταν
1058 2953 1148 3006 τὸν
1185 2952 1411 3023 ἔσχατον
1450 2952 1692 3020 ἀδελφὸν
1722 2952 1899 3006 αὐτῶν

305 3050 558 3117 ποιήσας
583 3048 995 3115 νωδελίσσιμον,
1026 3047 1298 3117 ἐπέθηκεν
1336 3046 1487 3117 αὑτῷ
1513 3046 1736 3115 χλαῖναν
1763 3063 1899 3116 χρυ-

306 3144 419 3212 σῆν
468 3141 567 3192 καὶ
596 3128 687 3191 τὸν
726 3130 1017 3208 στέφανον.
1053 3141 1161 3192 Καὶ
1194 3138 1336 3192 οὕτω
1365 3137 1638 3209 προῆλθον
1682 3138 1898 3208 ρίπτον-
1927 3173 1971 3233 C

304 3250 405 3295 τες
463 3231 703 3300 βασιλεῖς
758 3230 1050 3294 ὑπατείαν,
1085 3232 1375 3300 τριμείσια
1403 3230 1501 3283 καὶ
1526 3230 1774 3298 σιμείσια
1799 3229 1895 3282 καὶ

305 3326 637 3396 νομίσματα
670 3324 1017 3392 και-,ούργια,
1043 3325 1149 3387 ἓως
1178 3325 1277 3393 τῆς
1301 3323 1545 3392 μεγάλης
1568 3321 1890 3391 ἐκκλησίας.

302 3416 680 3479 Nobilissimi,
717 3416 784 3469 de
815 3430 923 3484 quo
963 3416 1179 3469 loeutus
1202 3422 1284 3469 est
1329 3414 1710 3481 Theophanes.
1748 3412 1897 3466 anti-

304 3518 487 3579 quata
511 3508 622 3575 jam
655 3515 768 3561 erat
801 3506 992 3561 Codini
1020 3515 1257 3575 tempore
1283 3504 1570 3559 memoria.
1602 3506 1679 3557 Ad
1717 3504 1900 3558 Caesa-

305 3613 432 3651 rem
475 3594 663 3650 redeat
685 3610 889 3656 sermo,
918 3610 1078 3666 quem
1108 3594 1421 3660 imperatori
1445 3593 1715 3647 assedisse
1734 3592 1900 3673 refert

307 3688 708 3757 Theophanes.
730 3688 1056 3741 Βασιλίσκον
1084 3687 1175 3740 τὸν
1203 3686 1498 3757 Ἀρματίου
1522 3684 1632 3737 υἱὸν
1662 3683 1902 3753 προϐάλ-

305 3781 477 3834 λεται
512 3781 539 3831 ό
588 3781 774 3850 Ζήνων
807 3781 1094 3849 Καίσαραο
1130 3779 1225 3833 καὶ
1275 3778 1633 3831 συνεκάθισεν
1661 3776 1810 3847 αὑτῷ
1842 3778 1901 3830 ἐν

306 3879 393 3950 τῷ
431 3879 641 3947 σήνσῳ.
675 3879 766 3929 καὶ
803 3876 964 3943 ὲτίμα
996 3877 1119 3936 τοὺς
1149 3874 1396 3944 ἡνιόχους
1432 3874 1527 3927 σὺν
1554 3872 1631 3941 τῷ
1662 3854 1897 3940 βασιλεῖ,

307 3985 378 4023 eo
417 3967 573 4037 quod
606 3950 657 4019 in
690 3964 850 4020 Circo
877 3974 1227 4033 perageretur
1260 3964 1374 4031 ejus
1408 3963 1696 4032 promotio,
1734 3962 1792 4013 ὲν
1822 3960 1901 4029 τῷ

310 4044 532 4126 σήνσῴ,
564 4056 617 4107 in
641 4055 891 4118 sessione,
918 4054 1048 4107 alibi
1076 4052 1325 4121 κάθισμα
1374 4052 1467 4104 τοῦ
1511 4049 1898 4120 Ἱπποδρομίου

310 4156 543 4210 vocato,
591 4162 641 4201 c.
681 4146 769 4211 l7,
850 4156 982 4201 nota
1018 4148 1083 4201 ad
1115 4161 1166 4214 p.
1206 4144 1294 4199 90.
1350 4144 1576 4198 Bardam
1625 4143 1897 4197 Caesarem

311 4250 572 4297 creatum
609 4254 866 4294 nummos
898 4240 949 4293 in
988 4240 1245 4309 populum
1284 4216 1551 4307 sparsisse
1568 4236 1761 4289 scribit
1790 4234 1901 4289 Leo

311 4332 732 4388 Grammaticus
779 4332 832 4385 in
879 4331 1141 4385 Michaele
1174 4329 1498 4398 Theophili:
1528 4327 1901 4399 [προϐάλλεται

310 4422 550 4492 Μιχαὴλ
580 4423 797 4492 Βάρδαν
832 4422 977 4475 θεῖον
1018 4412 1183 4476 αὑτοῦ
1211 4422 1481 4489 Καίσαρα,
1513 4419 1571 4484 ὃς
1604 4418 1699 4472 ἐπὶ
1722 4420 1905 4487 ἅρμα-

1998 1940 2197 1994 iterum
2230 1936 2418 2003 videas
2453 1930 2595 2001 apud
2621 1927 2932 1981 Cedrenum
2972 1923 3024 1976 in
3052 1919 3418 1975 Constantino
3438 1917 3579 1970 Leo-

1997 2033 2083 2086 nis
2120 2029 2179 2082 F.
2208 2025 2420 2098 patricii
2439 2022 2702 2093 dignitate
2726 2026 3039 2089 provectum
3068 2014 3360 2084 quemdam
3393 2008 3582 2065 confe-

1999 2124 2124 2179 stim
2147 2118 2499 2180 κατελθόντα,
2518 2115 2592 2178 ὡς
2620 2114 2765 2177 ἔθος,
2784 2112 2969 2165 λαϐεῖν
2999 2108 3183 2177 εὖχήν.
3207 2104 3313 2159 Sed
3335 2112 3387 2159 et
3412 2116 3582 2172 supe-

1999 2219 2173 2271 riores
2205 2212 2554 2281 magistratus
2578 2207 2699 2260 aliis
2727 2204 2959 2260 subditis
2982 2200 3185 2254 nullam
3218 2196 3584 2252 conferebant

1998 2314 2323 2380 potestatem
2352 2302 2483 2373 quin
2505 2314 2624 2355 eam
2650 2312 2813 2352 cruce
2834 2296 2976 2350 facta
2992 2293 3417 2347 committerent.
3452 2287 3583 2343 Inde

1998 2401 2093 2454 τοῦ
2113 2394 2400 2467 σφραγίξω
2420 2393 2569 2447 verbi
2603 2404 2798 2444 novam
2833 2384 3102 2456 percipies
3134 2380 3580 2451 significandam,

2001 2504 2107 2559 qua
2144 2486 2240 2541 tibi
2271 2482 2553 2540 saecularis
2589 2478 2942 2549 magistratus
2965 2486 3129 2526 cruce
3160 2470 3303 2524 facta
3336 2468 3586 2537 desigpa—

2002 2591 2090 2637 tur
2116 2578 2408 2636 institutio.
2437 2575 2710 2629 Blastares
2738 2568 2835 2621 τοῦ
2860 2564 3122 2633 στοιχείου
3157 2562 3201 2614 Κ
3221 2578 3271 2616 c.
3298 2561 3368 2615 52
3393 2578 3406 2613 :
3442 2559 3585 2621 Τοὺς

2001 2671 2335 2741 συνηγόρους
2361 2666 2528 2736 φησὶν
2547 2667 2579 2733 ἡ
2610 2667 2709 2726 πς¹
2741 2657 2914 2727 νεαρὰ
2936 2655 3030 2709 τοῦ
3057 2652 3327 2723 βασιλέως
3354 2651 3585 2741 Λέοντος
3644 2720 3647 2721 ν

2000 2765 2125 2825 τοὺς
2146 2740 2219 2815 ὲν
2255 2757 2553 2818 πολιτικοῖς
2603 2754 2977 2821 τεταγμένους
3052 2744 3431 2814 δικαστηρίοις
3486 2740 3583 2794 καὶ

2002 2856 2107 2909 ὑπὸ
2136 2850 2565 2925 πριμμικηρίοις
2601 2846 2763 2907 ὄντας
2802 2844 2899 2896 καὶ
2932 2841 3039 2893 ὑπὸ
3070 2835 3355 2907 κοσμικῶν
3385 2835 3583 2904 ἀρχόν-

2001 2964 2108 3001 των
2136 2942 2637 3015 σφραγιζομένους.
2673 2936 2875 2990 Eadem
2896 2945 3115 3001 quoque
3137 2942 3275 2983 voce
3306 2931 3585 2979 monaste-

2002 3041 2069 3094 rii
2126 3037 2366 3107 praefecti
2423 3034 2647 3087 denotat
2702 3025 3106 3082 institutionem
3158 3019 3433 3075 Germani.
3484 3030 3587 3084 pa-

2004 3132 2263 3184 triarchae
2325 3126 2604 3180 decretum
2662 3118 2809 3173 luris
2870 3116 3014 3179 GR.,
3081 3114 3117 3168 Ι.
3155 3129 3257 3176 ιιι,
3303 3126 3371 3180 τι).
3423 3108 3584 3163 234:

2004 3225 2145 3286 Τοὺς
2170 3219 2509 3292 ἡγουμένους
2534 3216 2589 3268 δὲ
2624 3212 2719 3277 οὓς
2760 3206 2787 3264 ό
2822 3206 3231 3280 μητροπολίτης
3268 3200 3585 3292 προεχειρί-

2003 3330 2136 3366 σατο
2166 3289 2246 3373 εἰς
2274 3310 2343 3362 τὰ
2368 3304 2730 3377 μοναστήρια,
2791 3299 3006 3363 ἐξέσται
3062 3312 3145 3348 σοι
3198 3289 3584 3362 παραστεῖλαι,

2002 3406 2098 3458 καὶ
2121 3401 2444 3471 ἀνθετέρους
2475 3396 2796 3469 σφραγίσαι,
2850 3392 2900 3445 εἰ
2937 3390 3012 3459 μή
3065 3404 3183 3449 πως
3212 3382 3436 3453 ἀρεστοί
3502 3396 3586 3433 σοι

2002 3496 2237 3550 δοκῶσιν
2269 3495 2318 3547 οἱ
2361 3486 2924 3564 προεσφραγισμένοι.
2956 3479 3291 3550 Ἡγουμένου
3313 3473 3583 3564 σφραγῖδα

2002 3588 2138 3659 legis
2168 3604 2221 3657 p.
2253 3601 2375 3656 sqq.
2404 3562 2543 3639 itum
2572 3579 2804 3651 sparsim
2843 3577 2899 3630 in
2934 3572 3124 3629 eodem
3157 3583 3342 3640 opere.
3375 3562 3573 3634 Gosn.]

2586 3693 2816 3752 CAPUT
2851 3689 2992 3744 XIV.

2009 3796 2414 3855 Observationes
2445 3800 2495 3845 et
2527 3786 2913 3902 explicationes]
2933 3782 2988 3832 in
3032 3794 3080 3831 c.
3112 3776 3206 3840 20,
3234 3774 3298 3828 de
3340 3769 3589 3826 electione

2651 3866 2887 3902 natrtart‘
2910 3864 2997 3902 tte.

2650 3864 2997 3927 patriarrltse.

2075 3962 2218 4015 Ibid.
2244 3956 2460 4011 Titulus
2479 3950 2626 4006 Junii
2655 3956 2743 4004 est
2762 3944 2894 4015 περὶ
2908 3936 3267 4014 χειροτονίας.
3282 3936 3380 3989 Est
3402 3939 3584 3986 autem

2006 4051 2309 4106 chirotonia:
2332 4043 2681 4102 vocabulum,
2720 4048 2781 4093 ut
2806 4048 2858 4091 et
2885 4035 2945 4088 τὸ
2976 4030 3304 4104 χειροτονεῖν
3332 4036 3385 4081 et
3409 4039 3591 4095 χειρο-

1990 4143 2300 4208 ίτονεῖσθαι,
2334 4141 2752 4207 homonymum,
2770 4128 3089 4200 significans
3112 4120 3385 4178 interdum
3415 4118 3587 4186 ipsam

2006 4233 2457 4306 designationem,
2482 4206 2803 4283 electionem
2856 4231 2910 4276 et
2953 4214 3436 4273 renuntiationem,
3489 4206 3591 4260 ali-

2005 4302 2223 4399 quando
2251 4320 2747 4381 consecrationem,
2774 4312 3198 4371 ordinationem,
3220 4302 3585 4359 initiationem

2007 4431 2061 4477 et
2081 4433 2294 4475 sacram
2318 4399 2821 4483 inaugurationem.
2863 4406 3045 4471 Quare
3094 4399 3389 4454 videndum
3425 4404 3586 4462 quem

310 4483 736 4584 τοξὲποχηθεὶς
792 4515 992 4569 ἔδωκεν
1019 4515 1285 4567 ὑπατείαν
1312 4483 1589 4585 τῇμέσῃ.
1626 4483 1893 4587 scribitur

2006 4524 2227 4567 sensum
2256 4508 2361 4560 hoe
2391 4504 2474 4557 vel
2508 4502 2600 4556 illo
2634 4500 2754 4554 loco
2781 4497 3050 4552 dictiones
3070 4494 3186 4547 istac
3205 4490 3404 4543 ferant.
3434 4483 3590 4537 Errat

312 4610 470 4665 idem
536 4609 932 4675 συγκαθεσθεὶς
964 4608 1042 4678 τῷ
1083 4607 1313 4677 βασιλεῖ,
1363 4622 1426 4661 ac
1476 4605 1903 4675 pertransiensa

310 4702 540 4781 exteris
603 4703 1022 4771 assurgentibus
1087 4701 1361 4771 prmeipno
1421 4702 1626 4751 honore
1691 4696 1898 4750 cultus.

312 4793 515 4865 Βάρδα
543 4793 601 4846 δὲ
632 4793 726 4845 τοῦ
758 4793 1038 4861 Καίσαρος
1071 4795 1130 4846 ὲν
1156 4794 1223 4861 τῇ
1268 4788 1588 4859 προελεύσει
1618 4787 1903 4856 διερχομέ-

308 4906 404 4941 νου
429 4887 573 4957 gas-rit
592 4866 1017 4955 σκαραμαγγίοι)
1035 4885 1223 4950 όξιως,
1248 4884 1327 4946 είς
1348 4883 1408 4934 τὸ
1435 4881 1728 4949 ὡρολόγιον
1756 4876 1861 4931 καθ
1876 4906 1901 4917 -

310 4982 580 5051 εζόμενος
629 4978 901 5046 Δαμιανὸς
945 4978 1047 5029 οὑκ
1110 4976 1397 5045 ἐπηγέρθη
1430 4974 1663 5043 τιμῆσαι
1697 4970 1895 5024 αὐτόν’

310 5073 511 5125 τοῦτον
547 5069 672 5121 ίδὼν
703 5070 730 5120 ό
758 5070 977 5137 Καῖσαρ
1012 5066 1268 5135 ἐθυμώθη
1302 5065 1445 5119 λίαν.
1474 5063 1671 5136 ϐολιι]

383 5161 533 5215 Ibid.
574 5159 649 5213 De
679 5158 926 5213 Manuele
958 5165 1010 5234 et
1034 5156 1245 5212 Joanne
1277 5157 1466 5211 uxoris
1498 5172 1612 5211 sua:
1644 5157 1902 5212 fratribus

314 5254 553 5323 ipsemet
593 5251 1028 5315 Cantacuzenus,
1079 5265 1154 5315 ιν,
1193 5250 1249 5309 5,
1293 5249 1491 5303 ibidem
1540 5248 1607 5302 de
1632 5248 1758 5305 filiis
1785 5247 1901 5303 suis

312 5345 492 5398 idem.
510 5343 724 5397 Manuel
745 5347 948 5397 Asanes
969 5342 1261 5410 aliquoties
1278 5342 1441 5395 etiam
1470 5354 1500 5394 a
1516 5338 1899 5395 Cantacuzeno

314 5437 627 5505 appellatur
664 5437 911 5501 despota.
943 5435 1153 5490 Gnsrs.
1826 5418 1841 5434 ⁸

388 5526 552 5596 371
590 5524 730 5579 Ibid.
761 5524 883 5596 [Διὰ
915 5526 1100 5579 λίθων
1119 5524 1440 5594 ἠερανέων.
1469 5524 1606 5591 Quia
1638 5525 1780 5581 color
1813 5524 1903 5578 ille

315 5618 590 5688 ὴεράνεος
606 5618 921 5678 subviridis.
941 5618 1007 5673 de
1026 5633 1134 5688 quo
1155 5634 1203 5672 c.
1223 5620 1276 5679 5.
1297 5618 1530 5673 Caesaris
1554 5631 1635 5673 est
1668 5618 1898 5686 insigne,

317 5710 646 5779 περιϐάλοι),
674 5710 1018 5765 dicebantilli
1044 5710 1233 5765 Barda:
1257 5708 1459 5765 Caesari
1491 5710 1629 5778 apud
1663 5708 1898 5763 Leonem

321 5802 571 5869 citatum,
609 5801 700 5855 τὸν
729 5804 1163 5874 χρυσοπέρσικόν
1220 5820 1313 5856 σου
1359 5802 1698 5872 χιτωνίσκον.
1740 5800 1896 5866 Ὀξύν

2006 4618 2139 4671 ergo
2171 4598 2398 4661 Junius,
2420 4610 2546 4651 cum
2579 4594 2682 4648 ista
2717 4591 2880 4645 verba
2904 4587 3122 4646 Codinl,
3145 4598 3196 4637 c.
3227 4580 3320 4644 τι),
3347 4592 3591 4671 χειροτοο

2004 4665 2174 4747 νεῖται
2212 4691 2268 4743 δὲ
2324 4689 2352 4739 ὁ
2409 4684 2756 4754 πατριάρχης
2787 4681 2894 4734 ὑπὸ
2948 4676 3044 4730 τοῦ
3109 4669 3462 4741 Ἡρακλείας.
3510 4665 3592 4719 sic

2006 4782 2209 4837 reddit:
2242 4778 2562 4848 DEsignatur
2598 4789 2720 4828 vero
2752 4766 3063 4840 patriarcha
3112 4780 3145 4815 a
3186 4755 3589 4826 metropolitano

2002 4873 2293 4929 Ilernclete.
2330 4872 2442 4925 lmo
2465 4872 2827 4928 consecratur,
2857 4859 3164 4917 ordinatur,
3208 4858 3261 4906 et
3296 4857 3355 4902 ut
3387 4847 3467 4901 sic
3502 4844 3591 4898 di-

2003 4984 2145 5031 cam,
2186 4967 2578 5032 inauguratur;
2612 4971 2740 5009 nam
2785 4948 3090 5019 designatio
3123 4960 3220 4999 seu
3251 4939 3445 4995 electio
3490 4951 3589 5004 pa-

2002 5027 2255 5114 triarcha:
2289 5027 2558 5122 C'politani
2611 5063 2717 5101 non
2755 5038 3135 5110 eratepiscopi
3182 5027 3586 5122 Heracleensis.

2001 5148 2112 5202 Aut
2135 5149 2181 5200 si
2208 5153 2262 5199 et
2296 5116 2481 5210 hujus,
2516 5134 2730 5193 nonnisi
2759 5140 2817 5187 ut
2836 5130 3007 5202 partis
3035 5127 3219 5191 unius,
3242 5116 3591 5193 quandoqui-

2004 5244 2123 5294 dem
2156 5236 2221 5291 ad
2253 5219 2926 5305 patriarchaeelectionem
2953 5221 3141 5292 plures
3162 5211 3585 5274 conveniebant,

2002 5341 2064 5391 ut
2090 5302 2381 5382 docet‘nos
2416 5324 2505 5377 hic
2532 5319 2804 5376 Codinus.
2838 5316 2920 5370 Ab
2974 5305 3325 5367 Heracleensi
3371 5302 3586 5373 episco-

2002 5437 2071 5492 po
2103 5417 2473 5489 patriarcham
2502 5409 2819 5470 consecrari
2878 5403 3231 5464 consuevisse
3286 5397 3442 5452 testis
3499 5403 3587 5451 est

2000 5488 2163 5568 etiam
2194 5512 2437 5565 Zonaras
2466 5508 2521 5562 in
2559 5506 2791 5575 imperio
2820 5495 3176 5556 Constantini
3229 5491 3325 5547 lilii
3383 5488 3601 5557 Leonjs‘

2000 5607 2095 5661 fol.
2131 5604 2254 5666 156.
2292 5602 2383 5672 qui
2422 5596 2795 5654 Heracleensis
2836 5608 2960 5649 cum
3004 5592 3384 5658 imperatorem
3420 5578 3585 5635 offen-

2000 5701 2196 5762 disset,
2230 5696 2582 5766 Polyenctum
2608 5688 2971 5760 patriarcbam
3023 5681 3189 5753 372
3237 5674 3583 5733 οουεειετιινὶι

2001 5793 2293 5864 episcopus
2336 5785 2707 5862 Caesariensis.
2770 5784 2864 5846 Ὃς
2918 5778 3070 5849 παρὰ
3106 5774 3201 5829 τοῦ
3235 5767 3575 5839 Καισαρείας
