3928 6214
364 314 477 380 415

1457 315 1541 378 ΙΝ
1584 314 1879 378 LIBRUM
1921 315 2018 375 DE
2057 316 2385 379 OFFICHS
2419 319 2506 377 ΟΡ

3487 316 3591 380 ιῖὅ

370 412 803 500 κεχειροτόνητο.
833 429 932 487 Ubi
967 431 1107 487 male
1136 432 1407 500 interpres
1438 431 1708 489 Wolﬁus:
1740 432 1780 486 Α
1816 429 1932 485 Cte—
1964 433 2003 489 A
2040 434 2262 502 accepit,
2287 445 2335 487 et
2359 430 2772 503 patriarchicam
2803 425 3069 484 ibisedem
3093 427 3393 493 collocavit,
3431 439 3492 483 ut
3518 441 3605 485 est

369 536 448 573 sai
464 521 595 572 iensi
611 519 849 595 episcopo
865 518 1077 574 electus.
1100 519 1218 575 Non
1246 520 1460 587 electus,
1483 521 1576 577 sed
1599 530 1934 574 consecratus

369 620 480 672 est;
504 611 612 678 jam
637 619 795 664 antea
823 612 966 665 enim
996 613 1408 685 fueratclcctus,
1430 613 1525 667 καὶ
1551 610 1934 683 προεχειρίσθη

371 703 715 772 πατριάρχης
761 703 1099 768 Πολύευκτος
1133 708 1383 775 μοναχός.
1417 704 1553 760 Male
1587 707 1751 759 etiam
1798 704 1939 769 Cru-

370 794 484 847 sius
519 794 573 846 in
617 796 842 849 historia
893 798 1254 864 patriarchica
1304 796 1520 863 Malui,
1573 796 1610 851 l.
1650 813 1687 851 tt
1728 795 1941 849 Turco-

371 882 613 948 Gracia,
640 901 693 954 p.
718 886 808 939 151
837 903 851 939 :
888 886 1331 957 Ἐχειροτόνηςεν
1354 887 1518 941 αὑτὸν
1543 890 1571 940 ό
1605 884 1939 955 Ἡρακλείας

370 976 736 1046 πατριάρχην.
775 976 1077 1032 Declaravit
1107 980 1280 1047 ipsum
1312 978 1677 1032 Heracleensis
1702 978 1935 1045 patriar-

373 1066 545 1131 cham;
577 1069 685 1120 imo
720 1071 1068 1133 consecrarit,
1096 1070 1384 1130 ordinavit,
1408 1069 1665 1123 initiavit.
1707 1064 1938 1120 Pulchre

372 1154 613 1210 Zonaras
638 1158 702 1210 ad
726 1174 847 1211 can.
885 1160 907 1211 ‘l
939 1159 1127 1228 Apost.
1180 1175 1193 1211 :
1225 1160 1336 1212 Νῦν
1368 1160 1464 1228 μὲν
1495 1158 1800 1228 χειροτονία
1836 1174 1937 1210 κα-

371 1250 545 1301 λεῖται
586 1251 748 1317 ήτῆς
808 1250 1191 1319 καθιερώσεως
1221 1251 1314 1302 τοῦ
1380 1251 1631 1319 ἱερᾶσθαι
1681 1249 1937 1317 λαχόντος

370 1341 751 1409 τελεσιουργὶα
779 1341 888 1392 τῶν
938 1342 1114 1410 εὐχῶν
1150 1344 1247 1394 καὶ
1278 1341 1371 1393 τοῦ
1409 1343 1569 1411 ἀξίου
1618 1339 1938 1408 Πνεῦματος

371 1427 661 1497 ἐπίκλησις
688 1429 913 1483 ἀποκτοῦ
950 1432 1039 1482 τὸν
1068 1431 1329 1502 ἀρχιερέα
1376 1432 1573 1484 τείνειν
1625 1428 1724 1501 τὴν
1779 1432 1937 1500 χεῖρα

371 1518 700 1585 εὐλογοῦντα
724 1522 817 1573 τὸν
852 1523 1350 1593 χειροτονούμενον·
1391 1523 1560 1577 πάλαι
1590 1522 1647 1576 δὲ
1674 1525 1768 1577 καὶ
1801 1522 1939 1595 αὑτὴ

373 1609 407 1677 ἡ
428 1607 605 1677 ψῆφος
627 1612 934 1678 χειροτονία
973 1611 1279 1681 ὠνόμαστο.

441 1698 602 1753 Errat
635 1701 829 1753 iterum
856 1700 1050 1756 Junius
1074 1718 1196 1757 cum
1229 1704 1387 1757 verba
1419 1705 1541 1769 ista,
1573 1707 1629 1758 ἐν
1653 1705 1710 1758 δὲ
1740 1704 1817 1774 τῷ
1840 1705 1938 1774 τῆς
1972 1750 2013 1803 Β

372 1788 538 1841 αὑτοῦ
568 1791 901 1859 χειροτονῖας
923 1794 1100 1861 καιρῷ
1126 1793 1342 1861 ἔρχεται
1377 1795 1475 1864 μὲν
1506 1797 1533 1847 ό
1568 1795 1826 1865 βασιλεὺς
1860 1798 1939 1860 είς

371 1880 472 1947 τὴν
496 1881 657 1947 ἁγίαν
679 1882 899 1949 Σοφίαν,
931 1900 1081 1937 more
1097 1885 1417 1940 Calviniano
1449 1889 1736 1957 detorquet
1765 1889 1821 1941 in
1847 1904 1940 1942 so-

373 1971 693 2040 lamlvcluti
752 1974 989 2029 ministri
1044 1977 1297 2046 alicujus)
1353 1979 1810 2049 designationem,
1867 1981 1939 2035 ita

373 2075 621 2120 vertens:
661 2067 777 2129 Quo
804 2080 978 2121 autem
1006 2069 1273 2138 eligendus
1313 2081 1389 2125 est
1423 2083 1669 2141 tempore.
1721 2070 1942 2126 Minime

373 2172 527 2220 vero,
562 2158 653 2211 sed
685 2174 792 2228 quo
818 2168 1062 2233 tempore
1116 2161 1443 2216 ordinandus
1470 2172 1519 2216 et
1557 2165 1940 2221 consecrandus

376 2256 460 2299 est
492 2249 798 2315 patriarcha
824 2266 838 2313 ;
864 2266 961 2305 seu
1022 2261 1249 2320 tempore
1301 2254 1655 2307 ordinationis
1685 2264 1734 2308 et
1766 2271 1945 2308 conse-

377 2339 628 2392 crationis
660 2350 949 2408 appetente,
986 2346 1121 2397 venit
1150 2345 1439 2414 imperator
1469 2347 1537 2400 ad
1562 2345 1813 2401 Sanctam
1846 2347 1944 2403 So-

375 2428 575 2496 phiam.
600 2430 799 2485 Csars.

450 2519 509 2573 P.
546 2522 668 2575 10%.
703 2522 1139 2591 Cantacuzenus,
1169 2543 1242 2594 Iv,
1269 2527 1359 2581 37.
1395 2526 1587 2582 Divina
1617 2527 1677 2583 S.
1710 2527 1946 2599 Spiritus

377 2614 554 2681 gratia
582 2618 849 2680 invocata,
883 2626 984 2670 tres
1015 2619 1066 2670 in
1095 2620 1465 2685 patriarcham
1511 2621 1731 2692 eligunt,
1765 2622 1950 2676 Philo-

378 2702 549 2755 thenm
574 2705 870 2767 Heraclecc,
901 2704 1201 2761 Macarium
1235 2708 1620 2778 Philadelphia:
1656 2712 1945 2780 episcopos,

377 2801 427 2844 et
459 2794 721 2859 privatum
750 2796 922 2850 adhuc
952 2797 1229 2852 Nicolaum
1264 2798 1602 2867 Cabasilum;
1633 2801 1945 2855 electorum-

376 2901 477 2952 que
512 2888 723 2939 nomina
755 2889 1061 2955 imperatori
1081 2893 1279 2958 scripta
1349 2893 1584 2959 mittunt,
1644 2894 1734 2961 qui
1772 2892 1951 2946 Philo-

380 2978 556 3029 theum
591 2978 814 3041 maluit;
842 2980 955 3033 etis
978 2996 1081 3034 non
1110 2981 1203 3033 diu
1253 2994 1389 3047 post,
1425 2982 1667 3049 legitimis
1705 2983 1945 3037 amnibus

2039 524 2094 578 in
2126 526 2353 580 historia
2385 524 2602 592 politica
2627 523 2662 576 Ι.
2701 537 2716 576 ι
2750 519 3135 576 'l’urco-Gratc.
3174 535 3228 590 p.
3257 520 3341 575 15.
3403 521 3603 577 Verum

2039 617 2153 669 haec
2173 616 2551 671 benevolentia
2584 617 2925 669 sultanorum
2951 612 3004 665 in
3024 611 3363 679 patriarchas
3381 627 3488 667 non
3510 612 3603 667 diu

2038 707 2272 762 duravit.
2304 705 2437 760 Nam
2470 705 2572 760 sub
2595 704 2700 758 isto
2752 702 2872 773 ipso
2921 700 3229 756 Mahomete
3278 702 3606 771 patriarchas

2039 813 2233 853 novem
2261 798 2607 861 exstiterunt,
2631 803 2685 848 et
2705 799 2900 863 praeter
2921 791 3288 859 Gennadium,
3323 793 3416 862 qui
3440 807 3606 861 spon-

2040 902 2090 945 te
2115 890 2300 953 cessit,
2335 889 2425 942 vix
2451 888 2593 942 ullus
2623 885 2725 939 fuit
2748 899 2911 953 quem
2954 883 3379 940 calumniatores
3413 885 3481 939 de
3511 899 3603 940 so-

2039 975 2112 1030 lio
2138 991 2241 1029 non
2267 974 2565 1045 dejecerint
2594 972 2678 1027 vel
2710 971 3076 1041 dejiciendum
3123 986 3220 1042 per
3241 972 3440 1028 Bassas
3464 974 3605 1027 Tur-

2040 1068 2185 1123 cicos
2232 1067 2497 1130 curarint,
2549 1065 2861 1119 introducto
2894 1064 3065 1118 etiam
3094 1064 3328 1119 duorum
3367 1065 3637 1133 millium,

2038 1159 2371 1214 fiorenorum
2425 1157 2672 1219 bescesio,
2728 1156 2873 1225 quod
2922 1155 3230 1223 patriarcha
3268 1170 3459 1211 recens
3498 1156 3607 1210 elc-

2040 1259 2162 1304 ctus
2196 1249 2487 1319 pendebat,
2528 1256 2583 1301 et
2608 1261 2789 1301 annuo
2834 1245 3042 1302 tributo
3083 1247 3306 1302 totidem
3347 1248 3605 1314 millium,

2040 1342 2125 1395 cui
2148 1342 2394 1395 charazio
2417 1354 2613 1394 nomen
2640 1347 2777 1393 erat.

2113 1433 2306 1488 Postea
2337 1433 2501 1486 etiam
2557 1443 2732 1499 usque
2755 1430 2822 1483 ad
2866 1429 2984 1484 haec
3013 1436 3203 1484 nostra
3237 1438 3483 1500 tempora
3511 1428 3606 1484 vis

2043 1541 2283 1602 umnam
2307 1540 2414 1594 pax
2453 1522 2821 1580 schismaticis
2842 1537 2967 1577 cum
2998 1522 3349 1578 schismatico
3373 1520 3607 1592 patriar-

2042 1616 2295 1695 chalfuit.
2327 1615 2554 1685 Semper
2579 1613 3024 1682 suppullularunt
3046 1612 3426 1667 aemulationes
3470 1609 3609 1666 invi-

2043 1709 2145 1763 dias
2174 1717 2225 1761 et
2249 1708 2478 1762 occulta:
2509 1705 2776 1759 machina:
2793 1705 2858 1760 ad
2884 1704 3049 1772 hujus
3077 1704 3162 1759 vel
3187 1704 3332 1759 illius
3352 1702 3609 1768 exitium;
3632 1772 3644 1785 .

2044 1809 2103 1853 ut
2135 1796 2271 1852 mihi
2297 1797 2548 1851 videatur
2577 1812 2687 1850 non
2711 1795 2829 1851 sine
2854 1795 3085 1851 consilio
3104 1795 3292 1850 divino
3321 1794 3465 1849 edita
3489 1809 3617 1849 esse

2043 1889 2099 1942 in
2127 1884 2557 1941 Turco-Graecia
2595 1884 2825 1939 historia
2856 1883 3081 1954 politica
3138 1892 3193 1938 et
3243 1882 3618 1939 ecclesiastica

2043 1995 2138 2035 seu
2174 1978 2533 2049 patriarchica
2565 1992 2747 2032 rerum
2779 1976 3211 2047 Cpolitanarum,
3256 1990 3324 2030 es
3353 1990 3461 2046 qua
3493 1990 3619 2043 perv

2043 2070 2230 2139 spicue
2264 2069 2441 2123 elucet
2471 2050 2853 2124 schismaticos
2881 2081 2992 2122 non
3017 2067 3179 2121 modo
3205 2081 3329 2121 cum
3356 2079 3616 2135 supremo

2043 2161 2324 2217 catholicae
2351 2159 2605 2215 Ecclesiae
2624 2159 2799 2228 capite
2827 2174 2922 2229 per
2939 2159 3260 2213 charitatem
3296 2157 3625 2226 conjunctoa

2045 2268 2152 2306 non
2177 2267 2321 2315 esse,
2350 2251 2493 2321 quod
2517 2265 2612 2320 per
2647 2265 2706 2305 se
2734 2250 2925 2317 liquet,
2967 2248 3062 2304 sed
3086 2264 3187 2303 nec
3218 2249 3359 2303 inter
3381 2263 3461 2314 se,
3484 2262 3613 2302 cum

2045 2343 2146 2399 sub
2168 2343 2487 2411 gravissima
2518 2342 2815 2396 infidelium
2838 2341 3099 2396 servitute
3129 2350 3320 2395 mutuo
3361 2354 3480 2395 sese
3516 2339 3619 2393 mi-

2046 2433 2122 2487 ris
2148 2431 2417 2487 cuniculis
2451 2432 2721 2497 infestent,
2762 2441 2818 2485 et
2857 2430 3023 2485 modo
3062 2430 3207 2484 hunc
3263 2430 3426 2485 modo
3458 2429 3617 2484 illum

2048 2525 2101 2578 in
2131 2524 2545 2594 patriarchalem
2564 2524 2821 2578 thronum
2840 2522 3147 2577 Turcarum
3173 2537 3274 2592 Ope
3304 2521 3616 2578 sublevent.

2048 2614 2205 2670 Valet
2233 2617 2486 2670 nimirum
2521 2617 2609 2670 hic
2638 2616 2803 2669 illud:
2841 2614 2946 2681 Qui
2972 2624 3117 2684 pote,
3148 2614 3270 2683 plus
3302 2621 3476 2683 urget.

2117 2705 2416 2773 Phranzes,
2443 2705 2726 2770 Chronici,
2748 2721 2833 2771 ιιι,
2856 2704 2941 2769 l9,
2967 2704 3138 2759 ferme
3167 2704 3483 2759 accuratius
3504 2716 3623 2756 mo-

2049 2815 2162 2854 rem
2198 2799 2507 2854 declarandi
2550 2797 2916 2866 patriarcham
2950 2798 3017 2851 ab
3050 2797 3376 2866 imperatore
3412 2796 3625 2850 desert-

2050 2892 2127 2946 bit
2147 2905 2309 2960 quam
2334 2889 2600 2945 Codinus.
2636 2888 2841 2943 Gners.

2120 2983 2181 3038 P.
2217 2982 2339 3038 102.
2369 2980 2463 3053 ['0
2484 2980 2786 3045 βασιλεὺς
2825 2978 2944 3034 ἀπὸ
3002 2982 3249 3034 τούτων.
3310 2977 3393 3033 Ad
3449 2978 3615 3034 trium

378 3067 618 3127 servatis,
644 3069 952 3132 patriarcha
977 3079 1306 3125 consecratus
1329 3071 1601 3125 ecclesiam
1632 3072 1942 3142 aliquandiu
1973 3070 2018 3132 C
2049 3077 2341 3130 electorum
2376 3074 2591 3129 tertium
2612 3074 2664 3127 in
2696 3072 3055 3141 patriarcham
3085 3072 3474 3127 nominandum
3507 3087 3618 3127 non

380 3155 793 3210 administravit.
821 3158 961 3211 Olim
995 3158 1289 3226 imperator
1324 3161 1583 3213 arbitratu
1618 3176 1739 3226 suo,
1773 3161 1946 3225 solus,

379 3250 496 3303 sine
520 3240 900 3318 episcoporum
950 3248 1244 3319 siiﬂragiis.
1300 3252 1668 3319 patriarcham
1698 3252 1950 3321 designa-

380 3341 500 3406 hat‘;
532 3340 673 3409 quod
714 3349 905 3393 contra
937 3355 1174 3395 canones
1205 3340 1410 3396 factum
1431 3357 1553 3397 esse
1578 3342 1779 3397 fatetur
1807 3343 1952 3399 Can-

383 3440 702 3494 tacnzenus,
731 3446 803 3495 tv,
840 3430 932 3494 37,
958 3431 1049 3485 ubi
1082 3433 1353 3502 episcopis
1392 3442 1716 3503 potestatem
1744 3434 1872 3488 facit
1896 3443 1953 3488 ut

382 3538 533 3577 more
559 3522 724 3576 veteri
746 3531 859 3577 tres
878 3522 1181 3587 nominent,
1242 3539 1308 3578 ex
1368 3518 1568 3593 quibus
1603 3526 1718 3595 ipse
1766 3537 1953 3596 postea

381 3627 506 3667 cum
528 3613 621 3681 qui
650 3612 820 3683 magis
851 3614 1098 3669 arriserit
1128 3613 1339 3669 caeteris
1365 3615 1670 3683 praeferat.9

456 3703 743 3773 Postquam
774 3704 946 3759 Graeci
981 3720 1012 3759 a
1051 3707 1434 3761 communione
1464 3706 1608 3762 sedis
1637 3709 1955 3777 apostolica:

283 3874 292 3883 Ὠ
382 3796 615 3865 sejuncti
656 3810 875 3851 omnem
912 3805 1259 3866 potestatem,
1295 3797 1462 3852 etiam
1501 3798 1952 3865 ecclesiasticam,

383 3886 437 3940 in
468 3902 599 3943 suos
635 3889 998 3956 imperatores
1053 3889 1472 3952 transtulerunt,
1509 3903 1617 3943 non
1665 3889 1959 3945 defuerunt

381 3988 529 4032 certe
558 3980 915 4047 imperatores
938 3980 1186 4050 partibus
1215 3981 1319 4036 sibi
1345 3980 1563 4047 delatis.
1604 3981 1698 4037 scd
1726 3998 1834 4051 qua
1862 3997 1960 4052 po-

384 4076 580 4121 testate
602 4070 941 4137 patriarchas
971 4074 1267 4140 ponebant,
1286 4072 1475 4127 eadem
1507 4072 1729 4127 eosdem
1760 4074 1957 4128 iterum

379 4158 748 4226 deportabant.
777 4169 831 4213 et
895 4163 939 4214 si
996 4162 1212 4226 liberet,
1273 4163 1553 4232 depositos
1594 4165 1957 4232 reponebam.

2055 3169 2128 3222 ita
2160 3174 2403 3221 coartata
2438 3162 2777 3234 imperatoris
2810 3163 3052 3227 libertas,
3078 3162 3211 3232 quin
3261 3162 3480 3217 omissis
3501 3163 3623 3230 epi-

2053 3274 2339 3329 scoporum
2366 3252 2638 3325 suffragiis
2667 3270 2789 3309 eum
2825 3268 2985 3323 quem
3022 3253 3199 3317 vellet,
3231 3252 3629 3308 consuetudine

2053 3349 2415 3419 permittente.
2465 3346 2746 3415 designare
2803 3342 3059 3413 potuerit.
3116 3342 3389 3397 Blastares
3438 3341 3532 3395 τοῦ
3572 3341 3627 3395 Κ

2056 3440 2343 3509 στοιχείου,
2376 3454 2425 3493 c.
2458 3436 2528 3490 '52
2558 3455 2570 3491 :
2599 3435 2721 3489 Τῶν
2747 3434 2856 3505 γὰρ
2879 3433 3119 3487 κανόνων
3138 3433 3246 3487 τῶν
3285 3434 3378 3497 τὰς
3402 3433 3629 3487 ἐπισκόο

2056 3550 2174 3586 πων
2192 3532 2407 3602 ψήφους
2432 3531 2543 3593 τοῖς
2565 3527 2887 3590 ἐπισκόποις
2914 3528 3027 3588 τοῖς
3052 3526 3320 3596 ἐπαρχίας
3349 3525 3633 3578 ἀνατιθέν-

2055 3641 2186 3691 των,
2221 3624 2442 3693 ἄρχοντι
2488 3621 2545 3674 δὲ
2595 3620 2783 3691 μηδενὶ
2841 3618 3045 3672 τούτων
3099 3618 3298 3683 ἐξεῖναι
3346 3619 3630 3670 κοινωνεῖν

2057 3717 2411 3780 κελευόντων,
2443 3715 2491 3766 οί
2534 3713 2774 3782 βασιλεῖς
2806 3712 2899 3765 καὶ
2926 3711 3026 3781 τῆς
3048 3710 3231 3780 ψήφου
3257 3708 3367 3762 τῶν
3401 3708 3630 3761 ἐπισκόο

2060 3825 2179 3861 πων
2207 3807 2374 3877 χωρὶς
2406 3805 2501 3859 καὶ
2530 3804 2879 3873 πατριάρχας
2910 3806 3003 3855 καὶ
3028 3801 3362 3864 ἐπισκόπους
3388 3800 3632 3872 προϐάλ-

2058 3900 2261 3953 λονται.
2303 3896 2405 3949 Διὰ
2447 3894 2579 3964 γοῦν
2622 3893 2798 3961 τοῦτο,
2840 3894 2916 3957 ὡς
2967 3893 3133 3959 ἔοικε,
3178 3891 3274 3945 ἐπὶ
3306 3893 3383 3961 τῷ
3418 3893 3635 3962 βασιλεῖ

2058 3991 2276 4062 Μιχαὴλ
2302 3990 2395 4043 τοῦ
2428 3987 2607 4042 Δοῦκα
2630 3988 2657 4039 ό
2689 3984 3092 4058 μητροπολίτης
3132 3985 3340 4047 ἐκεῖνος
3366 3984 3527 4052 Σίδης
3556 3982 3633 4037 τὰ

2060 4085 2159 4154 τῆς
2195 4081 2473 4154 βασιλείας
2494 4079 2764 4151 ᾠκονόμει
2792 4077 2886 4131 καὶ
2918 4078 2946 4130 ό
2978 4076 3413 4146 Νεοκαισαρείας
3437 4076 3505 4129 τὰ
3531 4081 3637 4144 τῆς

2063 4175 2271 4237 πόλεως
2294 4172 2663 4241 ἀνεγράψατο,
2698 4168 2794 4223 καλ⁵
2817 4168 2901 4238 ἐφ’
2926 4169 2959 4239 ἡ
2968 4168 3086 4237 μῶν
3113 4167 3141 4219 ό
3176 4164 3416 4229 Κυζίκου
3439 4165 3637 4233 Νίφων

381 4252 583 4305 Omnis
609 4251 995 4307 historicorum
1029 4254 1306 4307 volumina
1335 4255 1492 4322 plena
1514 4263 1643 4309 sunt
1674 4257 1952 4325 exemplis,

2060 4264 2161 4335 τήν
2180 4280 2236 4315 τε
2260 4260 2592 4331 ἀπογραφὴν
2612 4260 2707 4313 καὶ
2723 4259 2821 4322 τὰς
2842 4256 2935 4311 τοῦ
2954 4256 3213 4327 δημοσίου
3239 4256 3459 4316 ἁπάσας
3480 4254 3640 4325 ἐνέρ-

384 4341 1223 4443 prmcilitIEICed‘ren-i,ﬂZonaras,
1240 4343 1458 4443 Elycse,
1484 4344 1964 4427 ConstantiniM-s-
1994 4388 2039 4443 υ
2067 4371 2204 4425 mea
2230 4352 2490 4415 δουλείας.
2534 4350 2675 4406 Sane
2722 4364 2915 4419 operas
2956 4348 3337 4417 episcoporum
3383 4360 3536 4415 atque
3569 4360 3639 4400 ac

389 4448 584 4498 "35W.
613 4432 907 4501 NimPhOPi
930 4434 1199 4502 ῦτεεοτεθ.
1234 4434 1965 4509 οαηῑθευῑειιίςτιιτεῦείιυε
1994 4432 2033 4443 ’
2065 4445 2383 4499 electionem
2423 4440 2767 4511 imperatoris
2798 4437 3143 4507 dispositioni
3171 4435 3446 4505 subiectas
3496 4434 3639 4489 adu-

386 4540 520 4578 suos
552 4540 899 4581 successores
929 4526 1063 4596 ipsis
1103 4525 1265 4582 factis
1299 4528 1414 4583 suis
1472 4529 1806 4585 edocuerunt
1827 4544 1963 4596 quo-

392 4617 554 4669 modo
583 4617 684 4685 ipsi
724 4617 913 4672 itidem
944 4633 1069 4672 cum
1114 4619 1439 4688 patriarchis
1478 4635 1640 4688 agere
1677 4621 1960 4676 deberent.

386 4709 550 4764 Certe
585 4708 920 4765 Mahometes
963 4712 1239 4775 sultanus,
1280 4712 1372 4781 qui
1405 4711 1615 4781 Cpolim
1662 4712 1764 4765 sub
1800 4726 1962 4765 suum

387 4804 581 4873 iugum
624 4804 793 4868 misit,
829 4804 917 4858 vix
948 4806 1057 4859 alio
1093 4807 1197 4860 ritu
1236 4805 1578 4861 Gennadium
1623 4806 1965 4859 Scholarimn

391 4896 598 4950 crearit
634 4912 793 4965 quant
841 4898 928 4951 hic
966 4913 995 4951 a
1023 4896 1232 4953 Codino
1264 4899 1643 4953 describatur:
1676 4899 1815 4951 Nam
1850 4899 1961 4951 suis

402 4991 645 5044 manibus
679 4991 987 5045 δεκανίκιον
1012 5008 1106 5047 seu
1128 4993 1446 5056 δικανίκιον,
1473 4991 1741 5058 pastorale
1757 4991 1968 5059 pedum,

402 5084 585 5148 magni
615 5085 769 5149 pretii
798 5083 962 5144 dedit.
1001 5085 1246 5137 baculum
1274 5082 1453 5152 nempe
1484 5092 1791 5152 argenteum
1819 5084 1970 5135 inau-

402 5183 616 5235 ratum,
647 5175 939 5243 artiﬁciose
970 5176 1191 5245 factum.
1257 5174 1412 5229 Dedit
1463 5185 1511 5228 et
1560 5191 1745 5245 equum
1782 5175 1970 5229 bonum

397 5270 448 5314 et
494 5273 700 5331 certam
775 5282 1053 5319 aureorum
1109 5282 1393 5330 summam,
1441 5265 1523 5320 his
1573 5264 1736 5351 verbis
1780 5266 1975 5318 «daitis

398 5360 537 5422 quod
594 5356 831 5425 faustum
883 5375 948 5412 ac
1007 5359 1136 5429 felix
1186 5359 1294 5422 sit,
1363 5369 1473 5413 esto
1527 5360 1862 5426 patriarcha,
1926 5368 1977 5413 et

401 5453 544 5497 utere
579 5456 759 5499 nostra
803 5448 1042 5500 amicitia
1084 5450 1137 5499 in
1169 5448 1360 5517 quibus
1413 5448 1566 5501 rebus
1601 5448 1757 5513 voles,
1784 5449 1973 5503 habens

402 5536 580 5588 omnia
605 5537 737 5604 jura
766 5538 1157 5609 pricilegiaqne.
1205 5539 1362 5591 sicuti
1418 5541 1708 5607 superiores
1763 5551 1883 5594 ante
1930 5550 1977 5593 te

406 5629 722 5696 patriarcha!
751 5632 1063 5686 habuerunt.
1126 5631 1275 5715 [labe
1305 5648 1506 5702 quoque
1566 5633 1817 5702 templum
1843 5632 1979 5687 Satt-

411 5726 617 5777 ctorum
644 5721 1011 5792 Apostolorum
1028 5722 1187 5795 373
1212 5723 1467 5778 domicilii
1492 5723 1625 5781 loco.
1656 5722 1740 5778 lla
1770 5723 1823 5776 id
1850 5734 1975 5779 tunc

2066 4535 2213 4590 laute
2234 4546 2396 4601 supra
2423 4530 2640 4585 modum
2669 4528 2879 4583 calamo
2904 4528 3095 4583 scribit
3116 4526 3410 4581 Blastares.
3429 4523 3501 4580 De
3521 4524 3636 4580 CP.

2068 4624 2495 4696 patriarcharum
2515 4621 2780 4675 electione
2802 4628 2856 4673 et
2880 4619 3295 4687 inauguratione
3320 4617 3476 4672 docte
3495 4632 3643 4686 prmo

2069 4717 2323 4786 clareque
2350 4713 2753 4768 illustrissimus
2773 4710 3059 4779 episcopus
3087 4710 3379 4765 Vabrensis
3409 4723 3472 4763 eo
3498 4723 3643 4778 pra:-

2071 4807 2187 4863 sule
2206 4807 2369 4877 digno
2386 4801 2806 4877 Ἀρχιερατικῷ.
2825 4801 2898 4857 De
2921 4801 3084 4857 trium
3106 4802 3369 4855 electione
3393 4799 3641 4854 facienda

2072 4901 2471 4954 accuratiorem
2502 4898 2663 4952 habet
2694 4894 3081 4957 narrationem,
3107 4909 3159 4962 p.
3193 4892 3291 4946 481
3328 4903 3382 4946 et
3414 4908 3534 4966 sqq.

2144 4988 2286 5046 Ibid.
2321 4987 2591 5061 [Μήνυμα
2621 5000 3007 5055 nonnunquam
3039 4984 3391 5039 vadimonium
3413 4984 3644 5049 dictum,

2074 5083 2364 5152 aliquando
2401 5080 2659 5150 principis
2682 5074 3001 5131 'mandatum
3029 5078 3142 5130 sive
3177 5078 3513 5145 rescriptum,
3546 5074 3642 5129 hic

2076 5176 2318 5246 ejusdem
2377 5172 2667 5236 codicillos,
2707 5172 2876 5235 breve,
2919 5169 3078 5223 nobis
3123 5168 3295 5221 breret
3353 5166 3645 5219 πιττάκιον

2077 5267 2293 5336 proprie
2320 5265 2399 5319 vel
2433 5263 2694 5334 ψήφισμα
2742 5260 3031 5330 significat.
3091 5257 3242 5335 Datis
3282 5257 3427 5311 enim
3477 5257 3645 5327 regiis

2079 5359 2467 5430 diplomatibus
2497 5357 2722 5413 collatas
2780 5354 3069 5424 dignitates
3093 5349 3380 5404 firmabant
3407 5351 3647 5419 impera-

2083 5463 2248 5507 tores.
2293 5452 2470 5516 Anna,
2508 5448 2817 5508 Alexiados.
2849 5460 2887 5501 tt
2925 5463 2938 5498 :
2970 5439 3191 5496 Ἐδεδίει
3245 5441 3353 5510 γὰρ
3417 5439 3493 5510 μὴ
3545 5438 3646 5491 τοῦ

2083 5541 2483 5611 χρυσοσούλλου
2533 5542 2717 5609 τάχιον
2764 5538 2797 5608 ἢ
2854 5536 3103 5606 προσήκῃ
3162 5532 3647 5601 καταπεμφθέντος

2083 5634 2253 5704 αὐτῷ,
2289 5632 2317 5686 ό
2349 5632 2448 5704 τὴν
2494 5630 2589 5685 τοῦ
2618 5629 2896 5701 Καίσαρος
2926 5626 3080 5693 ἀξίαν
3110 5621 3283 5694 τούτῳ
3333 5621 3648 5693 ἐχαρίζετο,

2086 5736 2191 5781 etc.
