3928 6214
363 183 470 247 419

1306 254 1328 279 ο

1425 185 1506 247 IN
1561 184 1861 245 LIBRUM
1922 184 2017 243 DE
2067 182 2396 244 OFFICIIS
2437 185 2549 244 (ΞΡ.

3500 184 3607 245 ἀεΞο

361 299 607 356 aediliciis
626 296 946 359 Iustiniani,
989 295 1217 348 allirutat
1268 294 1579 365 Ulpianuin.
1648 297 1928 352 Dardania:
1955 302 2004 359 Α
2034 295 2198 348 alium
2228 312 2351 351 esse
2374 313 2483 351 non
2503 311 2623 352 reor
2642 295 2708 350 ab
2726 310 2810 361 eo,
2837 295 2905 351 de
2926 304 3035 367 quo
3066 309 3269 363 sermo,
3289 295 3605 352 archiman—

363 393 641 462 oppidum,
668 389 959 444 secundam
990 387 1353 442 Justiniauam
1403 389 1729 457 appellatum
1782 405 1928 445 esse.

363 484 545 537 Tertia
566 480 871 535 Justinizina
899 494 1003 533 non
1033 489 1118 533 est
1144 478 1479 543 Chalcedon,
1506 489 1563 533 ut
1594 481 1774 549 inepte
1813 499 1933 536 ver-

366 576 429 627 tit
456 573 674 634 Junius,
705 574 795 625 sed
815 570 1086 639 Carthago
1111 570 1163 623 in
1183 571 1397 627 Afris-az
1425 586 1602 639 neque
1621 573 1763 625 enim
1790 576 1938 644 Καρ-

363 662 560 733 χηδὼν,
587 672 645 715 ut
676 662 729 715 in
762 676 858 716 sua
887 675 1100 730 quoque
1128 663 1361 715 editione
1399 662 1558 715 habet
1604 661 1817 726 Junius,
1855 676 1937 733 est

362 755 691 815 Chalcedon,
742 752 838 806 sed
888 752 1157 820 Carthago
1193 771 1206 817 ;
1237 769 1353 821 qum
1402 753 1711 808 .lustin'iana
1768 759 1936 824 dicta,

364 847 508 914 quod
536 846 879 899 Justinianus
909 845 1202 912 imperator
1235 845 1620 915 Carthaginem
1659 864 1767 902 una
1812 866 1934 903 cum

365 939 569 1001 Africa,
604 938 775 1006 pulsis
804 936 1080 999 Vandalis,
1120 937 1362 990 Romano
1402 938 1630 1007 imperio
1682 942 1938 995 restitue~

367 1031 457 1085 tit.
481 1020 613 1082 Vide
639 1013 1062 1083 Novellamdﬁl.
1097 1028 1527 1083 AliaJnstiniana
1586 1046 1723 1085 nova
1766 1044 1941 1086 exstat

370 1125 425 1176 in
454 1121 680 1186 Notitia,
715 1130 825 1174 not.
852 1121 903 1187 8,
925 1130 978 1176 et
1007 1123 1110 1175 alia
1135 1124 1289 1176 notit.
1314 1123 1403 1187 28,
1438 1134 1490 1177 ut
1516 1122 1940 1193 notatCujacius

368 1213 687 1267 adNoth.

440 1304 581 1357 Ibid.
615 1302 865 1357 Formula
912 1304 1071 1370 hujus
1101 1304 1429 1372 precationis
1459 1303 1659 1359 inserta
1707 1314 1792 1359 est
1825 1306 1858 1359 Ι.
1890 1322 1940 1358 vr

369 1394 515 1448 Jnris
537 1394 672 1456 Gtt,
699 1412 753 1463 p,
774 1396 865 1447 6H
884 1434 895 1445 .
919 1394 1124 1448 Gncrs.

443 1485 1122 1559 Ibid.['.ipmiar6p7mt.
1166 1488 1279 1540 Non
1334 1488 1568 1557 amplius
1611 1504 1818 1557 sperum
1850 1488 1941 1541 sed

374 1582 556 1634 ovium
593 1597 949 1649 caprarumve
982 1597 1187 1650 gregem
1214 1581 1385 1651 Graeci
1418 1591 1613 1634 vocant
1663 1581 1937 1648 μάνδραν;

372 1689 494 1741 qua:
522 1690 620 1725 vox
654 1674 716 1726 ad
747 1673 993 1726 homines
1027 1675 1228 1726 sociam
1256 1673 1319 1725 ad
1358 1672 1591 1727 invicem
1623 1684 1674 1724 et
1694 1680 1938 1739 pacatam

370 1764 537 1815 vitam
568 1772 788 1832 agentes
817 1762 1076 1815 translata
1120 1762 1280 1813 aliam
1324 1762 1616 1816 confestim
1669 1761 1941 1831 producit,

372 1854 803 1924 ἁρχιμανδρίτην
839 1854 1095 1907 nimirum
1119 1893 1135 1919 ,
1183 1854 1274 1923 qui
1312 1854 1625 1921 hujusmodi
1658 1855 1895 1923 quietam
1926 1892 1942 1918 ,

374 1948 672 2001 solitaiiain
715 1963 775 1999 ac
802 1947 1003 2000 sociam
1031 1947 1191 1999 vitam
1216 1947 1269 1999 in
1295 1947 1572 2000 montibus
1592 1955 1647 1998 et
1671 1946 1944 2015 specubus

376 2049 535 2092 terra:
588 2038 873 2107 agentibus
927 2040 1118 2091 ducem
1175 2054 1234 2092 se
1282 2039 1488 2106 praebet
1541 2054 1605 2092 ac
1654 2049 1941 2094 rectorem.

374 2128 495 2191 Quo
530 2137 812 2195 pCI‘SpBCll)
838 2128 1002 2197 376
1034 2142 1137 2181 non
1169 2130 1363 2198 exigua
1407 2132 1581 2183 oritur
1635 2131 1941 2193 dillicultas,

373 2232 663 2289 quotorum
723 2221 803 2274 vel
857 2222 1095 2289 qualium
1145 2224 1216 2275 s't
1270 2222 1376 2275 dux
1420 2237 1483 2276 ac
1536 2232 1721 2277 rector
1762 2225 1942 2283 anchi-

376 2314 693 2376 mandrites,
744 2328 811 2365 an
872 2313 1106 2381 plurium
1145 2313 1226 2365 vel
1280 2302 1595 2381 paucorum
1632 2316 1942 2369 monacho-

375 2420 494 2459 rum
534 2406 609 2474 (hi
655 2405 798 2457 enim
848 2415 999 2466 sunt,
1036 2404 1129 2473 qui
1181 2414 1413 2459 testante
1451 2405 1655 2460 Basilio
1698 2408 1754 2459 ὲν
1791 2410 1943 2477 ὄρεσι

376 2499 469 2550 καὶ
500 2498 656 2558 ὀπαῖς
690 2497 784 2565 τῆς
813 2497 915 2565 γῆς
970 2496 1260 2566 habitant),
1314 2513 1383 2550 an
1440 2500 1601 2553 unius
1652 2500 1821 2554 abbas
1865 2502 1945 2555 vel

376 2589 667 2642 tmdtorum
702 2587 1154 2640 monasteriorum
1191 2590 1608 2657 sitguberuator
1632 2608 1943 2661 supremus,

375 2679 521 2732 velut
551 2679 594 2732 is
622 2677 714 2747 qui
751 2677 908 2731 nobis
940 2678 1289 2746 provincialis
1318 2680 1516 2734 dicitur
1545 2691 1636 2735 aut
1656 2685 1942 2751 generalis.

375 2772 550 2837 Quam
576 2782 780 2840 partem
812 2772 1070 2834 tenueris.
1108 2771 1583 2829 nullumincurres
1607 2776 1945 2841 deceptionis

376 2863 673 2933 periculum
701 2880 715 2915 :
756 2862 918 2915 unius
939 2863 1084 2915 enim
1103 2865 1428 2932 quandoque
1448 2868 1802 2934 superiorem,
1830 2871 1945 2939 plu-

2034 388 2191 441 drite.
2213 387 2420 461 Ceam]

2106 476 2247 531 Ibid.
2277 479 2541 533 Memorat
2571 480 2661 534 hic
2689 478 3014 548 Curopalata
3042 478 3477 549 protosyncellos.
3506 478 3605 532 Ju-

2036 568 2159 621 nius
2191 569 2318 637 legit
2344 570 2759 639 protosyugelos.
2798 568 2911 623 Vox
2934 570 3249 635 composita,
3298 570 3493 636 inquit,
3542 585 3610 622 ea:

2038 661 2253 728 πρῶτος
2280 671 2333 714 et
2366 662 2650 730 σύγγε).ος,
2674 662 2813 730 quod
2854 678 3040 714 nomen
3080 672 3151 714 est
3213 678 3304 729 per
3350 678 3612 730 syncopen

2036 752 2232 805 dictum
2265 770 2359 822 pro
2397 755 2746 821 συνάγγελος.
2799 756 2856 806 id
2887 765 2984 814 est,
3024 764 3078 805 ut
3100 754 3251 805 ltodie
3278 756 3444 822 magis
3468 771 3614 807 rece-

2041 853 2187 910 ptum
2206 855 2299 907 est,
2321 845 2598 898 cmuobita.
2617 845 2720 898 Sed
2739 847 2791 897 in
2815 846 2886 897 eis
2908 846 3149 899 coenobiis
3178 845 3614 899 archimandrita:

2041 946 2163 988 sunt
2199 937 2414 989 abbates
2443 954 2531 988 seu
2565 949 2766 1005 patres,
2795 938 3155 1007 protosyngeli
3177 953 3292 990 vero
3312 954 3454 991 senes
3486 938 3614 1005 qui-

2041 1045 2160 1095 que.
2204 1026 2259 1080 Si
2286 1030 2705 1097 protosyncellus
2738 1030 2878 1083 idem
2901 1039 2983 1082 est
3003 1030 3145 1097 quod
3170 1030 3462 1095 cmnobita,
3483 1040 3616 1084 tunc

2042 1118 2220 1171 omnis
2242 1120 2544 1173 monachus
2569 1134 2689 1173 cum
2715 1120 2835 1173 aliis
2862 1120 2918 1173 in
2944 1120 3273 1173 monasterio
3290 1121 3489 1188 degens
3508 1124 3619 1174 erit

2044 1213 2503 1281 protosyncellus,
2565 1212 2693 1280 quia
2757 1211 2937 1266 omnis
2992 1212 3115 1265 talis
3173 1214 3473 1265 monachus
3528 1221 3617 1265 est.

2046 1304 2339 1358 ctenobita.
2368 1305 2550 1358 Athoc
2580 1306 2880 1357 inauditum
2905 1314 3008 1359 est.
3042 1305 3242 1358 Deinde
3260 1305 3305 1358 si
3325 1315 3616 1373 protosyn—

2045 1395 2164 1447 celli
2196 1408 2321 1449 sunt
2349 1411 2510 1450 senes
2537 1397 2739 1465 quique
2768 1397 2820 1449 in
2853 1411 2952 1450 suo
2984 1396 3193 1461 ordine,
3222 1397 3289 1449 ad
3322 1395 3450 1464 quid
3475 1409 3615 1461 opus

2050 1490 2247 1543 habent
2273 1488 2485 1557 propria
2508 1489 2852 1541 ordinatione
2895 1496 2950 1541 et
2980 1487 3311 1549 chirotonia,
3345 1496 3406 1539 ut
3432 1486 3618 1540 archi—

2051 1580 2371 1633 mandritm‘?
2402 1578 2535 1632 Nam
2578 1588 2637 1632 ut
2664 1580 2785 1646 quis
2817 1580 2887 1633 sit
2907 1592 3069 1633 senex
3100 1586 3192 1632 aut
3218 1577 3401 1632 senior
3434 1578 3488 1631 in
3514 1592 3616 1631 suo

2046 1672 2259 1736 ordine,
2295 1672 2345 1725 id
2370 1687 2475 1725 non
2499 1672 2729 1742 largitur
2769 1671 2963 1726 electio
3000 1679 3055 1725 et
3110 1670 3469 1735 consecratio,
3518 1671 3614 1724 sed

2049 1772 2262 1829 tempus
2281 1773 2333 1817 et
2350 1772 2505 1817 tetas.
3468 1755 3473 1759 ’

2120 1855 2253 1917 Quis
2283 1852 2908 1933 igitur’protosynceilus
2943 1863 2999 1908 et
3030 1852 3258 1922 simplex
3308 1852 3567 1921 syucellus
3594 1853 3622 1904 Ρ

2047 1944 2183 1997 Olim
2218 1944 2488 2013 syncellus
2511 1946 2885 2013 appellabatur
2915 1947 2958 2000 is
2992 1949 3081 2013 qui
3120 1954 3335 1999 mortuo
3378 1946 3619 2013 patriar-

2046 2035 2161 2088 cha:
2187 2049 2545 2088 successurus
2568 2045 2707 2089 erat.
2734 2035 2925 2089 Testes
2956 2034 3201 2089 Zonaras
3239 2045 3292 2087 et
3338 2033 3619 2088 Cedrenus

2045 2126 2101 2177 in
2139 2124 2368 2193 imperio
2417 2125 2761 2179 Constantini
2816 2125 3184 2188 Monomachi,
3240 2138 3473 2193 quorum
3528 2125 3622 2176 ille

2046 2215 2326 2283 explicans
2358 2217 2609 2283 quisnam
2638 2217 2780 2285 apud
2815 2216 3114 2271 Saracenos
3158 2216 3433 2269 diceretur
3475 2216 3616 2270 scri-

2047 2304 2191 2378 pbus
2223 2319 2318 2358 seu
2357 2306 2626 2373 seriphes,
2664 2305 2738 2359 ita
2767 2291 2990 2359 scribif:
3030 2300 3202 2367 Οὗτος
3232 2305 3277 2356 δ’
3317 2306 3435 2357 ἐστὶ
3480 2305 3615 2375 παρ’

2046 2396 2230 2458 αὐτοῖς
2255 2396 2391 2466 ὅπερ
2426 2396 2556 2466 παρ’
2588 2399 2718 2467 ἡμῖν
2769 2398 2937 2450 πάλαι
2973 2393 3039 2467 ἦν
3084 2398 3113 2448 6
3157 2397 3448 2466 λεγόμενος
3483 2398 3619 2465 σύγ-

2047 2489 2257 2552 κελλος.
2295 2488 2382 2551 Ὠς
2403 2491 2510 2559 γὰρ
2536 2490 2563 2541 6
2598 2490 2890 2557 σύγκελλος
2915 2489 3007 2542 τοῦ
3040 2492 3379 2560 πατριάρχου
3427 2490 3618 2545 θανόν-

2045 2598 2136 2644 τος
2157 2583 2235 2643 εἰς
2257 2582 2348 2634 τὸν
2382 2582 2593 2634 ἐκείνου
2623 2582 2787 2634 τόπον
2836 2582 3272 2647 ἀντικαθίστατο,
3330 2579 3477 2633 οὕτω
3526 2583 3620 2634 καὶ

2046 2677 2074 2727 ὁ
2106 2675 2332 2745 σεριφης
2357 2675 2451 2727 τοῦ
2499 2674 2718 2742 Χαλιφᾶ
2758 2673 3055 2743 φθαρέντος
3092 2673 3181 2725 τὸν
3217 2673 3620 2742 τελευτήσαντα

2047 2766 2371 2834 διαδέχεται.
2391 2764 2589 2820 Eadem
2613 2766 2912 2820 Cedreuus.
2932 2763 3030 2820 Ubi
3049 2766 3285 2819 notanda
3305 2780 3407 2819 vox
3427 2767 3618 2829 πάλαι,

2048 2872 2153 2925 qua
2171 2856 2477 2926 signiﬁcant
2504 2858 2629 2912 oliiu
2663 2857 2884 2928 quidem
2919 2858 3019 2911 ltac
3045 2858 3265 2917 natione
3295 2871 3491 2910 nomen
3511 2856 3613 2911 hoc

377 2955 517 3008 riuui
544 2952 707 3006 etiam
739 2967 1132 3021 nonnunquam
1162 2954 1429 3022 significat
1481 2961 1940 3016 monasteriorum

2053 2951 2309 3003 usitatum
2338 2949 2529 3013 fuisse,
2551 2959 2734 3019 postea
2755 2950 3002 3004 desiisse.
3033 2950 3123 3003 Sic
3144 2951 3461 3004 Anastasius
3477 2948 3616 3003 Ger-

375 3044 684 3115 pracsideui.
721 3042 884 3097 Primi
920 3058 1114 3099 sensus
1150 3046 1297 3100 allati
1321 3062 1701 3117 argumentum
1733 3050 1943 3107 cstEu-

375 3134 608 3203 tychetis
642 3132 955 3202 appellatio,
984 3148 1105 3201 qua:
1132 3134 1185 3187 in
1237 3137 1471 3190 concilio
1514 3138 1947 3196 Chalcedonensi

377 3234 433 3280 et
455 3225 593 3295 apud
620 3224 1004 3295 TheOphanem
1034 3226 1474 3283 archimandrita:
1492 3238 1595 3296 est,
1613 3233 1752 3300 apud
1773 3216 1950 3290 Theo-

380 3318 575 3371 dorum
607 3317 1005 3387 presbyterum,
1029 3318 1100 3373 de
1118 3318 1333 3374 lncarn.
1359 3320 1570 3376 Domini
1597 3323 1688 3377 τοῦ
1716 3327 1949 3397 ἡγουμέ-

378 3426 473 3462 νου
502 3425 518 3440 σ
555 3410 583 3461 6
612 3408 861 3478 Εὐτυχὴς
886 3408 943 3472 ὃς
976 3405 1043 3479 ἦν
1066 3410 1369 3481 ἡγούμενος
1416 3418 1780 3487 μοναστηρίου
1809 3420 1945 3485 ἑνός,

380 3500 579 3572 inquit.
611 3500 755 3554 Idem
773 3501 1046 3570 estigitur
1082 3504 1514 3575 ἀρχιμανδριτης
1561 3508 1656 3577 qui
1702 3511 1947 3581 ήγούμε..

378 3610 489 3656 νος,
533 3592 687 3645 unius
726 3592 892 3646 solius
912 3597 1216 3649 monasterii
1242 3596 1454 3660 'abbas,
1490 3601 1668 3665 'pater,
1710 3605 1952 3671 superior

380 3700 443 3737 ac
467 3695 651 3739 rector.
691 3683 945 3739 Secundo
978 3694 1157 3739 tamen
1194 3690 1379 3741 sensui
1407 3704 1515 3741 non
1549 3690 1700 3745 deest
1767 3694 1950 3747 inulti-

378 3777 500 3844 plex
522 3778 795 3846 probatio,
831 3778 1027 3844 prima.
1066 3777 1210 3845 quod
1246 3778 1440 3847 privati
1487 3784 1803 3837 monasterii
1855 3800 1950 3839 su-

380 3869 558 3937 perior
586 3883 689 3921 nou
722 3867 957 3936 patiatur
980 3868 1053 3922 ob
1090 3869 1350 3924 humilem
1414 3869 1581 3924 nimis
1638 3881 1836 3926 statum
1893 3891 1951 3928 se

381 3958 815 4027 ἀρχιμανδρίτην
839 3958 1052 4022 vocari;
1086 3960 1346 4023 secunda,
1395 3960 1537 4027 quod
1580 3976 1696 4014 eam
1744 3971 1949 4016 tantum

382 4052 690 4103 sustineant
716 4049 1124 4117 appellationem
1150 4050 1241 4116 qui
1275 4050 1428 4117 plura
1464 4063 1657 4119 regunt
1680 4053 1805 4121 jure
1858 4069 1950 4108 su-

380 4154 571 4208 premo
599 4140 961 4196 monasteria.
980 4139 1060 4191 vel
1092 4140 1186 4207 qui
1222 4140 1415 4193 saltem
1468 4143 1660 4211 majori
1712 4155 1952 4212 praesunt

384 4231 742 4292 monasterio,
784 4230 872 4284 cui
902 4230 1055 4296 plura
1097 4231 1461 4297 subjiciuntur
1497 4242 1772 4301 μετοχεῐα,
1809 4238 1950 4290 velut

2056 3041 2197 3094 mani
2223 3042 2551 3111 patriarchae
2567 3043 2840 3111 syncellus
2858 3042 2981 3108 fuit,
3005 3044 3235 3101 Cedren.
3252 3042 3448 3112 iuimp.
3473 3042 3614 3097 Leo-

2052 3136 2137 3190 nis
2167 3136 2510 3190 lconomachi
2546 3151 2600 3205 p.
2635 3136 2760 3190 456.
2791 3136 3078 3205 Syncellus
3111 3135 3240 3189 item
3261 3136 3361 3191 fuit
3384 3136 3619 3206 Stepha-

2055 3242 2157 3281 nus
2196 3226 2580 3282 fraterLeOnis
2634 3228 2999 3295 imperatoris,
3042 3229 3202 3298 377
3258 3227 3493 3283 Cedrcn.
3561 3245 3617 3299 p.

2052 3319 2181 3384 595,
2205 3321 2258 3373 in
2291 3321 2465 3375 locum
2494 3319 2673 3373 Photii
2701 3320 3052 3376 substitutus.
3088 3322 3370 3389 Syncellus
3402 3336 3621 3391 quoque

2050 3409 2363 3479 designatus
2392 3407 2828 3477 Ttieophylactus
2857 3408 3088 3460 Romani
3116 3405 3382 3475 Laeapeni
3415 3408 3558 3461 titius
3587 3421 3619 3460 a

2050 3496 2277 3552 Nicolao
2300 3497 2635 3567 patriarcha,
2660 3500 2764 3552 etsi
2789 3498 2837 3551 ei
2866 3512 2973 3553 non
3005 3498 3294 3564 successit,
3355 3496 3448 3552 sed
3495 3498 3620 3552 Ste-

2051 3591 2266 3659 phanus
2287 3591 2909 3658 Amaseaametropolita,
2957 3590 3120 3648 Cedr.
3170 3592 3226 3644 in
3278 3591 3404 3658 imp.
3456 3593 3619 3646 Rom.

2050 3680 2178 3735 Lac.
2221 3696 2273 3750 p.
2312 3682 2433 3735 οτι.
2462 3681 2535 3734 De
2565 3680 2778 3735 Joanne
2811 3681 3050 3750 syncello
3097 3683 3212 3751 lege
3244 3680 3512 3736 Zonaram
3566 3685 3621 3737 in

2053 3774 2282 3842 imperio
2313 3772 2625 3841 Theophili,
2653 3784 2711 3825 ut
2733 3782 2787 3826 et
2818 3772 2885 3826 de
2908 3772 3621 3843 MichaelsyncelloCedre—

2051 3882 2200 3919 num.
2231 3862 2372 3918 ldem
2402 3863 2683 3918 Cedrenus
2716 3865 3041 3917 mentionem
3077 3865 3204 3919 facit
3236 3867 3624 3936 protosyncelli

2052 3958 2105 4011 iu
2126 3957 2354 4025 imperio
2370 3956 2647 4011 Michaelis
2673 3956 2992 4021 Stratiotici,
3016 3961 3257 4028 satisque
3277 3959 3480 4013 indicat
3501 3975 3621 4013 cam

2052 4048 2119 4101 de
2155 4063 2259 4116 qua
2291 4047 2363 4100 ibi
2393 4048 2629 4116 loquitur
2655 4049 2973 4118 dignitatem
2994 4048 3163 4103 fuisse
3178 4051 3482 4118 politicam,
3509 4065 3621 4104 non

2052 4140 2497 4202 ecclesiasticam,
2531 4155 2653 4194 cum
2680 4142 2824 4195 dicat
2848 4157 3015 4210 penes
3047 4143 3198 4196 illum
3236 4141 3407 4197 fuisse
3444 4146 3623 4212 reipu-

2060 4231 2210 4283 blicae
2254 4230 2700 4285 administrandae
2753 4247 2959 4285 curam.
3024 4233 3114 4303 Τῷ
3148 4234 3623 4304 πρωτοσυγκέλ).ῳ

382 4319 621 4388 antiquis
650 4318 850 4372 nostris
883 4319 1115 4372 abbatiis
1138 4319 1376 4372 minores
1420 4293 1688 4386 prioratiis
1715 4339 1728 4376 :
1769 4327 1944 4387 tertia,

2058 4323 2269 4387 Λέοντι,
2309 4322 2502 4391 inquit,
2527 4323 2911 4391 προσελθόντες
2941 4326 3007 4377 τὰ
3040 4323 3195 4376 κοινᾶ
3225 4324 3512 4377 διοικοῦντι
3545 4325 3624 4395 τῷ

380 4411 525 4479 quod
549 4410 600 4462 in
635 4417 782 4462 textu
811 4423 970 4477 quem
998 4408 1397 4463 elucubramus.
1433 4410 1752 4480 interposita
1811 4414 1952 4470 inter

382 4502 812 4571 ἁρχιμανδρίτας
846 4510 895 4553 et
930 4499 1381 4568 καθηγουμένους
1448 4505 1952 4570 πρωτοσυγκὲλλων

382 4596 645 4663 ύῖεηίιειιθ
677 4594 743 4646 ab
782 4593 1011 4647 invicem
1052 4592 1376 4659 longissime
1411 4592 1630 4648 differre
1670 4612 1949 4653 common-

381 4694 645 4748 strantur,
667 4685 776 4736 imo
801 4684 1062 4750 particula
1094 4699 1432 4752 exaggerans
1463 4687 1597 4739 ὰ).λά
1624 4704 1712 4744 res
1729 4692 1950 4745 omnino

380 4778 624 4833 diversas
664 4777 904 4829 indicare
933 4776 1193 4830 detlarat.
1226 4776 1450 4832 Transit
1481 4780 1530 4831 in
1569 4783 1812 4837 auctoris
1855 4799 1951 4837 no-

381 4869 478 4922 stri
509 4876 744 4921 tuentem
791 4868 1150 4922 illustrissimi
1191 4871 1440 4939 praesulis
1484 4870 1780 4929 Vabrensis
1810 4891 1949 4944 opus

380 4973 508 5011 vere
535 4958 870 5026 pontificium
906 4974 970 5011 eo
998 4959 1100 5013 loci
1126 4958 1219 5011 τοῦ
1266 4961 1694 5031 ἁρχιμανδρίτου
1722 4967 1815 5016 καὶ
1854 4965 1946 5016 τοῦ

382 5048 608 5117 ἐξάρχου
638 5049 732 5100 καὶ
762 5049 857 5100 τοῦ
891 5050 1198 5119 ἡγουμένου
1240 5051 1540 5121 πρόϐλησιν
1572 5056 1657 5107 dat
1697 5065 1947 5123 spectan-

381 5140 527 5202 dam,
565 5148 710 5193 certe
743 5155 851 5193 non
880 5142 1140 5202 utunius.
1175 5143 1267 5196 sed
1318 5152 1374 5196 ut
1410 5144 1668 5213 plurium,
1711 5163 1943 5214 quorum

382 5239 440 5279 u'.
500 5244 603 5280 una
638 5246 746 5282 non
787 5241 871 5284 est.
922 5233 1227 5300 appellatio,
1272 5233 1346 5286 ita
1392 5250 1489 5289 nec
1521 5252 1687 5289 unum
1713 5238 1943 5291 otlicium

382 5318 551 5372 fuisse
580 5331 783 5374 temere
802 5325 1102 5390 putandum
1140 5333 1241 5377 est.
1265 5325 1532 5379 C-rternm
1566 5342 1723 5395 quem
1749 5328 1946 5384 Canta-

380 5421 638 5474 cuzenus,
669 5426 708 5477 t,
738 5411 807 5464 52
834 5420 885 5464 et
917 5411 984 5465 55
1005 5412 1096 5464 τὸν
1124 5413 1215 5465 τοῦ
1239 5414 1395 5482 ἁγίου
1417 5415 1576 5486 ὅρους
1604 5419 1839 5488 πρῶτον,
1859 5438 1945 5473 sa-

380 5504 458 5553 cri
486 5504 696 5569 montis,
733 5504 823 5559 ubi
860 5505 1014 5573 plura
1036 5508 1364 5561 monasteria
1395 5510 1643 5564 visuntur
1660 5514 1943 5580 etadqua-

384 5599 509 5647 tuor
538 5597 703 5651 millia
745 5601 1137 5656 monachorum
1172 5599 1395 5669 degunt,
1426 5602 1732 5671 prwfectum
1762 5615 1938 5671 vocat,

2054 4413 2196 4465 τότε.

2123 4505 2215 4558 Est
2246 4514 2423 4559 autem
2453 4506 2721 4575 syneellns
2748 4508 2903 4574 quasi
2928 4505 3171 4574 eiusdem
3196 4508 3346 4563 cella:
3365 4524 3619 4575 consors,

2047 4605 2102 4649 et
2133 4598 2562 4667 protosynccltus
2596 4600 2800 4663 primus
2836 4600 2977 4653 inter
3010 4602 3158 4655 cella:
3198 4602 3619 4657 consortes.Res

2055 4685 2267 4738 tandem
2306 4687 2359 4739 in
2389 4687 2666 4755 dignitatis
2692 4703 2888 4741 nomen
2920 4690 3093 4754 abiit,
3124 4698 3182 4743 ut
3231 4693 3321 4758 qui
3359 4707 3456 4747 nec
3491 4693 3621 4761 σύγ-

2052 4793 2246 4827 καπνοι
2281 4793 2377 4828 nec
2414 4778 2695 4842 σύγκελλοι
2727 4792 2929 4843 essent,
2970 4781 3102 4834 tales
3151 4791 3329 4834 tamen
3376 4784 3620 4850 appella-

2052 4876 2260 4921 rentur.
2305 4868 2459 4922 Sicut
2516 4870 2675 4923 hodie
2729 4872 2882 4925 multi
2931 4872 3134 4926 habent
3208 4889 3332 4927 eunt
3393 4878 3615 4931 titulum

2052 4968 2110 5011 ut
2131 4970 2389 5014 vocentur
2406 4959 2463 5013 S.
2492 4960 2551 5013 D.
2569 4959 2633 5014 N.
2651 4962 2944 5027 domestici,
2970 4963 3041 5017 ita
3062 4973 3117 5018 et
3135 4966 3355 5035 syncelli
3382 4972 3617 5036 patriar-

2049 5052 2269 5105 charum
2301 5052 2516 5105 tandem
2563 5064 2849 5108 evaserunt
2893 5055 2966 5108 illi
3010 5057 3101 5125 qui
3145 5057 3282 5112 forte
3333 5076 3612 5129 nunquam

2048 5146 2101 5197 in
2152 5144 2480 5213 patriarchio
2530 5144 2920 5199 habitaverant.
2957 5146 3094 5201 Hch
3145 5132 3327 5215 postea
3357 5150 3613 5221 d:gttitati

2047 5248 2301 5306 agitatum
2333 5249 2417 5291 est
2442 5240 2673 5307 πρῶτος,
2702 5240 3206 5309 πρωτοσύγκελλος,
3239 5257 3303 5295 ex
3334 5244 3494 5296 solita
3529 5244 3611 5297 ni-

2050 5331 2247 5383 mirum
2277 5330 2575 5384 ambitione
2601 5346 2709 5399 qua
2730 5332 2995 5399 simplicia
3024 5333 3284 5386 vocabula
3331 5331 3423 5384 τοῦ
3462 5335 3612 5401 πρώ-

2044 5440 2135 5474 του
2156 5423 2456 5476 convestire
2482 5424 2670 5477 solent.
2703 5424 3022 5479 lnvenerant
3046 5426 3169 5478 olim
3189 5424 3357 5480 Grmci
3389 5425 3611 5479 titulum

2048 5513 2381 5566 nobilissimi.
2411 5511 2516 5566 Res
2546 5511 2633 5565 hic
2664 5529 2768 5566 non
2791 5514 2961 5577 s’tetit,
3002 5512 3224 5567 ambitio
3257 5511 3614 5581 πρωτονωόε-

2044 5606 2289 5675 λίσσιμος
2316 5620 2435 5662 esse
2472 5606 2657 5662 \oluit.
2679 5605 2787 5662 Nec
2818 5608 2923 5674 hic,
2956 5605 3204 5676 quamvis
3246 5606 3297 5661 ia
3321 5604 3484 5674 longo
3517 5619 3614 5659 no-
