3928 6214
232 272 327 334 421

1339 258 1723 321 GRETSERI
1762 255 1859 316 ET
1904 255 2146 317 GOARI
2190 204 2426 316 NOTiE.

3369 247 3475 312 822

233 389 396 445 mine,
415 383 577 438 finis:
606 388 667 436 ut
686 378 865 451 placet
903 378 999 435 tibi
1023 377 1113 432 ille
1135 376 1187 431 in
1216 376 1340 446 jure
1361 374 1552 431 Graeco
1571 374 1807 426 -lloma-

1914 371 2101 425 κελλον
2148 365 2777 429 Κωνσταντινουπόλεως
2824 365 3126 419 ἐπίσκοπον
3156 363 3473 434 προεχειρί-

230 477 351 531 nol.
387 490 438 530 tv
463 474 706 543 Νικήτας
728 464 1608 542 πρωτονωὸελισσιμοῦπέρτατοςῖ
1634 464 1811 527 Quale

232 576 532 621 monstrum
556 565 728 619 tituli!
757 571 913 619 erant
937 561 1138 615 Graecis
1160 559 1408 628 πρόεδροι
1436 575 1449 610 :
1482 556 1670 610 titulus
1708 554 1811 608 iste

232 658 507 727 augendus
535 656 634 709 fuit
666 654 981 725 praescripto
1009 651 1271 704 vocabulo
1317 647 1554 717 πρώτου,
1598 662 1813 715 πρωτο-

232 750 477 821 πρόεδροι
514 762 529 798 :
574 747 719 815 quod
776 745 832 798 in
870 743 1001 798 Jure
1042 742 1231 797 Graeco
1294 739 1541 793 Romano
1608 737 1806 807 passim

231 839 445 893 obvium
518 848 625 893 est.
700 836 815 891 Etsi
869 837 1066 904 lautetn
1156 834 1425 901 scriptura
1506 831 1595 883 illa
1681 828 1810 896 σύγ-

229 926 383 995 γελος
437 935 493 980 et
565 924 1018 995 πρωτοσύγγελος
1093 921 1234 990 apud
1307 919 1597 974 nonnullos
1671 919 1811 973 scri-

230 1030 420 1088 ptores
453 1020 781 1086 reperiatur,
808 1031 918 1069 non
951 1015 1142 1069 dubito
1175 1024 1355 1067 tamen
1384 1012 1630 1066 vitiosam
1665 1026 1806 1076 esse,

228 1123 659 1180 germanamque
711 1108 859 1161 illam
894 1105 1190 1173 σύγκελλος
1224 1115 1277 1158 et
1307 1102 1808 1171 πρωτοσύγκελλος,

227 1201 352 1270 quia
377 1200 584 1252 clarum
607 1206 722 1250 esta
747 1196 1001 1262 concella,
1026 1195 1127 1247 hoc
1155 1193 1319 1247 estab
1338 1193 1522 1244 eadem
1542 1189 1676 1243 cella
1712 1204 1813 1243 no—

229 1305 352 1345 men
376 1290 726 1344 descendere.
752 1287 889 1341 Hinc
931 1286 1257 1339 Wilhelmus
1297 1282 1513 1352 Tyrius,
1564 1296 1676 1343 xiv,
1719 1281 1805 1346 12,

229 1382 488 1435 cancellos
528 1382 794 1435 nominat.
830 1378 1130 1441 Ennodius,
1166 1377 1203 1429 l.
1241 1389 1282 1438 ι,
1334 1376 1491 1442 epist.
1561 1373 1808 1440 ὅμοροι

227 1474 516 1527 ccllulanos
563 1486 617 1527 et
648 1474 796 1542 quod
818 1472 1064 1527 Graecum
1092 1470 1264 1539 magis
1281 1467 1555 1536 exprimit,
1600 1464 1807 1518 concel-

228 1563 433 1619 laneos.
480 1561 764 1616 ﬂeraelius
797 1563 1109 1630 imperator,
1142 1570 1201 1614 ut
1230 1574 1311 1614 est
1343 1561 1394 1613 in
1421 1557 1658 1627 quadam
1686 1557 1807 1626 ejus

226 1654 636 1709 constitutione.
673 1666 794 1721 quat
820 1660 997 1706 exstat
1039 1653 1079 1705 ι.
1109 1668 1146 1706 n
1172 1652 1312 1721 juris
1334 1650 1802 1712 Graeco-anani,

1915 480 2098 515 σαντο.
2123 462 2189 515 Ει
2220 461 2321 514 sub
2350 458 2563 514 Justino
2586 459 2791 528 pariter
2824 458 3039 512 seniore
3071 456 3324 508 Ἰωάννου
3353 456 3476 505 ἑπι-

1913 556 2115 607 σκόπου
2158 551 2785 612 Κωνσταντινουπόλεως
2839 538 3267 619 τελευτήσαντος
3319 546 3473 599 Ἐπι-

1912 645 2097 712 φάνιος
2123 643 2494 714 πρεσϐύτερος
2529 641 2632 711 τῆς
2670 642 2839 710 αὐτῆς
2888 641 3181 709 ἐκκλησίας
3214 640 3305 691 καὶ
3338 636 3472 703 σύγ-

1919 735 2112 796 κελλος
2183 732 2585 802 ἐχειροτονήθη.
2636 730 2837 800 Maiora
2884 745 3097 798 semper
3145 731 3474 783 incrementa

1913 840 2067 880 more
2097 826 2369 893 capiente,
2406 824 2714 893 Stephanus
2746 822 2943 877 Leonis
2974 823 3251 891 Sapientis
3282 821 3474 884 frater,

1910 933 2068 986 quem
2099 916 2333 971 Basilius
2366 926 2518 984 pater
2540 916 2684 970 clero
2708 913 2815 970 CP.
2840 914 3077 968 sociarat
3106 912 3477 966 educandum-

1909 1024 2014 1074 que
2037 1023 2101 1061 ac
2132 1008 2352 1077 syncelli
2383 1007 2646 1077 dignitate
2666 1005 2973 1059 ornandum
3003 1003 3198 1057 Photio
3232 1003 3476 1063 dederat,

1911 1100 1987 1151 ait
2024 1098 2130 1151 Leo
2163 1097 2582 1163 Grammaticus,
2622 1099 2812 1152 eodem
2843 1095 3038 1150 Photio
3084 1079 3323 1149 secundo
3349 1097 3481 1147 sub-

1911 1198 2061 1243 moto
2091 1190 2375 1243 confestim
2411 1191 2463 1245 in
2490 1191 2607 1258 ejus
2635 1190 2813 1243 locum
2847 1190 3111 1244 suffectus
3145 1197 3226 1242 est
3250 1187 3478 1255 patriar-

1915 1281 2038 1335 cha.
2073 1282 2351 1335 Cedreuus
2385 1282 2510 1334 vitae
2562 1280 2756 1335 Leonis
2811 1282 3014 1335 initio:
3061 1259 3400 1347 Προσέταξέν
3449 1280 3477 1331 ὁ

1910 1371 2059 1423 Λέων
2088 1370 2182 1421 τοῦ
2227 1370 2419 1437 θρόνου
2463 1369 2667 1421 Φώτιον
2712 1370 3067 1435 καταγαγεῖν,
3127 1367 3268 1419 κατὰ
3312 1366 3479 1426 πόδας

1909 1461 1966 1514 δὲ
2023 1461 2293 1527 Στέφανον
2338 1460 2629 1528 σύγκε).λον
2666 1460 2757 1512 τὸν
2782 1460 2975 1511 ἑαυτοῦ
3007 1460 3234 1526 ἀδελφὸν
3269 1459 3295 1509 ὁ
3320 1456 3478 1525 βασι-

1911 1555 2036 1617 λεὺς
2072 1555 2415 1624 πατριάρχην
2442 1554 2822 1623 προϐάλλεται.
2854 1552 2919 1605 Ει
2954 1554 3007 1606 in
3041 1555 3227 1607 eodem
3258 1552 3474 1605 Leone:

1908 1645 2312 1713 Χειροτονεῖται
2362 1646 2711 1713 πατριάρχης
2752 1647 2779 1695 ὁ
2832 1642 3121 1711 σύγκελλος
3184 1642 3476 1711 Εὑθύμιος.

228 1758 521 1797 numerum
557 1716 912 1813 syncelforum
962 1748 1030 1795 ad
1062 1716 1198 1797 duos
1226 1744 1449 1812 redegit.
1481 1740 1677 1795 Mirum
1714 1755 1803 1793 ve-
1837 1716 1877 1771 Β
1907 1734 2373 1789 Consuetudinem
2406 1733 2547 1787 hanc
2593 1734 2743 1802 quasi
2792 1733 2961 1801 legem
3002 1732 3239 1785 habitam
3292 1738 3479 1783 narrat

230 1848 301 1886 ro
346 1832 616 1887 Codinum
660 1832 877 1901 θνησειιί
906 1847 999 1887 seu
1062 1834 1413 1902 syncellorum
1469 1834 1798 1887 mentionem

228 1926 438 1979 nullam
477 1924 689 1990 fecisse,
716 1926 842 1979 dum
894 1925 1198 1994 catalogum
1236 1925 1558 1980 ofticialium
1589 1940 1800 1995 magna:

229 2015 476 2069 ecclesia:
518 2023 741 2080 texeret,
790 2015 894 2069 nisi
931 2016 1053 2083 quis
1086 2016 1232 2069 dicat
1286 2017 1650 2086 syncellorum
1710 2032 1803 2083 ap-

230 2108 581 2173 pellationem
616 2122 721 2161 non
755 2108 941 2173 officii,
977 2107 1071 2163 sed
1103 2109 1377 2177 dignitatis
1404 2110 1590 2164 fuisse.

310 2196 451 2252 Ibid.
476 2196 605 2270 [Qui
628 2199 840 2268 primus
860 2207 1101 2252 omntum
1129 2199 1417 2266 σύγκελλος
1443 2215 1506 2255 ac
1526 2202 1805 2256 ideotem-

232 2292 389 2357 poris
414 2290 605 2343 ordine
646 2289 1130 2359 πρωτοσύτκελλος
1176 2291 1396 2358 legitur,
1419 2292 1520 2346 fuit
1572 2296 1807 2348 Anasta-

230 2368 354 2434 sius
390 2381 480 2434 ille
499 2380 800 2450 presbyter,
831 2382 943 2447 cui,
976 2381 1244 2438 referente
1270 2383 1619 2453 Theophane,
1639 2401 1802 2455 quam

229 2481 564 2540 conceperat
602 2476 670 2527 de
715 2473 820 2528 fide
866 2488 1171 2543 perversam
1215 2478 1566 2542 sententiam,
1623 2480 1805 2546 publi-

232 2579 301 2617 ce
328 2564 786 2632 pronuntiandam
812 2565 866 2618 in
888 2566 1131 2620 ecclesiae
1149 2578 1418 2620 conventu
1440 2569 1587 2622 dedit
1616 2568 1808 2624 Nesto-

228 2658 397 2711 rius:
440 2654 683 2725 Ὀμιλίαν
717 2657 844 2725 περὶ
899 2657 1133 2721 πίστεως
1175 2658 1470 2712 ἐκδέδωκεν
1494 2659 1574 2730 τῷ
1613 2660 1805 2715 ἑαυτοῦ

230 2746 540 2816 συγκέλλῳ.
568 2748 668 2801 llic
700 2757 880 2803 autem
909 2764 1035 2803 cum
1069 2749 1284 2803 sublato
1310 2764 1340 2804 e
1385 2751 1523 2806 vivis
1556 2751 1809 2808 Nestorio
1844 2803 1861 2810 -

228 2836 564 2903 patriarchae
590 2837 909 2907 dignitatem
939 2854 1047 2893 non
1078 2842 1376 2910 exceperit,
1400 2842 1536 2895 nihil
1559 2843 1709 2898 aliud
1739 2860 1806 2898 eo

226 2930 451 2984 vivente
506 2930 732 3000 adeptus
762 2946 925 3000 quam
958 2941 1014 2987 ut
1040 2934 1484 2989 essetconvictus
1506 2935 1624 3003 ejus
1646 2939 1809 3005 parti-

1902 1826 2180 1881 Cedrenus
2208 1827 2348 1880 idem
2366 1826 2421 1880 in
2446 1824 2807 1880 Mouomacho
2829 1842 2841 1879 :
2861 1825 3100 1877 Ἐκείνου
3129 1825 3231 1892 γὰρ
3260 1823 3478 1889 (πατρι-

1901 1919 2089 1993 άρχου)
2111 1918 2488 1983 ἀποθανόντος,
2513 1920 2540 1970 ὁ
2568 1916 2860 1986 σύγκελλος
2885 1917 3044 1979 εὐθὺς
3067 1915 3260 1978 εἰς’τὸν
3282 1916 3476 1967 τούτου

1904 2012 2090 2082 θρόνον
2120 2013 2565 2082 ἑγκκαθίδρυται.
2598 2012 2768 2065 Πάλαι
2794 2012 3007 2065 dixerat
3036 2006 3283 2062 nonnihil
3318 2020 3478 2075 Supe-

1904 2108 2061 2160 rius:
2100 2106 2438 2160 Monomachi
2482 2107 2631 2161 enim
2679 2114 2840 2157 aetate
2879 2101 3215 2157 consuetudo
3261 2100 3343 2153 vel
3389 2100 3475 2152 lex

1904 2213 2262 2268 quaacuznque
2280 2200 2347 2253 de
2369 2199 2620 2269 syncellis
2644 2198 2707 2251 ad
2727 2196 3149 2266 patriarchatum
3174 2193 3482 2247 subvehen-

1904 2291 1988 2345 dis
2018 2292 2283 2345 exstincta
2305 2304 2425 2346 erat
2453 2300 2505 2345 et
2527 2293 2741 2360 penitus
2772 2290 3051 2357 abrogata.
3096 2287 3173 2341 Eo
3212 2295 3392 2338 tamen
3413 2298 3477 2337 ac

1906 2385 2256 2450 sequentibus
2300 2384 2635 2452 temporibus
2696 2397 2802 2435 non
2856 2398 2998 2435 uitus
3052 2380 3214 2434 modo
3277 2378 3370 2433 sed
3418 2386 3497 2459 et“

1906 2476 2089 2544 plures
2116 2476 2335 2547 syncelli
2357 2493 2373 2542 ;
2397 2491 2460 2529 ac
2500 2475 2714 2529 tandem
2745 2474 2888 2527 inter
2912 2488 3007 2526 eos
3046 2473 3249 2540 primas
3286 2479 3477 2523 tenens

1906 2569 2360 2643 protosyncejlus,
2387 2569 2543 2637 cujus
2592 2581 2789 2621 nomen
2832 2564 3027 2620 deinde
3062 2565 3242 2633 plures
3274 2564 3477 2616 ambie-

1908 2672 2052 2717 runt.
2100 2660 2300 2716 Verum
2350 2662 2614 2729 integram
2655 2659 3018 2729 syncellorum
3057 2658 3335 2712 cohortem
3380 2656 3477 2707 ali-

1909 2754 2128 2823 quando
2166 2756 2414 2818 miratus,
2458 2768 2520 2807 ac
2550 2753 2618 2806 de
2658 2752 2724 2806 iis
2755 2766 2878 2805 cum
2908 2749 3112 2804 Graecis
3145 2750 3275 2817 ipsis
3305 2746 3477 2801 collo-

1909 2854 2088 2912 cutus,
2130 2847 2343 2915 percepi
2384 2861 2450 2900 ex
2491 2859 2551 2899 ea
2588 2861 2707 2915 qua:
2741 2858 2955 2913 semper
3003 2843 3140 2896 inter
3178 2857 3272 2896 eos
3306 2838 3478 2909 viguit

1911 2940 2231 3011 dignitatum
2266 2940 2561 2994 ambitione
2591 2940 2671 2994 vel
2713 2940 2991 2992 titulorum
3024 2936 3322 3005 cupiditate
3350 2950 3479 3003 pro-

227 3034 387 3088 ceps,
425 3022 620 3077 domus
649 3024 905 3092 cellaeque
926 3038 1174 3090 consors,
1208 3028 1405 3080 animo:
1446 3027 1685 3082 rebusin
1714 3029 1811 3083 du-
1838 3052 1880 3110 ρ
1916 3032 2161 3099 ﬂuxisse,
2193 3044 2253 3088 ut
2289 3034 2379 3102 qui
2412 3034 2839 3103 patriarchatum
2877 3037 3193 3100 expeterent
3229 3028 3310 3080 vel
3352 3042 3481 3097 syn-

225 3112 347 3164 biin
382 3111 637 3177 director,
660 3113 716 3167 in
743 3113 928 3169 arduis
950 3115 1317 3183 consiliarius,
1336 3119 1392 3172 in
1428 3119 1652 3187 secretis
1682 3134 1810 3173 con-

230 3202 412 3268 scius,
450 3218 512 3256 ac
540 3203 804 3262 indivisus
846 3205 900 3259 in
931 3207 1205 3276 prosperis
1234 3216 1287 3261 et
1336 3209 1579 3265 adversis
1607 3212 1808 3267 socius.

235 3293 364 3348 Hoc
389 3296 625 3363 primum
662 3300 826 3367 primi
857 3300 949 3367 qui
983 3300 1184 3368 legitur
1202 3301 1424 3370 syncelli
1444 3316 1665 3367 munus;
1697 3303 1810 3359 haec

230 3396 295 3440 ut
334 3402 482 3442 vera
536 3392 770 3444 nominis
795 3392 1084 3460 expositio,
1138 3393 1212 3448 ita
1265 3396 1465 3462 pariter
1483 3394 1648 3449 officii
1687 3395 1811 3449 finis

200 3488 285 3553 .et
317 3482 559 3550 cognitio
603 3485 892 3540 sincerior.
938 3485 1199 3556 Evagrius
1248 3488 1316 3543 de
1361 3488 1483 3557 ipso
1548 3490 1806 3558 syncello,

229 3588 307 3638 Vt,
327 3574 403 3627 2:
432 3576 537 3627 Τοῦ
568 3572 864 3646 Νεστορίου
895 3572 1154 3648 διάπυρος
1187 3583 1443 3650 ἐραστὴς,
1482 3582 1539 3644 ὃς
1564 3583 1657 3634 καὶ
1684 3598 1808 3636 συν-

226 3667 467 3735 έκδημός
494 3670 545 3721 οἱ
580 3671 802 3738 γέγονεν
837 3673 977 3741 πρὸς
1032 3674 1131 3743 τὴν
1159 3675 1463 3745 ἐπισκοπὴν
1496 3676 1805 3746 ἀπαίροντι.

232 3758 523 3825 Socrates,
561 3777 659 3827 vn,
688 3763 758 3817 52
791 3779 808 3821 ς
859 3764 1039 3834 Συνῆν
1070 3764 1218 3835 αὐτῷ
1262 3766 1615 3830 Ἀναστάσιος
1670 3785 1807 3839 πρε-

224 3850 522 3919 σϐύτερος,
570 3851 687 3921 ἅμα
726 3853 873 3924 αὐτῷ
931 3857 993 3907 ὲκ
1047 3857 1146 3925 τῆς
1194 3859 1515 3927 ’Λντιοχείας
1570 3862 1803 3924 σταλείς.

232 3940 417 4012 378
448 3942 648 3996 Τοῦτον
681 3944 769 3997 διὰ
815 3948 977 4016 τιμῆς
1027 3943 1141 4017 εἷχε
1187 3950 1410 4019 πολλῆς,
1458 3954 1550 4003 καὶ
1579 3954 1638 4005 ὲν
1695 3953 1806 4014 τοῖς

227 4035 539 4102 πράγμασι
589 4036 880 4105 συμϐούλῳ
921 4040 1139 4108 ὲχρῆτο.
1184 4040 1511 4111 Presbytero
1548 4043 1804 4113 deinceps

223 4124 550 4192 bujusmodi
586 4129 641 4180 in
688 4127 796 4180 cibi
847 4128 997 4181 cellae
1049 4133 1807 4205 secretorum,vitaedeniqne

221 4220 417 4273 omnis
462 4221 779 4275 societatem
820 4222 1056 4286 adscito,
1082 4226 1505 4291 procedentibus
1535 4231 1689 4283 annis
1728 4230 1805 4283 fa-

223 4321 382 4364 ctum
410 4322 495 4366 est
522 4315 701 4382 utqui
732 4315 785 4366 in
822 4316 1065 4370 ecclesiae
1095 4325 1241 4371 coetu
1270 4319 1495 4386 amicos,
1525 4323 1803 4392 inpalatio

220 4420 448 4474 quoque
476 4415 633 4461 notos
662 4407 938 4477 allegerat,
982 4410 1150 4474 nullo,
1196 4411 1242 4465 si
1306 4427 1426 4479 quae
1458 4413 1654 4478 forent,
1687 4416 1804 4484 ejus

221 4498 428 4549 merita
467 4497 808 4567 virtutesque
845 4500 1149 4568 ignorante,
1198 4503 1455 4559 defuncto
1498 4507 1800 4573 patriarcha

218 4588 281 4641 in
308 4588 427 4656 ejus
460 4589 639 4643 locum
682 4605 971 4647 successor
1014 4593 1323 4663 eligeretur;
1360 4599 1559 4666 quique
1590 4601 1811 4655 nomine

164 4693 171 4697 ’
222 4679 464 4746 syncelli
494 4680 578 4733 vel
619 4681 883 4749 dignitate
931 4698 1098 4751 penes
1136 4688 1502 4753 patriarcham
1546 4691 1721 4744 adhuc
1754 4693 1810 4745 in

220 4771 375 4823 vivis
396 4782 669 4837 agentem,
700 4788 800 4827 ceu
816 4775 933 4841 ejus
969 4776 1230 4838 sincerior
1263 4781 1647 4846 concellaneus,
1683 4784 1815 4837 insta

218 4863 357 4930 gnis
377 4864 604 4929 vixerat,
627 4867 768 4920 idem
798 4876 919 4936 post
949 4868 1176 4935 lethum,
1210 4878 1269 4924 ut
1298 4873 1352 4925 in
1395 4873 1625 4926 ecclesia
1657 4874 1811 4928 thro-

218 4969 393 5019 num,
424 4956 497 5010 ita
518 4958 728 5012 κεὶιλξον
773 4958 950 5028 ipsum
982 4970 1034 5013 et
1064 4962 1325 5016 secretius
1362 4964 1675 5032 patriarchii
1718 4983 1813 5037 pe-

220 5049 442 5101 netrale
500 5061 810 5119 occuparet.
875 5052 1097 5108 Videtur
1146 5070 1265 5109 mos
1309 5056 1616 5124 hu'jusmodi
1665 5060 1813 5115 circa

216 5136 431 5193 Leonis
452 5141 617 5195 lsauri
647 5151 887 5211 tempora
922 5144 1233 5210 invaluisse,
1260 5148 1327 5201 de
1354 5164 1462 5218 quo
1491 5149 1768 5207 Cedrenus
1795 5170 1811 5208 :

220 5226 410 5301 mea
452 5233 543 5287 οὖν
575 5235 632 5287 ἐν
668 5234 841 5305 τούτῳ
883 5234 1165 5306 σύμμαχον
1221 5237 1564 5294 Ἀναστάσιον
1592 5242 1816 5309 σύγκελ-

222 5324 334 5375 λον
376 5323 465 5376 τοῦ
508 5324 663 5393 ἁγίου
715 5327 1039 5397 (Γερμανοῦ)
1101 5330 1499 5399 συνταξάμενος
1547 5334 1696 5403 αὐτῷ
1721 5334 1813 5387 τοῦ

224 5417 427 5487 Θρόνου
456 5419 694 5489 διάδοχον
726 5420 995 5485 γενέσθαι.
1044 5420 1343 5478 lnvaluisse
1374 5425 1504 5490 dixi,
1546 5442 1655 5481 non
1709 5430 1816 5497 pri-

224 5526 338 5565 mo
361 5527 558 5569 morem
593 5515 900 5570 institutum
926 5534 944 5571 :
973 5519 1082 5587 jam
1112 5520 1254 5573 enim
1282 5522 1384 5577 sub
1410 5524 1697 5577 Anastasio
1726 5540 1814 5579 se-

224 5607 397 5661 niore
446 5610 715 5680 Τιμοθέου
764 5610 1167 5676 ἀποθανόντος,
1217 5614 1417 5679 scribit
1458 5615 1816 5687 'iheophancs

241 5695 508 5770 Ἰωάννην
561 5702 653 5757 τὸν
689 5703 1073 5772 Καππαδόκην
1102 5703 1481 5778 πρεοὸύτερον
1541 5710 1636 5763 καὶ
1681 5711 1811 5777 σύγ-

1914 3128 2080 3182 cellos
2110 3130 2162 3182 in
2210 3143 2433 3181 munere
2466 3127 2667 3181 vellent
2696 3125 2962 3189 aemulari,
3008 3137 3206 3177 nomen
3245 3122 3478 3191 primum

1914 3228 2331 3289 aucuparentur.
2372 3218 2591 3273 Pristini
2622 3234 2749 3273 vero
2775 3216 3035 3287 temporis
3064 3215 3361 3287 syncellus,
3386 3228 3484 3283 pa-

1914 3311 2169 3365 triarchae
2207 3311 2335 3365 licet
2366 3325 2657 3365 successor
2709 3311 3050 3377 designatus,
3078 3323 3188 3380 quo
3228 3306 3483 3362 desiderii

1911 3405 2282 3460 successionis
2316 3418 2346 3458 a
2394 3419 2453 3458 se
2505 3412 2781 3456 amoveret
2833 3402 3216 3471 suspicionem,
3256 3402 3345 3455 ubi
3389 3414 3484 3468 pa-

1912 3497 2165 3550 triarchae
2190 3494 2661 3559 consacrificabat,
2694 3495 2948 3563 populum
2984 3494 3048 3547 ad
3073 3510 3259 3563 preces
3299 3506 3393 3560 pro
3417 3507 3485 3544 eo

1909 3589 2098 3655 etejus
2116 3588 2291 3642 salute
2317 3603 2414 3642 nec
2433 3603 2537 3641 non
2563 3588 2613 3642 ei
2642 3588 2750 3641 vita
2773 3587 3012 3654 longaeva
3037 3587 3331 3659 obtinenda
3359 3585 3480 3637 fun-

1910 3682 2113 3735 dendas
2146 3682 2479 3747 hortabatur,
2518 3682 2662 3751 quod
2709 3696 2829 3735 cum
2861 3680 3102 3733 facerent
3156 3680 3357 3747 pariter
3384 3692 3479 3745 per

1909 3772 2015 3830 (ΣΡ.
2039 3774 2299 3829 ecclesias
2326 3775 2413 3827 alii
2442 3772 2764 3843 presbyteri,
2799 3771 2923 3825 exin
2950 3771 3102 3839 quasi
3129 3769 3349 3838 syncelli
3379 3784 3482 3821 no-

1910 3881 2030 3919 men
2064 3865 2362 3934 promeriti,
2392 3880 2455 3918 ea
2497 3879 2554 3918 se
2582 3865 2846 3930 dignitate
2891 3863 3289 3931 promovendos
3320 3876 3482 3914 cura-

1909 3967 2055 4019 runt;
2104 3972 2165 4009 ac
2213 3964 2273 4009 ut
2317 3957 2456 4024 viget
2503 3963 2556 4007 et
2600 3954 2719 4008 aliis
2751 3954 2992 4021 praeferri
3032 3952 3223 4022 qnzerit
3259 3954 3483 4007 honoris

1908 4049 2178 4118 cupiditas
2227 4051 2319 4117 qui
2368 4062 2560 4115 magna
2604 4046 2658 4100 in
2700 4048 2933 4107 ecclesia
2979 4048 3250 4118 synccllus
3295 4062 3484 4116 preces

1908 4138 2222 4205 hujusmodi
2262 4136 2607 4191 denuntiaret
2663 4134 2966 4201 faciendas,
3025 4137 3483 4208 protosyncellus,

1910 4242 1967 4285 ut
2006 4231 2225 4299 reliquis
2246 4232 2657 4299 anteponendus
2696 4245 2760 4283 ac
2790 4229 3021 4297 dignior,
3052 4240 3135 4283 est
3164 4230 3485 4298 appelatus;

1910 4339 1973 4376 ac
1993 4326 2079 4379 ubi
2104 4325 2421 4379 sacerdotes
2450 4322 2528 4376 vel
2556 4322 2911 4392 tnetrOpOIiIae
2932 4322 3257 4390 patriarchae
3288 4335 3482 4375 conce-

1914 4419 2185 4472 lebrantes
2218 4417 2269 4471 id
2305 4417 2548 4471 muneris
2575 4415 2796 4470 fuerunt
2823 4416 3085 4478 exsecuti.
3118 4417 3483 4485 syncellornm

1912 4526 2127 4581 quoque
2155 4526 2218 4563 ac
2255 4509 2774 4579 protosyncellorum
2807 4509 3067 4562 honorem
3124 4508 3225 4561 sibi
3260 4524 3486 4578 arroga-

1914 4615 2061 4656 ruut.
2084 4603 2222 4656 Audi
2245 4602 2547 4656 Cedrenum
2567 4604 2619 4655 in
2640 4601 2884 4655 Romano
2904 4602 3134 4677 Argyro:
3152 4600 3410 4668 Ἐτίμησε
3427 4599 3485 4650 δὲ

1914 4694 2238 4761 συγκέλλους
2274 4694 2671 4764 μητροπολίτας
2698 4696 2868 4764 τρεῖς.
2923 4692 3111 4746 Plures
3145 4693 3328 4760 itaque
3358 4707 3486 4759 syn-

1914 4788 2058 4850 erlli,
2092 4788 2227 4841 adeo
2256 4788 2505 4842 sublimis
2552 4788 2716 4840 etiam
2748 4785 2968 4841 honoris
3005 4783 3396 4852 eupidinemoti
3426 4793 3484 4834 ut

1916 4878 1966 4930 in
1995 4894 2255 4933 consessu
2294 4894 2319 4930 a
2355 4880 2728 4933 sacerdotibus
2756 4880 2805 4931 in
2832 4879 2994 4931 missa
3018 4876 3263 4930 habendo
3287 4883 3488 4928 metro-

1916 4970 2095 5039 politis
2125 4986 2180 5023 se
2217 4970 2455 5038 prmferri
2489 4970 2896 5023 contenderent.
2924 4965 3068 5022 Idem
3101 4967 3376 5021 Cedrcnns
3406 4966 3486 5018 in-

1917 5063 2087 5117 ferius
2117 5080 2128 5115 :
2156 5063 2405 5129 Ἐγένετο
2425 5061 2479 5113 δὲ
2510 5061 2650 5113 κατὰ
2677 5060 2773 5130 τὴν
2812 5061 3024 5130 ἡμέραν
3045 5062 3141 5129 τῆς
3167 5059 3326 5128 ἁγίας
3350 5059 3483 5111 Πεν-

1915 5154 2184 5223 τηκοστῆς
2208 5154 2422 5224 ταραχὴ
2441 5153 2529 5206 διὰ
2560 5153 2656 5223 τὴν
2690 5152 2958 5220 καθέδραν
2983 5155 3039 5205 ὲν
3059 5157 3123 5225 τῇ
3147 5154 3487 5224 λειτουργίᾳ,

1921 5251 1993 5319 μὴ
2028 5248 2483 5316 καταδεξαμένων
2524 5245 2633 5297 τῶν
2679 5247 3093 5316 μητροπολιτῶν
3153 5246 3484 5315 προκαθίσαι

1919 5342 2097 5393 αὐτῶν
2121 5340 2242 5399 τοὺς
2275 5336 2598 5406 συγκέλλους
2627 5339 2684 5391 ἐν
2712 5340 2788 5409 τῷ
2825 5342 3116 5408 συνορόνῳ.
3155 5339 3254 5408 Ipsi
3291 5340 3493 5393 nihilo-

1918 5436 2099 5489 minus
2143 5432 2499 5501 mctropolitte
2543 5431 2836 5501 aliquando
2861 5433 3109 5501 syncelli,
3142 5442 3198 5485 ut
3226 5433 3489 5501 praemisf.

1917 5527 2194 5581 Cedrenus
2224 5526 2363 5579 idem
2406 5524 2459 5577 in
2510 5524 2712 5577 Basilio
2742 5533 2793 5577 et
2837 5522 3197 5577 Constantino
3256 5521 3490 5574 Romani

1920 5618 2026 5673 FF.
2056 5635 2070 5674 :
2104 5619 2163 5672 ὐ
2198 5616 2486 5686 σύγκε).λος
2541 5618 2806 5685 Στέφανος
2838 5615 2935 5668 καὶ
2976 5616 3071 5684 τῆς
3123 5614 3495 5684 Νικομηδείας

1921 5713 2201 5794 πρόεδρος.
2227 5711 2370 5771 Pone
2388 5715 2756 5784 praeterieram
2777 5727 2884 5767 non
2905 5725 3021 5779 sym
3040 5709 3266 5766 etlorum
3297 5709 3499 5773 modo,
