3928 6214
350 210 455 272 δΞ3

1408 211 1492 273 IN
1534 210 1835 277 LIBRUM
1879 214 1979 276 DE
2011 215 2351 279 OFFlCIIS
2411 217 2521 278 (ΖΡ.

3480 219 3587 285 HL

350 327 445 394 qui
491 326 819 395 patriarcha?
864 326 1230 381 concellnncus
1282 341 1345 383 ac
1378 328 1499 397 ejus
1545 330 1917 398 πνευματικός
1948 336 1995 392 Α
2024 341 2252 401 possunt
2285 335 2352 389 ad
2388 335 2537 389 varia
2590 334 2705 389 loca
2758 333 3028 391 Codiniin
3089 333 3292 404 quibus
3346 338 3593 409 mandyw

352 420 511 480 foret,
537 421 630 473 sed
658 428 711 471 et
733 420 823 486 qui
856 419 1155 488 imperator
1174 429 1457 489 praestaret
1486 420 1627 475 idem
1653 421 1919 486 ofﬁcium,

351 526 417 565 eo
437 511 654 564 nomine
674 510 1128 585 379xvocatum,
1147 512 1290 580 quod
1313 513 1551 567 maxime
1569 528 1783 582 semper
1798 528 1922 567 cum

348 600 729 666 comitaretur,
763 616 827 655 ac
864 602 915 654 in
948 601 1149 670 palatio
1187 602 1251 656 ad
1303 603 1421 672 ejus
1468 602 1655 656 cellam
1695 602 1927 670 (κελλιον

352 690 495 745 enim
528 691 690 745 etiam
721 685 1070 762 imperatoris
1112 695 1377 749 secretius
1408 695 1688 763 penetrale
1724 694 1926 748 dictum

353 783 627 853 superius)
648 785 1006 839 concellaneus
1030 785 1348 854 σύγκελ).ος,
1373 802 1434 840 ac
1455 801 1569 857 prae
1589 785 1709 841 aliis
1731 786 1930 855 dignus

359 874 532 944 μέγας
581 877 1077 945 πρωτοσύγκελλος,
1120 878 1420 932 habitaret.
1471 878 1709 931 Aderant
1756 876 1804 930 ei
1862 875 1930 944 (si

356 964 618 1023 Pbrauza:
650 968 930 1038 interpreti
961 969 1092 1025 ﬁdes
1112 968 1380 1038 habenda)
1397 968 1690 1023 sacerdotes
1713 969 1796 1023 sui
1819 969 1934 1037 (pa-

264 1140 271 1146 .
359 1059 514 1114 latini
543 1060 825 1128 nimirum)
853 1069 906 1114 et
929 1059 1224 1121 spiritualis
1245 1070 1393 1129 pater
1411 1059 1688 1129 Gregorius
1716 1074 1933 1129 magnus

359 1153 780 1220 protosyngelus.
802 1151 876 1205 De
890 1150 1098 1206 Joanne
1116 1153 1443 1221 imperatore
1459 1148 1700 1220 loquitur
1717 1151 1781 1204 ad
1805 1165 1937 1205 cou-

360 1244 549 1299 cilium
582 1242 959 1299 Florentinum
980 1245 1120 1299 viam
1157 1253 1497 1313 capessente.
1534 1243 1740 1298 Scribit
1768 1258 1935 1313 porro

362 1335 800 1405 protosyngelus.
834 1344 995 1405 prout
1030 1334 1119 1389 alii
1166 1333 1354 1391 Graece
1388 1335 1654 1403 σύγγελον
1682 1334 1752 1388 ob
1782 1349 1935 1388 eam-

368 1426 486 1479 dem
525 1442 648 1480 cum
693 1426 959 1494 σύγκελου
995 1427 1499 1498 pronuntiationem
1534 1434 1589 1480 et
1630 1427 1933 1493 ignoratam

368 1518 669 1586 συγκέλ).ου
694 1520 927 1589 propriae
950 1520 1101 1575 vocis
1124 1517 1544 1587 signiﬁcantiam
1572 1524 1623 1568 et
1643 1514 1932 1584 originem.

440 1610 644 1667 P.105.
673 1612 1327 1687 [Καθηγούμενοι.ουοε
1349 1611 1689 1681 ἡγουμένους
1719 1623 1938 1677 quoque

377 1701 650 1756 dicimus:
690 1702 1140 1771 προηγουμένους
1165 1711 1369 1765 autem,
1393 1702 1484 1771 qui
1511 1702 1611 1756 hos
1654 1700 1708 1755 in
1761 1698 1940 1755 ofﬁcio

381 1802 782 1861 praecesserunt,
815 1803 869 1848 et
901 1794 1244 1861 superiorum
1279 1808 1528 1859 munere,
1562 1807 1672 1862 quo
1702 1806 1759 1846 se
1786 1789 1945 1846 abdi-

374 1898 590 1951 carunt,
631 1896 759 1944 sunt
808 1888 1002 1943 functi.

446 1983 586 2035 Ibid.
611 1982 759 2055 [Τὴν
772 1982 1091 2053 σφραγῖδα.
1111 1980 1433 2052 Πρόϐλησιν,
1452 1976 1948 2048 προχείρισιν,’ρι·ο-

377 2078 655 2130 motionem
693 2076 951 2145 intellige,
987 2091 1106 2143 qum
1134 2073 1277 2128 facto
1299 2073 1483 2127 crucis
1522 2073 1677 2142 signo
1712 2070 1948 2140 comple-

373 2178 545 2223 retur.
583 2168 850 2237 nequires
887 2167 946 2239 iu
984 2165 1407 2234 Euchologieis;
1451 2173 1505 2219 et
1543 2163 1795 2219 consules
1853 2176 1948 2232 po-

378 2270 636 2317 stremam
667 2262 966 2331 superioris
1018 2261 1208 2330 capitis
1240 2270 1445 2314 notam.
1471 2259 1641 2313 Cosa.

452 2354 593 2408 Ibid.
627 2354 731 2407 Kal
758 2357 812 2407 οἱ
834 2352 951 2421 μὲν
970 2352 1262 2422 ἀρχιερεῖς
1290 2354 1378 2417 εις
1399 2351 1822 2418 προσκύνησιν
1844 2348 1948 2402 τοῦ

371 2447 698 2513 βασιλέως,
736 2446 812 2512 ὡς
835 2447 1086 2511 εἴρηται,
1114 2445 1430 2516 ἐρχόμενοι
1464 2444 1611 2511 μετὰ
1633 2442 1749 2495 τῶν
1775 2442 1951 2513 ἐχόν-

376 2556 496 2594 των
512 2539 786 2606 μανὸύον
816 2537 1015 2592 αὐτῶν
1045 2537 1371 2603 ποταμούς.
1398 2534 1594 2589 Junius
1620 2550 1671 2604 p.
1698 2533 1803 2586 9J2
1834 2534 1952 2587 edi-

378 2628 543 2684 tionis
576 2612 709 2691 δύω,
741 2627 785 2691 Ι,
821 2644 873 2683 c.
911 2628 1001 2691 20,
1045 2644 1102 2681 n.
1138 2627 1200 2682 16
1226 2644 1240 2681 :
1269 2626 1475 2681 Summi
1503 2634 1675 2679 autem
1703 2625 1951 2679 sacerdo-

378 2732 451 2774 tes
480 2721 551 2775 ad
580 2720 928 2773 salutandum
973 2719 1371 2786 imperatorem,
1429 2725 1486 2770 ut
1555 2716 1812 2778 diximus,
1867 2730 1952 2767 ve-

379 2820 579 2866 nientes
611 2829 729 2866 cum
769 2813 891 2881 qliis
931 2812 1219 2881 mandyun‘t
1254 2827 1409 2863 suum
1448 2809 1789 2862 habentibus.
1824 2806 1953 2860 Per-

383 2923 593 2976 perant.
638 2905 778 2975 Lege
812 2921 875 2959 ex
905 2903 1088 2959 codice
1118 2902 1375 2955 Lautber.
1409 2899 1546 2968 μετὰ
1568 2899 1673 2953 τῶν
1720 2897 1952 2966 ἐχόντων

2028 427 2360 481 mentionem
2390 426 2544 481 facit.
2579 427 2733 494 Quod
2783 428 2981 484 Junius
3035 431 3280 501 mandyae
3328 431 3591 499 originem

2029 531 2091 569 ex
2116 517 2333 572 Persica
2363 517 2547 589 lingua
2587 520 2831 584 deducit,
2856 537 2910 591 p.
2949 522 3075 585 5'56,
3105 522 3156 576 id
3191 522 3343 584 facit,
3379 522 3592 590 opiner,

2030 617 2089 662 ut
2127 608 2355 665 Persica!
2380 610 2576 680 lingua:
2606 628 2713 667 non
2744 615 2990 683 ignarum
3037 615 3291 669 sciamus.
3320 611 3501 678 Longe
3524 610 3607 665 fa-

2032 704 2193 757 cilius
2216 719 2246 757 a
2274 702 2476 759 Latino
2507 707 2762 760 mantello
2789 715 2881 760 aut
2905 705 3233 762 Germanico
3276 706 3476 762 Mante!
3512 708 3605 762 de-

2033 796 2300 852 duxisset.
2339 797 2448 852 Nec
2473 800 2743 854 assentior
2768 798 3031 867 Meursio,
3059 801 3151 869 qui
3184 802 3259 855 ita
3315 800 3464 868 legit,
3513 802 3609 866 ἑρ-

2035 890 2252 957 χὸμενοι
2314 890 2466 959 ’μετὰ
2496 892 2603 944 τῶν
2688 893 2921 962 ἐχόντων
3003 892 3234 963 μανδύον
3299 893 3377 961 μὲν
3434 910 3609 944 ποτα-

2040 983 2196 1052 μούς.
2228 983 2360 1038 Nam
2392 1000 2585 1040 sensus
2616 994 2762 1041 esset
2796 1003 2810 1041 :
2837 986 3086 1056 Episcopi
3110 988 3320 1041 veniunt
3349 986 3607 1056 380ml
3694 993 3703 997 '

2035 1076 2417 1129 venerationem
2448 1078 2790 1146 imperatoris
2847 1094 2969 1132 cum
2992 1078 3099 1132 illis
3133 1080 3222 1146 qui
3242 1078 3429 1131 habent
3455 1092 3610 1129 man-

2036 1168 2197 1237 dyum
2230 1185 2347 1222 cum
2381 1170 2555 1239 fluuiis
2584 1171 2697 1226 sive
2723 1172 3061 1228 undulatum.
3094 1185 3217 1225 cum
3252 1171 3464 1239 ipsimet
3520 1168 3611 1221 in—

2037 1258 2154 1311 duti
2195 1260 2443 1330 mandyis
2489 1260 2765 1316 undulatis
2798 1261 3013 1314 veniant
3043 1261 3108 1315 ad
3142 1260 3344 1313 cultum
3379 1260 3614 1327 impera-

2040 1348 2139 1403 tori
2163 1348 2535 1403 deferendum.
2561 1348 2669 1404 Nec
2709 1349 2999 1403 barbarico
3034 1348 3125 1400 illo
3173 1345 3489 1399 bellenismo
3542 1343 3613 1411 με
3702 1341 3706 1344 ⁴
3801 1401 3809 1411 ι

2038 1454 2139 1509 pro
2177 1440 2312 1507 μετά
2352 1439 2732 1508 Curopalatam
2785 1454 2943 1494 usum
3012 1454 3133 1493 esse
3181 1437 3474 1492 verisimile
3524 1439 3604 1503 ﬁt,

2041 1531 2346 1597 pra‘scrtim
2378 1532 2483 1584 boc
2512 1530 2633 1585 solo
2665 1539 2718 1584 et
2744 1530 2905 1585 unico
2958 1531 3101 1584 loco.
3139 1527 3330 1584 Potius
3386 1531 3485 1583 hoc
3506 1545 3615 1583 nu-

2045 1634 2175 1687 pero
2199 1620 2359 1674 alicui
2395 1619 2602 1674 Malam
2648 1630 2937 1688 competat,
3001 1622 3093 1688 qui
3141 1622 3195 1674 in
3255 1620 3616 1688 patriarcbica

2048 1727 2143 1766 sua
2191 1712 2431 1767 historiae
2456 1713 2842 1783 Turcogrmcia:
2884 1714 3082 1768 inserta
3115 1713 3334 1783 ἔχάρισε
3392 1712 3615 1765 καππά-

2048 1820 2161 1856 σιον
2195 1804 2444 1873 ἐνθύμιον
2479 1808 2544 1874 μὲ
2570 1807 3001 1876 τὸφκαμουχᾶν.
3060 1805 3148 1859 καὶ
3182 1805 3352 1875 μανῦῆ
3373 1805 3438 1874 μὶ
3485 1804 3620 1867 τοὺς

2048 1899 2351 1966 ποταμοὺς,
2384 1898 2479 1953 καὶ⁵
2502 1899 2694 1965 ἄλογον
2727 1899 2956 1970 ἄσπρον.
2984 1897 3213 1971 Gutus]

2120 1990 2263 2063 Ibid.
2311 1989 2596 2061 [Superius
2657 1990 2970 2059 pontiﬁcum
3021 1990 3396 2044 indumentum
3459 1996 3614 2043 extra

2052 2083 2342 2138 missarum
2374 2083 2639 2137 solemnia
2667 2092 2751 2139 est
2775 2082 3058 2151 mandyas,
3082 2082 3244 2150 pallio
3276 2096 3432 2145 quam
3462 2079 3617 2133 simi-

2051 2174 2140 2239 lis,
2158 2174 2228 2228 ad
2257 2173 2442 2228 fauces
2463 2172 2623 2226 ﬁbula
2640 2187 2834 2232 nexus,
2856 2172 3067 2227 sinibus
3090 2180 3143 2225 et
3168 2172 3316 2240 rugis
3346 2170 3619 2235 amplissi-

2050 2281 2174 2321 mus
2202 2272 2256 2318 et
2287 2265 2513 2319 omnino
2534 2264 2771 2331 insignis
2817 2263 2896 2317 Ad
2921 2264 3042 2330 ejus
3073 2263 3239 2317 latera
3296 2263 3439 2315 circa
3488 2277 3618 2315 ren-

2049 2362 2187 2410 tren‘
2216 2350 2391 2405 allisa:
2412 2363 2537 2406 sunt
2563 2352 2789 2406 taeniola:
2820 2352 2926 2405 albi
2962 2352 3223 2419 rubrique
3278 2352 3475 2405 coloris
3508 2360 3618 2405 ter—

2051 2461 2155 2509 nae,
2181 2443 2381 2514 quibus
2413 2443 2772 2512 undequaque
2803 2443 3047 2498 variatur
3069 2450 3123 2496 et
3159 2444 3476 2497 adornatur.
3500 2440 3620 2497 Tae—

2053 2535 2341 2590 niolzeillze
2373 2541 2501 2589 sunt
2557 2533 2816 2602 ποταμοί,
2872 2535 2938 2589 de
2998 2535 3197 2603 quibus
3240 2537 3294 2588 in
3339 2534 3616 2604 praesenti,

2052 2642 2284 2695 eamque
2316 2627 2547 2693 gratiam
2576 2634 2630 2681 et
2652 2627 2936 2681 scientiam
3005 2628 3295 2699 designant
3338 2643 3501 2692 quam
3538 2628 3621 2681 in-

2054 2718 2258 2772 tellexit
2296 2717 2549 2772 Christus
2570 2717 2684 2786 ipse
2712 2717 2996 2780 Dominus,
3039 2719 3227 2773 dicens
3260 2739 3278 2771 ι
3309 2718 3529 2772 ﬁumina
3557 2720 3623 2772 de

2054 2819 2242 2871 ventre
2265 2809 2383 2877 ejus
2410 2809 2743 2872 lluent,etc.
2813 2809 2890 2863 Ae
2949 2819 3234 2879 pmpterea
3295 2810 3439 2862 circa
3488 2825 3620 2863 ven-

2057 2903 2192 2948 trem
2219 2896 2465 2963 appictae.
2497 2894 2761 2962 Superius
2791 2895 2856 2948 ad
2886 2894 3082 2949 collum
3111 2904 3161 2948 et
3192 2895 3422 2961 angulos
3484 2895 3622 2949 infe—

386 2995 635 3062 μανδύων
666 2993 846 3046 αὐτῶν
875 2990 1177 3060 ποταμούς’
1207 3006 1326 3045 cum
1391 2988 1636 3057 mandyis
1691 2986 1813 3044 suis,
1856 2985 1953 3037 ha-

2060 2985 2235 3039 riores
2266 2994 2393 3038 sunt
2424 2986 2663 3052 πόματα,
2691 2992 2929 3054 quatuor
2952 2986 3209 3039 nimirum
3268 2986 3435 3039 additi
3488 3002 3626 3055 pan-

384 3083 620 3139 bentibus
658 3084 867 3153 ﬂuvios.
900 3081 1016 3136 Hoc
1046 3090 1129 3135 est
1169 3096 1285 3132 cum
1331 3076 1575 3146 mandyis
1648 3073 1947 3128 undulatis.

377 3179 437 3233 In
470 3178 672 3247 scripto
708 3174 958 3231 Graecob.
993 3174 1033 3227 1“.
1080 3188 1119 3227 ιι
1192 3166 1503 3225 Turco-Gr.
1563 3165 1791 3237 p.108:
1840 3164 1952 3218 Kal.

384 3271 557 3338 μανδῆ
620 3269 688 3338 μὲ
737 3269 867 3329 τοὺς
926 3265 1228 3335 ποταμούς.
1283 3260 1573 3323 Μανδεῖον,
1630 3256 1810 3325 inquit
1867 3255 1955 3310 ille

380 3360 605 3415 Graecus
640 3359 695 3412 in
725 3358 989 3427 Turcogr.
1020 3369 1074 3424 p.
1112 3351 1234 3417 189,
1267 3351 1519 3417 λέγουσιν
1545 3347 1573 3399 ὃ
1615 3347 1768 3414 φέρει
1822 3342 1956 3396 ὲπά-

384 3448 867 3519 νωὸπατριάρχης
896 3445 1037 3512 μετὰ
1060 3440 1342 3512 ποταμῶν,
1396 3439 1484 3493 διὰ
1523 3437 1583 3489 τδ
1649 3433 1955 3489 διδακτικδν

382 3539 644 3609 ὀφείλειν.
688 3537 895 3591 Dicitur
943 3549 1073 3604 ergo
1132 3532 1391 3601 μανδύας,
1447 3528 1717 3599 μανδεῖον,
1755 3524 1954 3595 μανδῆ,

384 3644 439 3689 et
479 3631 724 3703 μαντίον,
766 3646 793 3683 a
830 3643 940 3698 quo
968 3629 1021 3680 in
1048 3625 1315 3693 Turcogr.
1344 3639 1399 3692 p.
1432 3622 1531 3675 189
1563 3634 1791 3673 numero
1819 3618 1961 3671 mul-

386 3725 635 3780 titudinis
667 3723 735 3775 τὰ
764 3716 1076 3790 μαντῐα.οῐ
1117 3716 1393 3786 ἀρχιερεῖς
1458 3710 1692 3781 βαστοῦν
1753 3711 1833 3771 εἰς
1890 3709 1962 3763 τὰ

393 3813 595 3881 μαντὶα
616 3814 741 3873 τοὺς
774 3792 1055 3877 ποταμοὺς
1088 3807 1377 3867 κοκκίνους
1395 3805 1487 3856 καὶ
1518 3801 1786 3871 ἆσπρους,
1822 3799 1964 3852 Pon-

389 3906 561 3974 tiﬁces
590 3911 799 3974 gestant
833 3902 884 3955 in
921 3899 1102 3970 palliis
1130 3897 1321 3967 ﬂuvios
1353 3894 1597 3963 (limbos)
1625 3893 1889 3946 coccineos
1912 3900 1959 3943 et

2054 3076 2224 3131 niculi
2255 3077 2473 3146 quadri,
2512 3077 2579 3132 de
2610 3077 2807 3144 quibus
2837 3077 3067 3145 singulis
3106 3077 3339 3148 Symeou
3366 3078 3620 3133 Thessal.

2053 3174 2346 3243 episcopus
2374 3190 2388 3226 :
2412 3173 2583 3226 Τοῦτο
2620 3174 2677 3226 δὲ
2713 3174 2809 3226 καὶ
2861 3176 2889 3226 ὁ
2950 3158 3340 3243 ἀρχιερατικὺς
3382 3174 3627 3228 διδάσκοι

2054 3266 2319 3333 μανδίκις.
2346 3266 2625 3332 ποταμοὺς
2647 3266 2744 3333 μὲν
2763 3266 2901 3335 ἔχων
2956 3266 3042 3319 διὰ
3102 3266 3170 3319 τὰ
3223 3265 3624 3334 προειρημένα,

2057 3357 2279 3426 πόματα
2300 3359 2357 3411 δὲ
2386 3358 2467 3419 εις
2494 3357 2662 3410 τύπον
2685 3358 2925 3421 παλαιᾶς
2954 3375 3011 3410 τε
3040 3358 3133 3410 καὶ
3159 3358 3353 3427 καινῆς
3377 3358 3627 3427 χάριτος,

2057 3453 2093 3508 θ.
2118 3454 2373 3524 ὑπεράνω
2400 3455 2608 3508 κεῖνται
2637 3453 2746 3507 τῶν
2769 3454 3053 3522 ποταμῶν.
3082 3454 3277 3525 ϐολῇ]

2575 3610 2801 3667 CAPUT
2887 3612 3008 3666 XV.

2065 3727 2468 3784 Observationes
2515 3736 2562 3776 et
2613 3724 2987 3790 explicationes
3033 3727 3087 3778 in
3141 3740 3189 3778 c.
3240 3723 3327 3776 ΩΙ.
3382 3725 3443 3776 de
3475 3722 3632 3792 lugu-

2346 3795 2521 3848 bribus
2558 3796 2890 3863 imperatoris
2939 3795 3336 3864 gestaminibns.

2133 3909 2199 3964 P.
2231 3908 2353 3963 106.
2384 3908 2537 3962 Alius
2564 3910 2758 3962 titulus
2792 3908 2955 3961 habet
2978 3910 3108 3977 περὶ
3138 3908 3397 3976 βασιλέως
3431 3907 3637 3959 anclla-

383 4000 564 4053 albos.
591 3995 924 4053 Germanice
979 3990 1203 4055 Mantel,
1236 4004 1265 4042 a
1318 3987 1510 4041 Latino
1568 3986 1819 4038 mantela.
1873 3982 1966 4036 Est
2066 4001 2271 4063 νάντος,
2309 4000 2415 4053 sed
2452 3999 2643 4053 melim-
2664 4010 2739 4052 ρει
2776 3997 3059 4062 inscriptio
3080 4008 3242 4064 quam
3295 3998 3456 4065 capiti
3509 3996 3638 4050 huic

386 4101 575 4145 autem
610 4086 847 4157 μανδύας
872 4085 1053 4137 forma
1084 4081 1278 4135 similis
1300 4081 1347 4133 ei
1413 4077 1546 4132 vesti
1581 4090 1749 4130 sacra:
1800 4089 1954 4141 quam

2068 4091 2420 4161 prmliximus.
2449 4088 2593 4140 Citat
2643 4087 2745 4140 hoc
2793 4085 2984 4139 Codini
3053 4096 3220 4154 caput
3276 4086 3639 4141 Casaubonus

390 4183 557 4251 vulgo
593 4192 853 4233 vocamus
878 4176 961 4228 ein
988 4170 1405 4236 Rauchmanlel;
1437 4178 1490 4223 et
1516 4182 1622 4239 qua
1656 4169 1769 4237 ipse
1798 4166 1954 4235 impe-

2071 4177 2311 4233 Esercit.
2336 4175 2405 4230 56
2423 4182 2611 4228 contra
2638 4172 2955 4227 Baronium.
2987 4172 3077 4235 Et,
3111 4170 3210 4223 ben
3242 4173 3254 4224 !
3281 4170 3409 4238 quid
3436 4170 3642 4225 laboris

393 4283 548 4329 sator
580 4271 857 4325 Romanus
883 4266 1059 4319 adhuc
1088 4265 1141 4317 ill
1176 4261 1590 4329 inauguratiooe
1631 4260 1884 4328 insigniri
1913 4267 1967 4312 et
2002 4301 2050 4360 ο
2075 4284 2185 4323 non
2216 4266 2479 4331 exanllat,
2499 4263 2627 4333 quid
2656 4263 2873 4317 sudoris
2892 4277 2997 4316 non
3020 4261 3318 4331 profundit.
3340 4276 3480 4329 quos
3499 4261 3641 4329 ιρι-ς-

399 4365 547 4434 pingi
573 4363 710 4416 solet
733 4373 952 4430 quoque
971 4370 1094 4411 cum
1119 4350 1695 4410 elect0ribus.Simeon
1718 4352 1954 4419 magistet

2080 4361 2204 4415 tbos
2233 4372 2455 4413 suorum
2487 4356 2942 4410 collectaneorum
2974 4368 3081 4406 non
3107 4353 3369 4417 ell‘undit,
3446 4362 3508 4405 ut
3541 4352 3643 4404 do-

399 4456 703 4510 oﬁiciorum
736 4453 791 4506 iu
822 4449 1092 4504 Pandecte
1118 4446 1303 4500 llistor
1334 4487 1350 4503 .
1375 4445 1641 4507 'l‘urcicae,
1661 4459 1711 4498 c.
1746 4442 1869 4505 199,
1899 4443 1976 4495 δι-

400 4551 668 4619 κητήσιον
695 4554 890 4609 vocat;
919 4541 1063 4612 quod
1089 4540 1261 4595 Graeci
1283 4538 1454 4608 r0gati
1478 4538 1545 4592 ab
1575 4545 1799 4591 auctore
1835 4534 1974 4587 Pan-

401 4642 576 4695 dect-.2
636 4634 1134 4701 interpretabantur
1197 4629 1546 4701 ἔπιμάνδυον,
1610 4628 1764 4698 quasi
1823 4626 1975 4680 dicas

402 4724 1100 4802 supramantellum.F0rte
1160 4723 1478 4793 δικητήσιον
1536 4723 1691 4791 παρὰ
1745 4718 1845 4789 τὴν
1899 4718 1975 4770 δι-

404 4842 507 4895 κην
530 4823 826 4883 derivatur,
861 4829 919 4872 ut
948 4827 1002 4871 et
1051 4816 1375 4881 δικανεκιον,
1436 4812 1584 4879 quod
1649 4810 1861 4881 imperii
1921 4816 1975 4864 et

407 4915 691 4988 potestatis
718 4912 931 4980 insigne
966 4909 1056 4965 sit.
1094 4909 1328 4976 Eratque
1382 4905 1551 4960 vestis
1575 4904 1689 4958 haec
1715 4913 1824 4956 tam
1870 4902 1973 4955 im-

411 5008 757 5080 peratoribus
796 5018 958 5074 quam
995 5001 1325 5072 patriarcbis
1357 4998 1590 5068 aliisque
1627 4993 1976 5064 pontificibus

407 5098 738 5159 communis,
769 5104 828 5148 ut
863 5109 926 5151 ex
952 5088 1278 5162 Curopalata
1304 5100 1358 5143 et
1397 5085 1813 5143 Turco-Grtecia
1846 5100 1979 5139 con-

408 5199 557 5255 stat;
611 5204 711 5243 nec
755 5186 887 5240 satis
941 5193 1063 5252 apte
1110 5183 1337 5237 vertitur
1400 5180 1848 5250 paludamentum,
1921 5183 1980 5228 ut

412 5281 663 5349 agnoscit
694 5277 856 5330 etiam
881 5273 1268 5331 Leunclavius,
1297 5285 1422 5324 cum
1448 5285 1546 5322 vox
1610 5268 1724 5320 bazc
1775 5264 1981 5319 milita-

412 5387 525 5426 rem
558 5381 763 5425 vestem
795 5366 1083 5437 signiﬁcet,
1112 5363 1354 5433 μανδύας
1388 5371 1587 5415 ουιοηιι
1627 5359 1788 5413 etiam
1826 5365 1979 5411 extra

411 5471 590 5517 castra
623 5460 823 5530 gestari
857 5455 1239 5518 consueverit;
1263 5469 1359 5508 nec
1382 5454 1475 5507 ab
1498 5452 1831 5520 imperatore
1859 5457 1979 5500 tau-

410 5565 548 5619 tum,
576 5555 669 5609 sed
697 5562 752 5609 et
771 5552 838 5607 ab
860 5550 1112 5606 Ecclesia:
1144 5545 1487 5617 praesulibus,
1520 5542 1718 5615 quibus
1743 5540 1980 5608 paluda-
2035 5535 2038 5538 ’

413 5652 646 5697 mentum
681 5652 803 5714 apte
842 5656 1001 5697 nemo
1036 5638 1305 5695 tribuerit.
1338 5637 1404 5692 Et
1435 5636 1549 5691 haec
1576 5629 1979 5689 accommodari

2076 4461 2197 4509 ceat
2222 4465 2323 4504 nos
2348 4448 2488 4501 aliud
2517 4461 2640 4501 esse
2659 4444 3091 4514 λαμπροφορεῖν,
3117 4443 3260 4497 aliud
3287 4443 3644 4509 λευκοφορεῖν

2078 4559 2171 4599 Seu
2199 4540 2590 4610 λευχειμονεῖν,
2626 4537 2771 4590 aliud
2806 4535 3040 4590 colorem
3072 4534 3347 4603 λαμπρόν,
3372 4531 3520 4585 aliud
3552 4546 3644 4587 co-

2077 4634 2243 4687 lorem
2274 4631 2485 4694 λευκόν,
2520 4628 2791 4682 interdum
2822 4635 3005 4680 tamen
3059 4624 3313 4692 λαμπρὸν
3371 4622 3468 4674 καὶ
3527 4621 3647 4673 λευ-

2078 4726 2173 4778 κόν
2206 4739 2303 4793 pro
2329 4721 2518 4776 eodem
2552 4718 2749 4787 accipi,
2798 4715 3016 4785 proprie
3066 4712 3522 4781 dislingui.Apud
3550 4709 3650 4766 Co-

2079 4818 2280 4879 dinum,
2310 4812 2507 4878 inquit,
2527 4819 2688 4865 vestes
2726 4808 2881 4871 albaz,
2912 4807 3082 4861 luctus
3137 4806 3356 4867 indices,
3387 4812 3650 4858 vocantur

2077 4906 2306 4968 λευκαῖς
2338 4903 2520 4956 iisdem
2551 4895 3172 4970 opponunturhunpal,
3232 4895 3285 4947 id
3342 4903 3420 4948 est
3469 4907 3651 4947 omnes

2078 4995 2379 5052 nitidiores;
2410 5000 2537 5058 puta
2572 4989 2809 5043 candida:
2860 5005 2891 5041 a
2924 4987 3119 5056 fullone
3176 4994 3425 5046 recentes,
3469 4983 3653 5053 quales

2081 5088 2294 5156 fuerunt
2331 5083 2456 5134 olim
2498 5081 2924 5143 candidatorum,
2956 5093 3087 5146 quas
3117 5074 3436 5129 Plutarchus
3466 5086 3515 5128 et
3554 5074 3652 5127 alii

2082 5176 2251 5232 (ἵναλεί
2283 5172 2540 5241 λαμπράς
2595 5178 2818 5234 vertunt,
2878 5180 2970 5223 aut
3017 5184 3315 5237 purpuram,
3397 5167 3475 5220 vel
3514 5166 3654 5219 alius

2084 5268 2311 5335 cuiusris
2334 5265 2544 5324 coloris,
2581 5263 2867 5333 prwsertim
2890 5261 3212 5315 intensiaris.
3238 5259 3354 5312 Non
3370 5258 3508 5311 enim
3534 5256 3654 5308 sola

2085 5357 2315 5413 candida
2345 5355 2591 5407 dicuntur
2618 5350 2871 5420 λαμπρά,
2904 5350 2995 5403 sed
3025 5364 3341 5417 quacunque
3386 5345 3540 5399 valde
3569 5344 3657 5398 ui-

2088 5457 2218 5511 tenl,
2247 5444 2701 5514 cujusmodierant
2727 5456 2842 5493 cum
2870 5441 3049 5507 primis
3077 5439 3184 5491 illa:
3210 5435 3511 5507 chlamydes
3546 5432 3656 5487 veri

2093 5539 2327 5598 luminis,
2358 5535 2421 5588 de
2448 5533 2635 5607 quibus
2656 5532 2723 5585 ad
2755 5530 3077 5585 Trebellium
3099 5529 3387 5583 Pollionem
3414 5525 3647 5578 diximus

2089 5630 2260 5698 Quam
2290 5626 2608 5682 abscondita
2633 5623 2792 5679 nobis
2815 5624 2996 5694 pandit
3052 5636 3316 5691 operosus
3370 5619 3469 5673 iste
3501 5626 3651 5670 eser-
