3928 6214
392 295 500 361 ιΞΊ

1674 300 1998 363 GEORGII
2058 300 2322 363 CODlNI

3526 292 3639 364 1‘28

394 410 560 467 fuerit
581 411 649 466 ab
671 409 983 466 Andronico
1006 411 1229 481 juniore
1266 427 1471 481 sponso
1499 413 1650 469 Anna
1680 416 1956 478 Sabauda,

2090 414 2322 466 ιπάντων
2367 411 2486 473 ταῖς
2516 408 2778 479 ὲρυθραῖς
2820 407 3053 479 κρηπῖσι
3091 407 3216 468 τοὺς
3274 408 3438 472 πόδας
3480 427 3645 465 κατε-

391 505 536 573 leges
566 502 707 572 apud
738 504 1055 570 Cantacuz.,
1077 520 1115 567 ι,
1143 505 1232 560 42.
1259 505 1464 561 Gnsrs.

468 591 525 645 Ρ.
553 592 676 648 108.
712 590 873 664 [Περὶ
897 592 1013 660 τὴν
1032 593 1387 662 ἀκρόπολιν.
1413 595 1490 649 Ad
1524 596 1674 651 urbis
1710 610 1833 651 eum
1864 611 1959 650 an-

391 683 575 751 gulum
632 684 726 753 qui
771 683 1148 755 Chrysopolim
1216 686 1472 756 oppidum
1524 688 1823 742 Asiaticum
1891 703 1956 741 ex

391 774 621 829 adverso
648 776 893 844 respicit,
921 776 1010 831 ubi
1050 776 1209 831 hodie
1231 777 1490 848 principis
1531 780 1827 835 Turcarum
1875 794 1958 833 re-

391 867 498 937 gia.
531 864 739 935 Vulgus
761 866 948 933 κέρας,
970 884 1159 932 cornu,
1196 878 1384 923 vocat.

465 954 605 1007 Ibid.
639 954 1167 1026 [Ἂρχοντιωστῶν.
1186 957 1497 1029 Legendum
1519 960 1741 1014 omnino
1764 961 1957 1031 ἀρχον-

2061 507 2278 576 κόσμει,
2307 504 2399 557 τὸν
2426 504 2613 571 ἕτερον
2648 504 2750 572 μὲν
2793 502 2898 556 ὑπὸ
2924 502 3035 555 τῶν
3069 501 3302 571 ἄγχιστα
3347 502 3468 555 καθ’
3500 499 3646 573 αἷμα

2066 597 2456 666 προσηκόντων
2482 594 2867 663 ὑποδούμενος,
2909 593 3004 646 τὸν
3048 594 3105 646 δὲ
3152 593 3339 645 λοιπὸν
3381 595 3485 647 ὑπὸ
3532 596 3649 648 τῶν

2062 690 2132 742 τὰ
2158 688 2348 756 πρῶτα
2381 688 2705 756 φερομένων
2742 685 2831 738 ἐπ’
2858 684 3111 755 εὐγενείᾳ
3152 687 3252 737 καὶ
3295 686 3650 755 λαμπρότητι

2064 778 2412 850 μισθοφόρων
2442 776 2712 831 Λατίνων.
2737 777 2857 830 Alta
2900 775 3069 830 fuisse
3102 774 3222 829 haec
3277 776 3646 830 (aleemnenta

2064 870 2163 923 Dio
2186 870 2529 934 monstravit,
2555 884 2756 924 vocans
2778 884 2839 922 ea
2864 866 3116 923 ὑπόδεσιν
3141 866 3367 936 ὑψηλήν.
3389 867 3469 920 Ad
3497 884 3646 933 genu

2062 964 2391 1035 pertinuisse
2448 969 2679 1015 testatur
2742 958 3067 1027 Procopius,
3116 959 3154 1013 1.
3214 975 3273 1011 m
3343 958 3417 1012 De
3460 957 3648 1021 Ai‘dif.

388 1045 590 1097 τισσῶν
622 1048 1045 1116 τάρχοντιαστάς
1070 1050 1213 1105 enim
1236 1034 1336 1105 néc
1362 1067 1498 1105 usus
1530 1067 1628 1106 nec
1654 1052 1827 1105 lexica
1858 1064 1958 1104 nec

2090 1058 2205 1112 ἰαί.
2245 1072 2258 1109 :
2298 1054 2653 1125 ’Υποδήματα
2679 1053 2841 1121 μέχρι
2873 1054 2953 1113 εἰς
2984 1051 3113 1118 γόνυ
3136 1048 3379 1119 φοινικοῦ
3419 1050 3650 1118 χρώμα-

392 1137 689 1196 auctoritas
716 1140 888 1193 docet.
931 1138 1025 1194 Est
1052 1150 1232 1195 autem
1260 1141 1591 1212 ἀρχόντισσα
1606 1143 1849 1208 domina,
1883 1143 1958 1210 fe-

391 1230 537 1283 mina
569 1230 782 1285 nobilis.
826 1230 1010 1286 Simon
1044 1231 1258 1287 Portius
1297 1233 1646 1303 ἀρχόντισσα.
1680 1233 1957 1297 δέσποινα,

388 1320 662 1383 δεσπότις.
686 1323 872 1392 κυρία.
903 1321 1051 1377 Inter
1084 1339 1387 1394 praecipuas
1418 1324 1727 1393 hujusmodi
1765 1326 1959 1395 αρχον-

389 1411 579 1475 τῑσσας
622 1412 907 1468 'Cedrenus
948 1412 1108 1468 habet
1158 1414 1392 1479 ζωστάς,
1447 1429 1567 1484 qua:
1603 1415 1956 1485 patriciorum

390 1502 610 1572 cingulo
626 1514 675 1557 et
707 1502 927 1557 honoris
950 1502 1146 1573 insigni
1195 1513 1497 1559 uterentur.

464 1593 607 1648 Ibid.
643 1592 1051 1665 [Ύποδοῦσιν
1073 1593 1266 1660 αὐτὴν
1288 1593 1359 1647 τὰ
1407 1594 1645 1663 ἐρυθρά.
1701 1595 1819 1650 Non
1860 1597 1961 1650 mi-

392 1701 499 1740 nus
535 1686 696 1754 capiti
725 1700 924 1738 corona
963 1700 1125 1754 quam
1158 1684 1711 1741 rubra‘calceamenta
1744 1688 1957 1742 fuerunt

395 1778 625 1849 pedibus
655 1777 1041 1844 imperatorum
1066 1776 1329 1846 insignia.
1361 1776 1658 1844 Logotheta
1678 1779 1741 1832 de
1762 1779 1972 1835 Joanne

396 1865 682 1919 abdicante
702 1879 761 1918 se
778 1864 1037 1933 imperio:
1060 1864 1167 1918 Kal
1185 1865 1251 1918 τὰ
1270 1866 1368 1934 μὶν
1393 1867 1598 1937 ἐρυθρὰ
1619 1869 1806 1921 πέδιλα
1838 1870 1972 1922 ἀπε-

397 1957 591 2011 ϐάλετο
613 1960 709 2008 καὶ
729 1958 827 2025 τὴν
877 1956 1295 2027 περιμάργαρον
1332 1960 1635 2029 πυραμίδα,
1661 1960 1739 2023 εἰς
1772 1959 1838 2029 ἢν
1884 1960 1976 2013 καὶ

397 2046 545 2109 λίθος
576 2045 953 2115 ὑπερκάθηται
984 2048 1252 2112 κόκκινος,
1272 2047 1317 2103 ’ἃ
1349 2049 1597 2118 βασιλικὰ
1638 2050 1899 2120 σύμϐολα.
1927 2054 1965 2106 Α

400 2136 618 2203 regibus
647 2135 793 2191 Albae
839 2147 951 2195 tum
984 2136 1049 2192 ad
1087 2152 1145 2192 se
1174 2138 1416 2202 deduxit,
1464 2151 1575 2195 tum
1621 2141 1687 2196 ad
1727 2153 1974 2211 posteros

400 2231 757 2301 imperatores
806 2231 1083 2286 Romanos
1153 2232 1460 2286 calceorum
1536 2233 1681 2289 hunc
1739 2234 1976 2289 colorem

401 2324 710 2380 transmisit
730 2323 907 2379 Julius
931 2323 1137 2379 Caesar.
1172 2324 1270 2379 Dio
1289 2325 1329 2380 1.
1360 2340 1514 2380 xun:
1539 2326 1618 2396 Τῇ
1644 2325 1893 2379 ὑποδέσει
1915 2329 1980 2396 τῇ

404 2418 582 2488 ὕψηλῇ
614 2417 710 2470 καὶ
739 2415 1085 2486 ἑρυθροχρόῳ
1123 2415 1265 2469 κατὰ
1297 2414 1426 2479 τοὺς
1462 2415 1716 2486 βασιλέας
1747 2415 1874 2479 τοὺς
1925 2418 1983 2469 ἒν

408 2510 581 2581 Ἀλεῃ
617 2507 749 2562 ποτὶ
804 2507 1150 2576 γενομένους,
1206 2506 1283 2570 ὡς
1343 2510 1439 2561 καὶ
1487 2509 1781 2578 προσήκων
1831 2508 1983 2578 σφισι

406 2602 496 2655 διὰ
518 2605 608 2655 τὸν
639 2600 847 2655 Ἴουλον
872 2600 1091 2671 ἐχρῆτο.
1126 2601 1449 2655 Ammianus
1485 2601 1681 2669 pedum
1741 2602 1980 2671 tegmina

405 2707 676 2764 purpurea
703 2701 879 2758 vocat,
945 2705 1066 2762 quae
1121 2705 1151 2745 a
1207 2692 1404 2746 comite
1433 2691 1597 2762 383
1634 2691 1984 2763 largitionum

407 2786 789 2839 servabantur.
816 2783 954 2839 Hine
979 2785 1205 2854 repetita
1238 2783 1396 2838 toties
1427 2784 1480 2836 in
1528 2783 1836 2839 Graecorum
1874 2784 1987 2841 his-

410 2876 565 2930 toriis
576 2877 798 2944 φοινικᾶ
814 2874 1022 2938 πέδιλα,
1035 2874 1250 2928 πέδιλον
1265 2873 1511 2943 ἐρυθρὶν,
1530 2875 1875 2943 κοκκοὸαφὲς
1891 2876 1988 2929 κα1⁵

410 2964 825 3033 φοινικοὸαφὶς,
857 2964 1226 3034 ὲρυθροδαφὲς
1260 2963 1477 3018 πέδιλον
1503 3007 1516 3031 ,
1554 2966 1759 3035 ἐρυθρὰ
1799 2968 1993 3037 ὑποδήο

2062 1166 2174 1211 τος,
2215 1146 2344 1200 8δεῖ
2375 1145 2596 1215 βασιλέα
2641 1145 2797 1212 μόνον
2836 1141 3133 1200 Ῥωμαίων
3168 1158 3225 1193 τε
3271 1141 3366 1192 καὶ
3419 1141 3651 1206 Περσῶν

2062 1237 2397 1293 ὑποδεῖσθαι.
2428 1236 2685 1302 Τζάγγας
2722 1234 2843 1288 ideo
2873 1232 2956 1287 vel
3006 1232 3243 1299 τζάγγια
3282 1230 3516 1285 barbaro
3550 1246 3652 1283 nu-

2063 1330 2209 1385 mine
2236 1329 2378 1383 dicta
2407 1325 2668 1381 existimo
2702 1340 2717 1388 ;
2745 1324 2812 1377 de
2845 1322 2952 1377 illis
2976 1331 3156 1375 actum
3188 1320 3463 1389 superius.

2133 1419 2276 1474 Ibid.
2314 1417 2420 1471 Ἐν
2450 1416 2640 1483 ἡμέρᾳ
2657 1411 2836 1481 ῥητῇ.
2901 1411 3089 1466 Finem
3142 1410 3227 1464 his
3277 1410 3494 1478 scriptis
3552 1410 3642 1461 im-

2060 1511 2212 1582 ponit
2241 1526 2271 1565 e
2308 1508 2494 1578 Regiis
2517 1522 2651 1561 mss.
2693 1506 2950 1568 alterum,
2971 1513 3025 1557 et
3058 1516 3245 1555 vocem
3275 1501 3426 1562 τέλος
3453 1500 3649 1553 addit;

2064 1615 2123 1659 ut
2154 1602 2300 1674 quod
2331 1600 2576 1669 sequitur
2609 1597 2770 1652 alieni
2794 1596 3031 1650 auctoris
3053 1608 3189 1663 opus
3234 1607 3355 1648 esse
3388 1592 3657 1662 conjicia-

2074 1709 2218 1748 tnus.
2247 1689 2448 1762 Cum]

2148 1783 2288 1838 Ibid.
2344 1784 2727 1837 Assumentum
2786 1778 2938 1842 illud,
2984 1777 3153 1830 ἰστέον
3220 1774 3277 1828 δὲ
3319 1776 3410 1827 καὶ
3469 1772 3659 1839 τοῦτο,

2075 1888 2210 1940 etc.,
2242 1890 2368 1930 vere
2407 1883 2784 1929 assumentum
2814 1884 2937 1926 esse
2972 1883 3149 1938 neque
3201 1869 3308 1922 huc
3358 1865 3661 1934 pertinere,

2076 1968 2280 2024 clarius
2316 1976 2587 2035 estquam
2625 1973 2683 2017 ut
2733 1962 2923 2016 multis
2990 1958 3200 2014 ostendi
3248 1958 3460 2011 debeat.
3515 1955 3663 2020 Quia

2082 2070 2260 2115 tamen
2294 2057 2485 2112 Junius
2511 2056 2714 2126 reperit
2772 2054 2826 2107 in
2867 2052 3101 2123 quodam
3144 2048 3438 2116 exemplari
3470 2046 3578 2099 sibi
3630 2061 3660 2095 ι

2083 2150 2320 2205 Frehero
2349 2148 2783 2211 subministratu,
2818 2155 2872 2199 et
2912 2142 3039 2214 quia
3067 2143 3202 2205 alter
3234 2141 3431 2194 Boieus
3485 2138 3667 2192 codex

2081 2244 2271 2297 eodem
2306 2242 2680 2294 additamenta
2708 2236 2918 2290 emteris
2974 2233 3183 2287 auctior
3238 2240 3341 2293 est,
3385 2229 3671 2297 relinqua-

2083 2351 2207 2393 mus
2253 2348 2385 2388 sane
2419 2334 2522 2386 hoc
2563 2332 2707 2391 loco,
2754 2345 2823 2382 ne
2871 2328 2999 2382 dum
3043 2325 3209 2377 alium
3257 2323 3564 2392 quaerimus
3619 2331 3668 2372 et

2084 2427 2469 2493 assignantes,
2519 2422 2658 2475 forte
2712 2416 3197 2474 incommodiorem
3274 2413 3670 2467 attribuamus.

2083 2518 2217 2575 Illud
2249 2525 2458 2572 certum
2480 2522 2618 2577 esto,
2642 2508 2732 2565 hic
2759 2513 2984 2564 omnino
3014 2516 3273 2575 tanquam
3311 2504 3672 2571 peregrinum
3780 2556 3785 2561 ,

2087 2623 2252 2683 atque
2280 2609 2553 2663 exoticum
2573 2603 2835 2659 habitare.
2877 2600 3059 2654 Codex
3093 2606 3271 2652 tamen
3316 2595 3513 2650 Βοὴ-ηδ
3574 2610 3677 2661 pro

2090 2699 2455 2773 παρδόϐαλλοι
2487 2695 2707 2750 exhibet
2737 2689 3147 2762 παρδίιόάγιλοι.
3176 2686 3382 2742 Gnsrs.

2159 2794 2282 2848 Ibid
2338 2788 2797 2863 [Παρδόϐαλλοι.
2856 2782 2976 2838 Alia
3037 2783 3193 2838 leCtio
3250 2780 3675 2852 παρδοὸἑγιὶοι,

2088 2887 2179 2959 qui
2206 2885 2400 2955 pardos
2447 2891 2687 2934 curant:
2742 2877 2884 2932 feras
2931 2875 3074 2929 enim
3119 2873 3189 2927 ad
3238 2874 3674 2927 ostentationem

2093 2981 2172 3035 vel
2197 2974 2615 3033 delectationem
2650 2968 2922 3040 principes
2954 2965 3258 3020 enutriunt.
3291 2964 3547 3017 Βαῖου).ον
3582 2982 3681 3019 su-

413 3075 582 3128 ματα.
612 3058 684 3110 Ex
714 3056 961 3126 pluribus
981 3072 1148 3110 unum
1180 3066 1274 3111 aut
1299 3045 1528 3111 alterum
1554 3060 1862 3129 exemplum
1893 3061 1977 3115 de-

2092 3072 2274 3142 perius
2308 3077 2721 3138 procuratorem,
2748 3061 2986 3131 bajulum
3023 3057 3229 3113 referre
3257 3058 3495 3111 diximus
3532 3078 3545 3112 :
3580 3059 3679 3129 βα-

411 3165 624 3222 ρτοηιο.
639 3148 948 3206 Botnniates
962 3151 1101 3220 apud
1115 3151 1325 3205 Annam
1342 3150 1914 3217 Comnenam,exuens
1932 3169 1991 3209 se

419 3245 672 3315 imperio,
702 3255 756 3299 at
784 3260 891 3298 non
926 3244 1045 3312 ejus
1064 3242 1391 3313 insignibus,
1423 3242 1582 3308 μόνον
1607 3242 1801 3313 ἔσομαι
1832 3244 1989 3314 ψιλοῦ

412 3336 507 3390 τοῦ
532 3336 630 3405 τῆς
660 3335 936 3405 βασιλείας
960 3336 1207 3405 μετέχων
1237 3335 1499 3403 ὀνόματος
1539 3335 1633 3386 καὶ
1669 3335 1769 3403 τῆς
1817 3336 1991 3406 εὐφη.

423 3428 547 3497 μίας
574 3428 670 3482 καὶ
699 3428 811 3480 τῶν
831 3428 1078 3499 ὲρυθρῶν
1116 3429 1366 3483 πεδίλων.
1428 3428 1505 3484 De
1560 3428 1752 3483 Alexio
1800 3429 1994 3484 scribit

420 3520 714 3590 Cregnras,
750 3520 841 3588 qui
893 3520 1014 3575 illize
1048 3520 1298 3592 ἐρυθροῖς
1355 3520 1705 3575 ὑποδεδισθαι
1759 3522 1990 3591 κρηπῖσι

420 3611 810 3680 προστετάχει,
838 3609 907 3662 ἶν’
942 3610 1081 3680 αὐτή
1106 3626 1165 3662 τι
1198 3610 1293 3663 καὶ
1320 3612 1348 3663 ὁ
1388 3610 1561 3681 ταύτῃ
1627 3609 1992 3681 σνζευχθησό-

422 3719 582 3772 μενος
615 3702 717 3771 τῆς
757 3701 1037 3772 βασιλείας
1066 3704 1310 3773 διάδοχος
1335 3702 1582 3770 γένηται.
1630 3701 1704 3757 Ut
1756 3702 1989 3771 impera-

423 3796 543 3850 trici
576 3796 787 3851 nobiles
804 3796 1020 3852 feuiinze
1066 3796 1231 3851 rubra
1256 3795 1629 3851 caleeamenta
1672 3796 1988 3863 induebant,

424 3888 505 3943 sic
535 3887 750 3942 nonnisi
779 3901 1033 3956 proceres
1057 3887 1158 3941 viri
1218 3887 1449 3955 pedibus
1509 3888 1854 3958 imperatoris
1902 3888 1993 3943 illa

423 3987 823 4035 consueverant
855 3978 1168 4041 immittere.
1199 3976 1615 4034 Cantacuzenus
1658 3978 1749 4048 qui
1796 3975 1999 4031 fuerint

426 4069 694 4137 designat,
744 4084 821 4132 tn,
866 4072 971 4125 27:
1043 4070 1103 4123 '0
1147 4071 1264 4132 νέος
1312 4069 1368 4122 δὲ
1432 4068 1688 4139 βασιλεὺς
1732 4068 1999 4139 πρότερον

428 4160 631 4230 toﬁna
697 4161 982 4232 βασιλικὴν
1040 4162 1214 4227 ἐνδὺς,
1280 4161 1474 4216 ἔπειτα
1520 4162 1614 4218 ὐπ’
1664 4161 1820 4232 ὄψεσι
1880 4162 2000 4224 ταῖς

2092 3161 2275 3216 ῖυύλου
2298 3157 2414 3213 vice
2438 3169 2822 3224 nonnunquam
2851 3152 3079 3221 βλάγυον
3106 3150 3245 3219 apud
3279 3147 3678 3218 Theophanem

2095 3252 2180 3307 vel
2218 3254 2379 3307 etiam
2413 3247 2791 3320 βάγιλονιυεο.
2826 3243 3056 3312 Regium
3089 3241 3176 3295 hic
3208 3241 3369 3295 habet
3397 3241 3683 3310 παρδοὸἀ-

2093 3344 2281 3413 γιλονς
2318 3358 2426 3413 qua
2456 3343 2522 3396 de
2549 3355 2713 3396 causa
2748 3337 3037 3408 pardorum
3082 3343 3380 3387 curatorem
3425 3348 3678 3402 expono.

2096 3434 2246 3491 Cum
2273 3432 2294 3505 ]

2168 3524 2309 3579 Ibid.
2342 3521 2644 3577 Turcarnm
2686 3521 2906 3577 sultano
2935 3521 3102 3576 etiam
3152 3519 3313 3575 hodie
3354 3514 3681 3586 κρυοτήρια

2093 3616 2242 3686 potui
2267 3614 2637 3684 refrigerando
2669 3615 2723 3669 in
2750 3616 2923 3684 pretio
2954 3629 3091 3680 esse,
3136 3610 3359 3667 memini
3380 3624 3464 3665 me
3486 3608 3682 3678 legere

2095 3708 2294 3761 alicubi
2329 3709 2382 3760 in
2419 3707 2890 3762 observationibus
2923 3705 3173 3761 Bellonii.
3206 3705 3410 3759 σιεγε.

2170 3797 2789 3870 1ὺὶι1.[11αρσινόχοοι.
2851 3796 3073 3865 Regium
3121 3804 3363 3850 correcte
3414 3807 3684 3860 παροινο-

2100 3891 2237 3962 χόιι,
2267 3892 2356 3960 qui
2390 3890 2662 3960 pinceruis
2686 3887 3089 3951 administrant,
3135 3895 3190 3939 et
3236 3899 3407 3954 aquas
3438 3884 3523 3937 vel
3575 3896 3682 3950 pn-

2100 3984 2275 4039 riores
2306 3983 2392 4036 vel
2430 3980 2765 4037 salubriores
2800 3989 2893 4033 aut
2931 3987 3079 4033 certe
3124 3976 3271 4031 nives
3305 3984 3397 4029 aut
3445 3974 3682 4043 glaciem

2103 4072 2232 4126 vino
2255 4068 2631 4141 refrigerando
2669 4073 2825 4139 equis
2857 4066 3077 4123 aliunde
3107 4068 3327 4122 vehunt.
3356 4063 3557 4137 Ceam]
