3928 6214
283 348 386 412 433
1328 348 1427 408 D-E
1460 347 1642 407 ORIG
1660 347 1924 409 INIBUS
1955 351 2426 412 CPOLITANIS.
3395 348 3500 416 4Ἷῇ

281 464 376 525 Ad
440 461 575 540 liam
632 476 766 539 quo
823 460 1080 523 facilius
1127 461 1696 540 mihiignosceres,
1754 464 1958 523 sicubi
2021 467 2116 526 vel
2181 466 2246 526 in
2309 464 2602 524 versione
2660 464 2749 523 vrl
2807 465 2866 524 in
2916 463 3501 534 animadversioni-

283 543 397 599 bus
439 539 814 600 humanitus
855 540 1068 616 lapsus
1111 539 1343 612 essem,
1377 557 1598 599 omnes
1657 542 1923 600 omnino
1973 543 2339 601 occasiones
2385 542 2547 616 fugi,
2576 558 2716 616 qua)
2759 544 2984 602 oblatae
3033 542 3188 601 mibi
3241 541 3506 605 fuerunt
3583 553 3588 557 '

278 620 349 676 ad
393 616 953 678 contradicendum
993 618 1076 677 iis
1101 617 1208 694 qui
1241 626 1386 682 ante
1419 635 1515 677 me
1542 617 1783 695 aliquid
1809 618 2024 678 Codini
2058 617 2505 678 edideruntvel
2531 636 2716 678 secus
2748 637 2937 694 quam
2968 619 3296 695 oportebat
3323 620 3509 681 intel-

280 696 579 754 lexerunt
610 711 626 766 ;
660 703 722 754 et
753 695 1068 772 siquando
1084 696 1456 756 necessitate
1482 705 1736 756 coactus
1763 696 2094 756 fuieorum
2121 713 2369 772 errores
2398 697 2716 772 detegere,
2757 703 2984 756 tantam
3019 713 3091 756 ea
3140 696 3202 755 in
3235 713 3297 756 re
3320 698 3501 756 adhi-

279 772 383 831 bui
419 771 918 833 moderationem
954 780 1019 833 ut
1045 782 1257 833 contra
1289 789 1448 850 quos
1471 773 1740 834 scribam
1780 776 2125 834 obscurum
2156 771 2259 843 sit,
2288 771 2691 833 manifestum
2729 790 2902 836 vero.
2941 792 3039 834 me
3074 789 3200 832 non
3245 791 3322 833 eo
3383 775 3500 836 hoc

279 851 504 912 fecisse
532 860 600 911 ut
639 868 714 929 ex
746 851 972 911 alienis
1006 852 1328 912 erroribus
1362 851 1627 926 gloriam
1666 869 2042 929 qumereui,
2084 851 2192 929 sed
2227 859 2294 910 ut
2330 867 2744 927 prmcavereiu
2774 850 3077 929 duntaxat
3104 867 3179 908 ne
3211 851 3355 909 aliis
3381 869 3499 910 ne-

276 929 537 987 cessarii
563 928 912 1005 quidquam
947 929 1297 1005 ignorantia
1317 927 1705 1004 praeteriisse
1737 929 2007 988 viderer.
2030 927 2372 999 Reliquum
2411 943 2560 1005 ergo
2589 936 2681 987 est
2715 936 2780 987 ut
2814 928 3001 988 hosce
3047 929 3294 986 labores
3319 945 3500 987 meos

277 1005 588 1064 benevole
613 1007 915 1080 excipias,
942 1016 1003 1065 et
1038 1007 1091 1064 si
1119 1023 1240 1082 qua
1276 1007 1339 1064 in
1372 1006 1450 1065 iis
1487 1007 1924 1082 deprehendes
1957 1023 2098 1082 quae
2144 1005 2356 1064 minus
2424 1006 2539 1066 tibi
2594 1006 2948 1080 placebunt.
3023 1006 3498 1081 aliquantulum

280 1081 943 1161 indulgeasjuventuti
983 1081 1219 1142 mearet
1250 1084 1460 1142 nimim
1494 1081 1640 1161 erga
1680 1092 1734 1144 te
1764 1081 2071 1143 voluntati
2105 1083 2582 1159 etgravioribus
2614 1084 3176 1161 occupationibus,
3202 1100 3310 1161 per
3343 1098 3501 1158 quas

276 1160 674 1239 exactissime
706 1161 919 1220 omnia
954 1162 1245 1236 persequi
1283 1169 1343 1222 et
1369 1159 1696 1223 recensere
1727 1179 1852 1222 non
1888 1161 2087 1239 potui.
2117 1161 2216 1222 Sic
2238 1169 2299 1223 et
2322 1168 2650 1239 gratumte
2677 1161 3020 1238 praebebis,
3045 1168 3104 1222 et
3125 1159 3500 1220 alacriorem

278 1253 378 1296 me
406 1238 629 1297 reddes
653 1239 726 1297 ad
758 1239 1098 1313 prmstanda
1125 1240 1381 1316 majora.
1409 1240 1574 1301 Vale.
1891 1238 1894 1239 ⁷
2341 1238 2344 1239 ⁷
3266 1271 3276 1282 -

353 1362 574 1422 Roma}
607 1363 777 1434 1649,
812 1361 1092 1422 colendis
1140 1363 1346 1423 Maiis.

1542 1760 2208 1872 LAMBECII

639 1999 788 2090 DE
871 1999 1370 2096 GEORGII
1462 1999 1880 2095 CODINI
1990 2004 2274 2096 VITA
2368 2008 2515 2095 ET
2602 2005 3130 2097 SCRIPTIS

1351 2199 1690 2263 BREVIS
1753 2199 2406 2264 DISSERTATIU.

333 2517 635 2586 Georgium
655 2515 918 2570 Codinum
955 2530 1062 2570 non
1081 2519 1181 2571 sub
1210 2517 1418 2572 ultimis
1442 2526 1653 2572 tantum
1687 2517 2110 2585 imperatoribus
2151 2515 2452 2583 Cpolitanis
2476 2514 2700 2577 vixisse,
2733 2511 2827 2566 sed
2860 2510 3179 2580 aliquandiu
3218 2512 3383 2568 etiam
3406 2529 3500 2566 su-

265 2607 542 2677 perfuisse
574 2614 692 2673 post
722 2607 893 2672 ipsam
954 2604 1188 2672 Cpoleos
1251 2605 1733 2674 expugnationem,
1767 2619 1831 2656 ex
1893 2603 2066 2676 ipsius
2109 2601 2332 2669 scriptis
2404 2601 2610 2668 bquido
2667 2607 2910 2668 apparet.
2972 2599 3311 2667 Curopalata:
3369 2613 3503 2655 vero

262 2708 602 2760 cognomen,
635 2693 780 2761 quod
812 2692 861 2744 ei
886 2691 954 2746 ab
985 2692 1095 2745 illis
1119 2692 1375 2746 tribuitur
1400 2691 1494 2759 qui
1518 2692 1714 2744 librum
1749 2691 1868 2760 ejus
1901 2692 1968 2744 de
1997 2688 2198 2744 Oiliciis
2233 2689 2418 2758 palatii
2455 2687 2538 2742 CP
2567 2688 2874 2752 ediderunt,
2917 2686 2970 2740 in
3032 2687 3142 2743 illis
3200 2702 3339 2756 quos
3403 2703 3502 2756 ego

262 2780 689 2834 vidicodicibus
751 2794 910 2832 manu
953 2778 1174 2846 scriptis
1230 2793 1338 2832 non
1378 2778 1671 2846 reperi;et
1696 2778 1908 2832 facilius
1967 2781 2136 2832 multo
2184 2781 2400 2832 credam
2457 2777 2768 2846 impositum
2834 2775 2882 2829 ei
2943 2773 3114 2829 fuisse
3158 2776 3506 2843 CurOpalatze

260 2885 616 2938 cognomen,-
637 2867 759 2936 quia
797 2867 864 2920 de
892 2865 1094 2921 Olliciis
1126 2867 1310 2936 palatii
1349 2866 1590 2934 scripsit,
1626 2883 1789 2934 quam
1817 2865 1958 2934 quod
1988 2866 2104 2934 ipse
2135 2864 2470 2934 curopalatte
2523 2863 2838 2933 dignitatem
2871 2861 3188 2918 obtinuerit.
3237 2862 3503 2917 Caeterum

255 2957 404 3023 quod
441 2957 509 3010 ad
538 2956 733 3023 scripta
755 2955 871 3022 ejus
893 2953 1106 3019 attinet,
1133 2970 1237 3008 nou
1276 2962 1564 3024 propterea
1588 2955 1854 3008 duntaxat
1878 2969 2019 3007 vano
2047 2953 2283 3021 quodam
2309 2951 2626 3021 praeiudicio
2658 2949 3014 3018 improbanda
3053 2960 3203 3014 sunt,
3245 2949 3501 3018 quoniam

253 3045 515 3100 Codinus
549 3043 796 3098 ducentis
833 3051 1039 3097 tantum
1073 3043 1271 3096 abhinc
1301 3043 1461 3096 annis
1503 3041 1726 3105 ﬂoruit;
1782 3043 1984 3111 quippe
2027 3043 2144 3110 qui,
2200 3056 2545 3109 quacunque
2601 3039 2795 3101 edidit,
2856 3055 2923 3094 ex
2983 3039 3392 3108 antiquioribus
3447 3047 3503 3090 et

256 3134 454 3202 magis
491 3132 736 3200 probatis
760 3131 1076 3186 auctoribus
1100 3131 1373 3200 excerpsit
1410 3139 1465 3184 et
1493 3129 1734 3199 collegit.
1757 3127 1890 3182 Nam
1919 3131 2062 3198 quod
2093 3130 2328 3198 primum
2364 3127 2504 3182 inter
2557 3126 2817 3196 opuscula
2884 3127 3002 3195 ejus
3063 3126 3240 3181 locum
3289 3126 3505 3179 obtinet

250 3233 305 3274 et
331 3219 666 3274 inscribitur
705 3218 831 3290 περὶ
860 3218 968 3270 τῶν
998 3217 1243 3288 πατρίων
1271 3217 1390 3273 sive
1423 3218 1492 3273 de
1523 3217 1830 3286 originibus
1868 3216 1977 3282 CP,
2031 3217 2152 3287 ejus
2199 3217 2375 3285 maior
2428 3229 2556 3284 pars
2600 3215 2933 3268 verbotenus
2989 3213 3259 3282 descripta
3322 3223 3401 3267 est
3439 3229 3506 3266 ex

254 3311 539 3382 llesycbio
568 3309 809 3372 Milesio,
847 3309 1057 3377 reliqua
1085 3323 1218 3364 vero
1235 3323 1300 3363 ex
1331 3308 1512 3380 Glyco:
1534 3309 1862 3372 Annalibus,
1895 3305 2169 3363 Chronico
2193 3303 2559 3358 Alexandrino
2586 3310 2639 3355 et
2663 3303 2771 3355 alio
2801 3302 3036 3370 quodam
3091 3301 3352 3357 hactenus
3395 3316 3504 3354 nou

249 3400 426 3464 edito,
459 3396 619 3467 cujus
645 3405 836 3452 auctor
860 3405 946 3450 est
980 3396 1205 3464 quidam
1239 3395 1418 3452 Julius
1449 3396 1671 3460 Pollux,
1701 3396 1928 3465 antiquo
1961 3395 2077 3455 illo,
2105 3393 2198 3462 qui
2225 3391 2526 3446 Commodo
2558 3389 2876 3458 imperatori
2903 3388 3316 3444 Onomasticum
3343 3404 3504 3443 suum

250 3485 555 3548 dedicavit,
587 3483 792 3553 aliquot
824 3484 1025 3539 seculis
1057 3485 1352 3539 recentior.
1386 3482 1536 3538 Libri
1568 3496 1701 3538 vero
1729 3483 1796 3537 de
1818 3483 2013 3538 statuis
2041 3480 2214 3552 prima
2243 3492 2370 3548 pars
2395 3476 2462 3531 de
2492 3476 2804 3530 simulacris
2831 3477 3056 3532 deorum
3097 3476 3380 3546 gentilium
3439 3491 3505 3530 ex

251 3573 556 3626 Pburnuto
588 3572 869 3640 desumpta
901 3578 1062 3627 estet
1086 3587 1150 3626 ex
1186 3571 1414 3626 Joannis
1476 3570 1610 3641 Lydi
1657 3569 2144 3640 Philadelphiensis
2173 3566 2314 3621 libro
2377 3563 2624 3619 nondum
2683 3563 2830 3618 edito
2861 3564 2927 3618 de
2967 3561 3244 3618 Mensibus
3268 3563 3331 3632 ‘),
3365 3565 3507 3617 unde

248 3661 424 3714 etiam
459 3660 660 3713 Suidas
689 3659 868 3714 hausit
895 3661 1108 3716 eadem.
1143 3660 1323 3714 Altera
1357 3667 1536 3712 autem
1577 3672 1724 3726 pars,
1755 3673 1799 3726 (ιι

1954 3663 2102 3710 'actat
2131 3654 2258 3724 περὶ
2296 3651 2507 3722 στηλῶν
2534 3651 2628 3703 καὶ
2652 3649 2964 3718 θεαμάτων,
2995 3648 3143 3718 quod
3180 3659 3285 3714 est,
3323 3659 3382 3702 ut
3404 3664 3505 3717 ego

251 3747 616 3815 interpretor,
637 3745 701 3799 de
730 3747 928 3800 statuis
968 3746 1197 3815 aliisque
1229 3746 1394 3800 rebus
1427 3753 1673 3813 spectatu
1701 3743 1802 3813 dig:

1952 3739 2083 3809 poli,
2119 3752 2183 3792 ea
2209 3745 2322 3792 tota
2356 3735 2684 3790 verbotenus
2711 3734 2981 3803 descripta
3039 3743 3122 3788 est
3166 3749 3232 3789 ex
3289 3736 3501 3804 antiqui

249 3832 521 3901 anouymi
554 3831 788 3885 auctoris
813 3831 1166 3888 collectaneis
1198 3832 1587 3901 antiquitatum
1618 3830 1800 3901 CpOlet

1955 3826 2323 3895 uminscripsit
2378 3823 2748 3893 παραστάσεις
2804 3823 3107 3891 συντόμους
3135 3824 3417 3892 χρονικὰς.
3452 3836 3506 3880 et

248 3919 581 3990 com’pilavit
605 3932 669 3972 ex
703 3917 994 3974 Theodoro
1027 3920 1250 3986 lectore,
1274 3919 1460 3987 Papia,
1497 3917 1760 3981 Eusebio,
1811 3917 2055 3979 Socrate,
2082 3913 2339 3968 Marcello
2379 3912 2582 3966 lectore
2632 3921 2687 3965 et
2738 3911 3111 3981 compluribus
3165 3912 3310 3966 aliis.
3379 3912 3504 3967 Haec

247 4022 385 4060 vero
411 4005 755 4060 collectanea
787 4021 932 4060 nunc
959 4007 1196 4076 primum
1223 4022 1289 4061 ex
1318 4006 1704 4075 antiquissimo
1735 4005 1922 4059 codice
1967 3999 2308 4055 bibliotheca:
2359 3996 2540 4063 [legite
2570 3997 2622 4049 in
2671 3997 2848 4050 lucem
2914 3996 3208 4065 prodeunt,
3277 3998 3393 4066 qui,
3448 4009 3508 4050 ut

246 4108 474 4158 onmes,
511 4099 781 4158 quotquot
810 4109 934 4146 eum
966 4093 1241 4157 viderunt,
1297 4100 1584 4158 testantur,
1610 4091 1675 4145 ad
1704 4093 1986 4145 minimum
2048 4096 2178 4140 ante
2220 4085 2655 4154 quadringentos
2707 4097 2882 4139 annos
2929 4086 3163 4154 scriptus
3225 4085 3369 4137 l'uit.'
3409 4085 3506 4140 Est

248 4195 438 4239 autem
472 4183 615 4237 inter
641 4183 854 4237 codices
875 4181 994 4249 ejus
1024 4180 1366 4236 bibliotheca
1399 4197 1625 4235 numero
1688 4182 2011 4236 millesimus
2040 4175 2338 4245 vigesimus
2381 4175 2667 4242 septimus.
2698 4172 2962 4244 Quisquis
3001 4174 3166 4243 igitur
3202 4181 3396 4228 auctor
3424 4183 3506 4230 est

250 4273 477 4326 illorum
512 4269 987 4334 collectaneorum,
1023 4268 1276 4322 ducentis
1298 4269 1486 4323 saltem
1521 4270 1605 4324 vel
1635 4270 1895 4324 trecentis
1924 4264 2084 4320 annis
2153 4263 2364 4317 Codino
2417 4270 2502 4315 est
2565 4261 2862 4330 antiquior.
2917 4260 2992 4314 Ex
3049 4261 3239 4313 iisdem
3288 4277 3505 4328 quoque

250 4357 615 4412 collectaneis
651 4357 772 4410 libri
814 4357 940 4425 περὶ
969 4357 1280 4424 κτισμάτων
1304 4358 1436 4410 satis
1474 4372 1666 4426 magna
1704 4373 1829 4426 pars
1859 4361 2108 4420 excerpta
2132 4359 2213 4403 est
2259 4367 2273 4408 :
2321 4358 2517 4403 cartera
2543 4348 2837 4417 desumpta
2867 4358 3077 4402 suntex
3130 4344 3343 4402 Joanne
3397 4350 3505 4400 An-

252 4445 542 4502 tiocheno,
576 4441 863 4496 Panodoro
894 4441 1155 4510 (Egyptio
1193 4444 1248 4495 'et
1275 4442 1416 4508 aliis,
1443 4444 1534 4511 qui
1571 4445 1622 4496 in
1651 4459 1714 4497 eo
1751 4443 1892 4498 libro
1923 4441 2182 4496 citantur.
2235 4436 2406 4491 Totus
2458 4435 2709 4507 denique
2781 4437 3062 4504 catalogus
3107 4434 3503 4505 imperatorum

251 4531 495 4599 Cpoleos
531 4545 700 4598 usque
734 4529 799 4583 ad
837 4531 1122 4598 imperium
1157 4530 1318 4598 primi
1348 4531 1521 4584 Alexii
1554 4530 1836 4592 Comneni,
1902 4528 2144 4581 auctoris
2167 4534 2253 4580 est
2287 4527 2460 4577 multo
2513 4523 2839 4592 antiquioris
2862 4522 3108 4577 Codino:
3156 4522 3358 4591 quippe
3408 4519 3503 4590 qui

251 4632 378 4670 eum
416 4617 727 4685 catalogum
759 4614 1093 4684 conscripsit
1130 4617 1233 4670 sub
1264 4616 1508 4670 Manuale
1537 4616 1818 4671 Comneuo
1850 4616 2019 4670 Alexii
2043 4621 2258 4682 nepote,
2317 4620 2375 4664 ut
2406 4610 2519 4678 ipse
2551 4621 2780 4665 testatur
2819 4609 2905 4663 his
2938 4608 3115 4663 verbis
3146 4627 3160 4661 :
3221 4611 3248 4661 ὁ
3312 4608 3505 4676 κύριος

263 4703 510 4767 Ἀλέξιος
545 4705 573 4754 ὁ
602 4703 904 4772 Κομνηνὸς,
933 4703 961 4754 ὁ
993 4705 1212 4764 πάππος
1248 4703 1338 4755 τοῦ
1370 4703 1634 4772 κραταιοῦ
1667 4706 1756 4757 καὶ
1776 4706 1809 4756 ἀ

1962 4701 2118 4770 ἡμῶν
2193 4698 2487 4767 βασιλέως.
2550 4697 2780 4765 Reliqua
2846 4711 3008 4763 porro
3032 4693 3503 4762 catalogipars.a

259 4786 562 4842 Theodoro
582 4787 816 4842 Lascare
853 4788 969 4854 ejus
994 4789 1231 4844 nominis
1265 4790 1440 4857 primo
1479 4806 1650 4858 usque
1681 4792 1744 4844 ad
1779 4792 2023 4846 ultimam
2060 4786 2292 4855 Cpoleos
2318 4783 2803 4853 expugnationem,
2833 4781 2902 4834 ab
2929 4782 3050 4848 ipso
3107 4779 3318 4832 Codino
3347 4791 3505 4846 supe-

252 4873 502 4927 rioribus
541 4870 750 4940 adjecta
775 4880 878 4936 est,
907 4886 1030 4925 eum
1069 4873 1175 4936 ille,
1211 4880 1268 4924 ut
1292 4871 1561 4941 principio
1592 4874 1722 4938 dixi,
1760 4874 2150 4944 aliquantulum
2181 4873 2254 4926 illi
2302 4872 2452 4941 urbis
2481 4872 2696 4926 excidio
2727 4878 3005 4938 superstes
3036 4866 3222 4922 fuerit.
3498 4905 3532 4939 ο

324 5077 365 5146 ⁸)
392 5072 528 5142 Lydi
556 5070 694 5128 liber
718 5073 786 5125 ab
818 5069 983 5126 llasio
1007 5080 1059 5125 et
1093 5072 1547 5130 Roetberoediuts
1583 5081 1686 5127 est.
