3920 6194
1920 46 1949 64 σ

259 272 363 333 Ἱιὸ
1698 272 2116 336 ΡΙὶΕΙῗΑΤΙΟ.
3422 272 3529 338 ’146

253 391 433 465 aliis,
464 393 577 471 qui
604 401 855 453 cwteras
889 396 1157 455 virtutes
1189 404 1327 456 tuas
1379 395 1565 472 digne
1607 391 1958 470 prwdirare
2000 396 2279 468 possunt
2313 410 2329 453 :
2370 390 2682 450 attonitus
2718 386 2861 450 illas
2918 387 3531 468 admirabundusque

252 486 562 565 suspicio,
599 489 907 569 simulque
936 499 1207 564 mlestus,
1238 491 1407 570 quod
1433 490 1736 571 facundia
1766 507 1837 547 ac
1871 488 2226 566 eloquentia
2246 504 2339 545 me
2364 484 2682 565 deﬁciant,
2708 487 2934 565 quibus
2961 486 3107 549 illas
3122 488 3363 547 meritis
3388 486 3531 547 lau-

255 584 443 645 dibus
477 583 697 663 efferre
717 588 984 664 possim.
1016 586 1217 664 Perge
1252 587 1417 665 quod
1442 587 1629 664 facis.
1663 583 2025 645 Cardinalis
2054 583 2556 656 eminentissime,
2590 583 3015 645 litteratorum
3033 586 3195 647 votis
3211 593 3265 646 et
3287 587 3417 648 otio
3436 589 3535 664 [a-

250 698 427 750 vere,
453 698 790 760 eorumque
809 681 1026 743 studia
1051 681 1436 760 benignitate
1466 692 1576 743 tua
1594 684 1823 762 fovere.
1846 680 2008 745 Vale.

1361 906 1551 1019 AD
1637 902 2451 1029 LECTOREM.

332 1090 653 1153 Benevola
690 1094 941 1168 Lector,
976 1094 1053 1156 ad
1088 1094 1304 1173 operis
1331 1080 1488 1171 regii
1523 1109 1594 1154 ac
1626 1088 1943 1168 magniﬁci
1978 1095 2394 1164 structuram,
2427 1107 2503 1151 ex
2542 1091 2739 1168 Regia
2801 1089 3185 1154 bibliotheca
3236 1094 3531 1153 materias

245 1189 393 1249 sine
426 1186 599 1249 furto
628 1188 757 1249 alio
784 1206 911 1250 non
943 1188 1443 1260 transferendas,
1476 1204 1617 1249 cum
1653 1184 1999 1264 potuerim,
2035 1194 2430 1262 comportare
2470 1186 2696 1248 debui.
2731 1186 2831 1247 llli
2868 1186 3196 1265 equidem,
3230 1204 3364 1265 quo
3409 1190 3533 1266 By-

244 1282 508 1345 zantina
539 1281 802 1344 historia
835 1284 960 1345 huc
985 1294 1045 1346 et
1080 1285 1233 1346 illuc
1263 1300 1502 1362 sparsa,
1534 1299 1605 1344 ac
1641 1282 1812 1342 velut
1845 1280 2011 1339 inter
2036 1280 2267 1339 rudera
2287 1278 2530 1357 jacens,
2567 1280 2632 1341 in
2666 1282 2930 1359 superbi
2987 1274 3227 1343 aedilicii
3292 1284 3526 1345 molem

238 1395 313 1439 ac
330 1389 705 1455 compagem
728 1380 1030 1458 assurgit,
1058 1395 1315 1458 Operam
1340 1388 1620 1440 nostram
1640 1385 1968 1453 utcunque
1999 1376 2360 1447 navaviSse,
2396 1384 2454 1436 et
2476 1376 2796 1453 particulae
2830 1394 3067 1440 nomen
3096 1386 3387 1440 nostrum
3416 1381 3527 1441 in-

240 1475 616 1553 scripsisse,
652 1476 1040 1553 aliquantam
1074 1477 1330 1538 laudem
1367 1476 1554 1537 nobis
1586 1475 1926 1535 allaturum
1961 1487 2177 1547 spero.
2211 1472 2533 1532 Sostratus
2597 1473 2922 1551 siquidem
2979 1474 3258 1537 Gnidius
3318 1477 3528 1537 archi-

240 1577 476 1641 tectus,
515 1572 912 1632 Alexandriae
938 1572 1204 1649 p‘harum
1242 1572 1577 1633 Ptolemaeo
1599 1566 2235 1638 aediﬁcansmominis
2264 1568 2369 1627 sui
2403 1584 2473 1629 ac
2498 1567 2673 1629 fama:
2696 1569 3139 1648 perpetuitati,
3192 1579 3526 1632 structurae

240 1667 409 1728 illud
444 1668 852 1746 permittente
882 1688 1032 1748 rege
1072 1669 1510 1736 inscribenda,
1543 1663 1888 1744 prosiiexit.
1930 1666 2019 1724 Ex
2050 1663 2451 1727 bibliothecae
2473 1665 2672 1745 igitur
2701 1668 3134 1745 Regiaemanu
3153 1673 3394 1742 scripto
3418 1686 3527 1730 co-

241 1763 387 1825 dice
422 1781 587 1844 opus
618 1766 1073 1845 transcriptum
1104 1765 1327 1837 affero,
1363 1765 1510 1842 styli
1546 1764 1804 1842 quidem
1838 1760 2153 1837 elegantia
2180 1759 2744 1835 haudornatumet
2768 1772 3095 1841 comptum
3126 1781 3139 1823 :
3178 1767 3518 1827 barbarum

238 1861 490 1940 potius,
513 1862 877 1939 impolitum
911 1877 982 1924 ac
1011 1864 1171 1924 rude
1203 1863 1450 1934 dixero,
1484 1866 1592 1922 sed
1630 1876 1844 1920 rerum
1878 1863 2205 1916 momento
2235 1874 2305 1918 ac
2323 1858 2629 1936 gravitate
2656 1858 2969 1920 eximium
2987 1876 3341 1940 earumque
3368 1880 3518 1923 nar-

242 1960 493 2020 ratione
528 1959 831 2038 prudenti
872 1967 1147 2036 gratum.
1184 1957 1431 2020 Infelici
1463 1956 1713 2029 saeculo,
1738 1951 2124 2035 qquraecia
2155 1953 2465 2014 aerumnis
2496 1954 2916 2033 cladibusque
2936 1957 3267 2019 continuis
3290 1960 3521 2034 ,attrita

239 2056 741 2135 Turcorumque
772 2056 1117 2132 tyrannide
1149 2071 1480 2132 Oppressa.
1514 2052 1780 2114 ultimos
1804 2045 2077 2112 ducebat
2108 2047 2403 2126 spiritus,
2426 2049 2580 2129 styli
2607 2051 2934 2113 barbaries
2959 2053 3337 2117 ascribenda
3378 2064 3518 2121 est:

238 2169 391 2232 quae
423 2161 616 2214 totam
648 2152 823 2213 illam
865 2162 1118 2231 gentem
1152 2160 1273 2213 tam
1315 2153 1431 2212 lato
1462 2155 1855 2228 pervaserat,
1890 2153 1958 2207 ut
2016 2146 2468 2223 paucissimos,
2529 2150 3130 2213 venustatemillam
3180 2155 3515 2235 antiquam

152 2242 175 2259 '
206 2244 213 2250 ’
239 2250 665 2327 leporemque
681 2249 997 2310 sermonis
1022 2248 1161 2308 suis
1184 2248 1582 2309 circumdare
1620 2243 1876 2323 scriptis
1891 2244 2153 2304 sineret.
2178 2245 2410 2307 Noster
2432 2246 2676 2309 idcirco
2691 2258 2931 2324 auctor,
2949 2249 3063 2328 qui
3090 2251 3286 2314 rebus
3319 2255 3517 2317 etiam

239 2344 512 2421 agendis
538 2345 1084 2423 expediendisque
1116 2344 1415 2423 negotiis,
1453 2342 1660 2421 potius
1692 2356 1883 2420 quam
1938 2341 2317 2402 evolvendis
2350 2342 2530 2404 libris
2565 2360 2825 2422 Operam
2857 2361 3039 2409 suam
3070 2347 3513 2430 impendebat,

242 2441 535 2503 barbaris
562 2458 689 2503 non
705 2442 910 2505 solum
933 2443 1197 2504 vocibus
1230 2443 1435 2503 utitur
1468 2439 1659 2518 (quod
1684 2438 2156 2500 etanteriorum
2181 2439 2568 2501 smculorum
2590 2444 3029 2522 castigatiores
3050 2456 3349 2512 auctores
3369 2454 3517 2531 qui-

241 2554 375 2613 que
399 2538 721 2598 sermonis
754 2538 1030 2599 nitorem
1053 2538 1533 2605 adeetaverunt,
1566 2533 1801 2611 facere)
1839 2554 1854 2594 :
1889 2532 2001 2595 sed
2038 2533 2227 2595 etiam
2261 2535 2479 2597 Grmca
2527 2539 3039 2603 verbaabsurda
3080 2546 3514 2609 constructio-

240 2648 328 2693 ne
362 2650 477 2692 sun
514 2634 879 2694 soloecismo
911 2635 1238 2712 perturbat
1270 2649 1339 2693 ac
1370 2632 1739 2710 permiscet.
1774 2632 1947 2690 Inter
1980 2646 2203 2709 vepres
2246 2639 2457 2695 tamen
2488 2634 2842 2713 spinasque
2872 2635 3016 2699 illas
3070 2638 3188 2701 ﬂos
3244 2642 3512 2720 quidam

240 2745 379 2790 non
413 2729 723 2791 ineruditi
784 2730 1034 2810 ingenii
1070 2748 1138 2791 se
1172 2729 1447 2809 explicat
1483 2745 1497 2789 :
1535 2729 1773 2806 legerat
1805 2727 2047 2807 quippe
2109 2746 2324 2793 sacros
2359 2732 2556 2794 libros
2594 2734 2891 2814 aliosque
2941 2736 3353 2801 historiarum
3385 2757 3508 2803 au-
3598 2784 3611 2795 .

240 2831 454 2884 ctores
487 2842 501 2886 :
534 2825 622 2886 ita
658 2832 723 2886 ut
754 2826 1041 2903 linguam
1080 2826 1359 2886 Graecam
1390 2820 1721 2904 antiquam
1749 2823 2077 2900 calluisse,
2110 2842 2335 2888 verum
2367 2826 2693 2890 scribendi
2733 2849 2856 2894 usu
2888 2850 2960 2896 ac
2980 2834 3205 2911 peritia
3228 2837 3508 2900 destitu-

238 2918 572 2995 tusjuisse
606 2919 761 2980 mihi
795 2919 1106 2982 videatur.
1141 2919 1445 2982 Criticum
1482 2926 1818 2998 propterea
1848 2934 2038 2995 agere
2070 2921 2277 2994 nolui,
2313 2927 2405 2983 vel
2440 2923 2519 2985 de
2554 2925 2762 2987 verbis
2824 2926 3006 2989 litem
3063 2929 3162 2991 illi
3223 2948 3504 3008 movere,

242 3016 385 3093 qui,
411 3016 853 3093 grammatices
886 3018 1142 3078 deserto
1170 3014 1332 3090 foro,
1366 3016 1442 3077 ad
1475 3016 1758 3079 alienum
1793 3018 2346 3095 peregrinumque
2375 3036 2444 3080 se
2476 3021 2823 3083 transtulit.
2881 3024 3046 3085 Satis
3081 3025 3237 3086 mihi
3289 3028 3504 3091 visum

236 3109 363 3171 fuit
389 3127 651 3172 sensum
674 3112 1011 3174 verborum
1029 3112 1287 3192 assequi
1314 3120 1514 3193 etqua
1549 3114 1728 3191 potui
1761 3116 1929 3176 bona
1961 3114 2079 3176 ﬁde
2094 3132 2165 3177 ac
2182 3117 2513 3195 diligentia
2542 3121 2604 3181 in
2639 3122 2932 3183 Latinum
2962 3140 3324 3188 sermonem
3350 3146 3506 3191 con-

242 3215 512 3280 vertere,
548 3207 612 3267 in
648 3207 913 3286 gratiam
966 3208 1227 3270 illorum
1288 3211 1404 3288 qui
1461 3211 1745 3289 linguam
1780 3212 2061 3274 Graecam
2092 3223 2200 3277 aut
2239 3217 2494 3294 penitus
2537 3218 2837 3296 ignorant
2866 3224 3372 3303 autimperfecte
3396 3229 3500 3291 di-

239 3301 559 3363 dicerunt.
920 3327 925 3331 ·

320 3397 662 3475 Byzantini
694 3392 951 3477 imperii
988 3416 1088 3461 res
1120 3400 1194 3461 ad
1228 3400 1562 3463 interitum
1597 3402 2002 3474 festinantes,
2041 3415 2099 3467 et
2125 3411 3502 3491 pestremorumimperatorumChristiano-

247 3507 381 3551 rum
413 3502 692 3569 tempora
727 3494 1091 3555 describere
1114 3511 1483 3573 aggressus,
1509 3513 1721 3558 rerum
1750 3517 1873 3561 usu
1908 3506 2186 3579 peritum
2207 3522 2277 3566 ac
2320 3506 2636 3584 sapientia
2672 3510 2929 3587 politica
2980 3512 3369 3579 instructum
3428 3537 3499 3582 se

240 3589 568 3665 approbat,
593 3588 747 3651 dum
778 3606 1003 3652 causas
1042 3598 1104 3653 et
1136 3590 1451 3671 principia
1474 3595 1758 3672 exquirit
1789 3602 1850 3657 et
1890 3597 2225 3676 investigat
2256 3616 2479 3664 eorum
2513 3621 2658 3683 qum
2675 3606 3069 3685 acciderunt,
3104 3589 3500 3687 Graecorum-

238 3702 366 3764 que
398 3686 595 3746 rebus
624 3684 917 3747 ultimam
942 3688 1291 3765 perniciem
1327 3688 1615 3753 attulere.
1658 3692 1877 3754 Trium
1916 3697 2216 3776 equidem
2266 3701 2775 3765 novissimoram
2809 3684 3498 3787 imperatorumausgii-

237 3783 338 3843 cio
366 3800 470 3843 res
502 3790 704 3859 gestas
728 3800 1026 3844 enarrare
1048 3784 1167 3860 ipsi
1207 3786 1604 3862 propositum
1623 3787 1770 3864 fuit,
1798 3793 2117 3873 urbisque
2135 3801 2197 3856 et
2227 3797 2484 3877 imperii
2516 3799 2839 3860 excidium
2871 3803 3131 3880 scriptis
3164 3783 3490 3872 mandare.

236 3877 668 3949 Quamobrem
710 3881 1088 3949 'l‘urcorum,
1121 3881 1234 3956 qui
1261 3880 1423 3943 illud
1446 3883 1874 3959 debellarunt,
1912 3892 2305 3952 mentionem
2341 3893 2582 3972 ubique
2612 3894 2819 3956 facere
2863 3877 3249 3961 non—solum
3298 3920 3491 3980 opor-

235 3972 383 4045 tuit,
414 3973 524 4034 sed
558 3974 635 4033 ab
663 3974 849 4034 annis
873 3973 1169 4050 pluribus
1190 3976 1319 4053 jam
1336 3977 1567 4056 elapsis
1600 3982 1879 4043 narratio
1913 3989 2261 4064 repetenda
2287 3988 2432 4061 fuit,
2478 3992 3264 4059 etJoannisCantacuzeni
3290 3972 3492 4065 Joan-

236 4069 473 4146 nisque
503 4069 837 4147 Paleologi
873 4070 1039 4131 bella
1076 4071 1292 4133 civilia
1314 4074 1779 4155 discordiaeque
1813 4080 2182 4143 domestica)
2215 4084 2280 4145 in
2317 4102 2686 4148 memoriam
2747 4094 3123 4154 revocandae
3168 4094 3436 4161 ﬁlerunt
3473 4120 3488 4163 :

235 4182 384 4241 quae
414 4166 641 4226 Turcis
676 4167 738 4226 in
771 4168 1093 4243 Europam
1124 4168 1478 4247 trajiciendi
1508 4174 1913 4236 oct-asionem
1949 4186 2078 4237 tum
2120 4182 2399 4256 primum
2465 4184 2797 4260 praebuere
2833 4210 2848 4249 :
2884 4204 3028 4249 cum
3086 4190 3488 4272 inauspicato

235 4279 307 4321 ac
345 4261 507 4323 tristi
543 4263 839 4335 consilio,
877 4266 1121 4325 Turcos
1156 4268 1219 4326 in
1251 4267 1566 4343 Eumpam
1600 4269 1801 4330 Graeci
1824 4271 2217 4336 insanientes
2241 4281 2740 4355 accersiverunt,
2763 4282 3257 4363 sibiqueetaliis
3283 4261 3489 4369 genti-

237 4360 354 4420 bus
388 4359 790 4466 Christianis,
823 4378 936 4422 cur
967 4362 1252 4440 perirent
1286 4362 1601 4438 funditus,
1638 4375 1932 4431 auctores
1965 4377 2291 4435 exstitere.
2324 4376 2641 4439 Manuelis
2667 4359 3004 4461 Palaeologi
3026 4359 3485 4466 ejusqueﬁlio-

239 4474 379 4516 rum
416 4457 682 4517 Joannis
711 4475 781 4518 ac
813 4458 1211 4519 Constantini
1264 4476 1364 4521 res
1400 4464 1477 4521 ad
1500 4470 1745 4540 captam
1781 4468 2002 4529 urbem
2043 4472 2349 4551 deinceps
2384 4477 2818 4553 persequitur.
2851 4457 3327 4548 Adi'l‘u'rcornm
3355 4498 3485 4551 sta-

237 4561 363 4613 tum
398 4562 712 4631 quantum
747 4561 1014 4661 spectat,
1042 4555 1107 4614 in
1148 4555 1296 4617 Asia
1327 4558 1536 4635 qualis
1569 4558 1768 4622 fuerit
1799 4566 1920 4624 sub
1949 4569 2616 4642 Andronicoseniore,
2652 4576 2873 4651 paucis
2909 4578 3167 4652 indicat,
3204 4600 3485 4661 suspen—

241 4667 444 4760 s‘oque'
474 4652 637 4727 pede
670 4649 1203 4760 Oilimanidai-um
1234 4653 1597 4733 principum
1623 4657 1855 4718 seriem
1890 4664 1965 4721 ad
2004 4664 2342 4742 Bajazitem
2368 4649 3021 4749 i’iriinum'percurrit,
3071 4649 3484 4760 breviterque

237 4745 312 4808 de
340 4746 688 4817 Othrnane,
729 4747 1023 4808 Orchane
1050 4757 1112 4807 et
1145 4749 1385 4810 Morate
1425 4752 1636 4828 primo
1672 4754 1952 4818 disserit.
1988 4760 2279 4837 Bajazitis
2333 4773 2533 4840 gesta,
2591 4745 2715 4826 tam
2762 4769 3070 4830 adversus
3123 4745 3479 4837 Turcorum

236 4844 496 4949 regulos
523 4851 585 4903 et
608 4845 946 4949 Temyrem
980 4844 1197 4922 (quem
1218 4846 1467 4949 -vulgus
1503 4848 1925 4911 Tamerlanem
1948 4856 2170 4932 vocat),
2213 4875 2403 4935 quam
2436 4860 2832 4924 Christianos
2870 4864 3224 4943 principes,
3284 4874 3484 4949 proli-

231 4937 377 5025 xius
407 4946 684 4999 enarrat.
714 4939 1058 5000 Lanienam
1106 4941 1443 5021 caedesque
1478 4951 1731 5006 mutuas
1770 4945 2124 5010 liberorum
2184 4954 2500 5030 Bajazitis,
2531 4958 2643 5017 lsa:
2687 4937 3021 5033 nimirum,
3054 4937 3475 5037 Musulmani.

230 5034 457 5103 Musis,
476 5035 533 5093 M
548 5034 831 5141 ustaphae
852 5051 923 5097 ac
947 5035 1633 5141 Mehnemetisexponit.
1658 5042 1946 5117 Cineitis,
1972 5045 2081 5123 qui
2114 5047 2314 5108 Ioniae
2332 5048 2672 5127 imperium
2696 5053 3044 5134 aliquando
3074 5059 3197 5121 sibi
3214 5034 3479 5141 adroga;

231 5136 428 5197 verat,
457 5131 690 5190 variam
708 5129 1557 5205 fortunam,fraudulentum
1592 5149 2056 5217 versutumqne
2079 5143 2439 5221 ingenium,
2479 5149 2669 5209 modo
2693 5152 2768 5211 ad
2798 5129 2933 5227 has,
2984 5158 3178 5218 modo
3220 5160 3296 5219 ad
3329 5129 3473 5221 illas

230 5225 638 5302 propendens
669 5226 1206 5305 ejusquetandem
1224 5230 1623 5293 eversionem
1640 5250 1711 5294 ac
1727 5235 1971 5295 ruinam
1996 5237 2321 5301 describit.
2340 5244 2598 5304 Moratis
2623 5225 3231 5327 deniquesecundi,
3253 5256 3478 5317 Mehe-

230 5321 551 5399 metisque.
586 5321 809 5381 itidem
843 5325 1129 5397 secundi,
1165 5340 1310 5384 cum
1342 5334 1560 5427 contra
1603 5328 1846 5392 Turcos
1876 5342 1936 5393 et
1968 5333 2365 5396 Christianos
2391 5338 2453 5397 in
2494 5341 2662 5411 Asia,
2690 5321 2823 5404 tum
2873 5349 2940 5407 in
2981 5321 3233 5427 Europa
3256 5365 3477 5417 contra

224 5419 501 5489 Graecos,
535 5418 899 5494 Hungaros,
931 5418 1229 5491 Venetos,
1263 5419 1541 5494 Servios,
1566 5423 1929 5502 Walachos,
1951 5430 2351 5504 Genuenses,
2386 5435 2914 5519 Rhodiorumque
2946 5418 3250 5524 Equitum
3277 5450 3477 5510 colle-

224 5513 411 5621 gium'
440 5513 792 5621 praecipuas
827 5530 942 5621 res”
957 5522 1162 5590 gestas
1182 5523 1455 5621 enarrat.
1474 5518 1704 5607 Omnia
1734 5535 2053 5588 momenta
2079 5527 2354 5603 adnotat,
2376 5534 2615 5610 quibus
2634 5513 3055 5615 Byzantinum
3077 5542 3420 5621 imperium
3439 5566 3474 5609 a

225 5610 452 5723 :l‘urcis
473 5612 749 5721 subinde
771 5608 1207 5723 labefactatum
1225 5611 1601 5723 tiltristia-nis
1619 5621 1870 5683 tandem
1895 5636 2181 5704 ereptum
2203 5636 2316 5688 est.
2338 5608 2863 5698 Othinanicbrum
2896 5608 3263 5720 principum
3302 5646 3476 5723 (qui-

226 5710 344 5771 bus
375 5710 626 5773 occasio
648 5710 1033 5789 propagandi
1068 5710 1223 5771 ﬁnes
1250 5711 1509 5813 imperii
1545 5718 1645 5782 vix
1679 5722 1961 5803 unquam
1990 5728 2276 5808 neglecta
2308 5741 2416 5794 aut
2450 5736 2687 5800 omissa
2719 5740 2837 5821 est)
2861 5710 3048 5816 artes,
3082 5710 3265 5808 curas
3290 5710 3469 5813 acres

556 5818 831 5879 Ρηιωι.
876 5819 989 5879 Gn.
1029 5818 1268 5879 CLVII.

3076 5851 3152 5911 25-

290 796 3515 825 Mm
