3920 6194
454 282 564 349 747
1966 279 2187 341 num
2792 262 2795 265 λ
3574 281 3658 348 tu

454 399 920 475 assiduumque
944 398 1225 459 laborem
1258 397 1323 458 in
1353 394 1753 460 debellandis
1767 394 2136 457 nationibus
2156 389 2414 454 mdical.
2444 392 2663 470 Neque
2682 388 2870 452 etiam
2892 388 2995 451 illa
3022 388 3431 467 pratermisit,
3449 406 3576 468 qua
3594 398 3657 455 ad

458 494 837 570 religionem
868 500 988 554 tam
1019 502 1298 555 nostram
1325 492 1774 565 Christianam,
1806 507 1998 571 quam
2034 487 2559 551 Musulmanicam
2592 487 2938 566 pertinent.
2964 485 3233 549 Concilli
3260 486 3578 549 Florentini
3596 491 3658 550 ab

455 589 745 667 Eugenio
763 605 918 666 papa
933 589 1260 663 celebrati,
1275 590 1376 651 cui
1392 590 1667 651 Joannes
1682 587 2076 667 Palaologus
2091 585 2464 663 imperator,
2481 583 2800 661 .losephus
2814 582 3164 661 patriarcha
3182 583 3662 661 ConstantinOpo-

456 685 718 753 litanns,
744 685 1017 745 etGraci
1043 685 1251 746 cateri
1284 683 1747 759 interfuerunt,
1778 682 2112 745 historiam
2148 680 2430 745 breviter
2455 679 2808 743 contexuit.
2842 681 3089 741 Novam
3113 694 3258 741 vero
3291 686 3529 754 sectam,
3550 698 3668 756 qua

454 780 627 842 inter
650 782 892 841 Turcos
912 796 943 839 a
966 779 1243 858 quodam
1262 780 1572 857 Bercligia
1590 778 1926 858 Mustapha
1955 778 2206 840 invecta
2220 786 2317 842 est
2339 782 2690 859 statimque
2706 777 2937 852 deleta,
2958 779 3254 839 intactam
3280 793 3401 838 non
3419 776 3664 855 reliquit.

459 879 552 939 Ad
572 884 813 955 captam
837 893 872 936 a
900 876 1124 935 Turcis
1143 875 1765 953 Constantinopolim
1808 874 2143 935 historiam
2172 876 2577 938 solummodo
2599 875 2949 954 perducere
2968 874 3089 935 sibi
3114 882 3542 951 preposuerat;
3584 890 3670 933 ve-

462 991 625 1047 rum,
653 990 764 1049 spe
783 970 1265 1033 ductuslutura
1288 973 1637 1050 aliquando
1662 970 2019 1033 eversionis
2033 972 2337 1049 potentia
2356 972 2662 1043 Turcica,
2682 978 3069 1050 gentemque
3083 969 3356 1029 Gracam
3373 969 3433 1030 in
3458 969 3669 1047 pristini

459 1069 824 1147 splendoris
849 1075 1083 1129 statum
1116 1068 1541 1132 reducendam
1580 1068 1717 1129 fore
1749 1075 1947 1142 ratus,
1974 1072 2112 1144 post
2146 1068 2325 1133 urbis
2379 1073 2577 1145 capta
2632 1083 2877 1128 annum
2910 1068 3337 1127 narrationem
3393 1065 3667 1142 produxit.

462 1168 649 1227 llunc
680 1182 871 1243 porro
908 1173 1232 1227 auctorem
1266 1165 1540 1227 Laonico
1570 1177 1631 1226 et
1654 1164 1930 1225 Phranzi
1956 1162 2224 1227 multum
2260 1170 2560 1242 prastare
2596 1168 2933 1244 propterea
2981 1178 3242 1243 censeo,
3287 1164 3451 1240 quod
3491 1178 3670 1221 rerum

459 1261 778 1338 principia
811 1269 873 1322 et
900 1275 1121 1320 causas
1152 1260 1531 1339 diligentius
1568 1258 1935 1337 investiget,
1966 1260 2481 1339 narrationisque
2510 1261 2690 1323 ﬁlum
2722 1260 2978 1339 parcius
3001 1259 3446 1336 interrumpat.
3488 1260 3675 1318 Laoni-

458 1373 573 1417 cus
606 1356 805 1429 enim,
838 1355 990 1416 dum
1031 1356 1109 1416 de
1141 1356 1335 1415 rebus
1360 1356 1715 1417 Turcorum
1750 1355 2084 1418 confusam
2118 1373 2286 1435 sape
2327 1358 2756 1418 narrationem
2789 1355 3100 1427 instituit,
3133 1357 3209 1416 ad
3249 1354 3672 1432 describendas,

459 1451 760 1530 imperite
789 1458 857 1512 ut
892 1452 1275 1529 plurimum,
1309 1452 1808 1515 occidentalium
1844 1468 2191 1529 regnorum
2221 1453 2519 1531 politeias
2543 1453 2926 1532 digreditur.
2961 1451 3284 1514 Phranzes
3315 1458 3511 1512 autem
3543 1454 3676 1527 pra-

459 1556 555 1609 ter
583 1566 717 1610 rem
750 1555 812 1611 et
843 1547 1084 1609 nullius
1122 1549 1430 1609 momenti
1462 1550 1662 1610 multa
1693 1549 1832 1611 suis
1869 1548 2146 1610 inseruit
2178 1566 2333 1622 ;nec
2366 1559 2658 1613 accurate
2693 1556 2754 1612 et
2786 1548 3157 1627 diligenter,
3181 1554 3400 1624 prater
3419 1545 3674 1605 Constan-

459 1645 948 1724 tinOpolitanam
977 1645 1407 1730 obsidionem,
1429 1662 1621 1725 quam
1646 1652 1814 1706 recte
1843 1644 2199 1717 instituitet
2221 1646 2654 1725 persequitur,
2682 1663 2782 1706 res
2810 1651 3013 1723 gestas
3033 1650 3266 1705 narrat.
3293 1642 3441 1709 Cum
3475 1642 3674 1700 Turco-

458 1761 599 1805 rum
631 1742 974 1805 annalibus
1000 1750 1062 1803 et
1086 1742 1378 1815 historia,
1407 1760 1441 1805 a
1471 1743 1884 1818 Leunclavio,
1916 1744 2492 1823 accerrimijudicii
2526 1744 2689 1817 viro,
2709 1742 2925 1817 editis,
2957 1743 3188 1805 Noster
3217 1738 3537 1801 admodum
3555 1755 3674 1797 sen-

461 1841 535 1902 tit
563 1857 577 1899 :
610 1856 739 1918 quo
761 1839 1026 1902 nomine
1059 1838 1612 1917 magnifaciendus
1639 1839 1795 1900 mihi
1823 1840 2101 1902 videtur.
2122 1840 2194 1903 In
2219 1840 2350 1902 illis
2374 1842 2610 1920 quaad
2634 1840 2946 1902 Joannem
2978 1848 3354 1915 utrumque,
3412 1834 3677 1896 Cantacu-

462 1953 691 1997 zcnum
712 1941 775 1997 et
804 1934 1254 2011 Palaologum,
1288 1936 1637 2012 pertinent,
1658 1937 1737 1997 ab
1761 1934 1902 2013 ipso
1917 1936 2355 1998 Cantacnzeno
2385 1952 2511 1997 non
2531 1935 2710 1997 valde
2733 1933 3032 1996 dissentit
3053 1931 3347 2012 quamvis
3369 1938 3678 2006 temporum

460 2034 696 2095 seriem
730 2034 1192 2096 interturbasse
1224 2034 1464 2103 alicubi
1498 2035 2041 2111 deprehendatur.
2074 2037 2202 2097 Nec
2232 2032 2492 2093 silentio
2532 2030 3069 2093 transmittendus
3106 2036 3205 2089 est
3237 2040 3567 2087 consensus
3588 2031 3680 2101 qui

462 2130 634 2192 inter
669 2130 885 2208 ipsum
916 2147 988 2191 ac
1025 2131 1424 2191 Leonardutn
1452 2130 1794 2193 Chiensem
1821 2126 2910 2206 interceditinConstantinOpoleos
2935 2125 3278 2187 obsidione
3309 2139 3377 2184 ar.
3398 2135 3680 2198 expugna-

464 2227 638 2288 tione
665 2228 1108 2293 describonda.
1139 2226 1297 2300 Qua
1326 2227 1590 2307 quidem
1608 2230 2017 2291 diversorum
2048 2228 2434 2306 scriptorum
2478 2221 2818 2284 concordia
2843 2220 3131 2283 historia
3190 2219 3375 2281 ﬁdem
3406 2216 3683 2285 conciliat,

464 2332 526 2384 et
558 2339 701 2402 qua
724 2339 867 2385 vera
896 2340 1113 2401 quave
1143 2322 1301 2385 falsa
1321 2323 1472 2395 sint,
1510 2324 1921 2386 discernendi
1941 2324 2195 2403 c0piam
2222 2320 2482 2383 facit.ln
2509 2320 2698 2380 rebus
2728 2334 2917 2396 porro
2950 2315 3340 2393 Hungaricis
3360 2311 3684 2393 imperitum

466 2435 535 2479 se
567 2417 802 2497 prodit,
827 2425 1193 2496 statumque
1242 2418 1423 2497 regni
1453 2418 1634 2480 illius
1668 2427 1921 2481 amorte
1958 2416 2352 2499 Sigismundi
2386 2414 2793 2494 imperatoris
2819 2413 3181 2492 ignorasse.

544 2518 635 2578 De
664 2515 949 2577 auctoris
983 2514 1177 2594 hujus
1204 2516 1533 2591 Historia,
1564 2533 1757 2595 quam
1787 2520 1909 2579 sub
1933 2534 2126 2579 manu
2157 2514 2488 2583 habemus,
2525 2510 2788 2572 nomine
2825 2518 2887 2572 et
2914 2526 3153 2587 genere
3207 2504 3573 2587 paucissima
3604 2501 3685 2561 di-

465 2612 663 2675 cenda
693 2619 1061 2675 occurrunt.
1096 2613 1172 2671 Et
1204 2612 1329 2673 nisi
1356 2612 1457 2673 avi
1487 2614 1588 2677 sui
1617 2614 1865 2692 paterni
1898 2629 2130 2674 nomen
2166 2611 2373 2689 capite
2404 2611 2441 2670 5
2470 2608 2804 2681 edidisset,
2834 2620 3203 2684 anonymus
3236 2605 3394 2665 liber
3438 2600 3689 2680 proditu-

464 2725 576 2778 rus
604 2715 763 2772 erat.
798 2708 1038 2770 Verum
1071 2726 1219 2771 cum
1250 2709 1329 2770 ab
1363 2708 1647 2789 antiquis
1679 2709 1813 2770 illis
1834 2710 2031 2771 Ducis
2062 2709 2174 2789 qui
2217 2704 2772 2781 Constantinopoli
2806 2712 3184 2784 regnarunt,
3235 2720 3304 2765 se
3370 2709 3561 2777 ortum
3611 2697 3687 2759 di-

464 2813 584 2878 cat,
624 2810 686 2866 et
711 2804 1085 2866 Michaelem
1122 2806 1360 2866 Ducam
1394 2821 1582 2867 avum
1608 2822 1799 2867 suum
1825 2805 2135 2883 appellet,
2159 2803 2727 2866 Historiatitulum
2763 2804 3161 2883 inscripturi,
3200 2803 3300 2866 avi
3330 2816 3545 2863 nomen
3574 2812 3690 2873 pro-

468 2900 677 2977 prium
708 2916 779 2961 ac
815 2900 1205 2981 gentilitium
1240 2902 1586 2980 repetitum
1640 2902 2060 2979 pratiximus,
2122 2911 2192 2965 ut
2228 2904 2509 2965 auctoris
2543 2901 2877 2981 proprium
2915 2918 3179 2973 nomen,
3202 2898 3382 2961 nobis
3414 2900 3687 2973 ignotum,

467 2996 573 3059 tali
618 2996 1099 3069 circumstantia
1154 2998 1720 3081 determinaretur.
1752 2998 2132 3060 Christiana
2176 3002 2430 3077 pietatis
2471 2997 2953 3060 tenacissimum
2985 3004 3047 3059 et
3083 2997 3412 3059 catholica
3439 2989 3692 3051 Ecclesia

463 3093 945 3157 communionis
970 3093 1523 3157 studiosissimum
1547 3112 1613 3156 se
1646 3096 1887 3173 ubique
1904 3098 2231 3173 approbat.
2267 3096 2503 3158 Gracis
2540 3094 2859 3159 levitatem
2887 3093 3253 3174 malamque
3275 3093 3456 3155 ﬁdem
3483 3086 3691 3166 objicit.

464 3193 573 3271 qui
609 3192 746 3253 ﬁcte
774 3208 845 3253 ac
874 3190 1173 3252 simulate
1203 3207 1346 3253 cum
1377 3193 1657 3255 Romana
1680 3192 1961 3255 Ecclesia
1977 3194 2380 3254 concordiam
2418 3191 2719 3263 inierant,
2756 3207 2873 3251 nec
2902 3190 3031 3252 alio
3062 3191 3282 3251 animo
3305 3208 3513 3268 pacem
3551 3201 3692 3249 com-

466 3295 816 3366 posuerant
862 3304 1052 3364 quam
1095 3295 1161 3347 ut
1201 3302 1238 3348 a
1293 3287 1701 3366 principibus
1752 3284 2281 3357 occidentalibus,
2339 3303 2493 3363 papa
2534 3288 2871 3364 praecipue,
2905 3286 3151 3349 auxilia
3205 3298 3423 3349 contra
3481 3288 3689 3347 Turcos

464 3392 1045 3462 consequerentur.
1085 3382 1460 3446 lnstitutum
1495 3385 1639 3445 vita
1698 3385 2196 3463 qualefueritex
2232 3383 2370 3460 ipso
2427 3383 2675 3442 discere
2729 3399 3104 3461 possumus.
3136 3384 3255 3463 qui
3326 3402 3394 3445 se
3456 3377 3692 3463 politicis

468 3482 659 3540 rebus
696 3496 767 3543 ac
802 3480 1077 3556 negotiis
1107 3480 1447 3544 tractandis
1476 3491 1859 3560 occupatum
1886 3480 2087 3542 fuisse
2114 3480 2324 3541 tradit.
2350 3479 2539 3558 Apud
2570 3480 2962 3552 Gatelnzios,
3000 3480 3192 3543 Lesbi
3220 3480 3554 3559 principes,
3576 3476 3695 3536 vita

471 3583 710 3659 partem
744 3576 1071 3657 transegit,
1104 3577 1224 3637 fide
1257 3592 1329 3638 ac
1379 3578 1580 3656 gratia
1641 3578 1862 3651 valuit,
1913 3577 1992 3639 ab
2038 3576 2299 3656 illisque
2356 3578 2435 3638 ad
2490 3578 2820 3639 sultanum
2882 3577 3313 3641 Mebemetem
3373 3577 3690 3640 secundum

467 3680 608 3750 post
651 3678 871 3741 urbem
899 3680 1138 3749 captain
1169 3672 1415 3751 leytus
1451 3673 1682 3734 missus
1713 3683 1830 3734 est.
1855 3673 2552 3753 lterumquarumdam,
2574 3688 2733 3751 quas
2760 3680 2993 3748 narrat,
3018 3681 3344 3753 spectator
3365 3674 3512 3735 fuit:
3537 3686 3691 3734 cum-

465 3767 1013 3848 queprincipibus
1045 3768 1185 3830 istis
1201 3770 1449 3832 Lesbiis
1481 3787 1740 3849 operam
1772 3762 2119 3847 navaverit,
2164 3774 2229 3832 in
2264 3771 2415 3841 Asia
2449 3788 2548 3830 res
2579 3771 2895 3848 gestas,in
2915 3787 3042 3849 qua
3063 3772 3277 3849 ipsum
3299 3780 3508 3834 natum
3530 3768 3693 3830 fuisse

466 3864 816 3927 verisimile
837 3872 955 3937 est,
1001 3867 1099 3927 vel
1124 3866 1186 3927 in
1216 3868 1443 3942 Lesbo,
1472 3867 2105 3931 accuratiusnovisse
2128 3866 2356 3945 potuit.
2391 3869 2598 3946 Atque
2630 3868 2706 3929 de
2722 3869 2897 3930 Duca
2943 3868 3221 3947 ejusque
3264 3866 3567 3930 scribendi
3618 3881 3692 3924 ra-

467 3975 641 4030 tione
674 3969 1002 4031 hactenus.

545 4076 703 4146 Qua
739 4088 889 4161 gero
920 4070 990 4132 in
1026 4069 1145 4133 hoc
1176 4069 1428 4132 edendo
1455 4070 1622 4133 libro
1647 4071 1775 4151 ipsi
1823 4069 2313 4151 praestiterimus
2345 4071 2653 4151 deinceps
2694 4083 3077 4150 exponenda
3106 4078 3285 4134 sunt.
3311 4068 3508 4135 Unico
3552 4063 3691 4127 codi-

467 4186 540 4233 ce
573 4169 983 4231 bibliotheca
1006 4167 1220 4247 Regia
1254 4167 1357 4235 usi
1393 4184 1663 4243 sumus;
1695 4169 1913 4246 operis
1943 4167 2085 4230 ﬁnis
2115 4169 2184 4229 in
2217 4184 2296 4231 eo
2332 4169 2760 4240 desideratur,
2782 4183 2901 4231 nec
2919 4165 3242 4246 scriptura
3268 4168 3405 4245 ejus
3434 4166 3691 4238 castigata

471 4273 533 4326 et
557 4262 890 4325 emendata
909 4269 1026 4334 est,
1054 4270 1115 4323 at
1151 4263 1691 4339 pronuntiationis
1717 4263 2045 4327 hodierna
2065 4266 2250 4339 vitio,
2266 4265 2648 4329 confusione
2673 4265 2982 4333 nimirum
3011 4289 3036 4325 ε
3058 4264 3279 4329 tenuis
3303 4280 3445 4325 cum
3467 4286 3521 4322 αι
3542 4256 3711 4341 diph-~

474 4362 739 4439 thongo,
776 4360 1112 4420 iotacismo
1146 4359 1338 4420 etiam
1372 4360 1683 4423 continuo
1722 4369 2047 4438 corrupta,
2081 4363 2165 4423 ita
2200 4370 2267 4425 ut
2299 4379 2471 4440 sape
2507 4360 2743 4429 vocalis
2781 4378 2900 4425 una
2945 4374 3058 4437 pro
3093 4361 3246 4433 alia,
3298 4358 3693 4437 diphthongus

475 4475 591 4537 pro
624 4457 847 4529 vocali,
881 4472 952 4517 ac
986 4454 1122 4516 vice
1163 4471 1342 4518 versa
1372 4459 1739 4520 succedant.
1778 4460 2022 4521 Textus
2056 4458 2237 4520 illius
2268 4458 2619 4522 continuus
2645 4462 2775 4532 est;
2798 4473 2926 4521 non
2957 4456 3362 4519 sectionibus
3405 4461 3509 4516 aut
3550 4445 3694 4524 capi-

472 4557 645 4614 tibus
681 4552 1051 4627 distinctus,
1080 4553 1184 4612 cui
1220 4553 1604 4633 marginales
1636 4554 1875 4618 notula
1905 4554 2152 4618 indices
2191 4548 2577 4633 quibusdam
2609 4555 2768 4616 locis
2798 4553 3305 4633 appositasunt.
3355 4550 3692 4615 Faciliorem

472 4649 812 4711 lectionem
848 4655 916 4711 ut
948 4650 1385 4720 redderemus,
1422 4652 1965 4730 textumincapita
1998 4651 2285 4714 dividere
2315 4653 2524 4715 visum
2558 4659 2678 4726 est,
2709 4648 3320 4730 marginibusetiam
3351 4647 3693 4720 notulasap-

473 4764 714 4824 poncrc
747 4745 997 4809 indices
1059 4761 1284 4807 eorum
1314 4763 1459 4825 qua
1483 4748 1551 4809 in
1584 4756 1764 4819 textu
1803 4758 2162 4812 narrantur.
2191 4748 2483 4827 Cumque
2515 4756 2875 4826 temporum
2904 4746 3145 4825 quibus
3187 4764 3290 4808 res
3316 4755 3507 4824 gesta
3549 4746 3693 4805 sunt.

469 4844 733 4922 epocha
765 4843 1033 4904 omnino
1055 4844 1432 4907 necessaria
1456 4845 1586 4908 sint
1612 4855 1679 4907 ut
1712 4848 1877 4909 clara
1901 4863 1972 4908 ac
2002 4847 2335 4924 perspicua
2370 4846 2654 4911 narratio
2690 4846 2940 4920 evadat,
2972 4846 3115 4906 illas
3145 4863 3296 4905 cum
3327 4862 3406 4908 ex
3469 4840 3693 4904 historia

472 4939 955 5013 Musulmanica,
995 4948 1129 5000 tum
1152 4957 1229 5002 ex
1258 4940 1400 5002 aliis
1429 4942 1665 5004 Gracis
1688 4960 1757 5005 ac
1782 4944 2017 5005 Latinis
2032 4950 2360 5021 egcerptas
2380 4944 2822 5020 apposuimus.
2859 4950 3078 5005 Ann0s
3103 4942 3298 5004 etiam
3319 4944 3577 5020 Hcgira,
3607 4934 3692 4996 ubi

476 5055 740 5100 necesse
772 5036 920 5108 fuit,
961 5043 1023 5098 et
1048 5038 1125 5097 ab
1150 5042 1304 5099 orbe
1345 5038 1603 5099 condito
1642 5041 1994 5100 secundum
2033 5040 2307 5110 Gracos.
2343 5038 2718 5102 Christiana
2745 5055 2889 5100 ara
2911 5038 3099 5099 annis
3136 5040 3403 5117 adjectis
3426 5030 3690 5109 ascripsi-

476 5151 642 5193 mus.
668 5132 1011 5193 Historiam
1035 5132 1442 5209 Byzantinam
1473 5133 1789 5212 appellare
1816 5135 2077 5212 placuit,
2105 5134 2411 5213 quoniam
2451 5136 2655 5196 Ducas
2696 5152 2797 5195 res
2826 5135 2893 5195 in
2935 5134 3048 5196 illo
3077 5135 3353 5211 imperio
3386 5141 3579 5206 gestas
3594 5128 3693 5186 Μει-

479 5229 692 5303 nuele,
715 5231 957 5290 Joanne
989 5235 1050 5289 et
1085 5228 1497 5291 Constantino
1535 5230 1997 5309 imperantibus
2028 5231 2354 5302 describit.
2384 5233 2574 5293 Notas
2609 5232 2770 5293 libro
2804 5232 3225 5310 subjecimus,
3253 5237 3321 5292 ut
3345 5238 3688 5291 consensqu

476 5341 545 5385 ac
576 5326 942 5385 dissensum
967 5325 1348 5386 narrationis
1381 5329 1571 5387 Duca
1608 5343 1756 5388 cum
1787 5328 2087 5402 Laonico,
2118 5328 2428 5401 Pbranze,
2465 5327 2942 5390 Leunclavioet
2970 5328 3116 5389 aliis
3145 5327 3591 5395 indicaremus,
3613 5318 3689 5378 Vel

474 5422 598 5481 alia
626 5427 842 5482 notatu
864 5419 1055 5498 digna
1078 5422 1552 5483 adnotaremus.
1585 5424 1675 5484 Ne
1706 5424 1979 5485 nimium
2012 5432 2373 5486 crescerent
2406 5425 2834 5498 inhibuimns,
2858 5425 3149 5503 illasque,
3184 5432 3503 5505 quantum
3522 5428 3689 5497 penes

476 5533 595 5580 nos
626 5516 771 5589 fuit,
806 5518 1265 5580 contraximus.
1305 5521 1491 5580 Duca
1523 5520 1824 5583 Historia
1865 5522 2240 5583 chronicum
2276 5522 2488 5592 breve,
2529 5539 2605 5583 ex
2637 5521 3021 5587 bibliotheca
3055 5523 3254 5599 Regia
3310 5516 3687 5593 descriptum.

473 5623 757 5675 attexere
807 5615 885 5677 ad
923 5630 1053 5675 rem
1092 5614 1301 5675 visum
1354 5624 1448 5677 est
1481 5617 1695 5694 :quod
1724 5618 2117 5691 Gracorum,
2142 5622 2497 5682 'l‘urcorum
2529 5635 2601 5680 ac
2630 5621 3025 5681 Venetorum
3056 5635 3152 5680 res
3197 5628 3405 5697 gestas
3447 5620 3507 5674 et
3534 5623 3691 5679 casus

472 5710 716 5785 aliquot
762 5708 1044 5787 insignes
1068 5710 1345 5772 adnotet.
1372 5712 1627 5774 Gracus
1660 5714 1898 5789 aliquis
1941 5715 2472 5793 Peloponnesios,
2522 5715 2971 5795 Ccphallenius
3008 5725 3111 5779 aut
3141 5712 3541 5795 Zacynthios,
3587 5708 3683 5766 (Ιο-

485 5802 671 5860 minii
708 5803 931 5863 Veneti
976 5803 1272 5866 subditus
1312 5807 1469 5868 illud
1501 5810 1903 5886 conscripsit.
3370 5801 3385 5813 '
