3920 6194
228 287 331 350 765

1382 293 1757 355 HISTORIA
1792 295 2246 360 BYZANTINA.

3377 304 3483 366 766

222 404 495 477 τολμηρὸς
525 404 601 469 ὡς
631 405 804 469 οὐδεὶς
854 407 1010 470 ἄλλος
1039 409 1147 462 τῶν
1192 410 1337 474 τότε,
1398 413 1583 478 καθὼς
1643 417 1784 469 ἀπε-

1896 414 2190 479 nobilitate,
2222 414 2439 485 juvenis
2462 415 2643 482 fortis,
2669 426 2720 472 et
2751 419 2953 481 audax,
2978 419 3023 473 si
3045 416 3170 487 quis
3200 414 3345 471 alius
3391 429 3483 469 co-

220 497 429 568 δείχθη.
491 498 870 570 ἀποσπασθεὶς
923 501 987 552 ὲκ
1038 502 1137 570 τῆς
1174 504 1458 574 φάλαγγος
1496 508 1606 561 τῶν
1666 510 1800 579 Χρι-

223 590 486 654 στιανῶν,
520 591 601 652 είς
637 590 807 659 μέσον
834 592 934 662 τῆς
972 594 1337 664 παρατάξεως
1377 597 1487 651 τῶν
1538 598 1799 668 Τούρκων

219 683 298 746 ὡς
346 682 651 752 αὐτόμολος
695 682 911 739 πίπτει.
959 685 1071 739 Καὶ
1147 686 1287 757 δῆτα
1341 690 1695 758 ἁρπάσαντες
1746 694 1797 748 οι

223 775 463 845 Τούρκοι
494 773 708 838 τοῦτον.
761 775 927 841 αὐτὸς
975 776 1036 830 δὲ
1093 779 1186 832 τὸν
1224 780 1476 851 ἡγεμόνα
1532 784 1799 851 ὀνομαστὶ

220 867 425 931 καλῶν,
454 868 570 934 καὶ,
601 867 881 939 Βούλομαι
905 864 1100 923 τοῦτον
1126 871 1278 931 ἰδεῖν.
1303 872 1400 926 καὶ
1431 872 1628 943 λόγους
1642 876 1797 938 τινὰς

224 958 625 1029 ὐποψιθυρίσαι
666 959 742 1023 ώς
800 961 1082 1033 ἐγκρατὴς
1135 962 1394 1028 γενέσθαι
1446 964 1666 1019 τουτουῖ
1702 967 1796 1019 τοῦ

222 1053 490 1124 πολέμου,
539 1053 721 1107 ἕνεκα
747 1052 860 1123 τὰρ
919 1054 1139 1108 τούτου
1188 1056 1526 1126 αὐτόμολος
1569 1058 1795 1126 ἐληλύ-

222 1150 372 1214 θειν,
407 1145 600 1212 εἰπὼν,
658 1146 751 1201 τὸν
785 1148 1037 1217 ἡγεμόνα
1092 1146 1420 1204 δεικνύουσι.
1463 1148 1524 1203 Ὃ
1570 1151 1797 1220 λίουράτ

221 1239 278 1292 δὲ
330 1238 424 1293 διὰ
480 1239 578 1307 τῆς
637 1240 824 1310 χειρὸς
879 1239 1241 1309 δειγματίσας
1293 1241 1487 1297 τοῦτον
1530 1242 1606 1306 ὡς
1660 1245 1798 1313 πρὸς

223 1330 391 1385 αὐτὸν
419 1330 621 1392 ἔλθεῖν,
657 1333 685 1384 ὁ
726 1331 848 1393 νέος
890 1334 1144 1403 ὁρμήσας
1190 1335 1284 1387 καὶ
1316 1334 1548 1405 πλησίον
1600 1336 1794 1401 ἐλθὼν,

224 1421 445 1491 ξιφιδίῳ
470 1427 614 1475 κατά
639 1423 869 1493 καρδίας
907 1425 1132 1494 καιρίαν
1183 1425 1370 1479 δίδωσι
1397 1426 1496 1498 τὴν
1552 1427 1793 1496 πληγὴν,

224 1514 317 1566 καὶ
346 1512 515 1574 αὐτὸς
548 1513 699 1585 παρά
728 1516 837 1569 τῶν
868 1516 1259 1588 πελεκυφόρων
1303 1524 1396 1571 καὶ
1430 1518 1796 1572 ὑπασπιστῶν

218 1604 314 1657 τοῦ
344 1605 575 1677 Μουράτ
603 1606 832 1675 μεληδὸν
859 1608 1288 1677 κατατέμνεται.
1318 1610 1451 1663 Τότε
1482 1611 1531 1662 οί
1556 1609 1794 1678 Τοῦρκοι

216 1695 280 1749 τδ
303 1697 440 1766 παρ’
469 1695 662 1749 ἐλπίδα
691 1697 881 1750 καινὸν
916 1698 1269 1769 θεασάμενοι,
1324 1699 1421 1753 καὶ
1475 1694 1587 1754 οἷον
1619 1698 1791 1754 κακὸν

216 1787 468 1856 αὐθωρδν
502 1788 591 1840 ἃττ’
627 1786 753 1859 ὖψιν
807 1790 1070 1844 ἐπιπεσδν
1121 1791 1197 1860 μὴ
1242 1792 1625 1861 ἐνεγκάμενοι,
1667 1792 1791 1863 βουο

214 1882 312 1952 λὴν
340 1880 676 1935 εὐσύνοπτον
709 1880 1061 1951 βουλεύονται
1095 1884 1243 1952 μάλα
1274 1885 1371 1938 καὶ
1411 1885 1737 1953 σοφιστικήν
1771 1900 1786 1916 ο

211 1973 270 2025 ιν
301 1971 456 2042 μέσῳ
485 1972 586 2040 τῆς
614 1973 972 2044 παρατάξεως
1005 1975 1212 2045 σκηνὴν
1271 1974 1608 2043 πεπηγότες,
1651 1974 1788 2027 είσω

211 2066 304 2118 τὸν
331 2064 578 2135 ἡμιθανῆ
604 2067 836 2135 Μουράτ
857 2066 1171 2120 τεθείκασι·
1202 2068 1357 2122 αὐτοὶ
1396 2068 1452 2121 δὲ
1490 2068 1565 2130 ὡς
1596 2067 1789 2121 οὐδένα

211 2159 343 2218 τοὺς
376 2158 610 2220 πολλοὺς
644 2158 925 2221 κινδύνους
956 2158 1305 2223 ἀπώσαντες,
1362 2159 1495 2213 εἴσω
1534 2159 1644 2212 τῶν
1678 2178 1788 2212 πα-

212 2248 498 2319 ρατάξεων
534 2249 611 2312 ὡς
663 2249 827 2313 κύνες
874 2250 1179 2313 λυττῶντες
1239 2250 1547 2321 ἐχώρησαν.
1607 2252 1669 2303 Οἱ
1731 2250 1788 2303 δὲ

208 2340 408 2412 Σέρεοι
443 2341 771 2406 ἀγνοοῦντες
812 2342 911 2413 τὴν
945 2345 1026 2405 είς
1052 2344 1252 2406 αὐτοὺς
1274 2343 1603 2413 γενηθεῖσαν
1632 2342 1787 2412 παρά

208 2434 308 2488 τοῦ
335 2433 505 2488 καλοῦ
537 2436 661 2488 νέου
695 2434 909 2488 ἐκείνου
941 2434 1250 2504 εὐστοχίαν,
1284 2436 1381 2487 καὶ
1402 2435 1498 2505 τὴν
1523 2436 1601 2499 είς
1658 2436 1788 2499 τοὺς

207 2525 496 2596 Τούρκους
576 2525 671 2579 τοῦ
735 2526 1011 2596 ἡγεμόνος
1103 2528 1332 2598 ζημίαν,
1390 2528 1527 2583 ἀλλά
1585 2530 1787 2599 μᾶλλον

121 2658 131 2669 .
203 2618 620 2685 ἀπεγνωκότες,
649 2617 726 2681 ώς
766 2617 795 2670 ὁ
825 2619 992 2683 καλὸς
1033 2620 1242 2682 ἐκεῖνος
1294 2621 1601 2691 στρατηγὸς
1650 2622 1785 2691 ἄτερ

204 2706 442 2777 κέρδους
477 2707 574 2760 τοῦ
605 2710 1064 2779 προσδοκωμένου
1096 2709 1368 2775 ἀπώλετο,
1400 2711 1787 2779 δειλοκαρδίως

209 2799 461 2853 κάκεῖνοι
502 2800 639 2871 πρὸς
656 2803 782 2865 τοὺς
804 2801 1082 2873 Τούρκους
1117 2805 1388 2874 ἀντεῖχον,
1413 2804 1516 2867 ἕως
1546 2804 1607 2858 οῦ
1631 2805 1787 2868 τέλος

204 2891 237 2944 ὁ
286 2891 534 2960 πόλεμος
594 2894 810 2964 εἴληφε.
864 2894 1316 2965 Συλλαμσάνεται
1376 2890 1470 2949 οῦν
1530 2897 1558 2949 ὀ
1604 2898 1785 2963 Λάζα-

207 3000 304 3050 ρος
333 2983 472 3055 (24),
506 2986 600 3039 καὶ
622 2987 720 3040 σὺν
744 2986 894 3057 αύτῷ
918 2987 1030 3041 τῶν
1070 2988 1418 3058 μεγιστάνων
1435 2989 1484 3042 οί
1516 2989 1783 3055 πλεῖστοι,

1902 514 2240 560 aataneorum
2272 517 2400 563 tunc
2428 506 2552 572 fuit,
2586 508 2819 576 talisque
2840 509 2992 563 exitu
3053 509 3407 580 approbatus,
3452 524 3484 561 a

1902 597 2340 653 Christianorum
2368 600 2489 655 acie
2508 600 2563 654 in
2591 600 2799 655 medios
2820 600 3126 655 Turcorum
3147 601 3371 657 ordines
3393 616 3485 656 ve-

1902 688 1983 743 lut
2013 688 2297 759 transfuga
2332 692 2631 760 procurrit,
2661 693 2958 761 statimque.
3007 708 3036 745 a
3084 691 3282 747 Turcis
3334 708 3484 746 com-

1902 781 2283 849 prehenditur.
2304 782 2421 852 lpse
2450 798 2581 838 vero
2609 782 2916 840 Turcorum
2939 784 3241 853 principem
3265 786 3487 840 nomine

1899 874 2238 940 compellans
2268 874 2485 930 dicebat
2518 889 2719 945 cupere
2745 891 2805 930 se
2832 892 2956 931 eum
2984 875 3189 942 videre,
3220 886 3276 931 et
3318 878 3481 930 verba

1901 968 2150 1036 quaedam
2174 968 2227 1021 in
2264 982 2450 1022 aurem
2488 969 2587 1037 ipsi
2622 969 2825 1034 facere,
2853 979 2912 1023 ut
2937 968 3042 1025 hoc
3077 969 3219 1025 bello
3235 970 3486 1039 superior

1899 1059 2152 1114 evaderet
2182 1074 2198 1112 :
2235 1059 2414 1129 Huius
2434 1061 2572 1114 enim
2601 1078 2781 1125 causa,
2805 1061 3005 1134 inquit,
3044 1063 3329 1131 transfuga
3381 1064 3483 1115 huc

1901 1152 2126 1207 transivi
2144 1168 2163 1207 :
2180 1152 2371 1208 ducem
2393 1154 2578 1224 itaque
2596 1170 2755 1210 suum
2777 1154 2854 1209 illi
2880 1154 3200 1210 ostendunt.
3222 1154 3487 1209 Morates-

1899 1259 2007 1315 que
2038 1260 2202 1299 manu
2234 1245 2529 1315 signiﬁcat,
2562 1254 2622 1299 ut
2651 1247 2717 1301 ad
2743 1261 2802 1301 se
2826 1248 3111 1303 accederet
3139 1263 3153 1300 :
3192 1261 3315 1300 cum
3353 1261 3484 1314 ergo

1901 1350 2064 1405 prope
2103 1337 2428 1391 accessisset
2456 1336 2691 1405 juvenis,
2729 1338 2841 1392 sica
2878 1337 3077 1392 lethale
3118 1336 3314 1391 vulnus
3349 1351 3486 1406 pra:-

1897 1427 2106 1483 cordiis
2135 1429 2349 1499 tyranni
2383 1428 2603 1498 infligit,
2636 1430 2862 1499 ipseque
2896 1431 2963 1484 ab
2995 1429 3230 1485 hastatis
3260 1428 3487 1483 Moratis

1896 1516 2247 1583 satellitibus,
2273 1519 2709 1587 custodibusque
2731 1518 3080 1572 membratim
3103 1518 3363 1573 concisus
3377 1527 3482 1570 est.

1898 1607 2055 1663 Tunc
2092 1606 2258 1663 'l‘urci
2290 1624 2492 1663 novum
2529 1624 2720 1664 casum
2766 1619 2965 1679 praeter
3014 1623 3167 1678 spem
3225 1608 3485 1665 contuiti.

1898 1704 2118 1769 tamque
2159 1698 2581 1763 acerbaacladis,
2615 1701 2771 1771 cujus
2818 1701 2919 1770 ipsi
2977 1708 3317 1770 spectatores
3373 1696 3487 1751 fuc-

1901 1797 2045 1853 rant,
2072 1790 2141 1843 im
2150 1788 2439 1859 patientes,
2462 1789 2751 1844 consilium
2769 1790 3011 1859 prudens
3039 1796 3204 1858 atque
3224 1788 3484 1842 callidum

1895 1881 2083 1938 ineunt
2117 1900 2131 1937 :
2160 1885 2214 1938 in
2245 1884 2424 1938 media
2457 1885 2573 1939 acie
2597 1884 2835 1939 tentorio
2893 1890 3078 1938 erecto
3130 1884 3282 1935 intus
3319 1883 3487 1936 semi-

1894 1987 2175 2030 mortuum
2202 1976 2459 2031 Mor-atem
2501 1976 2803 2045 deponunt,
2822 1991 2885 2031 ac
2907 1976 3073 2031 veluti
3108 1976 3318 2029 nullum
3352 1973 3485 2029 sub-

1895 2068 2086 2123 iissent
2116 2068 2443 2138 periculum,
2463 2070 2653 2124 multis
2681 2070 2899 2124 interim
2928 2069 3208 2135 devitatis,
3230 2068 3371 2122 intra
3397 2081 3485 2119 or-

1893 2158 2046 2214 dines
2060 2168 2117 2214 ut
2147 2174 2312 2216 canes
2330 2160 2505 2213 rabidi
2520 2174 2579 2214 se
2598 2168 2947 2230 receperunt.
2982 2159 3161 2215 Servii
3183 2174 3335 2218 vero.
3358 2172 3482 2228 qua:

1893 2265 1922 2303 a
1943 2251 2066 2304 forti
2085 2264 2149 2304 ac
2169 2265 2433 2320 generoso
2448 2250 2649 2319 juvene
2663 2251 2762 2306 illo
2781 2259 2889 2305 tam
2912 2250 3142 2306 solerter
3159 2261 3211 2304 et
3232 2248 3483 2311 feliciter,

1891 2354 2100 2410 proque
2119 2341 2298 2397 salute
2318 2356 2415 2396 sua
2434 2352 2583 2410 gesta
2601 2352 2780 2408 erant,
2808 2357 2919 2398 non
2948 2343 3006 2414 Β
3021 2343 3201 2398 solum
3224 2355 3331 2395 non
3384 2354 3481 2394 co-

1891 2441 2218 2503 gnoverunt,
2232 2448 2511 2503 quamque
2525 2434 2688 2488 Turci
2711 2435 2925 2490 cladem
2947 2435 3157 2489 amisso
3177 2434 3312 2488 duce
3325 2447 3485 2487 acce-

1890 2532 2105 2593 perant;
2125 2524 2220 2580 sed
2242 2525 2425 2579 animo
2450 2524 2676 2595 insuper
2699 2526 2857 2581 fracti
2879 2539 2945 2581 ac
2976 2524 3402 2594 despondentes,
3426 2531 3486 2576 ut

1889 2616 2129 2671 eximius
2158 2616 2247 2671 ille
2273 2616 2403 2672 belli
2441 2618 2549 2671 dux
2569 2624 2788 2687 sperato
2808 2615 2989 2672 fructu
3007 2616 3230 2673 delusus
3245 2615 3406 2686 periit
3431 2623 3487 2668 et

1891 2708 1997 2776 ipsi
2036 2708 2233 2776 ignave
2261 2722 2327 2763 ac
2359 2707 2550 2763 timide
2586 2708 2784 2764 Turcis
2834 2709 3177 2771 restiterunt.
3213 2705 3486 2776 tantisper

1889 2798 2019 2853 dum
2038 2799 2198 2853 talem
2216 2801 2423 2855 exitum
2447 2799 2699 2869 prmlium
2720 2799 2962 2855 haberet.
2979 2797 3483 2869 Compreltcnditur

1890 2890 2154 2953 Lazarus.
2174 2898 2230 2946 et
2261 2906 2383 2946 cum
2423 2907 2492 2946 eo
2542 2905 2838 2960 procerum
2886 2899 3053 2961 atque
3100 2890 3230 2945 belli
3278 2888 3483 2944 ducum

1890 2984 2303 3055 quamplurimi,
2330 2984 2493 3053 quiin
2521 2985 2843 3049 tentorium,
2867 2984 2924 3038 in
2946 2998 3056 3053 quo
3081 2981 3317 3037 Morates
3336 2982 3485 3050 jace-

208 3075 308 3139 οὓς
336 3077 729 3146 ἀπαγαγόντες
769 3079 829 3131 ὲν
850 3081 916 3149 τῇ
977 3082 1150 3151 σκηνῇ
1273 3079 1450 3133 ἔκειτο
1478 3083 1507 3134 ὁ
1556 3082 1784 3152 Μουράτ

1896 3076 1985 3129 bat
2005 3075 2245 3129 animam
2278 3075 2391 3145 jam
2418 3090 2606 3145 agens,
2637 3075 2859 3131 adducti
2915 3074 3284 3139 trucidantur,
3341 3072 3489 3127 idem

209 3168 312 3243 ἦδη
342 3169 414 3220 τὰ
437 3168 650 3222 λοίσθια
694 3170 893 3236 πνέων,
926 3170 1023 3223 σὺν
1048 3171 1127 3241 τῷ
1156 3169 1396 3242 Λαζάρῳ
1434 3171 1644 3235 πάντας
1660 3176 1787 3234 τοὺς

211 3267 305 3321 ὑπ’
331 3266 502 3322 αὑτὸν
528 3264 699 3335 ἄρδην
744 3264 1121 3333 κατέσφαξαν,
1162 3264 1258 3319 καὶ
1286 3266 1386 3317 σὺν
1446 3264 1632 3326 αὐτοῖς
1679 3265 1788 3317 καὶ

214 3359 441 3431 ὶιουράτ
502 3358 673 3426 ἄμφω
725 3355 880 3419 τέλος
938 3355 1210 3420 ἐδέξαντο.
1258 3356 1332 3409 Τὸ
1384 3356 1556 3423 δεξιὸν
1614 3356 1787 3426 κέρας

226 3454 386 3521 μήπω
410 3449 522 3502 τῶν
581 3448 976 3517 πραττομένων
1006 3446 1332 3517 αίσθόμενόν
1382 3466 1457 3510 τι,
1492 3448 1608 3501 ἀλλ’
1664 3447 1787 3499 οῦτε

221 3542 277 3594 τὸ
304 3539 622 3611 ἀριστερὸν,
657 3541 715 3593 ὲν
740 3538 797 3592 δὲ
831 3540 897 3609 τῇ
926 3539 1165 3609 ούραγίᾳ
1196 3538 1371 3592 ταῦτα
1411 3538 1787 3608 ἐπράχθησαν.

214 3631 321 3688 ἾΙν
347 3636 407 3688 δὲ
432 3638 460 3689 ὀ
487 3635 720 3704 ἔξαρχος
760 3632 856 3687 τοῦ
892 3631 1071 3697 δεξιοῦ
1134 3633 1370 3703 κέρατος
1404 3631 1734 3695 Σαϐούτζιος
1766 3634 1792 3684 ὁ

212 3731 432 3799 πρῶτος
454 3728 560 3780 τῶν
601 3727 734 3779 υίὼν
756 3725 1005 3796 Μουράτ,
1037 3724 1135 3779 τοῦ
1167 3726 1225 3777 δὲ
1258 3722 1553 3795 ἀριστεροῦ
1604 3726 1631 3776 ὁ
1670 3723 1790 3776 δεύ-

209 3838 376 3890 τερος
405 3819 557 3872 ὁκαὶ
607 3818 917 3887 Παγιαζὴτ,
968 3817 1160 3881 δεινὸς,
1198 3819 1292 3872 καὶ
1340 3816 1669 3888 δραστήριος
1719 3816 1794 3878 ὡς

213 3910 399 3970 οὐδεὶς
451 3909 562 3961 τῶν
616 3907 819 3973 ἀλλων,
865 3908 924 3960 ὃν
957 3907 1053 3960 καλ⁵
1086 3907 1562 3974 μετακαλέσαντες
1612 3906 1661 3957 οί
1696 3906 1795 3968 τῆς

218 4000 420 4070 βουλῆς
450 3997 779 4068 ἐξοχώτατοι
818 3996 913 4051 τοῦ
942 3996 1190 4066 Μουράτ,
1224 3993 1318 4061 οὓς
1371 3998 1464 4050 καὶ
1502 3994 1797 4065 βεζήριδας

215 4089 365 4142 κατά
390 4087 492 4157 τὴν
518 4087 700 4139 αὐτῶν
728 4087 977 4155 γλῶτταν
1022 4085 1303 4149 καλοῦσιν,
1347 4083 1798 4138 ἀνακαλύπτουσι

215 4181 288 4233 τά
323 4179 613 4249 γινόμενα,
647 4180 743 4233 καὶ
774 4179 835 4231 τὸ
897 4179 1101 4249 πτῶμα
1152 4178 1214 4230 τὸ
1265 4177 1533 4246 πατρικὸν
1562 4178 1799 4247 ἐμφανί-

214 4273 396 4335 ζουσι.
448 4273 509 4325 ’0
544 4271 629 4333 δὲ,
662 4272 784 4324 οὐδὲ
826 4271 1014 4341 σχῆμα
1064 4268 1315 4338 οἰμωγῆς
1348 4268 1382 4340 ἢ
1412 4267 1694 4338 κλαυθμοῦ
1728 4270 1785 4320 ὲν

215 4367 338 4426 ταῖς
370 4365 630 4432 παρειαῖς
657 4363 952 4427 ἀναφανὲν,
1006 4360 1399 4429 μετακαλεῖται
1464 4359 1796 4423 Σαϐούτζιον

1888 3167 2080 3221 mortis
2100 3183 2271 3234 genus
2287 3181 2351 3221 ac
2371 3166 2603 3221 Morates
2621 3169 2857 3237 experti.
2877 3166 3085 3221 Horum
3108 3179 3239 3220 vero
3256 3180 3379 3233 qua:
3397 3179 3488 3232 ge-

1888 3260 2144 3313 rebantur
2168 3260 2410 3312 nondum
2434 3259 2733 3329 quidquam
2765 3267 3074 3323 senserant,
3121 3256 3215 3327 qui
3248 3256 3303 3313 in
3350 3256 3492 3311 laevo

1890 3353 2191 3418 dextroque
2221 3352 2356 3407 aciei
2386 3367 2561 3407 cornu
2592 3354 2847 3408 stabant:
2884 3354 2939 3407 in
2968 3359 3241 3422 postrema
3287 3349 3493 3420 quippe

1890 3445 2006 3499 acie
2023 3453 2317 3514 pugnatum
2339 3454 2474 3498 erat.
2498 3446 2754 3497 Dextrum
2779 3444 3197 3498 ducebatcornu
3218 3442 3398 3496 Sabuc
3425 3455 3490 3495 us

1892 3537 2067 3606 major
2094 3545 2221 3590 natu
2256 3537 2490 3591 filiorum
2520 3536 2753 3590 Muralis
2792 3554 2806 3589 :
2839 3536 2973 3590 laevo
2990 3536 3374 3605 praeeratalter
3394 3549 3487 3587 eo-

1897 3645 2013 3682 rum
2047 3628 2342 3694 Bajaziles,
2378 3631 2460 3681 vir
2490 3643 2638 3689 acer.
2664 3638 2717 3682 et
2771 3642 2882 3697 prae
2917 3628 3135 3681 caeteris
3180 3634 3471 3694 promptus

1895 3736 2055 3789 quem
2104 3719 2531 3784 accersiverunt,
2580 3720 2670 3788 qui
2725 3718 2991 3773 vezirides
3045 3732 3237 3772 eorum
3293 3714 3485 3781 lingua

1899 3820 2185 3874 vocantur,
2224 3811 2483 3880 pm'ciptti
2520 3810 2744 3863 Moratis
2780 3807 3287 3874 consiliarii.eique
3311 3821 3480 3872 expo-

1898 3911 2178 3972 nuntqua:
2208 3901 2543 3964 acciderant,
2598 3913 2902 3968 casumque
2947 3898 3141 3967 patris.
3197 3895 3487 3965 Lacrymis

1899 3995 2085 4064 itaque
2113 3992 2448 4063 compressis
2478 3990 2740 4060 omnique
2773 3988 3486 4060 luctusspecie,Sabucium

1898 4091 2119 4144 fratrem
2136 4097 2392 4157 tanquam
2403 4085 2558 4154 jussu
2579 4083 2750 4152 patris
2770 4097 2893 4138 cum
2915 4099 2980 4137 eo
2996 4082 3062 4137 de
3081 4082 3246 4137 rebus
3266 4080 3486 4151 gravio—

1901 4182 2055 4238 ribus
2084 4191 2305 4235 acturus
2335 4179 2403 4233 ad
2430 4193 2489 4233 se
2536 4185 2717 4232 vocat.
2760 4175 3037 4232 Salmcius
3067 4176 3257 4244 itaque
3307 4174 3474 4229 veluti

1901 4273 2039 4342 patri
2068 4271 2456 4339 obtemperans
2481 4276 2679 4338 sponte
2706 4267 2921 4323 accedit
2972 4267 3183 4322 fraudis
3238 4282 3303 4321 ac
3364 4266 3481 4321 doli

1901 4364 2148 4435 ignarus,
2180 4361 2495 4430 invitusque
2520 4374 2549 4413 a
2586 4358 2758 4417 fratre
2792 4357 3279 4427 comprehenditur
3312 4365 3366 4411 et
3384 4371 3480 4410 ex-

216 4456 307 4509 τὶν
330 4453 588 4522 ἀδελφὸν,
613 4453 880 4521 ώςδῆθεν
910 4454 973 4504 ἐκ
1002 4451 1095 4504 τοῦ
1128 4449 1336 4520 πατρὸς
1371 4452 1455 4505 ἵνα
1491 4452 1792 4521 σκέψωνταί

1902 4458 2159 4505 caecatur.
2211 4447 2515 4502 Turcorum
2569 4447 2766 4503 deinde
2814 4448 3067 4517 princeps
3128 4446 3487 4502 renuntiatur

218 4562 265 4598 τι
302 4544 633 4616 βαθύτερον.
704 4542 1058 4610 Ἀγνοοῦντος
1103 4541 1159 4595 δὲ
1203 4540 1533 4607 Σαϐουτζίου
1568 4543 1683 4614 (25)
1733 4543 1791 4595 τὸ

224 4636 404 4704 δρᾶμα
432 4634 580 4688 ἑκὼν
609 4634 828 4704 ἔρχεται
852 4633 928 4696 ὡς
963 4634 1099 4702 πρὸς
1131 4633 1222 4686 τὸν
1255 4635 1490 4704 πατέρα,
1522 4635 1614 4687 καὶ
1640 4633 1789 4686 ἄκων

224 4726 666 4795 συλλαμϐάνεται
697 4727 850 4795 παρά
874 4725 969 4778 τοῦ
997 4724 1253 4794 ἀδελφοῦ,
1280 4728 1373 4778 καὶ
1409 4726 1535 4787 τοὺς
1594 4724 1795 4792 ὀφθαλ-

225 4820 359 4887 μοὺς
408 4816 784 4887 ἑξορύττεται.
850 4817 959 4870 Καὶ
1007 4817 1252 4889 ἀρχηγὸς
1311 4816 1416 4868 τῶν
1465 4816 1725 4884 Τούρκων
1769 4818 1796 4867 ὁ

228 4906 519 4975 Παγιαζὴτ
555 4906 962 4972 ἀναδείκνυται,
1008 4907 1140 4976 ἀνὴρ
1187 4907 1360 4969 δεινὸς
1412 4906 1508 4959 καὶ
1560 4905 1687 4973 περὶ
1728 4905 1795 4957 τὰ

221 4998 353 5049 πολε
364 4998 503 5065 μικὰ
530 4996 670 5068 ἔργα
710 4998 985 5068 γρήγορος
1010 4997 1484 5067 Χριστιανομάχος
1517 4996 1592 5059 ὡς
1620 4995 1794 5058 οὐδεὶς

220 5092 328 5145 τῶν
361 5090 485 5145 κατ’
517 5092 708 5157 αὐτὸν,
744 5092 802 5144 ὲν
831 5093 898 5160 τῇ
937 5089 1046 5144 τῶν
1078 5088 1336 5161 ’Λράϐων
1370 5088 1641 5161 θρησκείᾳ
1690 5106 1793 5157 μα·

1897 4540 2188 4611 Bajazites,
2214 4541 2295 4594 vir
2313 4541 2457 4595 acris
2480 4540 2887 4609 ingenii,inque
2904 4539 3069 4594 rebus
3089 4539 3300 4593 bellicis
3323 4538 3487 4592 sedu-

1895 4633 1980 4687 lus
2011 4644 2177 4703 atque
2202 4633 2462 4711 impiger,
2492 4648 2603 4702 pra:
2634 4633 2847 4688 caeteris
2878 4634 2963 4687 sui
3013 4632 3113 4687 aevi
3160 4630 3481 4685 hominibus

1898 4726 2335 4783 Christianorum
2370 4729 2563 4790 hostis,
2596 4727 3008 4795 superstitionis
3034 4725 3279 4781 Arabum
3298 4725 3485 4778 obser-

1897 4828 2055 4875 vator
2086 4818 2526 4873 studiosissimus
2559 4835 2572 4871 :
2603 4826 2657 4871 et
2677 4816 3219 4885 Moliamedisimpiis
3241 4828 3482 4883 praecep.

1899 4911 1971 4966 tis
2001 4910 2284 4964 adhaerens
2311 4925 2376 4964 ea
2396 4911 2816 4965 accuratissime
2864 4909 3213 4963 observabat.
3279 4903 3483 4961 Noctes
3578 4978 3583 4983 θ

1902 5001 2181 5055 insomnes
2241 4999 2470 5056 ducebat
2506 5000 2731 5061 consilia
2759 5010 3000 5063 struens,
3042 4998 3306 5068 dulosque
3352 5010 3482 5050 nec-

1902 5100 2021 5146 tens
2046 5090 2312 5148 adversus
2344 5089 2552 5146 Christi
2578 5090 2938 5147 rationabiles
2971 5093 3124 5145 Oves.

1431 5226 1713 5288 Ismaelis
1744 5226 2037 5289 Bullialdi
2071 5234 2261 5290 notas.

289 5352 406 5421 (25)
461 5353 850 5422 Ἀγνοοῦντος
906 5355 976 5407 δὲ
1015 5356 1391 5415 Σπουτᾷου.
1451 5355 1799 5411 Conveniunt

220 5422 363 5493 inter
377 5438 434 5475 se
456 5422 700 5479 historici
722 5425 786 5477 de
827 5424 1082 5493 Bajazitis
1107 5427 1473 5493 ad‘intperium
1492 5430 1797 5481 evectione.

223 5491 397 5543 lim-as
417 5505 747 5564 excavatum
796 5491 966 5549 fuisse
994 5498 1173 5564 prodit
1221 5491 1542 5559 sabucium;
1589 5495 1795 5550 Laoni-

222 5577 320 5634 cus
348 5570 403 5615 ct
428 5560 705 5634 Pliranzes
723 5560 1122 5634 strangulatum
1141 5576 1408 5620 asserunt.
1435 5565 1796 5621 Leunclavius

224 5633 325 5709 lib.
351 5648 379 5681 γ
408 5633 598 5713 eodem
638 5634 828 5687 mortis
883 5651 1081 5713 genere
1127 5638 1334 5713 perisse
1362 5636 1574 5713 scribit,
1606 5648 1658 5690 et
1692 5636 1793 5687 Bn-

218 5702 444 5770 jazitcm
476 5702 779 5761 Gildrrum.
814 5714 1003 5759 nostro
1027 5702 1221 5767 lltsim,
1282 5705 1424 5772 quod
1448 5722 1644 5761 nomen
1684 5708 1792 5773 [ιιι.

1902 5374 2017 5411 men
2048 5358 2492 5427 interpretantur,
2524 5367 2654 5413 natu
2691 5358 2991 5427 majorem;
3049 5356 3384 5427 fratremque
3418 5354 3481 5407 il-

1900 5428 2008 5481 lius
2033 5422 2294 5496 Jacupem
2327 5428 2568 5483 Zelebim
2597 5438 2723 5482 natu
2778 5422 3042 5482 ininorem
3107 5422 3308 5496 fuisse.
3339 5422 3481 5478 Lao-

1902 5500 2057 5553 nicus
2099 5495 2465 5553 Suleimanem
2514 5499 2687 5553 fuisse
2725 5510 2853 5552 natu
2908 5498 3191 5566 majorem.
3258 5495 3475 5563 Bajazi-

1899 5579 2005 5621 tem
2039 5582 2165 5623 vero
2188 5569 2454 5624 minorem
2493 5568 2679 5622 tradit.
2742 5569 3018 5622 Phranzes
3075 5567 3223 5620 illum
3268 5566 3477 5619 Musul-

1899 5654 2143 5702 manum,
2173 5637 2332 5693 Turci
2358 5639 2662 5709 Jacupem,_
2697 5639 2967 5693 Luonicus
2995 5646 3046 5691 ct
3072 5637 3248 5709 βιηωοί
3296 5633 3477 5709 sulci-

1900 5724 2110 5764 mancm
2135 5710 2432 5779 appellant,
2468 5705 2627 5779 quem
2650 5707 2825 5767 Ducas
2886 5707 3183 5765 Sabuciutu
3201 5705 3476 5763 nondum.
