3920 6194
314 213 415 280 801

1484 213 1854 274 HISTORIA
1898 213 2359 277 BYZANTlNA.
2530 204 2533 205 ί
3067 249 3078 261 .
3312 243 3341 263 .

3450 214 3553 276 8(ιέ

308 327 466 381 νότου
499 327 529 379 ό
577 323 960 394 Φραντξῆσκος
1013 324 1298 392 σοφίζεται
1350 324 1690 392 πανουργίαν
1736 321 1877 374 τινά.

2014 322 2163 377 alido
2189 322 2368 389 flante,
2407 321 2735 403 Franciscus
2764 331 3086 397 stratagema
3112 324 3378 394 ejusmodi
3412 342 3556 379 com-

322 418 413 470 Ἐν
449 417 556 483 γὰρ
592 417 712 484 τριῖς
750 415 1035 484 τριήρεσιν
1084 416 1253 469 αὐτοῦ
1286 412 1430 486 ἦσαν
1463 413 1745 481 ἐλαιοδόχα
1780 416 1882 480 άγ-

313 512 439 575 γεῑα
492 508 683 562 πολλά.
720 503 829 559 Ἦν
864 507 969 578 γὰρ
1020 507 1160 576 ἔχων
1216 508 1324 561 ἀπὸ
1367 506 1602 568 Ἰταλίας
1657 504 1885 575 μερικὸν

310 598 532 669 φορτίον
564 598 768 662 ἐλαίου,
800 597 828 648 ὃ
857 596 952 649 καὶ
984 597 1261 664 πέπρακε,
1298 599 1392 651 καὶ
1428 596 1527 659 τὰς
1554 595 1744 656 λαίνας
1774 593 1886 663 (ες-ι)

312 691 475 751 κενὰς
508 688 694 757 ἔφερε.
724 688 1008 751 Κελεύσας
1040 686 1135 741 οὖν
1164 690 1294 752 τοὺς
1321 690 1514 759 ἐρέτας
1560 688 1754 740 σύνδυο
1789 687 1888 754 τὴν

318 782 448 851 μίαν
509 778 875 850 βαστάζοντες
924 781 982 833 ἐν
1016 781 1093 850 τῷ
1121 782 1290 853 τοίχῳ
1320 785 1419 851 τῆς
1467 780 1680 845 πόλεως
1731 780 1891 834 συνέ-

317 873 565 933 θλαττον,
605 873 701 924 καὶ
729 866 865 942 ἦχος
897 871 997 925 οὐκ
1030 872 1214 940 ὀλίγος
1245 872 1528 942 ἐξήρχετο,
1562 874 1656 927 καὶ
1688 874 1750 926 οὑ
1782 873 1890 925 διέ-

316 965 505 1016 λειπον
552 966 844 1033 κρούοντες
887 965 980 1017 καὶ
1031 964 1161 1033 βοὴν
1215 965 1630 1031 ἀποτελοῦντες,
1684 966 1789 1029 ἕως
1840 966 1891 1018 οἱ

317 1055 562 1125 φύλακες
594 1055 886 1117 ἀκούοντες
913 1056 1197 1126 ἐπήδησαν
1217 1056 1437 1123 ἐξυπνοι
1466 1073 1477 1087 ·
1506 1059 1891 1128 ἐρωτήσαντες

316 1148 393 1209 δὲ,
428 1148 507 1207 τίς
540 1149 567 1198 ό
594 1145 777 1215 θροῦς,
805 1148 855 1199 οἱ
880 1148 988 1201 τῶν
1040 1148 1317 1219 τριήρεων
1360 1149 1756 1219 ἀπεκρίναντο,
1806 1151 1891 1204 ὅτι

317 1240 635 1311 Ἐμππρικὰ
663 1241 768 1310 νῆά
801 1242 991 1310 ἐσμεν,
1011 1242 1269 1312 φέροντες
1304 1242 1483 1296 ἔλαιον
1511 1243 1669 1305 πολὺ,
1694 1243 1764 1295 τά
1796 1242 1895 1312 μὲν

319 1332 377 1383 ἐν
416 1335 482 1400 τῇ
515 1333 750 1402 Ποντικῇ
786 1332 1052 1405 θαλάσσῃ,
1089 1334 1158 1387 τὰ
1182 1334 1238 1388 δὲ
1287 1337 1345 1388 ἐν
1377 1336 1514 1406 αὑτῇ
1549 1338 1614 1406 τῇ
1644 1335 1895 1406 βασιλευς

317 1425 480 1495 θύσῃ,
510 1424 604 1476 καὶ
636 1425 1072 1491 παρεικήσαντες
1107 1426 1221 1479 usos
1252 1426 1313 1478 τὸ
1348 1427 1407 1483 ἓν
1440 1426 1550 1480 τῶν
1588 1427 1734 1495 νηῶν
1765 1444 1893 1481 συνο

320 1517 535 1586 εθλίϐη.
591 1517 838 1569 Γενέσθω
894 1512 987 1570 οὖν
1049 1519 1282 1588 ἁρῤωγή
1328 1537 1411 1582 τις
1457 1520 1516 1582 ἐξ
1558 1518 1715 1588 ὑμῶν
1760 1521 1893 1589 πρὸς

318 1609 495 1679 ἡμᾶς,
538 1608 632 1661 καὶ
689 1609 866 1661 πάντα
919 1609 1011 1661 τὸν
1071 1610 1512 1678 καταλειφθέντα
1572 1612 1769 1682 φόρτον
1820 1610 1895 1674 ὡς

321 1702 543 1768 άδελςεοὶ
571 1701 1029 1769 διαμερισόμεθα,
1067 1701 1228 1770 μόνον
1267 1702 1340 1771 μὴ
1376 1702 1668 1771 βλαϐέντες
1692 1706 1760 1757 τά
1787 1704 1893 1756 σώ-

325 1810 495 1861 ματα.
537 1788 644 1845 Ἦν
695 1792 803 1860 γάρ
854 1795 887 1860 ἠ
952 1792 1196 1845 θάλασσα
1262 1793 1402 1863 πρὸς
1449 1794 1509 1846 τὸ
1557 1795 1893 1865 ἀγριώτερον

320 1885 529 1952 ὁρῶσα,
558 1885 653 1935 καὶ
686 1883 1017 1936 κλυδωνικὺν
1052 1884 1231 1937 σίελον
1272 1885 1655 1942 ἅποπτύουσα.
1683 1888 1815 1939 Τότε
1843 1887 1892 1939 οἱ

322 1977 478 2038 ἐντὸς
499 1976 601 2044 τῆς
633 1975 805 2044 θύρας
840 1975 1176 2039 ἀνοίξαντες,
1211 1975 1305 2029 καὶ
1364 1976 1673 2041 ἐξελθόντες
1710 1979 1784 2042 ὡς
1815 1979 1895 2031 εῖ-

321 2088 445 2124 κοσι
472 2069 565 2123 τὸν
598 2067 851 2139 ἀριθμὸν,
882 2070 931 2122 οἱ
967 2068 1431 2139 παρακαθήμενοι
1453 2070 1668 2123 ἔνοπλοι
1697 2073 1759 2122 ἐκ
1786 2072 1897 2125 τῶν

326 2163 617 2231 κατέργων
642 2161 718 2223 ὡς
754 2161 1099 2214 πεντακόσιοι
1142 2162 1419 2233 εἰσῄεσαν,
1453 2164 1547 2215 καὶ
1588 2166 1710 2226 τοὺς
1740 2164 1898 2235 εὑρε-

328 2256 517 2317 θέντας
551 2256 611 2306 ἐν
636 2253 713 2323 τῷ
741 2252 937 2324 πύργῳ
973 2252 1220 2321 φύλακας
1262 2253 1635 2321 κατέσφαξαν,
1676 2254 1898 2318 καὶτὰς

326 2349 575 2418 τριήρεις
606 2345 768 2407 κενάς
800 2348 1049 2415 ἀφέντες,
1080 2346 1334 2417 εἰσῆλθον
1369 2347 1516 2425 ἐντὸς
1558 2348 1656 2417 τῆς
1690 2349 1899 2413 πόλεως

327 2440 400 2500 ὡς
430 2440 680 2509 δισχίλιοι
709 2440 807 2492 σὺν
840 2438 989 2508 πάσῃ
1012 2440 1081 2509 τῇ
1114 2440 1396 2511 όπλοθήκῃ
1440 2441 1535 2493 καὶ
1569 2443 1895 2512 παρατάξει.

343 2531 404 2585 Ὀ
431 2531 487 2583 δὲ
520 2531 774 2601 βασιλεὺς
802 2530 1086 2592 εἰσελθὼν,
1118 2531 1212 2584 καὶ
1247 2530 1491 2599 παρευθὺ
1536 2532 1752 2594 στείλας
1791 2533 1900 2586 τῶν

328 2624 551 2677 οἰκείων
592 2622 755 2677 αὑτοῦ
794 2625 851 2675 ἐν
882 2627 995 2684 τοῖς
1030 2623 1299 2692 οἰκήμασι
1345 2621 1455 2675 τῶν
1494 2622 1897 2691 Παλαιολόγων,

330 2714 429 2768 καὶ
457 2716 566 2767 τῶν
594 2714 877 2782 πατρικῶν
908 2710 1074 2764 αὑτοῦ
1110 2711 1302 2778 φίλων,
1333 2711 1575 2781 ἐσήμανε
1605 2712 1701 2780 τὴν
1735 2711 1902 2765 αὐτοῦ

332 2807 541 2876 ἄφιξιν,
567 2810 661 2860 καὶ
687 2811 889 2867 πάντες
918 2805 1095 2858 ἔθεον’
1125 2800 1192 2875 ἦν
1220 2802 1325 2876 γάρ
1383 2804 1501 2868 νύξ.
1550 2803 1607 2857 Ὀ
1638 2804 1692 2857 δὲ
1729 2806 1905 2873 Φραν-

332 2892 573 2971 τζῆσκος
593 2899 835 2954 ἀνελθὼν
864 2901 945 2962 εἰς
970 2898 1069 2951 ἕνα
1098 2896 1207 2951 τῶν
1226 2896 1474 2968 πύργων,
1498 2897 1589 2949 καὶ
1617 2895 1905 2966 ὀχυρώσας

1989 415 2315 470 miniscitur.
2354 415 2597 469 Habebat
2629 417 2680 468 in
2714 418 3024 473 triremibus
3055 418 3157 487 21
3191 418 3307 471 suis
3354 420 3560 472 oleatia

1989 517 2115 555 vasa
2158 502 2415 571 plurima.
2453 504 2534 557 Ab
2577 504 2730 558 Italia
2781 521 3017 575 namque
3075 509 3373 562 discedens
3402 509 3561 563 trire-

1990 607 2108 647 mes
2136 593 2258 647 oleo
2296 594 2493 662 partim
2550 606 2899 658 oneraverat,
2942 614 3054 666 quo
3079 611 3264 668 postea
3298 602 3563 656 distracto

1993 699 2056 737 ac
2094 684 2376 739 divendito
2406 690 2706 756 amphoras
2742 705 2943 743 vacuas
2968 691 3174 746 ferebat
3203 710 3217 759 ;
3249 695 3411 763 jussit
3438 712 3564 764 ergo

1993 775 2232 845 remiges
2274 777 2433 832 binos
2494 779 2739 849 singulos
2772 783 3284 850 amphoram‘unam
3328 797 3565 854 gestare,

1993 880 2046 922 et
2076 871 2226 925 urbis
2283 886 2437 926 muro
2476 872 2687 927 allisam
2723 873 3086 941 confringere,
3127 880 3267 931 unde
3309 882 3567 947 strepitus

1994 962 2290 1020 vehemens
2321 976 2669 1032 erumperet;
2727 966 2910 1036 itaque
2936 972 3232 1037 quassandi
3265 970 3421 1024 finem
3458 988 3565 1023 non

1996 1052 2264 1120 fecerunt,
2326 1067 2419 1111 aut
2465 1058 2821 1124 vociferandi,
2875 1063 3050 1116 donec
3082 1064 3340 1119 custodes
3382 1066 3568 1119 audito

1998 1146 2214 1217 fragore
2246 1151 2469 1203 excitati
2512 1161 2825 1221 surgerent,
2882 1165 2933 1209 et
2970 1172 3093 1211 cum
3133 1159 3569 1225 interrogassent

1999 1256 2217 1296 causam
2271 1245 2407 1297 tanti
2503 1245 2741 1314 fragoris
2803 1262 2867 1301 ac
2917 1235 3202 1313 strepitus,
3262 1253 3569 1305 triremium

1998 1344 2245 1391 vectores
2286 1339 2706 1407 responderunt,
2739 1338 2978 1394 Navibus
3010 1344 3268 1395 actuariis
3301 1352 3571 1397 mercato-

1999 1444 2085 1485 res
2119 1430 2394 1490 vebimur.
2432 1432 2664 1485 multum
2697 1432 2878 1486 oleum
2935 1435 3223 1489 nobiscum
3269 1447 3567 1502 portantes,

1999 1520 2197 1589 partim
2259 1521 2311 1574 in
2348 1522 2482 1575 mari
2538 1521 2768 1577 Pontico
2822 1524 3162 1589 distracturi,
3201 1529 3393 1594 partim
3424 1506 3573 1578 Cum

1999 1610 2380 1679 stantinopoli,
2435 1612 2678 1681 dumque
2731 1614 3087 1683 navigamus,
3147 1630 3273 1668 ecce
3351 1617 3569 1668 navium

2002 1712 2314 1759 nostrarum
2370 1692 2476 1758 una
2534 1716 2792 1775 quassata
2852 1716 2972 1760 est:
3037 1707 3215 1759 velitis
3260 1723 3386 1774 ergo
3419 1707 3575 1773 adju-

2002 1804 2187 1850 mento
2217 1796 2377 1850 nobis
2415 1811 2558 1859 esse,
2592 1807 2643 1848 et
2671 1797 2951 1850 vobiscum
2983 1798 3138 1865 quasi
3198 1797 3459 1851 fratribus
3484 1813 3574 1849 re-

2003 1888 2192 1945 siduas
2247 1904 2458 1944 merces
2510 1887 2835 1959 partiemur,
2870 1904 2970 1943 nos
2996 1889 3184 1943 saltem
3231 1890 3430 1941 illsesos
3467 1890 3574 1943 sal-

2004 1992 2207 2048 vosque
2240 1987 2516 2047 praestate,
2583 1992 2732 2031 mare
2766 1979 2966 2032 etenim
3002 1980 3457 2046 exasperabatur,
3492 1979 3573 2031 in-

2004 2086 2109 2140 que
2145 2086 2369 2139 spumas
2410 2070 2611 2126 ﬂuctus
2664 2071 3046 2139 assurgebant.
3096 2071 3251 2126 Tunc
3311 2073 3401 2141 qui
3435 2072 3577 2127 intra

2005 2174 2191 2234 portas
2243 2164 2503 2218 custodes
2543 2173 2721 2228 erant,
2770 2178 2863 2217 eas
2914 2163 3189 2232 aperiunt,
3232 2173 3284 2217 et
3342 2178 3578 2218 numero

2008 2256 2198 2323 viginti
2222 2266 2370 2309 extra
2397 2256 2668 2323 prodeunt
2696 2273 2708 2307 :
2737 2255 2898 2323 atqui
2930 2257 3121 2309 armati
3143 2257 3195 2309 in
3228 2256 3440 2310 insidiis
3471 2267 3581 2311 sta‘

2005 2345 2135 2399 baut
2161 2360 2327 2413 prope
2359 2332 2642 2413 quingenti
2677 2345 3000 2399 triremibus
3027 2356 3376 2413 erumpentes
3406 2347 3582 2415 ingre-

2008 2437 2254 2498 diuntur,
2305 2448 2359 2489 et
2402 2438 2655 2490 custodes
2707 2438 2892 2499 turris,
2959 2436 3012 2488 in
3053 2451 3188 2504 quos
3244 2438 3577 2503 inciderunt,

2009 2529 2316 2592 trucidant;
2342 2529 2656 2583 triremibus
2690 2528 2904 2582 demum
2941 2529 3132 2584 vacuis
3169 2530 3378 2585 relictis
3410 2548 3581 2601 prope

2010 2622 2092 2677 bis
2117 2622 2262 2675 mille
2278 2623 2471 2675 armati
2518 2631 2569 2675 et
2587 2621 2703 2675 acie
2721 2622 2985 2674 instructa
3009 2623 3368 2689 procedentes
3391 2625 3578 2679 urbem

2010 2715 2416 2783 ingrediuntur,
2469 2714 2767 2782 statimque
2807 2716 3108 2782 imperator
3155 2716 3451 2773 familiares
3477 2720 3583 2773 ali-

2015 2821 2153 2876 quos
2232 2806 2288 2859 in
2359 2806 2552 2860 domos
2629 2804 3054 2874 Palaeologorum
3126 2816 3585 2875 puternornmque

2016 2902 2315 2955 amicorum
2369 2899 2557 2962 mittit,
2582 2899 2679 2966 qui
2711 2899 3004 2954 adventum
3060 2914 3220 2954 suum
3256 2901 3334 2955 eis
3365 2901 3585 2954 nuutia-

334 2995 502 3047 αὑτὸν
530 2995 626 3046 σὺν
660 2990 1034 3050 ὑπασπισταῖς
1064 2988 1161 3040 καὶ
1187 2988 1461 3057 λοχαγοῖς,
1493 2985 1788 3049 ἀνεϐίϐασε
1817 2989 1907 3041 τὸν

2015 3005 2184 3058 rent;
2252 2994 2468 3049 interim
2521 3007 2732 3058 omnes,
2773 2994 2900 3047 dum
2956 2993 3133 3048 noctis
3179 2995 3412 3049 tenebrat
3434 3005 3584 3059 sunt,

336 3082 567 3151 βασιλέα
600 3079 947 3149 περιφράξας
984 3076 1149 3130 αὑτὸν
1179 3076 1428 3139 Λατίνοις
1478 3078 1573 3129 καὶ
1616 3076 1911 3147 Ῥωμαίοις

330 3175 605 3235 ὁπλίταις.
645 3174 705 3225 '0
729 3172 786 3226 δὲ
811 3171 977 3233 αὐτὸς
1002 3170 1197 3239 ἔτρεχε
1230 3170 1415 3223 ἐπάνω
1445 3169 1538 3221 τοῦ
1569 3170 1784 3239 τείχους
1815 3171 1912 3224 σὺν

336 3268 613 3329 πλείστοις
657 3264 1005 3335 δορυφόροις.
1060 3254 1201 3331 βοῶν
1256 3261 1678 3332 μεγαλοφώνως,
1732 3264 1911 3317 Πολλὰ

332 3360 403 3413 τὰ
446 3359 545 3428 ἐτη
593 3356 688 3411 τοῦ
744 3355 1115 3420 Παλαιο).ό,ὀυ
1166 3354 1434 3424 βασιλέως
1465 3353 1738 3407 Ἰωάννου.
1774 3357 1914 3422 Ἥρα

338 3450 471 3517 ξατο
519 3449 575 3502 δὲ
604 3448 980 3515 λυκαυγίζειν,
1025 3449 1119 3500 καὶ
1150 3449 1178 3499 ὁ
1230 3447 1401 3515 δῆμος
1453 3446 1768 3509 ὲνωτισθεὶς
1814 3448 1915 3517 τὴν

340 3543 475 3615 βοὴν
508 3541 699 3611 ἔτρεχε
738 3540 818 3601 εἰς
865 3537 958 3591 τὸν
990 3538 1375 3606 ’ῐππόδρομον.
1414 3537 1631 3606 Πρωΐπς
1678 3538 1733 3589 δὲ
1765 3555 1919 3605 γενο-

342 3636 539 3704 μένης.
577 3634 671 3684 καὶ
701 3632 749 3684 οἱ
780 3630 877 3683 τοῦ
909 3627 1199 3692 παλατίου,
1231 3632 1323 3682 καὶ
1355 3629 1405 3680 οἱ
1436 3630 1529 3680 τοῦ
1554 3629 1730 3698 δήμου
1763 3631 1916 3682 πλεῖ-

341 3744 461 3780 στοι
493 3724 736 3793 σωρηδον
787 3720 1233 3792 συνεισήρχοντο.
1278 3720 1336 3774 Ὀ
1370 3721 1426 3774 δὲ
1466 3720 1718 3789 βασιλεὺς
1768 3724 1918 3775 Κανο

338 3816 684 3884 τακουζηνδς
714 3815 770 3866 ἐν
817 3812 1074 3882 συντόμῳ
1106 3815 1171 3881 τῇ
1226 3814 1361 3883 μονῇ
1408 3813 1505 3881 τῆς
1542 3813 1918 3883 Περιϐλέπτου

342 3905 611 3962 εἰσελθὼν
663 3906 909 3973 κείρεται
940 3904 1040 3973 τὴν
1072 3904 1271 3974 κόμην,
1315 3905 1409 3956 καὶ
1445 3903 1810 3973 ἀμφιέννυται
1852 3906 1920 3960 τὰ

345 4000 582 4068 μέλανα,
612 3996 707 4050 καὶ
737 3995 816 4065 τῷ
841 3994 1054 4064 βασιλεῖ
1084 3997 1178 4048 καὶ
1200 3994 1438 4064 γαμϐρῷ
1471 3995 1670 4064 μηνύει
1699 3996 1797 4067 τὴν
1824 3998 1919 4050 τοῦ

346 4090 617 4145 παλατίου
670 4088 736 4141 δι’
768 4089 936 4141 αὐτὸν
992 4086 1413 4155 ἐτοιμασθεῖσαν
1465 4087 1695 4142 εἴσοδον.
1748 4090 1862 4143 Καὶ
1894 4092 1923 4142 ό

348 4183 605 4253 βασιλεὺς
640 4178 923 4233 κατελθὼν
966 4180 1076 4232 ἀπὸ
1109 4176 1200 4229 τοῦ
1241 4177 1621 4247 ὀχυρώματος,
1651 4180 1751 4248 τὴν
1786 4180 1923 4249 πρὸς

348 4276 412 4327 τὸ
442 4272 708 4327 παλάτιον
741 4271 1017 4339 φέρουσαν
1044 4267 1215 4321 ὥδευε
1247 4268 1344 4319 σὺν
1384 4270 1519 4321 πᾶσι
1551 4271 1667 4331 τοῖς
1698 4269 1921 4334 Ἰταλοῖς

2016 3088 2361 3141 discurrunt.
2395 3083 2728 3139 Franciscus
2762 3084 2814 3136 in
2848 3083 3080 3139 turrium
3122 3099 3285 3137 unam
3317 3084 3584 3150 ascendit,

2014 3179 2174 3250 eique
2201 3178 2432 3232 militum
2464 3175 2778 3246 praesidium
2804 3175 3066 3243 imponit,
3101 3183 3155 3229 et
3185 3176 3235 3228 in
3266 3191 3326 3229 ra
3360 3176 3590 3229 collocat

2016 3271 2402 3339 imperatorem
2464 3267 2792 3321 Satellitibus
2847 3275 3011 3334 atque
3054 3266 3288 3321 hastatis
3325 3267 3418 3335 qui
3462 3283 3588 3321 eum
3626 3300 3631 3307 -

2017 3367 2364 3431 protegerent
2423 3357 2682 3422 cinctum,
2736 3357 2849 3424 ipse
2882 3370 3013 3410 vero
3043 3371 3164 3411 cum
3230 3371 3426 3426 magno
3452 3356 3595 3411 mili.

2019 3463 2134 3507 tum
2189 3450 2405 3519 agmine
2459 3464 2623 3516 supra
2659 3462 2843 3502 muros
2895 3448 3158 3503 discurrit
3189 3448 3475 3503 clamando
3507 3449 3591 3503 in-

2020 3554 2175 3599 tensa
2195 3556 2347 3606 voce,
2378 3539 2537 3610 Vivat
2574 3541 2777 3594 multos
2817 3537 2992 3595 annos
3018 3540 3317 3608 imperator
3354 3536 3594 3593 Joannes

2018 3635 2380 3703 Palmologus.
2419 3631 2648 3701 Jamque
2698 3632 3043 3690 lucescebat.
3075 3645 3198 3684 cum
3232 3629 3466 3698 populus
3498 3644 3598 3683 au-

2021 3729 2135 3783 dito
2157 3728 2397 3781 clamore
2425 3726 2481 3779 in
2505 3724 2928 3793 hippodromum
2950 3723 3213 3786 cucurrit,
3231 3733 3460 3788 ortuque
3484 3720 3597 3775 sole

2022 3822 2187 3878 etiam
2214 3820 2250 3873 ii
2284 3817 2381 3885 qui
2413 3817 2465 3869 in
2509 3815 2709 3884 palatio
2758 3823 2940 3885 erant,
3000 3821 3053 3867 et
3083 3812 3329 3883 plerique
3355 3812 3443 3865 alii
3482 3824 3601 3877 tur:

2024 3911 2211 3965 matim
2230 3884 2630 3971 conﬂuxerunt.
2655 3884 2896 3958 Joannes
2952 3911 3131 3957 autem
3181 3903 3598 3955 Cantacuzvnus

2024 4000 2414 4058 monasterium
2463 3996 2795 4052 venerandae
2832 3993 3117 4066 [Virginis]
3138 3996 3416 4064 ingressus
3467 4009 3600 4047 cou-

2024 4088 2203 4148 festim
2232 4102 2444 4145 comam
2464 4087 2671 4150 tondet,
2702 4086 3018 4154 pallamque
3042 4092 3245 4135 vestem
3285 4082 3462 4133 induit
3483 4123 3495 4140 .
3535 4094 3596 4135 ac

2028 4181 2342 4253 imperatori
2375 4191 2578 4251 genero
2617 4191 2719 4229 suo
2769 4173 3037 4244 signiﬁcat
3066 4172 3248 4241 palatii
3282 4180 3468 4242 portas
3500 4170 3606 4239 ipsl

2026 4286 2231 4346 patere.
2263 4275 2340 4327 De
2378 4283 2525 4325 turre
2565 4267 2762 4323 deinde
2786 4265 3073 4321 descendit
3100 4262 3340 4319 Joannes
3374 4264 3612 4330 impera-

346 4366 449 4419 καὶ
479 4364 557 4431 τῷ
591 4362 822 4433 ἀρχηγῷ
871 4361 1052 4414 αὐτῶν
1080 4358 1157 4429 τῷ
1185 4355 1580 4429 Φραντζήσκῳ,
1621 4360 1717 4413 καὶ
1762 4363 1908 4414 παντ¹

2029 4343 2120 4422 tor
2153 4374 2208 4419 et
2238 4364 2406 4428 viam,
2436 4375 2557 4431 qua
2588 4361 2641 4414 in
2677 4358 2938 4428 palatium
2976 4354 3612 4421 ducit,capessit,comi-

343 4457 428 4526 τῷ
462 4456 658 4525 πλήθει
692 4456 791 4524 τῆς
818 4454 1027 4515 πόλεως
1074 4453 1199 4504 ὅσον
1223 4450 1332 4503 τῶν
1366 4451 1632 4519 εὐγενῶν,
1662 4451 1759 4505 καὶ
1803 4452 1927 4506 ὅσον

341 4549 464 4601 τῶν
524 4546 619 4599 τοῦ
674 4547 851 4615 δήμου
906 4543 1223 4596 ἀκόλουθον.
1261 4543 1396 4594 Τότε
1450 4543 1544 4595 καὶ
1602 4544 1636 4613 ἡ
1673 4543 1932 4600 δέσποινα

345 4640 830 4710 προῦπαντήσασα
857 4635 933 4707 τῷ
962 4636 1176 4705 βασιλεῖ
1204 4636 1302 4688 σὺν
1332 4633 1409 4703 τῷ
1452 4634 1779 4706 Ἀνδρονίκῳ
1803 4636 1931 4704 βρε-

344 4732 569 4804 φυλλίῳ
605 4732 741 4793 ὄντι,
774 4729 1194 4799 κατησπάζοντο
1239 4728 1522 4799 ἀλλήλους,
1556 4729 1651 4780 καὶ
1703 4728 1934 4795 ἀγαλλό-

350 4841 515 4897 μενοι
568 4822 820 4892 είσῆλθον
874 4821 950 4885 είς
1016 4820 1077 4871 τὸ
1128 4819 1412 4872 παλάτιον.
1462 4820 1518 4871 '0
1558 4820 1614 4871 δέ
1678 4818 1932 4887 βασιλεὺς

351 4915 841 4985 Καντακουζηνὸς,
866 4913 1023 4981 ἀφεὶς
1051 4915 1147 4966 καὶ
1173 4913 1353 4977 δόξαν,
1386 4914 1480 4965 καὶ
1512 4911 1812 4981 βασιλείαν,
1838 4912 1932 4965 καὶ

348 5011 575 5080 τρυφὴν
605 5007 704 5076 τὴν
746 5006 888 5058 κατὰ
938 5005 1164 5071 κόσμον,
1216 5004 1400 5073 ἐζήτει
1453 4998 1601 5072 παρὰ
1643 5008 1737 5057 τοῦ
1775 5003 1932 5073 βασι-

351 5103 499 5160 λέως
534 5099 691 5162 λόγον
743 5093 985 5159 ἐξελθεῖν
1018 5093 1119 5163 τῆς
1150 5094 1378 5154 πόλεως,
1421 5094 1517 5144 καὶ
1565 5094 1740 5145 ἐλθεῖν
1776 5097 1831 5145 ὲν
1857 5093 1934 5163 τῷ

354 5193 505 5260 ἁγίῳ
538 5190 676 5259 opst,
714 5189 805 5241 κοιλ¹
832 5186 1065 5257 μονάσαι
1106 5187 1163 5237 ἐν
1204 5184 1285 5236 ἐνὶ
1317 5184 1423 5235 τῶν
1455 5186 1838 5254 μοναστηρίων
1864 5199 1878 5214 ο
1908 5184 1936 5237 ὃ

358 5286 457 5337 καὶ
498 5282 793 5351 πεποίηκε,
822 5278 916 5331 καὶ
956 5276 1281 5337 διαϐιϐἆσας
1311 5274 1502 5344 χρόνον
1537 5277 1725 5328 ἱκανὸν
1761 5275 1936 5339 καλῶς

358 5381 421 5430 ἐν
472 5376 667 5446 εἰρήνῃ
713 5369 1084 5425 ἀνεπαύσατο.
1133 5368 1265 5420 Τότε
1313 5369 1407 5419 καὶ
1454 5367 1712 5437 όὊρχάν
1769 5370 1937 5435 ἐγγὺς

2036 4452 2279 4508 tantibus
2301 4448 2556 4503 omnibus
2581 4446 2747 4510 Italis,
2768 4433 3074 4511 eorumque
3105 4442 3245 4495 duce
3288 4442 3608 4506 Francisco,

2036 4544 2222 4616 populi
2256 4542 2420 4597 etiam
2476 4539 2829 4593 multitudine
2863 4545 2969 4589 tam
3002 4534 3362 4604 patriciorum
3398 4543 3453 4587 et
3493 4533 3613 4586 illu-

2040 4640 2259 4699 strium,
2314 4649 2477 4703 quam
2551 4632 2749 4701 plebis.
2792 4629 2929 4684 Tum
2961 4630 3126 4683 etiam
3152 4627 3399 4693 Augusta
3434 4627 3487 4678 in
3523 4640 3614 4678 oc-

2038 4743 2258 4783 cursum
2289 4724 2638 4797 imperatoris
2674 4725 2948 4793 processit
2991 4735 3116 4774 cum
3152 4719 3265 4772 tilio
3298 4716 3615 4770 Andronico

2040 4820 2217 4874 adhuc
2246 4817 2536 4880 infantulo,
2570 4816 2883 4882 mutuisque
2912 4812 3252 4879 amplexibus
3274 4826 3337 4865 se
3354 4810 3611 4863 salutant.

2040 4919 2094 4965 et
2124 4910 2231 4964 laeti
2264 4910 2526 4978 palatium
2567 4907 2978 4975 ingrediuntur.
3011 4902 3242 4971 Jamque
3274 4904 3589 4977 Cantgruze

2042 5016 2146 5054 nus
2175 5001 2431 5054 abdicato
2459 4997 2707 5065 imperio,
2735 4994 3086 5063 dimissisque
3126 4993 3338 5046 deliciis
3376 5004 3429 5046 et
3460 5009 3613 5044 tltltvr-

2044 5092 2183 5147 dana
2207 5093 2399 5161 gloria,
2434 5092 2825 5159 imperatorem
2855 5097 3030 5157 rogat,
3055 5097 3113 5140 ut
3146 5088 3286 5139 urbe
3308 5086 3556 5137 discvden
3586 5085 3615 5136 li

2046 5186 2152 5254 22
2186 5185 2345 5253 copia
2378 5184 2483 5238 sibi
2515 5183 2696 5243 detur.
2728 5181 3014 5251 possitque
3042 5181 3096 5233 in
3131 5193 3347 5233 sacrum
3380 5179 3617 5229 montum

2046 5278 2320 5340 secedere,
2386 5277 2571 5345 ibique
2600 5276 2652 5329 in
2689 5275 2871 5342 aliquo
2923 5273 3251 5325 monasterio
3307 5272 3472 5322 vitam
3504 5283 3621 5320 tuo-

2050 5369 2313 5423 nastiram
2342 5383 2521 5436 agere,
2562 5368 2707 5436 quod
2742 5368 2868 5420 vitae
2902 5366 3216 5419 institutum
3248 5363 3411 5416 etiam
3466 5376 3623 5414 srcu-

1562 5509 1847 5570 lsmacl’s
1881 5506 2172 5568 Bullialdi
2223 5514 2411 5568 uotae.

439 5642 550 5714 (63)
592 5640 699 5705 Τὰς
724 5640 955 5703 λαΐνας.
996 5634 1110 5691 Vox
1135 5643 1216 5689 est
1244 5634 1516 5691 idiotnatis
1550 5634 1783 5704 vulgatis
1818 5633 1908 5687 Gr;

2016 5651 2027 5695 ;
2074 5632 2269 5698 figulus
2304 5633 2493 5695 λαΐνας
2526 5633 2749 5693 dicitur.
2777 5645 2869 5685 vas
2904 5629 3067 5685 tictile
3094 5628 3260 5681 λαῖνι.
