3920 6194
1545 147 1552 151 .
1566 140 1728 154 .-.ι-ανον·
1753 133 1770 152 .“
1779 128 1816 152 ⁴Ι.·

261 238 368 299 833

1451 238 1827 301 HISTORIA
1871 235 2184 295 BYZANTl
2201 235 2319 295 NA.

3429 237 3533 303 834

246 350 352 404 καὶ
389 349 451 403 τὸ
475 347 593 418 μὲν
616 347 818 412 δεξιὸν
847 349 1306 419 κυκλοφορικῶς
1335 351 1590 421 ἀγέσθω,
1625 351 1820 419 ὁμοίω

1951 358 2060 400 tum
2095 362 2335 414 cautpum
2369 348 2420 399 in
2487 347 2687 400 ambitu
2733 349 3110 415 circumdare;
3175 350 3528 420 dextrumque

246 431 352 494 κὰί
383 441 448 494 τὸ
507 441 865 507 ἀριστερόν·
913 443 1012 493 και
1067 441 1459 510 χαρακώσατε
1502 442 1567 494 τὸ
1622 440 1834 493 πεδίον

245 533 434 598 ἅπαν,
469 532 566 584 καὶ
605 535 638 584 ὀ
661 530 874 598 ἐχθρὸς
905 531 975 584 ἐν
1003 533 1176 600 μέσῳ
1203 533 1284 596 ὡς
1308 534 1559 600 κέντρον
1584 532 1690 584 τοῦ
1725 534 1834 585 πό-

245 629 366 680 λου
398 627 718 691 εὑρεθήτω.
759 625 892 676 Τότε
924 627 990 677 τὰ
1018 626 1111 678 δύο
1145 627 1377 696 κέρατα,
1411 627 1470 678 τὸ
1502 626 1601 695 μὲν
1649 625 1713 678 ὲκ
1741 625 1832 676 δε-

243 717 400 782 ξιῶν,
428 717 486 768 τὸ
521 716 578 768 δὲ
609 717 668 779 ἐξ
712 716 1009 784 εὐωνύμων
1039 718 1276 787 ἦρξαντο
1305 719 1526 772 κυκλεῖν
1559 719 1620 770 τ³ι
1671 719 1830 784 περί-

243 825 422 874 γειον,
451 808 530 862 ἔτι
555 808 765 877 πρωϊας
789 807 979 879 οὗσης.
1012 809 1070 862 '0
1095 810 1150 862 δὲ
1177 810 1486 880 Παγιαζὴτ,
1517 811 1669 880 ἡλίου
1695 812 1832 863 ἀνα-

237 901 547 964 τέλλοντος,
583 901 675 952 καὶ
724 901 922 963 αὑτοὺς
952 902 1076 963 τοὺς
1126 902 1396 964 λεγεῶνας
1437 902 1700 967 συντάξας
1735 901 1832 954 καὶ

235 994 308 1044 τὸ
341 993 588 1046 ἐνυάλιον
612 993 822 1062 ἠχήσας
844 1033 857 1055 ,
893 993 1080 1046 ἵστατο
1121 995 1471 1062 ὲκδεξόμενος
1521 996 1829 1064 ἀφετηρίας

237 1087 400 1152 παρὰ
425 1088 536 1148 τοῖς
564 1086 819 1146 Σκύθαις.
867 1084 930 1136 Ol
952 1085 1005 1137 δὲ
1029 1085 1295 1155 ἔπραττον
1323 1087 1390 1139 τὰ
1421 1087 1830 1158 προσταχθέντα

237 1174 380 1226 ἄνευ
414 1175 597 1242 φωνῆς
629 1176 723 1226 καὶ
785 1175 1103 1245 ἀλαλαγμοῦ
1149 1176 1183 1246 ἦ
1237 1175 1330 1229 τοῦ
1367 1179 1622 1248 τυχόντος
1671 1179 1826 1249 ἤχου,

237 1264 605 1334 ἐργαζόμενοι
639 1267 712 1325 ὡς
756 1266 942 1319 ἄοκνοι
1002 1267 1317 1337 μύρμηκες.
1363 1270 1606 1339 Ἤρξατο
1660 1267 1753 1323 οὖν
1802 1273 1829 1323 ό

239 1355 532 1424 Παγιαζὴτ
563 1355 891 1424 ἀδολεσχῶν,
923 1360 1018 1410 καὶ
1055 1357 1293 1428 ὑϐρίζων
1324 1361 1450 1422 τοὺς
1488 1362 1828 1426 μεγιστᾶνας

239 1447 437 1512 αὑτοῦ,
463 1449 557 1500 καὶ
584 1452 710 1511 τοὺς
767 1449 1149 1513 τζιαϐούσιδας
1224 1450 1299 1520 (9)
1358 1451 1703 1516 ὑποϐιδάζων
1730 1451 1828 1504 καὶ

239 1539 441 1608 δέρων,
475 1539 548 1601 ὡς
585 1541 647 1591 οὑ
681 1541 864 1603 καλῶς
905 1543 994 1593 τὸν
1032 1543 1271 1612 πόλεμον
1316 1545 1707 1596 ἁντιτίθενται·
1743 1540 1826 1607 εἷς

239 1630 304 1682 δὲ
333 1633 442 1682 τῶν
475 1631 850 1701 ὑπερεχόντων
882 1634 988 1686 ὸ.πό
1011 1634 1103 1685 τοῦ
1141 1634 1336 1703 βάνδου
1369 1636 1459 1688 τοῦ
1497 1635 1654 1703 Ἀτὴν
1682 1635 1816 1704 (10),

237 1723 559 1786 ὲνωτισθεὶς
577 1723 650 1787 ὡς
670 1724 698 1776 ό
721 1726 909 1794 κύριος
940 1727 1105 1778 αὑτοῦ
1129 1730 1156 1780 ό
1191 1728 1353 1796 Ἀτὴν
1384 1728 1479 1779 σὺν
1501 1727 1579 1798 τῷ
1602 1727 1816 1796 ἁδελφῷ

241 1817 388 1869 κατὰ
415 1817 711 1886 πρόσωπον
743 1819 1012 1889 εἱστήκει,
1040 1821 1197 1889 ἀφεὶς
1225 1821 1351 1882 ὅλας
1382 1824 1481 1883 τὰς
1515 1820 1692 1890 ἡνίας,
1723 1820 1819 1872 καὶ

243 1909 427 1962 λαϐὼν
454 1910 514 1964 τὸ
546 1910 738 1979 βάνδον
771 1911 868 1964 σὺν
895 1914 1276 1975 πεντακοσίοις
1307 1914 1554 1976 ὁπλίταις
1592 1913 1820 1979 αὐτόμο-

242 1997 336 2059 λος
369 2000 451 2060 εἰς
485 2001 610 2060 τοὺς
647 2001 925 2063 ἐναντίους
985 2003 1242 2071 ἔδραμεν.
1281 2005 1343 2056 Ol
1376 2004 1432 2055 δὲ
1480 2002 1574 2056 τοῦ
1607 2004 1821 2072 Σαρχὲιν

238 2091 341 2140 καὶ
371 2090 521 2141 αὐτοὶ
551 2091 619 2142 τὰ
679 2091 844 2160 ὅμοια
899 2091 1193 2161 ἔπραττον,
1249 2096 1451 2164 ὁμοίως
1501 2097 1594 2148 καὶ
1638 2095 1690 2148 oi.
1725 2095 1820 2148 τοῦ

239 2184 536 2254 Μανταχία
569 2185 662 2239 καὶ
693 2187 785 2240 τοῦ
823 2189 1104 2258 Καρμιὰν,
1131 2191 1365 2259 ὁρῶντες
1394 2192 1519 2254 τοὺς
1545 2192 1818 2261 ἡγεμόνας

239 2275 427 2327 αὐτῶν
463 2277 770 2344 κράζοντας
797 2279 890 2330 καὶ
916 2297 982 2350 cr,
995 2270 1303 2348 μειοῦντας,
1329 2281 1408 2339 εἰς
1431 2281 1628 2345 αὐτοὺς
1651 2282 1838 2361 ἅπαν-⁸

235 2384 338 2428 τες
364 2368 612 2436 ἔφευγον,
637 2371 731 2424 καὶ
765 2371 899 2438 πρὸς
923 2374 1048 2435 τοὺς
1091 2374 1444 2438 ὑπεναντίους
1476 2375 1719 2447 ἐχώρουν
1744 2392 1757 2406 ·
1793 2377 1822 2428 ό

233 2461 302 2514 δὲ
335 2463 642 2532 Παγιαζὴτ,
677 2462 749 2524 ὼς
780 2464 985 2526 κολοιος
1025 2465 1158 2533 (Η),
1187 2466 1306 2519 κατ’
1337 2466 1519 2535 ὀλίγον
1548 2466 1818 2537 ἐψιλοῦτο.

245 2553 318 2610 Ὀ
351 2556 509 2626 χορὸς
547 2557 604 2608 δὲ
629 2558 736 2609 τῶν
768 2558 993 2612 Σκυθῶν
1038 2561 1348 2626 ἐκυκλοῦτο,
1376 2564 1473 2616 καὶ
1521 2566 1723 2633 σφαῖρα
1747 2562 1822 2624 ὡς

229 2649 374 2712 ἄρτι
407 2650 646 2716 ἐγένετο.
692 2651 838 2705 ’Ῑδὼν
865 2652 920 2705 δὲ
946 2652 1217 2720 Στέφανος
1245 2657 1271 2707 ὁ
1294 2654 1388 2706 τοῦ
1410 2655 1662 2726 Λαζάρου
1685 2657 1818 2720 υίδς,

228 2739 345 2792 καὶ
373 2740 799 2810 γυναικάδελφος
826 2740 921 2794 τοῦ
947 2743 1219 2809 Παγιζὴτ,
1246 2743 1324 2796 ἔτι
1354 2745 1527 2797 συνὼν
1554 2745 1702 2813 αὑτῷ
1728 2747 1822 2795 σὺν

231 2829 714 2900 πεντακισχιλίοις
755 2833 980 2903 ἀνδράσι
1012 2834 1232 2902 Σέρϐοις
1263 2836 1608 2904 δορυφόροις,
1632 2836 1723 2888 καὶ
1748 2834 1822 2904 μὴ

232 2921 431 2988 φέρων
460 2921 556 2990 τὴν
592 2915 782 2990 ἧτταν,
815 2923 1022 2992 ἁρεῑκῷ
1067 2923 1224 2994 θυμῷ
1277 2927 1411 2996 πρὸς
1455 2928 1581 2989 τοὺς
1615 2927 1820 2988 Σκύθας

232 3013 439 3081 χωρεῖ,
471 3013 770 3082 στήσαντες
798 3015 867 3066 τὰ
913 3015 1114 3085 δόρλτα
1142 3017 1316 3068 πάντα
1359 3017 1499 3070 κατὰ
1527 3019 1819 3086 πρόσωπον
1848 3032 1889 3088 C

231 3105 356 3158 τῶν
388 3105 635 3159 Σκυθῶν.
669 3107 731 3158 Ol
761 3105 818 3159 δὲ
849 3107 1056 3161 Σκῦθαι
1091 3108 1290 3171 ἰδόντες
1319 3108 1418 3178 τὴν
1441 3110 1646 3179 τόλμαν
1677 3110 1818 3178 πλή-

237 3214 348 3267 ρης
379 3196 613 3269 [πλήρη]
653 3199 850 3268 Θυμοῦ,
879 3203 1188 3266 ἀνοίξαντες
1208 3203 1377 3272 Θύραν
1405 3205 1614 3257 ἔδωκαν
1638 3206 1818 3268 αὑτοῖς

239 3289 500 3353 διέξοδον.
530 3293 593 3343 Ol
627 3292 682 3344 δὲ
711 3291 916 3344 Σκῦθαι
942 3294 1225 3357 ἐξόπισθεν
1248 3295 1473 3347 ἔϐαλλον
1493 3296 1670 3365 βέλεσι
1693 3298 1819 3357 τοὺς

251 3381 591 3450 στρατιώτας
619 3383 677 3434 ὲν
710 3385 823 3445 τοῖς
841 3383 1118 3446 ὀπισθίοις
1169 3385 1278 3438 τῶν
1311 3385 1516 3437 ἵππων·
1546 3387 1674 3448 τοὺς
1708 3388 1818 3456 γὰρ

245 3474 513 3536 ἐπιδάτας
538 3474 639 3527 οὑκ
666 3469 812 3543 εἶχον
842 3474 1105 3545 ἀδικῆσαί
1151 3494 1225 3540 τι,
1263 3478 1819 3548 περιπεφραγμένους

235 3566 402 3628 ὄντας
431 3565 624 3636 μέλανι
648 3567 872 3637 σιδήρῳ.
903 3569 967 3618 0i
995 3567 1050 3620 δὲ
1073 3568 1266 3638 Σέρὸοι
1293 3567 1456 3622 πάλιν
1476 3570 1819 3639 ἐπαναστρα-

235 3656 462 3720 φέντες,
495 3657 589 3710 καὶ
615 3657 774 3710 πάλιν
805 3657 975 3726 θύραν
998 3660 1337 3726 ἀνοίξαντες,
1369 3662 1422 3714 οἱ
1461 3661 1666 3714 Σκῦθαι
1693 3661 1821 3714 ἑδω-

235 3765 350 3798 καν
377 3747 560 3810 αὑτοῖς
589 3749 810 3801 εἴσοδον·
846 3749 985 3820 πλὴν
1033 3751 1090 3815 ἐξ
1120 3754 1449 3823 ἀμφοτέρων
1487 3753 1597 3805 τῶν
1635 3754 1819 3823 μερῶν

235 3839 447 3892 ἔπεσον
475 3841 574 3893 οὑκ
626 3841 826 3909 ὀλίγοι.
885 3842 1200 3911 Πλησιάσας
1257 3843 1314 3896 δὲ
1363 3845 1390 3896 ὁ
1442 3844 1713 3912 Στέφανος
1741 3845 1818 3911 τῷ

235 3935 560 4008 Παγιαζὴτ,
598 3937 690 3988 καὶ
716 3936 886 3989 εἰπὼν
912 3940 992 4000 είς
1020 3939 1082 3991 τὸ
1113 3935 1206 4002 οὖς
1240 3940 1399 3992 ἱκανὰ
1447 3940 1685 4009 ῥήματα.
1717 3939 1818 3990 οὑκ

232 4025 508 4092 εποίησεν
543 4027 703 4079 αὑτὸν
743 4029 1051 4100 καταπειθῆ
1075 4031 1169 4083 τοῦ
1198 4031 1525 4102 ἀποδρᾶσαι·
1576 4031 1676 4102 ἤδη
1721 4032 1820 4100 γὰρ

232 4119 702 4188 περιεκὺκλωσαν
749 4123 913 4174 αὑτὸν
948 4122 1106 4186 κύνες
1162 4124 1367 4186 πολλοὶ,
1397 4123 1587 4194 ταῦροι
1639 4125 1818 4186 πίονες

233 4211 539 4279 περιέσχον
563 4212 746 4294 αὑτόυν.
777 4211 835 4264 Ὀ
862 4214 917 4267 δὲ
949 4215 1242 4282 Στέφανος,
1266 4215 1407 4282 ὀρῶν
1441 4217 1508 4266 τὰ
1531 4215 1816 4284 γενόμενα,

233 4302 338 4354 καὶ
369 4301 695 4370 προὸλέπων
725 4305 789 4356 τὰ
825 4303 942 4372 μετ’
987 4306 1170 4373 ὀλίγον
1197 4307 1449 4374 ἐσόμενα,
1481 4309 1608 4368 τοὺς
1660 4306 1820 4368 ίδίους

1941 454 2104 490 conm
2135 449 2185 492 et
2224 441 2504 492 sinistrum
2533 441 2729 503 pariter
2756 442 2808 492 in
2826 441 3250 509 falcemcurvata
3276 447 3528 512 (ιι-ἱερνο-

1936 529 2114 582 cedere
2175 545 2194 582 :
2226 539 2390 582 totum
2422 531 2600 597 itaque
2626 545 2864 595 campum
2897 530 3313 596 circumuallata,
3355 543 3408 584 ut
3436 533 3531 586 ho-

1941 620 2039 672 stis
2082 621 2136 671 iu
2196 621 2394 681 medio,
2454 621 2594 672 i'elut
2636 632 2888 688 punctum
2954 622 3153 686 pclare,
3213 625 3528 689 reperiatur.

1939 712 2122 766 Ambo
2156 713 2281 766 inde
2337 728 2541 767 cornua
2597 714 2849 767 dextrum
2911 715 3340 784 sinistrumqne,
3399 733 3524 770 cum

1935 805 2114 858 adhuc
2139 820 2296 857 mane
2327 813 2498 867 eSset,
2527 817 2779 869 campum
2821 804 3029 858 circulo
3065 807 3217 859 facto
3255 809 3520 860 claudere

1934 902 2238 961 cmpernnt.
2271 892 2534 961 Bajazitcs
2557 894 2720 946 etiam
2740 893 2952 946 oriente
2979 894 3092 946 sole
3124 896 3360 964 legiones
3397 913 3526 952 snas

1934 981 2237 1048 disposuit,
2267 984 2552 1051 aciemque
2578 982 2864 1044 instrinxit,
2890 983 3184 1036 classicum
3248 984 3370 1036 cani
3404 991 3526 1048 jus-

1933 1073 2025 1135 sit,
2069 1070 2398 1140 Scytharum
2465 1074 2665 1127 deinde
2721 1075 3142 1141 in'ipressionein
3199 1085 3524 1142 exspectans

1932 1165 2131 1218 stabat.
2163 1162 2377 1233 Scytha:
2437 1166 2555 1219 sine
2598 1170 2828 1234 strepitu
2874 1177 2925 1221 et
2987 1169 3319 1221 clamoribus
3367 1167 3523 1220 ducis

1931 1259 2014 1308 sui
2039 1256 2192 1323 jnssa
2221 1267 2530 1324 capessunt,
2578 1269 2946 1326 tacentesque,
2976 1261 3124 1313 velut
3151 1262 3391 1329 impigrae
3412 1261 3522 1312 l'or-

1931 1349 2108 1414 micat,
2177 1349 2330 1418 operi
2394 1345 2740 1404 incumbunt.
2796 1351 2977 1417 Quare
3031 1352 3307 1421 Bajazites
3353 1354 3516 1407 verba

1929 1441 2162 1508 plurima
2179 1442 2391 1495 effutire
2404 1442 2589 1509 coepit,
2609 1444 3064 1511 contni'neliisqne
3084 1444 3358 1512 exagitare
3384 1461 3517 1512 prie-

1931 1532 2124 1600 cipnos
2150 1533 2360 1586 hostilis
2423 1535 2699 1586 exercitus
2728 1536 2895 1597 viros,
2917 1534 3359 1604 Gialmzidasque
3425 1539 3516 1589 de-

1928 1623 2536 1693 primere,probrisque
2583 1628 2962 1694 proscindere,
3023 1628 3168 1694 quod
3224 1628 3278 1680 in
3337 1645 3514 1697 pugna

1923 1715 2063 1768 hand
2090 1724 2308 1769 strenue
2342 1732 2399 1770 se
2424 1729 2689 1784 g-werent.
2723 1717 2790 1772 At
2832 1735 2972 1771 unus
3005 1721 3146 1772 inter
3199 1721 3513 1786 primarius,

1922 1809 2014 1878 qui
2034 1810 2136 1862 sub
2152 1811 2548 1865 vexillisAtinis
2571 1814 2832 1880 stipendia
2850 1821 3143 1877 meruerat,
3163 1827 3286 1864 cum
3313 1813 3518 1867 audiis—

1923 1912 2007 1956 set
2035 1902 2317 1956 dominum
2345 1919 2506 1957 suum
2537 1904 2750 1958 Atinem
2777 1920 2902 1958 cum
2959 1906 3129 1958 fratre
3189 1905 3242 1957 in
3268 1905 3385 1957 acie
3413 1903 3514 1958 Te-

1924 1991 2091 2062 myris
2111 1992 2325 2056 adesse,
2358 1993 2551 2049 elTusis
2595 1995 2824 2050 habenis
2845 1997 3148 2063 vexilloqne
3184 2005 3341 2064 rapto
3387 2011 3512 2049 cum

1924 2085 2238 2152 quingentis
2260 2087 2492 2139 armatis
2510 2087 2787 2155 equitibus
2817 2088 2881 2140 ad
2914 2087 3148 2158 Scythas
3173 2089 3511 2158 transfugit:

1926 2188 2063 2240 quos
2093 2177 2266 2228 secuti
2298 2183 2426 2229 sunt
2457 2176 2753 2230 Sarchanis
2790 2177 3018 2238 subditi,
3075 2176 3396 2231 Mantaehiae
3460 2191 3514 2232 et

1935 2264 2212 2319 Carmiani
2230 2281 2258 2318 a
2286 2265 2624 2334 principibus
2649 2267 2764 2320 suis
2791 2267 3029 2322 clamore
3058 2283 3121 2321 ac
3144 2276 3297 2336 gestu
3325 2283 3510 2322 accer-

1924 2358 2034 2410 siti.
2073 2357 2156 2411 Ad
2185 2359 2366 2411 hostes
2392 2358 2555 2426 igitur
2584 2374 2775 2411 mones
2805 2369 3114 2422 transeunt,
3140 2369 3214 2418 et.
3251 2369 3510 2427 tanquam

1842 2453 1851 2461 '
1925 2449 2124 2504 fabula:
2155 2450 2434 2517 graculus,
2470 2449 2735 2519 Bajazites
2763 2452 2968 2502 sensim
3024 2452 3313 2516 spoliatur.
3371 2452 3508 2520 Scy-

1926 2542 2148 2595 tharum
2175 2542 2390 2594 interim
2421 2543 2710 2596 multitudo
2733 2542 2786 2595 i-n
2812 2544 2997 2595 orbem
3020 2541 3260 2611 disponi,
3320 2545 3508 2596 circu-

1925 2634 2149 2700 luxuque
2179 2636 2361 2686 statim
2394 2636 2741 2688 concludere.
2780 2635 2937 2698 Quod
2988 2651 3110 2688 cum
3164 2637 3508 2688 aiiiinadver-

1925 2729 2083 2780 tisset
2106 2727 2418 2794 Stephanus
2463 2724 2652 2778 Lazari
2724 2726 2868 2779 filius
2929 2725 3185 2792 Bzijazitis
3243 2728 3507 2790 sororins,

1926 2816 2133 2886 quique
2177 2817 2228 2871 in
2260 2818 2365 2870 hoc
2414 2818 2601 2885 pra-lio
2651 2816 2891 2884 quinque
2942 2817 3106 2870 millia
3168 2819 3506 2872 hastatorqu

1926 2907 2244 2962 Serviorum
2275 2907 2529 2970 ducebat,
2563 2908 2707 2960 vinei
2732 2923 2792 2961 se
2843 2924 2951 2960 non
3007 2907 3210 2974 ferens,
3269 2912 3507 2963 inartiali

1926 3000 2177 3054 animoin
2220 2997 2451 3069 Scythas
2473 2999 2581 3068 36
2602 2999 2775 3052 hastis
2834 2999 3118 3054 ineorum
3178 3017 3271 3055 ora
3331 3004 3505 3056 versis

1927 3089 2347 3157 impressionem
2379 3087 2529 3142 facit.
2562 3088 2735 3157 Cujus
2773 3089 3058 3143 audaciam
3128 3089 3507 3161 hinnitumque

1923 3181 2184 3249 impetum
2219 3181 2482 3244 videntes,
2530 3179 2757 3232 minime
2811 3181 3216 3246 sustinuerunt,
3291 3184 3384 3236 sed
3438 3201 3504 3237 ex

1922 3285 2152 3342 utroque
2226 3274 2399 3327 latere
2451 3275 2710 3329 cedentes
2771 3276 2978 3329 exitum
3024 3279 3072 3330 ei
3132 3275 3503 3346 patefecerunt

1923 3365 2158 3435 Scythae.
2191 3366 2284 3432 qui
2323 3366 2442 3418 telis
2472 3381 2536 3418 ac
2558 3367 2770 3434 sagittis
2791 3368 2844 3422 in
2901 3383 3166 3433 equorum
3198 3370 3502 3439 posteriom

1923 3457 2128 3520 missis,
2155 3471 2278 3508 cum
2312 3455 2505 3510 ferreis
2537 3456 2722 3512 loricis
2757 3469 2994 3512 armatos
3013 3469 3257 3514 vectores
3306 3463 3500 3531 nequi-

1922 3561 2062 3614 rent,
2105 3566 2274 3621 equos
2301 3549 2680 3602 volnerarunt.
2707 3548 2774 3602 At
2809 3547 3005 3614 Servii,
3042 3549 3196 3604 ﬂexis
3235 3554 3392 3620 cquis
3447 3555 3498 3606 in

1923 3643 2111 3697 hostes
2149 3642 2344 3696 iterum
2378 3641 2600 3704 invecti,
2630 3641 2770 3692 viam
2791 3641 2967 3694 denuo
2997 3642 3122 3705 sibi,
3159 3641 3378 3712 Scythis
3405 3659 3497 3696 ce-

1923 3734 2204 3799 dentibus,
2241 3745 2293 3788 et
2319 3734 2388 3786 ab
2413 3743 2643 3801 utraque
2698 3743 2851 3800 parte
2917 3733 3104 3787 multis
3158 3735 3498 3800 cadentibus,

1922 3836 2276 3894 aperuerunt.
2313 3825 2558 3878 Accessit
2589 3824 2783 3877 deinde
2811 3823 3117 3894 Stephanus
3162 3826 3226 3878 ad
3287 3826 3500 3897 Βαίτιῑὶ-

1924 3927 2052 3981 tem,
2079 3917 2414 3985 multumque
2471 3929 2780 3969 sermonem
2817 3917 2869 3968 in
2907 3930 3092 3970 aurem
3134 3919 3180 3971 ei
3209 3918 3354 3982 fecit,
3405 3921 3500 3975 sed

1922 4009 2252 4078 persuadere
2270 4006 2476 4074 nequit,
2508 4014 2566 4059 ut
2583 4004 2762 4074 fugam
2783 4006 3034 4076 arripiat.
3056 4007 3208 4061 Illum
3235 4010 3494 4078 equidem

1919 4100 2031 4170 jam
2059 4101 2437 4154 concluserant
2466 4112 2629 4153 canes
2681 4098 2860 4160 multi,
2925 4098 3062 4154 tauri
3107 4101 3333 4170 pingues
3385 4117 3502 4156 aiu-

1925 4195 2169 4250 biebant.
2203 4191 2508 4246 Attendens
2539 4207 2668 4260 ergo
2695 4190 3005 4259 Stephanus
3024 4192 3088 4246 ad
3110 4207 3172 4245 ea
3199 4209 3319 4260 qua:
3350 4209 3503 4266 gere-

1923 4287 2146 4351 bantur,
2182 4284 2498 4352 exitumqne
2530 4283 2699 4352 pra-lii
2735 4284 3026 4338 instantem
3062 4286 3388 4352 prtuviileus,
3412 4301 3502 4339 co-

226 4393 450 4456 λαΰὼν,
481 4395 687 4446 καὶτὸν
728 4395 945 4465 πρῶτον
982 4397 1095 4448 υἱὸν
1143 4398 1236 4448 τοῦ
1283 4398 1565 4465 Παγιαζὴτ
1616 4399 1709 4452 τὶν
1735 4398 1814 4450 λε-

1928 4380 2040 4448 pias
2076 4392 2200 4430 suus
2232 4386 2288 4431 et
2318 4377 2736 4445 primogenitum
2762 4373 3018 4445 Bajazitis
3068 4376 3235 4430 lilium
3301 4379 3504 4432 Musul-

228 4487 478 4554 γόμενον
510 4487 880 4556 Μουσουλμὰν
912 4489 1046 4558 (12),
1086 4490 1326 4558 κρούσας
1363 4492 1421 4543 ἐν
1453 4492 1607 4560 μέσῳ
1655 4491 1816 4544 πάλιν

235 4579 352 4630 τῶν
389 4578 753 4643 ὑπεναντίων,
780 4580 873 4631 καὶ
915 4580 1012 4634 σὺν
1053 4581 1282 4651 δυνάμει
1318 4583 1486 4653 πολλῇ
1533 4583 1814 4652 ἀραιὼσας

231 4672 469 4734 αὐτοὺς,
514 4672 607 4723 καὶ
644 4669 969 4724 ἀποὸἁλλων
1014 4673 1263 4737 πολλοὺς,
1294 4673 1389 4726 καὶ
1442 4674 1602 4734 αὐτὸς
1650 4689 1812 4724 κατα-

1927 4485 2146 4524 manum
2173 4469 2418 4527 abduxit.
2447 4467 2768 4536 inediosque
2820 4483 3010 4522 rursus
3077 4469 3258 4524 hostes
3321 4471 3498 4524 valida

1922 4560 2280 4628 impressione
2306 4559 2607 4626 perrumpit
2661 4571 2724 4610 ac
2781 4557 3102 4612 disturbat:
3168 4564 3498 4628 tandemque

1923 4666 2086 4703 manu
2122 4665 2219 4702 sua
2255 4649 2440 4702 multis
2482 4646 2731 4700 hostibus
2760 4649 2938 4708 caesis,
2981 4663 3200 4701 suorum
3249 4651 3496 4715 ptui-imis

1420 4807 1704 4870 lsmaelis
1735 4808 2040 4870 Bullialdi
2093 4817 2281 4870 noue.

315 4938 394 5006 (9)
431 4935 856 5004 Τᾷαϐούζιδας.
887 4937 1036 4992 Hanc
1065 4937 1341 5005 periodum
1373 4953 1480 4991 non
1513 4938 1584 4992 ita
1613 4939 1814 4992 claram

231 5010 312 5062 ob
342 5008 588 5060 auctoris
629 5009 902 5076 impurum
965 5010 1186 5077 stylum,
1245 5011 1815 5076 constructionemquc

227 5081 561 5138 barbaram,
599 5083 865 5131 vertimus
901 5077 1001 5130 hoc
1027 5092 1210 5134 sensu.
1267 5085 1323 5128 ut
1357 5078 1647 5144 Bajazitem
1683 5078 1812 5129 Pero

227 5150 319 5205 sis
381 5148 656 5216 ignaviam
703 5152 1120 5216 exprobrantem
1178 5151 1629 5212 exposuerimus;
1688 5164 1811 5202 cum

227 5230 404 5271 antea
449 5219 513 5270 de
540 5231 599 5270 sc
626 5219 796 5271 multa
829 5217 1171 5286 jactavisset,
1197 5225 1248 5286 et
1268 5218 1663 5269 contumeliose
1683 5232 1811 5285 erga

225 5303 336 5342 eos
360 5302 421 5341 se
445 5288 729 5355 gessisset.
791 5285 906 5340 Non
964 5288 1082 5339 sine
1134 5285 1347 5336 ratione
1405 5286 1572 5338 etiam
1640 5297 1814 5354 potest

226 5359 476 5425 intelligi
507 5355 774 5424 Bajazites
799 5358 916 5411 suis
939 5356 1136 5416 iratus,
1167 5355 1304 5420 quod
1328 5369 1558 5422 pugnam
1589 5357 1811 5424 segnius

229 5430 476 5490 inirent,
509 5427 706 5494 probra
733 5428 782 5478 in
809 5441 903 5480 eos
931 5426 1165 5493 iactasse
1189 5441 1202 5487 ;
1269 5433 1502 5493 tumque
1531 5441 1624 5493 per
1680 5425 1808 5478 Tia-

229 5498 475 5551 buridas
509 5495 776 5548 Tzauzios
813 5497 1109 5563 intelligere
1141 5497 1431 5562 Oportebit.

313 5570 430 5636 (10)
473 5567 622 5619 Ἀπὸ
655 5566 760 5618 τοῦ
783 5565 1019 5629 ,βάνδου
1044 5563 1152 5617 τοῦ
1221 5564 1418 5630 Ἀτήν.
1473 5564 1677 5636 Omnes
1721 5565 1809 5619 isti

230 5635 555 5693 'l‘uicorum
585 5637 756 5707 reguli
789 5638 877 5691 hic
929 5636 1258 5697 enumerati,
1314 5646 1472 5690 antea
1502 5653 1531 5691 a
1583 5635 1816 5704 Bajazite

1919 4935 2138 5002 spoliati
2173 4935 2407 4995 fuerant,
2436 4943 2490 5002 et
2545 4935 2847 4989 (titionibus
2879 4935 2996 4990 suis
3043 4937 3212 4993 exuti.
3241 4945 3294 4986 nt
3326 4949 3489 5002 Supra

1915 5001 2116 5058 Noster
2146 5006 2440 5058 enarravit.
2480 5001 2706 5059 Leuncl.
2743 5007 2840 5060 lib.
2876 5021 2949 5058 VII
2983 5006 3124 5058 idem
3163 5007 3227 5058 de
3260 5001 3492 5070 haurite

1916 5078 1988 5129 ab
2023 5074 2244 5125 illorum
2299 5073 2613 5141 regulorum
2675 5077 2910 5128 subditis
2964 5078 3180 5128 deserto
3235 5086 3487 5130 teSutttt'.

1914 5145 2632 5214 b’a’ivripuautems'guillcm
2704 5147 2973 5207 vexillum,
3028 5155 3082 5199 et
3141 5146 3490 5214 βανδοφόρος,

1912 5212 2193 5283 vexillifcr.
2223 5212 2430 5283 Βανδον
2452 5212 2650 5283 Turcis
2682 5214 2934 5283 Sangiak.

1983 5285 2031 5354 (l
2052 5285 2095 5351 l)
2144 5282 2207 5335 '0
2239 5282 2308 5334 δὲ
2328 5281 2625 5350 Παγιίιζὴτ
2672 5287 2751 5349 ὡς
2779 5281 3038 5348 κολοιός.
3068 5285 3263 5338 Fabula
3321 5287 3493 5342 notis-

1912 5354 2046 5409 sima
2069 5354 2302 5423 gracnli,
2331 5355 2425 5422 qui
2460 5355 2658 5420 plumis
2691 5356 2886 5410 alienis
2920 5372 2977 5412 se
3005 5358 3388 5421 adornaverat,
3420 5359 3490 5412 ab

1917 5425 2038 5498 aliis
2069 5425 2270 5478 deinde
2300 5424 2514 5487 avibus,
2544 5426 2671 5478 dum
2705 5442 2833 5481 suas
2859 5443 3086 5497 quaeque
3116 5427 3330 5497 repetit,
3363 5443 3492 5498 spo-

1921 5497 2083 5549 liatus
2113 5503 2215 5546 est.

1999 5565 2111 5636 (12)
2145 5564 2250 5618 ίιαὶ
2288 5565 2395 5618 τόν
2427 5564 2664 5631 πρῶτον·
2698 5567 2831 5620 υἱόν
2864 5568 2966 5622 τοῦ
3034 5567 3327 5637 Παγιαζὴτ
3387 5569 3493 5621 τὸν

1939 5637 2254 5704 ιεγόμενον
2284 5637 2718 5706 Μουσουλμιίν.
2753 5639 3048 5708 Laonicus,
3108 5643 3199 5695 lib.
3235 5655 3313 5707 in,
3380 5655 3486 5694 non
