3920 6194
449 178 555 240 8i3

1964 182 2184 241 DUCE
3554 190 3639 255 διι

447 293 621 347 mutio
668 303 719 345 et
752 292 889 346 Asso
921 291 1239 360 Pergamum
1296 293 1548 355 accessit,
1607 292 1788 362 ibique
1823 294 2013 347 diebus

2125 298 2436 367 Πέργαμον,
2500 298 2663 349 κάκεῖ
2720 296 2952 366 ποιήσας
3006 296 3235 366 ἡμέρας,
3293 301 3384 353 καὶ
3422 301 3645 372 ἀθροίσας

446 388 653 455 aliquot
702 386 1023 438 immoratus
1076 385 1365 437 thesauros
1421 384 1637 439 urbium
1710 386 2014 441 vicinarum

448 477 731 545 rompilat,
791 489 1098 544 puerosque
1143 482 1196 525 et
1230 474 1437 541 puellas
1486 476 1731 542 captivos
1765 491 2017 545 compre-

449 570 656 630 hendit,
707 580 1006 633 omnesque
1061 564 1271 618 'I‘nrcos
1310 574 1364 618 et
1403 564 1680 619 Romanos
1736 566 2019 634 suppliciis

445 661 579 714 diris
613 659 845 719 vexavit,
882 669 938 710 ut
971 672 1161 709 aurum
1199 664 1253 709 et
1286 667 1568 725 argentum
1620 656 1688 708 ab
1719 656 1799 709 eis
1839 663 2019 707 extor-

445 765 657 821 queret;
693 751 941 818 aliosque
972 750 1085 818 igni
1114 749 1361 809 tradidit.
1394 748 1530 801 alios
1557 748 1842 802 conclusos
1876 748 2019 800 fame

444 844 712 899 enecavit.
742 842 968 896 Cunctis
999 841 1184 907 itaque
1208 840 1415 893 divitiis
1443 856 1629 893 earnm
1661 840 1877 891 urbium
1902 853 2022 891 cor-

446 937 585 990 rasis
617 935 948 1005 Magnesiam
982 933 1046 987 ad
1092 932 1335 1001 Sipylum
1391 943 1629 985 montem
1684 933 1844 984 sitam
1894 946 2019 999 pro-

446 1034 623 1083 fecnis
656 1038 760 1090 est;
800 1027 908 1080 illic
934 1025 1208 1093 congessit
1240 1024 1551 1078 universam
1579 1022 1760 1092 Lydia:
1792 1038 2016 1077 auream

448 1127 876 1185 argenteamque
954 1113 1384 1181 supellectilem,
1461 1126 1784 1179 omnemque
1853 1126 2016 1179 quam

448 1213 689 1275 Sardeis,
720 1209 1092 1275 Philadelphia
1117 1218 1172 1260 et
1201 1207 1411 1260 Attalus
1432 1207 1803 1275 possidebant.
1833 1206 2022 1275 Smyr-

449 1320 570 1356 nam
600 1302 796 1357 deinde
837 1300 1120 1369 profectus
1145 1309 1325 1353 castra
1354 1298 1758 1363 metaturjuxta
1786 1298 2020 1365 oppidu-

449 1396 560 1447 lum
589 1395 656 1447 ab
699 1391 1210 1462 Hierosolymitanaz
1243 1390 1451 1442 militia:
1493 1388 1753 1443 fratribus
1796 1388 2021 1442 Ilhodiis

446 1487 723 1552 «ciuilibus
752 1494 997 1553 tempore
1038 1481 1327 1537 memorati
1366 1480 1621 1535 llomuris
1649 1491 2019 1544 exstructum,

448 1580 612 1647 idque
639 1577 740 1631 sibi
770 1577 892 1629 dedi
926 1575 1187 1642 postulat.
1220 1575 1295 1629 ,At
1337 1573 1529 1625 Rhodii
1563 1573 1756 1626 fratres
1804 1573 2019 1641 equites

450 1670 501 1721 id
530 1682 792 1726 renuere.
832 1665 974 1733 quod
1016 1664 1231 1730 plurimi
1288 1662 1387 1714 viri
1444 1661 1767 1729 feminaeque
1803 1661 1852 1713 in
1891 1662 2019 1715 illud

448 1758 847 1826 confugissent.
912 1754 1175 1821 Ephesii,
1238 1753 1484 1821 Thyrmi,
1535 1750 1834 1820 Nympliaei,
1887 1752 2023 1805 alia-

450 1865 679 1917 rumque
708 1849 923 1900 urbium
953 1845 1278 1906 Christiani,
1308 1845 1413 1898 loci
1449 1844 1705 1897 firmitate
1740 1844 1881 1908 freti,
1923 1859 2021 1897 nec

449 1960 477 1995 a
515 1955 788 2009 quoquam
822 1948 1190 2007 expugnatum
1229 1938 1290 1989 iri
1335 1935 1853 2001 conlidentes.,Cum
1877 1936 2020 1988 enim

449 2032 579 2084 illud
619 2033 663 2081 vi
703 2031 905 2083 frustra
941 2042 1083 2095 saepe
1121 2036 1378 2080 tentasset
1403 2026 1691 2095 Bajazites,
1726 2027 2021 2096 quotannis

449 2122 720 2192 prmsidiis
774 2120 1046 2188 impositis
1108 2119 1291 2172 aditus
1343 2120 1685 2188 occupabat,
1754 2127 1812 2171 ut
1880 2117 2023 2170 fame

450 2220 809 2282 expugnaret.
835 2211 971 2264 Tum
994 2209 1371 2278 expugnandae
1397 2211 1540 2263 arcis
1576 2209 1812 2263 consilio
1836 2218 2019 2278 capto,

450 2303 651 2373 ‘l‘emyr
681 2312 870 2371 portus
916 2303 1220 2369 ingressum
1250 2300 1499 2365 obsrpire
1548 2301 1880 2369 aggreditur,
1914 2300 2025 2352 edi-

451 2396 633 2462 citqne
678 2394 778 2446 sub
805 2406 1107 2459 vesperam,
1146 2399 1202 2442 ut
1235 2391 1469 2443 ciastina
1503 2390 1620 2442 luce
1655 2390 1852 2457 singuli
1882 2390 2022 2442 mili-

452 2496 532 2537 tes
574 2482 805 2550 lapidem
842 2479 1172 2537 affet-antae!
1202 2481 1252 2530 in
1283 2490 1468 2545 portus
1495 2478 1677 2532 fauces
1711 2478 2020 2545 projiciant.

451 2575 558 2645 40
588 2572 739 2636 Quod
781 2568 978 2622 deinde
1014 2568 1239 2630 factum,
1278 2568 1342 2619 iis
1383 2567 1473 2635 qni
1528 2568 1580 2618 in
1635 2567 1835 2635 oppido
1888 2582 2020 2619 con-

451 2664 796 2720 elnsierant,
862 2660 1109 2711 timorem
1177 2658 1446 2723 ingentem
1484 2656 1708 2723 objecit,
1773 2656 2023 2708 triremes

453 2769 637 2824 porro,
675 2762 977 2817 czeteraque
1015 2748 1255 2815 navigia,
1292 2748 1395 2799 nisi
1433 2747 1609 2814 prima
1663 2746 1768 2800 diei
1800 2749 1930 2799 hora
1968 2748 2019 2798 in

453 2850 620 2899 altum
654 2843 1027 2904 deduxissent,
1081 2855 1110 2892 a
1144 2839 1359 2908 Scythis
1401 2838 1623 2891 incensa
1682 2837 1889 2890 forent:
1925 2838 2017 2905 qui

2120 389 2229 442 τῶν
2273 389 2435 459 πέριξ
2471 389 2680 441 πόλεων
2735 391 2864 451 τοὺς
2912 389 3239 458 θησαυροὺς,
3271 392 3361 445 καὶ
3400 395 3646 464 αἰχμαλω-

2120 482 2277 542 τίσας
2303 482 2456 543 νέους
2487 481 2578 533 καὶ
2608 482 2922 543 παιδίσκας.
2956 483 3052 535 καὶ
3098 483 3349 547 κολάσας,
3382 488 3470 539 καὶ
3499 506 3646 557 τιμω-

2126 573 2306 642 ρήσας
2361 574 2571 636 πάντας
2622 574 2903 641 Τούρκους
2932 592 2990 626 τε
3034 575 3127 627 καὶ
3166 575 3477 642 Ῥωμαίους,
3512 598 3648 651 πυρι.

2122 660 2409 729 καῦστους,
2431 668 2524 719 καὶ
2546 666 2895 733 ὲγκλείστους
2922 667 3027 719 ὑπὸ
3054 665 3265 728 ἀσιτίας
3289 668 3647 742 λιμοκτονήσας

2121 756 2284 808 ἓνεκα
2320 755 2525 822 χρυσοῦ
2556 756 2650 807 καὶ
2676 756 2965 823 ἀργυρίου,
3003 756 3177 807 πάντα
3211 758 3433 811 πλοῦτον
3469 768 3647 831 σωρεῦο

2124 863 2242 906 σας,
2273 842 2436 915 ἦλθεν
2464 848 2543 905 εἰς
2574 846 2902 925 Μαγνησίαν
2943 846 3042 915 τὴν
3072 848 3127 898 ἐν
3162 848 3375 918 Σιπύλῳ
3399 855 3649 921 κειμένην.

2124 936 2299 988 Κάκεῖ
2345 936 2710 1003 συναθροίσας
2762 936 2941 987 πάντα
2992 937 3062 987 τά
3109 937 3207 1003 τῆς
3243 940 3433 1000 Λυδίας
3474 942 3651 1011 χρύσεά

2122 1044 2180 1085 τε
2243 1027 2338 1078 καὶ
2386 1028 2607 1094 ἀργυρᾶ
2653 1027 2937 1095 κειμήλια,
2989 1029 3079 1079 καὶ
3123 1029 3298 1080 πάντα
3342 1031 3428 1081 τὸν
3464 1033 3518 1083 ὲν
3555 1037 3654 1096 ταῖς

2124 1118 2349 1185 Σάρδεις
2377 1156 2391 1176 ,
2421 1122 2514 1169 καὶ
2561 1117 2905 1187 Φιλαδελφίᾳ.
2944 1120 3035 1170 καὶ
3088 1119 3326 1190 ’Δττάλῳ
3351 1121 3657 1192 (9.8).σωρεύ-

2126 1226 2225 1271 σας
2248 1209 2498 1273 πλοῦτον,
2530 1206 2692 1277 ἦλθεν
2743 1212 2824 1273 είς
2877 1212 3152 1278 Σμύρναν.
3202 1214 3379 1264 Κάκεῖ
3411 1216 3654 1276 τεντὼσας

2124 1301 2181 1351 ὲν
2225 1298 2306 1368 τῷ
2350 1301 2613 1369 πολιχνίῳ
2658 1300 2767 1351 τῶν
2804 1302 3065 1368 φρερίων,
3096 1302 3124 1353 δ
3164 1302 3454 1371 ἀνήγειραν
3482 1304 3532 1354 ιν
3553 1307 3654 1363 ταῖς

2125 1390 2361 1459 ἡμέραις
2402 1390 2496 1442 τοῦ
2541 1391 2952 1461 προρῤηθέντος
3014 1392 3245 1460 Ὀμοὺρ,
3300 1392 3475 1461 ἐζήτει
3524 1395 3656 1447 τοῦτο

2126 1482 2256 1549 παρ’
2283 1482 2488 1534 αὐτῶν.
2538 1482 2627 1545 Ὦς
2655 1484 2711 1535 δὲ
2740 1484 3030 1550 ἀντέλεγον
3055 1484 3103 1536 ol
3141 1485 3377 1553 φρέριοι,
3407 1480 3535 1554 ἦσαν
3567 1488 3655 1552 γὰρ

2126 1575 2371 1625 πλεῖστοι
2420 1574 2612 1643 ἄνδρες
2658 1592 2716 1625 τε
2767 1577 2863 1627 καὶ
2903 1578 3162 1641 γυναῖκες
3201 1577 3587 1644 προσφυγόντες
3609 1580 3657 1629 ὲν

2124 1664 2203 1732 τῷ
2257 1667 2522 1733 φρουρίῳ,
2590 1666 2866 1732 Ἐφέσιοι,
2919 1666 3173 1733 Θύραιοι,
3225 1669 3499 1736 Νύμφαισι
3545 1668 3656 1736 (29),

2123 1752 2217 1803 καὶ
2252 1752 2361 1803 ἀπὸ
2389 1751 2566 1805 ἄλλων
2598 1753 2807 1805 πόλεων
2856 1755 3203 1822 Χριστιανοὶ,
3240 1758 3573 1828 θαρροῦντες,
3597 1759 3657 1820 ὡς

2122 1845 2180 1895 οὐ
2210 1845 2630 1913 κυριευθήσεται
2662 1847 2812 1913 παρά
2840 1863 2982 1908 τινος
3015 1863 3029 1878 ’
3071 1849 3164 1900 καὶ
3198 1852 3306 1917 γὰρ
3349 1853 3374 1903 ὁ
3409 1851 3658 1919 Παγιαζὴτ

2124 1935 2244 1986 κατ’
2278 1936 2399 1994 ἔτος
2452 1936 2734 2002 ἐπολέμει,
2766 1937 2861 1989 καὶ
2891 1939 2950 1989 οὐ
2981 1936 3252 1991 διέλειπεν
3298 1941 3539 2007 ἀσφαλῶς
3583 1943 3661 2003 τὰς

2122 2024 2390 2089 διεξόδους
2445 2028 2651 2094 τηρῶν,
2710 2029 2858 2085 ὅπως
2903 2031 3006 2083 ὑπὸ
3057 2031 3156 2083 τοῦ
3208 2032 3368 2099 λιμοῦ
3420 2036 3661 2102 ἐγκρατὴς

2123 2120 2345 2188 γένηται
2395 2119 2501 2171 ,τοῦ
2554 2120 2873 2188 πολιχνίου,
2924 2123 3030 2174 ὑπὸ
3092 2125 3205 2193 γάρ
3265 2126 3504 2195 πολέμου
3532 2126 3665 2178 οὐδὲν

2123 2212 2283 2280 ἧνυεν
2308 2227 2321 2241 ·
2350 2212 2468 2263 τότε
2496 2215 2522 2263 ὁ
2547 2211 2735 2281 Τεμὺρ
2768 2216 2848 2276 εἰς
2878 2213 3003 2266 νοῦν
3032 2215 3215 2268 λασὼν
3256 2219 3474 2286 φράττει
3506 2218 3559 2269 τὸ
3585 2217 3659 2270 τοῦ

2123 2301 2344 2370 λιμένος
2389 2304 2603 2370 στόμα,
2638 2303 2922 2366 διαλαλιάς
2984 2308 3221 2375 ποιήσας
3292 2308 3384 2375 ἀφ’
3435 2309 3660 2376 ἑσπέρας.

2123 2393 2213 2445 ἵνα
2261 2393 2322 2444 τὸ
2366 2392 2513 2461 πρωῒ
2563 2395 2590 2445 ὀ
2634 2391 2823 2455 καθεὶς
2869 2395 2981 2446 τῶν
3021 2397 3377 2464 στρατιωτῶν
3408 2397 3504 2448 ἀνά
3543 2396 3663 2447 idem

2124 2486 2284 2553 ἄρας,
2318 2486 2463 2553 ῥίψει
2511 2488 2568 2538 ὲν
2621 2484 2698 2553 τῷ
2743 2487 2975 2555 στόματι
3010 2488 3105 2540 τοῦ
3142 2490 3385 2557 λιμένος,
3416 2489 3443 2540 ὃ
3475 2490 3559 2541 καὶ
3580 2487 3658 2554 γι·

2125 2593 2300 2645 γονεν.
2364 2577 2632 2645 Ὀρῶντες
2686 2579 2741 2631 δὲ
2794 2580 2846 2631 οἱ
2899 2580 2993 2631 τοῦ
3045 2580 3316 2649 κάστρου,
3352 2581 3659 2633 ὲδειλίασαν·

2126 2674 2219 2725 καὶ
2246 2676 2292 2725 εἰ
2328 2673 2401 2742 μὴ
2440 2675 2700 2727 εἵλκυσαν
2732 2674 2830 2735 τάς
2862 2675 3113 2743 τριήρεις
3152 2676 3248 2727 καὶ
3280 2676 3345 2727 τά
3402 2674 3551 2726 πλοῖα
3578 2673 3664 2735 ἔξω

2123 2764 2214 2815 τοῦ
2247 2765 2466 2832 λιμένος
2524 2768 2579 2816 ὲν
2634 2766 2710 2834 τῷ
2760 2765 3009 2832 πελάγει,
3065 2769 3129 2834 τῇ
3189 2754 3383 2840 πρῶτῃ
3428 2768 3537 2838 ὥρᾳ
3582 2768 3664 2832 τῆς

2126 2855 2360 2925 ἡμέρας,
2391 2855 2781 2923 ὲτεφρὼθησαν
2815 2856 2881 2909 ἂν
2909 2858 3061 2925 παρὰ
3083 2857 3197 2910 τῶν
3227 2859 3447 2911 Σκυθῶν
3470 2873 3486 2889 ⁸
3521 2856 3662 2927 ἀρξάο

453 2955 575 2992 cnm
634 2937 702 2988 ah
761 2948 958 2986 aurora
990 2932 1055 2984 ad
1088 2931 1219 2984 solis
1265 2939 1443 2982 ortum
1491 2930 1699 2997 lapides
1729 2944 2021 2996 congerere

2129 2965 2279 3016 μενοι
2321 2948 2378 3000 δὲ
2433 2948 2573 3015 πρωῒ
2619 2950 2746 3016 ἄχρι
2794 2950 2893 3017 τῆς
2935 2949 3163 3017 πρώτης
3208 2949 3379 3020 ὧρας,
3433 2950 3665 3018 ἐποίησαν

455 3028 769 3094 cmpissenl.
841 3033 1131 3089 utrumque
1174 3022 1324 3072 littus
1356 3034 1550 3088 aggere
1589 3020 1907 3089 junxerunt,
1970 3031 2022 3074 ct

456 3128 642 3186 portus
682 3116 883 3167 ostium
945 3113 1379 3166 desiccaverunt.
1421 3112 1596 3179 Atque
1644 3110 1855 3163 decima
1898 3125 2022 3179 pars

456 3210 711 3269 militum,
738 3205 866 3272 quid
910 3200 1358 3256 decimamdico?
1396 3200 1510 3266 ipsa
1548 3199 1849 3254 centesima
1869 3201 2020 3268 operi

453 3298 707 3353 faciundo
743 3296 1030 3363 plusquam
1084 3293 1219 3346 satis
1254 3293 1374 3347 fuit.
1400 3290 1615 3361 Ubique
1662 3295 1803 3345 enim
1854 3292 2022 3345 innu-

454 3403 602 3441 mera
634 3386 867 3439 militum
896 3383 1186 3438 multitudo
1205 3382 1402 3437 dillusa
1444 3383 1654 3443 aberat,
1685 3397 1902 3434 omnem
1941 3398 2024 3435 re-

455 3482 671 3546 gionem
707 3494 800 3547 per
854 3475 1120 3530 ambitum
1168 3473 1573 3541 occupantium,
1635 3472 1901 3541 aliamque
1955 3488 2021 3525 ex

456 3576 579 3633 alia,
609 3572 929 3641 priusquam
969 3570 1036 3624 de
1059 3584 1247 3622 eorum
1285 3568 1519 3619 adventu
1566 3567 1856 3635 quicquam
1888 3581 2024 3635 pm-

455 3666 715 3729 sciretcr,
755 3661 1212 3731 percurrentium.
1271 3657 1389 3712 Uno
1434 3657 1686 3726 equidem
1734 3658 1820 3712 die
1856 3658 2018 3711 tridui

456 3756 650 3809 itinere
679 3768 924 3815 emenso.
968 3760 1026 3806 ut
1067 3750 1347 3803 volucrum
1385 3749 1559 3803 nubes
1599 3757 1773 3802 terras
1824 3749 2022 3817 saepius

458 3846 989 3907 circumcursabant,
1029 3842 1190 3897 nullis
1227 3840 1632 3909 impedimentis
1670 3839 1897 3908 gravati,
1928 3839 2021 3894 sed

456 3939 523 3993 iis
546 3939 718 3992 solum
748 3936 979 3991 sarcinis
1005 3944 1057 3987 et
1087 3942 1417 3997 commeatu,
1462 3949 1583 4001 qua:
1617 3931 1684 3985 ad
1719 3932 1871 3985 facile
1902 3934 2023 3986 vin-

457 4029 690 4083 cendum
728 4029 861 4083 satis
899 4035 1027 4079 sunt
1062 4043 1074 4077 :
1105 4024 1168 4075 ad
1222 4024 1362 4090 quod
1398 4034 1521 4088 apte
1573 4039 1629 4076 se
1683 4034 2018 4092 eninparant,

456 4120 586 4174 dum
616 4134 843 4171 numero
866 4132 1111 4184 magnam
1138 4115 1270 4168 satis
1290 4115 1717 4180 multitudinem,
1746 4118 2024 4182 ipsamque

459 4212 688 4264 Celerem
741 4225 807 4262 ac
853 4207 1157 4275 expeditam
1194 4207 1451 4259 educunt.
1509 4206 1773 4274 Quodque
1827 4208 2017 4259 horum

2123 3041 2219 3109 τὴν
2251 3042 2423 3110 ὑγρὰν
2472 3041 2643 3109 ξηράν
2666 3058 2679 3071 ο
2720 3042 2839 3095 οὐδὲ
2876 3044 2938 3095 τὸ
2968 3043 3218 3103 δέκατον,
3259 3044 3314 3096 τί
3366 3043 3502 3109 λέγω
3531 3041 3666 3093 δέκαο

2121 3149 2241 3194 τονς
2273 3132 2390 3183 οὐδὲ
2419 3133 2479 3183 τὸ
2513 3134 2806 3184 ἑκατοστὸν
2833 3134 3152 3203 ὑπούργησε
3184 3135 3247 3187 τὸ
3280 3134 3379 3203 τῆς
3411 3134 3663 3192 διαλαλιᾶς

2123 3227 2477 3291 πρόσταγμα.
2511 3223 2621 3275 Ποῦ
2655 3225 2762 3292 γὰρ
2792 3219 2861 3293 ἦν
2894 3225 2923 3277 6
2957 3227 3064 3285 πᾶς
3098 3226 3341 3295 άριθμδς
3381 3225 3471 3277 τοῦ
3517 3241 3662 3292 στρα-

2122 3314 2216 3367 τοῦ
2279 3316 2421 3381 τότε,
2478 3316 2659 3378 καθὼς
2729 3317 2961 3385 ἔφημεν,
3020 3319 3530 3386 περικυκλώσαντες
3583 3315 3669 3383 τὴν

2124 3407 2341 3460 ἅπασαν
2394 3408 2559 3477 ἄλλην
2602 3410 2660 3475 ἐξ
2713 3409 2904 3479 ἄλλης,
2958 3412 3091 3478 πρὶν
3146 3411 3485 3480 ἀκουσθῆναι
3522 3425 3664 3461 κατα-

2125 3499 2497 3567 λαμϐάνοντες
2529 3497 2654 3568 γῆν,
2691 3503 2782 3552 καὶ
2812 3501 2979 3569 τριῶν
3017 3502 3102 3554 διὰ
3136 3505 3272 3569 μιᾶς
3316 3504 3526 3571 ἡμέρας
3556 3500 3666 3551 πυλ-

2124 3594 2303 3654 λάκις,
2343 3594 2499 3661 δίκην
2554 3592 2775 3661 πτηνῶν
2822 3592 3105 3658 αίθεριῶν,
3161 3595 3572 3663 περιτρέχοντες
3603 3592 3666 3641 οξ-

2124 3684 2419 3751 κουμένην,
2480 3683 2646 3751 μηδὲν
2699 3681 2798 3749 μὲν
2852 3683 3212 3752 ἐπαγόμενοι,
3265 3685 3442 3736 πάντα
3504 3682 3545 3735 δ’
3589 3679 3665 3732 οὖν

2124 3775 2335 3842 ἔχοντες
2358 3775 2456 3825 ὅσα
2483 3773 2622 3843 πρὸς
2656 3773 2717 3824 τὸ
2752 3773 2950 3842 ῥᾳδίως
2983 3775 3138 3842 νικᾷν
3169 3774 3360 3837 ἐφόδια
3403 3772 3663 3841 κράτιστα.

2127 3864 2278 3919 Εἶναι
2305 3867 2412 3932 γάρ
2442 3865 2620 3922 ταυτὶ.
2658 3864 2716 3915 τό
2750 3879 2809 3914 τε
2841 3864 2983 3916 κατὰ
3010 3864 3215 3933 πλῆθος
3249 3865 3453 3929 ἐξιέναι
3486 3860 3660 3931 μικροῦ

2124 3959 2216 4007 καὶ
2264 3956 2496 4024 ἀριθμὸν
2548 3955 2898 4022 ὑπερδαῖνον,
2936 3956 2995 4006 τό
3043 3972 3103 4007 τε
3154 3956 3257 4024 τῆς
3307 3957 3568 4023 κινήσεως
3593 3950 3667 4004 εὖ·

2127 4065 2358 4115 στροφον
2416 4049 2507 4099 καὶ
2564 4046 2867 4109 ὀξύτατον·
2904 4046 2999 4097 καὶ
3055 4046 3083 4098 ὃ
3139 4046 3353 4100 τούτων
3411 4045 3580 4115 μεῖζον
3621 4042 3669 4093 τὸ

2125 4139 2325 4199 τελέως
2366 4138 2609 4204 ἀφειδεῖν
2649 4138 2862 4190 ἑαυτῶν
2908 4138 3002 4190 καὶ
3035 4138 3176 4189 κατά
3218 4139 3509 4207 πρόσωπον
3538 4137 3668 4199 δίκην

2128 4232 2337 4300 ἀγρίων
2369 4229 2553 4299 θηρῶν
2605 4230 2851 4296 ἀπαντᾷν
2902 4229 2983 4289 είς
3030 4228 3127 4290 τὰς
3169 4230 3375 4296 μάχας.
3408 4226 3668 4286 Διαὸάντες

461 4301 789 4368 praecipuum
824 4307 926 4358 est,
965 4296 1068 4349 sibi
1101 4296 1412 4349 nullatenus
1465 4307 1715 4364 parcunt,
1742 4305 1793 4350 et
1831 4297 2020 4350 adver-

2127 4294 2306 4375 τοίνυν
2336 4321 2396 4372 τὸ
2426 4294 2602 4384 στόμα
2629 4317 2721 4371 τοῦ
2758 4294 2997 4385 λιμένος,
3039 4319 3131 4369 καὶ
3172 4294 3551 4385 παραστάντες
3590 4318 3669 4380 τὴν

460 4407 554 4445 sus
589 4391 767 4443 hostes
824 4389 1057 4441 ferarum
1102 4387 1395 4456 agrestium
1456 4403 1606 4441 more
1656 4389 1707 4440 in
1788 4404 2021 4457 pugnam

463 4481 780 4549 procedunt.
837 4480 1031 4532 Portus
1070 4484 1215 4532 ostio
1248 4480 1363 4547 jam
1423 4490 1675 4547 superato
1729 4481 1794 4531 ad
1849 4479 2023 4534 fossas

460 4568 917 4643 oppidiarcedere
946 4570 1163 4640 Scythae
1208 4586 1221 4623 :
1253 4581 1307 4623 at
1345 4572 1552 4638 equites
1589 4568 1780 4623 Rhodii
1808 4570 2021 4625 fortiter

461 4680 491 4717 e
520 4661 947 4733 propugnaculis
968 4661 1251 4722 obsistere,
1289 4659 1651 4726 Scythasque.
1685 4667 1741 4709 nt
1770 4674 2019 4727 passeres

465 4756 722 4814 locustas,
750 4754 799 4805 in
821 4752 995 4808 fossas
1022 4753 1278 4821 dejicere,
1302 4766 1421 4816 quze
1445 4765 1629 4802 earum
1662 4752 2018 4806 cadaveribus

2127 4415 2355 4481 τάφρον.
2392 4411 2440 4463 οἱ
2478 4412 2575 4479 μὲν
2628 4409 2843 4479 φρέριοι
2899 4410 2988 4461 διὰ
3041 4409 3150 4461 τῶν
3201 4409 3379 4476 βελῶν
3431 4408 3669 4476 ἀνδρείως

2131 4504 2397 4571 ἐμάχοντο
2447 4504 2509 4554 ὲκ
2561 4502 2672 4554 τῶν
2718 4501 3119 4571 προμαχώνων,
3153 4503 3247 4553 καὶ
3277 4502 3436 4567 δίκην
3465 4498 3669 4569 ἀκρίδων

2131 4594 2628 4661 κατακοπτομένων
2678 4592 2781 4644 ὑπὸ
2832 4591 3106 4660 στρουθῶν
3154 4593 3211 4642 ὲν
3260 4595 3326 4662 τῇ
3370 4593 3552 4660 τάφρῳ
3578 4586 3670 4640 ἐνέ-

2130 4703 2350 4749 πιπτον,
2401 4686 2495 4738 καὶ
2551 4685 2583 4752 ἡ
2637 4685 2845 4752 τάφρος
2902 4682 3104 4751 ὑψοῦτο
3153 4685 3267 4746 τοῖς
3324 4684 3534 4751 σώμασι
3578 4681 3669 4732 τῶν

2130 4777 2385 4829 Σκυθῶνο
2420 4780 2516 4829 καὶ
2558 4779 2606 4828 οἱ
2640 4776 2840 4828 Σκύθαι
2889 4778 2963 4838 ὡς
3019 4778 3074 4827 αἱ
3118 4778 3358 4843 κεφαλαὶ
3386 4777 3488 4844 τῆς
3527 4774 3668 4842 ὕδρας

1674 4890 1955 4950 lsmaelis
2004 4894 2307 4955 Βωίὶδὶάί
2350 4904 2534 4956 noue.

465 5024 739 5081 inferioris
791 5020 875 5073 vel
912 5017 1091 5089 Lydia:
1125 5022 1266 5072 Asso
1322 5019 1518 5081 Vicina,
1583 5018 1763 5089 hodie
1796 5018 2030 5085 appellu-

465 5109 553 5149 tnr
588 5088 965 5159 Landrimyti,
1004 5088 1281 5158 Ephesino
1324 5089 1453 5141 olim
1509 5088 1861 5155 metropolitie
1903 5089 2032 5141 sub-

466 5168 606 5221 dita.

540 5234 651 5301 (28)
678 5225 1196 5301 ’AITdJQa‘NOlllla
1217 5227 1617 5301 patriarehalns
1637 5226 2032 5301 Constantino-

468 5296 652 5374 polcoé
709 5306 808 5356 sub
842 5297 1091 5374 Sardium
1121 5297 1657 5374 nuetropqlipdtﬂet
1705 5296 2032 5374 :Attakaiac

468 5364 804 5443 epismpuni,
841 5371 1005 5443 alium
1035 5368 1118 5422 ab.
1138 5380 1200 5419 eo
1229 5406 1241 5428 ,
1272 5365 1363 5434 qui
1397 5364 1553 5434 Sylaei
1585 5381 1678 5419 seu
1705 5364 1885 5433 Pergze
1919 5380 2031 5416 me-

470 5440 736 5509 ίτοροιίιλυ
781 5440 984 5492 subest.

543 5504 653 5575 ('29)
738 5511 1055 5577 Νύμφαισι.
1096 5504 1315 5577 Veteres
1358 5505 1644 5577 geographi
1696 5519 1801 5577 non
1835 5507 2027 5557 tuemi-

474 5592 665 5633 nerunt
712 5575 835 5633 loci
869 5580 1009 5630 illius
1060 5591 1224 5644 prope
1279 5575 1605 5641 Magnesiam
1658 5576 1722 5627 ad
1751 5575 2021 5645 Sipylum.

2128 5024 2361 5082 Plinius.
2424 5025 2474 5076 in
2519 5023 2659 5075 Asia:
2714 5022 3100 5091 descriptione,
3156 5024 3207 5073 in
3240 5020 3427 5076 Cilicia
3461 5017 3667 5072 collocat

2132 5095 2515 5162 Nymphaeum.
2561 5094 2652 5145 tLb.
2691 5109 2739 5153 ι’,
2774 5110 2893 5158 cap.
2922 5095 3006 5145 ‘27.
3044 5092 3167 5145 Ideo
3199 5091 3471 5162 conjicere
3494 5101 3667 5162 pessu—

2132 5155 2682 5230 m'us,'Nympha-.nm,
2718 5162 2782 5213 de
2812 5155 2919 5228 quo
2945 5164 3045 5212 hoc
3062 5162 3188 5231 loco
3220 5155 3396 5231 Duras
3457 5155 3665 5231 mentio-

2132 5248 2255 5285 nem
2299 5223 2462 5294 facit,
2484 5232 2669 5283 multis
2700 5223 2910 5282 szecnlis
2937 5230 3107 5282 l’linio
3139 5239 3190 5283 et
3218 5227 3340 5281 aliis
3368 5223 3664 5296 geograpbis

2132 5302 2407 5369 posterius
2436 5316 2583 5354 esse.
2620 5299 2692 5351 lle
2730 5299 2819 5350 illo
2872 5300 3088 5351 duobus
3116 5301 3249 5352 lovis
3276 5298 3540 5369 pregoras
3569 5308 3661 5369 I_I'|8'

2137 5360 2317 5433 ininit,
2353 5370 2448 5422 lib.
2484 5385 2563 5429 Ill,
2598 5372 2698 5421 sub
2734 5370 2911 5423 lini-nt.
2956 5370 3224 5436 traditque
3266 5360 3522 5419 Joannem
3574 5360 3661 5411 Va-

2139 5442 2333 5493 taciam
2358 5441 2486 5505 imp.
2516 5438 2876 5496 illicoliiisse,
2910 5438 3002 5490 nu.
3032 5435 3223 5491 deinde
3249 5451 3323 5498 vl.
3345 5435 3660 5505 πριιυηειῑίιυθ

2134 5499 2550 5576 Νύμφαιονλεῆς
2606 5507 2827 5577 Λυδξας.
2858 5507 3157 5577 Logotheta
3189 5499 3482 5575 quoquein
3513 5499 3659 5551 (ἷῦιο-

2137 5579 2260 5632 nico
2292 5576 2910 5646 Conslanlinopolilano.
