3920 6194
341 135 449 199 815

351 371 481 418 των,
513 353 564 405 οἱ
598 348 1064 416 παραλειπόμενοι
1097 348 1237 416 ὑπὲρ
1290 347 1487 416 μέτρον
1517 342 1718 396 Σκῦθαι
1751 341 1930 406 πατήσ

356 461 547 505 σαντες
590 443 660 494 τὰ
696 439 998 507 τεθνηκότα
1030 439 1140 491 τῶν
1191 438 1479 506 σωμάτων,
1515 436 1609 487 καὶ
1656 433 1933 501 κλίμακας

352 534 634 594 ἐπιθέντες
685 531 994 594 ἀνέϐαινον,
1027 533 1075 582 οι
1128 531 1226 596 μὲν
1282 531 1418 592 ἄνω,
1453 529 1500 578 οἱ
1543 525 1599 577 δὲ
1643 525 1744 592 τὴν
1801 525 1934 588 πρὸς

354 629 489 698 ᾅδην
539 627 818 695 φέρουσαν
869 623 1128 685 κάθοδον,
1155 623 1228 691 μὴ
1274 619 1577 688 φροντίζων
1621 621 1648 670 ό
1693 617 1801 680 ζῶν
1847 615 1936 667 διὰ

353 721 446 772 τὸν
472 718 771 787 τεθνηκότα
807 718 855 769 εἰ
899 716 1085 783 πατήρ
1118 716 1264 767 ἐστιν
1309 714 1341 781 ἢ
1376 712 1489 772 υίὸς
1515 710 1763 778 γνήσιος·
1799 706 1937 760 ἀλλὰ

354 812 416 863 τὸ
448 809 882 877 σπουδαζόμενον
904 807 960 858 ἓν
985 803 1052 877 ἦν
1075 809 1130 859 ἐν
1161 807 1279 867 ταῖς
1305 804 1414 856 τῶν
1443 803 1698 856 ἁπάντων
1719 789 1944 869 ψυχαῖς,

355 902 444 963 τίς
469 902 683 971 πρῶτος
707 901 1147 962 ἀναϐαίνειν,καὶ
1179 899 1238 950 τὸ
1273 897 1552 966 σκῆπτρον
1579 895 1749 946 θεῖναι
1777 894 1832 944 ἐν
1860 891 1937 959 τῷ

358 995 578 1064 πύργῳ.
610 993 744 1044 Τότε
778 993 842 1044 ἐκ
874 993 1092 1042 πάντων
1128 989 1235 1042 τῶν
1267 989 1452 1058 μερῶν
1485 987 1807 1047 ἀναϐάντες,
1841 985 1938 1036 καὶ

355 1087 486 1150 τοὺς
519 1085 778 1155 φρερίους
809 1085 888 1147 εἰς
920 1083 980 1136 τὸ
1005 1084 1280 1150 ἐνδότερον
1311 1078 1765 1144 καταδιώξαντες,
1790 1080 1935 1146 φυγῇ

358 1181 460 1249 τὴν
509 1181 784 1247 σωτηρίαν
815 1176 1199 1244 ἐπεμελοῦντο,
1237 1177 1333 1237 τὰς
1381 1174 1436 1226 δέ
1492 1175 1738 1244 τριήρεις
1773 1173 1939 1238 ἐγγὺς

360 1271 467 1338 τῆς
517 1269 870 1340 ἀκροπόλεως
920 1269 1271 1330 ἑλκύσαντες,
1304 1267 1513 1336 φύρδην
1555 1266 1650 1318 καὶ
1690 1265 1940 1325 ἀτάκτως

364 1367 710 1434 εἰσήρχοντο,
748 1364 966 1434 ἔχοντες
996 1363 1086 1413 τὸν
1121 1361 1435 1414 Μπαίουλον
1488 1359 1651 1413 αὑτὸν
1681 1356 1814 1424 όμοῦ
1845 1357 1940 1408 καὶ

363 1457 498 1518 τοὺς
525 1455 745 1517 λοιποὺς
772 1454 1053 1524 φρερίους.
1083 1436 1151 1504 Οἱ·
1178 1451 1233 1503 δέ
1263 1450 1510 1510 ἐλθόντες
1536 1447 1630 1500 τοῦ
1661 1446 1942 1515 φυλαχθῆ-

365 1564 460 1599 ναι
508 1545 704 1598 ἐκτῶν
739 1544 893 1603 ἐκτὸς
944 1544 1262 1610 Χριστιανοὶ
1310 1540 1546 1598 ἅπαντες
1581 1539 1676 1590 σὺν
1725 1535 1942 1604 γυναιξὶ

370 1640 468 1690 καὶ
498 1636 731 1698 τέκνοις,
763 1636 810 1687 οἱ
841 1634 938 1703 μὲν
965 1636 1022 1686 ἐν
1050 1635 1117 1702 τῇ
1146 1631 1412 1700 θαλάσσῃ,
1443 1630 1490 1682 οἱ
1517 1629 1574 1680 δὲ
1611 1627 1940 1695 κρατοῦντες

368 1731 441 1782 τά
485 1729 722 1796 πηδάλια
771 1727 878 1779 τῶν
921 1727 1215 1793 τριήρεων,
1241 1725 1288 1776 οἱ
1331 1723 1384 1774 δὲ
1415 1724 1514 1783 τὰς
1547 1719 1760 1781 κώπας,
1794 1719 1941 1771 ἄλλοι

370 1825 443 1874 τὰ
489 1821 590 1886 τῆς
644 1817 872 1888 πρώρας
918 1817 1161 1870 καλώδια
1195 1815 1288 1866 καὶ
1335 1814 1431 1874 τὰς
1475 1811 1744 1880 ἀγκύρας,
1777 1811 1944 1861 ἐϐόων

374 1917 512 1986 πρὸς
556 1915 680 1976 τοὺς
727 1911 1024 1973 ἐπιϐάτας·
1086 1907 1412 1972 Ἐλεήσατε
1458 1903 1614 1973 ἡμᾶς
1673 1905 1947 1969 Χριστια-

372 2011 520 2075 νοὺς
555 2009 752 2071 ὄντας,
785 2006 884 2058 καὶ
911 2003 996 2073 μὴ
1025 2001 1496 2070 ἐγκαταλείπητε
1525 1992 1661 2054 ὦδε.
1694 1997 1857 2048 Αὐτοὶ
1889 1995 1947 2047 δὲ

378 2105 478 2157 σὺν
512 2101 765 2172 ῥοπάλοις
801 2099 1134 2168 κρούσαντες
1176 2096 1253 2155 εἰς
1306 2097 1495 2164 χεῖρας
1542 2092 1638 2152 τάς
1684 2090 1948 2160 ἀπῃωρη-

383 2196 574 2266 μένας,
621 2194 718 2246 καὶ
754 2189 1137 2260 πτερώσαντες
1175 2186 1242 2238 τά
1277 2185 1443 2246 ἱστία,
1480 2185 1714 2251 ἀφέντες
1746 2179 1945 2240 αὐτοὺς

378 2287 667 2358 ἡμιθανεῖς
710 2283 920 2336 ἔπλεον.
971 2282 1034 2334 Οἱ
1077 2281 1132 2332 δὲ
1179 2278 1380 2332 Σκύθαι
1413 2274 1823 2345 παραλαϐόντες
1855 2272 1951 2323 καὶ

378 2380 482 2448 τὴν
515 2374 825 2444 ἀκρόπολιν,
857 2373 950 2425 καὶ
993 2372 1074 2433 είς
1117 2369 1175 2422 ἓν
1209 2369 1566 2436 ἀθροίσαντες
1616 2366 1715 2432 τὴν
1747 2365 1952 2434 αἰχμα-

378 2473 606 2537 λωσίαν,
628 2466 767 2540 ἦσαν
793 2466 900 2536 γὰρ
928 2467 1024 2518 σὺν
1053 2463 1268 2532 γυναιξὶ
1297 2463 1390 2515 καὶ
1421 2461 1631 2521 τέκνοις
1659 2459 1800 2528 ὑπὲρ
1824 2458 1953 2518 τοὺς

381 2565 612 2635 χιλίους,
645 2563 737 2616 καὶ
783 2559 1167 2626 ἀπαγαγόντες
1217 2557 1413 2615 αὐτοὺς
1443 2555 1672 2606 ἐνώπιον
1715 2550 1810 2603 τοῦ
1857 2547 1958 2602 Τεα-

389 2661 524 2728 μὺρ,
553 2655 802 2708 ἐκέλευσε
833 2653 1045 2714 πάντας
1089 2649 1236 2717 ξίφειι
1281 2649 1380 2710 τὰς
1428 2646 1670 2714 κεφαλὰς
1701 2646 1954 2712 ἀποτμη-

386 2752 586 2820 θῆναι·
617 2749 711 2803 καὶ
753 2747 1115 2815 οἰκοδομήσας
1162 2743 1372 2814 πύργον
1419 2739 1533 2803 ἕνα,
1573 2739 1703 2808 μίαν
1750 2738 1956 2804 πέτραν

384 2842 586 2904 ἐνθεὶς,
634 2842 726 2894 καὶ
778 2841 907 2908 μίαι
953 2837 1198 2906 κεφαλὴν
1250 2833 1598 2903 συναρμόσας
1649 2830 1784 2899 (50),
1815 2828 1955 2882 ὥστε

385 2936 451 2986 τὺ
484 2934 776 3000 πρόσωπον
799 2929 1047 2982 ἵστασθαι
1075 2929 1196 2981 καθ’
1227 2927 1419 2996 είρμόν
1443 2941 1458 2957 ·
1485 2925 1582 2977 καὶ
1611 2925 1668 2976 ἐν
1702 2926 1768 2992 τῇ
1793 2923 1955 2992 ἑτέρᾳ

385 3025 564 3088 τάξει,
597 3025 728 3075 ὅπου
758 3024 790 3090 ἡ
824 3021 1002 3088 πέτρα
1031 3015 1098 3090 ἦν
1127 3020 1312 3071 ἐπάνω
1344 3016 1548 3084 ταύτης
1580 3015 1792 3082 κεφαλή
1819 3029 1834 3044 ·
1867 3013 1963 3065 καὶ⁵

386 3120 525 3171 ὅπου
558 3114 765 3183 κεφαλὴ
790 3109 857 3183 ἦν
881 3113 1068 3166 ἐπάνω
1097 3112 1301 3180 ταύτης
1333 3109 1529 3178 πέτρα,
1564 3109 1659 3161 καὶ
1694 3107 1764 3158 τὰ
1793 3104 1963 3174 πρόσ-

386 3223 517 3259 ωπα
577 3205 751 3257 πάντα
805 3202 1106 3271 φαινόμενα
1158 3200 1286 3268 περὶ
1333 3199 1433 3264 τὴν
1487 3196 1590 3260 ἔξω
1635 3195 1961 3262 ἐμφάνειαν.

388 3276 502 3350 Keil.
556 3291 623 3366 ἢν
657 3296 786 3348 ἰδεῖν
847 3293 998 3359 ξένον
1047 3291 1213 3358 τέρας
1267 3288 1362 3342 καὶ
1411 3285 1782 3354 ἀπάνθρωπον
1839 3285 2004 3336 ἐπι--

387 3409 488 3459 νοη
499 3407 596 3458 us-

473 3486 534 3535 Αἱ
571 3483 624 3534 δὲ
652 3480 894 3530 Φώκαιαι
934 3473 1180 3526 ἔστειλαν
1222 3469 1482 3540 πρέσϐεις
1517 3467 1622 3535 πρὸ
1667 3464 1760 3517 τοῦ
1793 3465 1968 3515 ἐλθεῖν

393 3581 565 3636 αὑτὸν
594 3580 651 3630 ἐν
673 3577 783 3636 τοῖς
814 3571 1005 3641 μέρεσι
1033 3569 1128 3638 τῆς
1168 3565 1397 3630 Ἰωνίας,
1422 3562 1516 3614 καὶ
1547 3559 1967 3629 προσεκύνησαν

399 3677 501 3725 σὺν
551 3669 743 3736 δώροις
785 3661 1099 3719 πλείστοις·
1150 3655 1243 3708 καὶ
1290 3652 1454 3714 αὐτὸς
1506 3647 1820 3713 ὑπεδέξατο,
1872 3651 1962 3701 καὶ

397 3765 620 3832 εἰρήνην
662 3759 758 3811 σὺν
790 3754 976 3815 αὐτοῖς
1017 3747 1340 3802 ἐσπείσατο·
1370 3740 1438 3814 ἦν
1481 3743 1591 3810 γάρ
1639 3744 1670 3808 ή
1717 3743 1815 3809 μία
1861 3741 1971 3793 τῶν

397 3853 720 3915 Γενουῖτῶν,
835 3845 926 3898 καλ
975 3843 1068 3894 νέα
1102 3838 1405 3906 καλουμένη
1431 3851 1444 3866 ·
1482 3837 1513 3904 ἡ
1563 3835 1621 3887 δὲ
1665 3835 1832 3904 ἑτέρα
1862 3833 1969 3886 ὑπὸ

399 3951 494 4006 τὸν
523 3946 766 4017 ἡγεμόνα
798 3940 900 4008 τῆς
929 3935 1245 4002 Μιτυλήνης
1274 3930 1540 3991 ἀνέκειτο,
1573 3929 1604 3997 ἠ
1634 3929 1731 3980 καὶ
1761 3925 1969 3980 παλαιὰ

403 4039 736 4108 καλουμένη.
777 4035 836 4086 Ὀ
884 4032 938 4084 δέ
989 4027 1182 4096 Τεμὺρ
1212 4021 1382 4077 ἐλθὼν
1415 4025 1472 4075 ἐν
1501 4026 1568 4092 τῇ
1601 4022 1844 4091 Σμύρνῃ,
1876 4022 1972 4073 καὶ

404 4133 711 4204 πολεμίζων
740 4125 932 4193 αὐτὴν,
965 4120 1170 4174 ἔστειλε
1197 4118 1288 4169 τὸν
1327 4115 1520 4167 υἱωνὸν
1551 4115 1713 4166 αὐτοῦ
1757 4114 1972 4183 ἱστορή-

1541 130 1918 194 ΙΙΙδΤυΡιΙΑ
1963 119 2414 205 BYZANTINA.

348 259 596 329 ἐφύοντο.
633 255 1023 326 Πλτιριυθείσης
1063 249 1158 308 οὖν
1186 253 1288 324 τῆς
1321 253 1529 322 τάφρου
1577 250 1687 302 τῶν
1739 247 1896 315 σωμά

2064 239 2462 306 omplebantur.
2497 232 2558 286 lli
2593 245 2739 294 vero,

3501 97 3601 160 Siti

2784 237 2842 282 ut
2876 227 3057 298 hydrae
3116 221 3318 291 capita,
3384 231 3604 274 succre-

2038 344 2212 385 scere.
2241 328 2512 395 Congesta
2561 325 2743 390 itaque
2801 318 3159 375 cadaveribus
3188 314 3337 369 fossa
3395 310 3603 365 residui

2038 425 2306 477 immenso
2330 434 2555 472 numero
2577 415 2792 486 Scythae
2830 425 3092 466 caesorum
3121 409 3396 460 calcantes
3444 403 3608 455 cada-

2038 528 2185 576 vera,
2218 511 2506 578 scalasque
2559 509 2910 560 adnmventes
2966 501 3352 563 ascenderunt,
3406 495 3610 562 aliique

2040 604 2097 657 in
2129 602 2457 656 mmniorum
2476 600 2670 668 pinnas
2701 603 3015 659 evaserunt,
3041 594 3152 655 alii,
3180 607 3302 660 qua!
3319 591 3384 642 ad
3406 589 3612 640 inferos

2038 704 2092 747 et
2120 694 2326 746 lethum
2369 691 2540 750 ducit,
2571 689 2711 740 viam
2750 684 2981 753 ingressi
3000 695 3146 738 sunt.
3189 682 3376 750 Neque
3412 692 3608 747 super-

2041 794 2152 841 stes
2177 798 2442 837 caesorum
2471 781 2642 850 patris
2664 788 2755 833 aut
2779 779 3070 830 liberorum
3095 775 3360 826 cadavera
3395 769 3612 824 calcare

2041 875 2418 938 aversabatur,
2452 881 2544 926 aut
2575 887 2764 926 eormn
2789 869 2858 923 ab
2878 867 3002 922 aliis
3039 866 3334 920 discrimen
3390 860 3610 930 aliquod

2046 967 2300 1020 faciebat:
2355 965 2447 1019 sed
2483 963 2578 1018 uni
2631 972 2835 1015 tantum
2887 959 3129 1012 intentus
3189 965 3306 1009 erat
3360 953 3611 1022 quisque.

2042 1060 2314 1125 quomodo
2336 1057 2484 1124 prior
2503 1055 2843 1115 ascenderet,
2869 1052 3140 1118 telumque
3177 1047 3310 1101 turri
3345 1046 3612 1112 inﬁgeret.

2048 1147 2418 1215 Undequaque
2448 1145 2612 1214 igitur
2645 1158 2827 1195 muros
2870 1141 3192 1203 subeuntes,
3222 1140 3271 1191 in
3301 1137 3607 1189 interiorem

2045 1243 2188 1294 arcis
2213 1242 2385 1292 locum
2420 1237 2617 1290 fratres
2656 1235 3022 1302 compellunt,
3069 1234 3162 1302 qui
3214 1232 3446 1285 salutem
3485 1229 3610 1295 fuga

2044 1340 2348 1399 quaerentes
2372 1331 2620 1383 triremes
2651 1341 2816 1396 prope
2877 1340 3057 1379 arcem
3087 1324 3386 1384 adducunt,
3439 1322 3615 1389 ipsas-

2044 1445 2152 1498 que
2215 1431 2615 1480 tumultuantes
2676 1438 2739 1477 ac
2803 1423 3138 1490 trepidantes
3199 1421 3430 1488 ingressi
3485 1426 3614 1471 sunt

2049 1524 2290 1576 Ballivus
2318 1530 2372 1574 et
2405 1521 2586 1575 czeterl
2629 1519 2849 1572 fratres.
2880 1519 2950 1570 At.
2983 1516 3304 1578 Christiani,
3346 1519 3438 1584 qui
3469 1516 3521 1566 in
3564 1514 3616 1565 id

2045 1615 2305 1684 oppidum
2337 1612 2653 1667 securitatis
2684 1626 2851 1663 causa
2886 1626 2950 1662 ex
2987 1611 3108 1662 aliis
3132 1609 3266 1662 locis
3301 1624 3358 1661 se
3393 1623 3618 1674 recepe-

2047 1718 2190 1765 rant,
2219 1721 2408 1759 omnes
2437 1721 2559 1759 cum
2586 1705 2847 1758 uxoribus
2870 1711 2920 1755 et
2958 1701 3144 1754 liberis
3177 1715 3324 1752 mare
3356 1699 3616 1762 ingressi,

2049 1797 2248 1865 partim
2311 1798 2612 1848 triremium
2676 1793 2845 1848 clavis
2879 1793 3253 1853 adhaerentes,
3316 1792 3510 1859 partim
3565 1790 3616 1842 in

2051 1903 2231 1940 remos
2273 1887 2529 1950 nitentes,
2565 1887 2653 1939 alii
2711 1885 2929 1938 funibus
2979 1885 3345 1950 anchorisque
3389 1881 3619 1948 arreptis

2049 1988 2326 2032 vectorum
2393 1979 2550 2031 [idem
2614 1977 3017 2032 inclamabant:
3071 1974 3394 2028 Miseremini
3431 1975 3620 2039 nostri,

2049 2071 2137 2138 qui
2168 2070 2461 2124 Christiani
2490 2085 2692 2133 sumus,
2724 2085 2884 2137 neque
2911 2069 2994 2120 hic
3027 2085 3120 2120 nos
3147 2068 3389 2121 deseritc.
3423 2065 3620 2120 Vectoo

2051 2179 2139 2216 res
2178 2177 2307 2215 vero
2366 2175 2560 2213 manus
2618 2159 3030 2214 vociferantium
3093 2167 3378 2227 protensas
3443 2160 3622 2214 contis

2053 2254 2364 2322 quatientes
2401 2268 2462 2305 ac
2497 2253 2903 2316 submoventes,
2956 2266 3142 2319 pansm
3189 2252 3320 2304 velis
3351 2252 3404 2304 in
3455 2252 3623 2304 altum

2055 2346 2306 2398 feruntur
2333 2384 2348 2406 ,
2387 2345 2594 2412 hosque
2649 2345 3037 2397 semimortuos
3081 2345 3361 2397 deserunt.
3414 2344 3626 2413 Scytha:

2055 2445 2365 2504 expugnato
2387 2446 2566 2490 castro
2595 2447 2813 2488 coactos
2844 2435 2896 2488 in
2929 2451 3092 2487 unum
3116 2451 3280 2503 supra
3317 2434 3464 2489 mille
3496 2451 3627 2504 cap-

2058 2532 2223 2588 tivos.
2255 2530 2506 2582 "mlieres
2531 2544 2592 2583 ac
2623 2543 2821 2597 pueros
2869 2529 2934 2580 ad
2983 2528 3270 2596 Teznyrem
3323 2528 3624 2594 adducunt,

2058 2637 2195 2684 quos
2219 2621 2323 2692 41
2359 2621 2421 2674 ad
2459 2636 2624 2673 unum
2654 2618 2884 2672 interﬁci
2922 2621 3173 2686 imperat.
3201 2619 3626 2687 occisorumque

2059 2713 2240 2782 capita
2273 2711 2555 2774 abscindi;
2586 2713 2635 2762 in
2659 2711 2974 2764 tediticanda
2995 2710 3188 2764 deinde
3211 2719 3382 2771 turre,
3408 2712 3630 2765 ordines

2059 2804 2334 2872 lapidibus
2357 2803 2739 2872 capitihusque
2772 2801 3042 2866 distinxit,
3081 2801 3154 2854 ita
3174 2812 3231 2854 ut
3261 2811 3425 2870 caput
3455 2793 3648 2856 unutn'

1987 2901 2034 2963 ο
2063 2897 2130 2950 ad
2161 2896 2358 2965 lapidis
2391 2896 2532 2948 latus
2565 2902 3064 2972 coagmentaretur,
3104 2893 3382 2961 faciesque
3434 2896 3628 2947 ordine

2063 2989 2342 3058 dispositae
2376 2994 2582 3040 essent:
2615 2995 2780 3052 atque
2836 2984 2890 3037 in
2921 2985 3163 3038 secundo
3217 2985 3409 3039 ordine
3466 2985 3630 3054 lapidi

2065 3089 2245 3149 caput,
2273 3081 2410 3148 lapis
2446 3081 2612 3147 capiti
2643 3080 2817 3148 (apere
2864 3078 3165 3144 reticulata)
3213 3081 3635 3146 superstrueha-

2067 3181 2176 3226 tur:
2235 3173 2530 3241 vultusque
2569 3172 2624 3225 in
2662 3173 2992 3224 exteriorem
3049 3171 3392 3238 superliciem
3445 3186 3638 3225 omnes

2064 3267 2208 3320 versi
2232 3275 2406 3330 erant;
2441 3263 2890 3332 conspiciendum
2912 3263 3022 3316 illic
3047 3263 3404 3316 exhibebatur
3433 3279 3632 3316 novum

2066 3358 2395 3428 prodigium,
2420 3357 2898 3423 inhumanumque
2931 3365 3325 3410 commentum.

2141 3468 2207 3520 At
2234 3469 2586 3522 Phoca'arnm
2619 3466 2894 3536 principes
2923 3467 3130 3534 legatos
3179 3469 3245 3522 ad
3285 3484 3410 3522 eum
3466 3469 3640 3524 desti-

2068 3571 2285 3616 narunt.
2313 3559 2632 3626 priusquam
2667 3561 2720 3611 in
2750 3559 2954 3613 loniam
2986 3561 3348 3629 pervenisset,
3376 3570 3428 3614 et
3451 3563 3638 3616 multis

2071 3654 2236 3708 donis
2272 3653 2590 3721 placavere:
2623 3653 2824 3719 quibus
2881 3651 2970 3706 ille
3026 3652 3267 3718 acceptis
3298 3667 3480 3718 pacem
3511 3670 3636 3708 cum

2072 3746 2140 3798 iis
2169 3744 2497 3810 composuit.
2530 3741 2732 3795 Harum
2761 3745 2951 3808 altera,
2977 3757 3098 3810 quae
3152 3758 3288 3797 nova
3316 3745 3638 3812 vocabatur,

2072 3836 2452 3892 Genuensihus
2509 3833 2754 3901 parebat;
2791 3833 2995 3896 altera,
3026 3847 3149 3900 quae
3179 3843 3233 3886 et
3283 3846 3460 3897 vetns,
3484 3834 3642 3905 Mity-

2074 3929 2226 3980 lenes
2261 3925 2385 3978 dttei
2419 3923 2633 3976 subdita
2662 3932 2798 3976 erat.
2818 3923 2954 3977 Cum
2983 3924 3274 3994 Smyrnam
3312 3923 3514 3996 Temyr
3542 3943 3637 3981 ac-

2075 4019 2314 4071 cederet.
2342 4029 2573 4083 eamque
2598 4013 2739 4068 bello
2767 4025 2999 4079 peteret,
3024 4025 3273 4082 nepotem
3306 4031 3465 4069 suum
3503 4017 3643 4069 Pho-

2075 4123 2214 4162 emas
2245 4105 2580 4172 exploratum
2615 4104 2760 4157 misit
2785 4117 2797 4161 ;
2818 4104 2960 4170 quod
2992 4119 3115 4157 cum
3148 4107 3458 4161 rescivisset
3481 4109 3638 4164 Lesbi

410 4247 518 4285 σων
543 4194 663 4286 ’τάς
702 4215 956 4275 Φωκαίας
980 4229 995 4242 ·
1032 4209 1128 4262 καλ⁵
1161 4204 1535 4274 τοῦτομαθὼν
1585 4205 1612 4254 ὁ
1643 4205 1740 4271 τῆς
1763 4202 1958 4255 Λέσδοι

2081 4203 2357 4267 princeps,
2389 4210 2686 4250 conscensa
2721 4195 2942 4248 trireme
2973 4194 3254 4248 Phocaeam
3279 4198 3518 4266 appulit:
3545 4215 3642 4252 ur-

405 4320 655 4394 ἡγεμὼν,
682 4310 852 4381 ἐμϐὰς
904 4309 960 4358 ἐν
995 4303 1206 4370 τριήρει
1240 4295 1403 4368 ἦλθεν
1433 4298 1511 4358 εἰς
1543 4296 1796 4356 Φωκαίας
1817 4311 1831 4326 ·
1878 4299 1972 4348 καὶ

405 4386 639 4480 ἐξελθὼν
666 4407 770 4470 ἐξω
801 4403 896 4469 τῆς
929 4399 1153 4455 πόλεως,
1193 4391 1286 4442 καὶ
1314 4387 1670 4455 φιλοξενήσας
1700 4386 1774 4448 ὼς
1807 4387 1974 4456 ἐχρῆν

404 4479 498 4561 τον
545 4499 736 4554 υἱωνὸν
765 4493 858 4545 τοῦ
890 4489 1100 4555 Ἰἐμὺρ,
1135 4481 1420 4550 φαγόντες,
1463 4480 1559 4530 καὶ
1605 4479 1841 4542 πιόντες,
1881 4481 1976 4532 καὶ

409 4590 808 4663 εὐφρανυέντες
846 4578 1003 4648 ὁμοῦ,
1037 4575 1135 4626 σὺν
1175 4571 1368 4639 δώροις
1405 4569 1684 4630 πλείστοις
1729 4569 1978 4636 ἀπέπεμ-

408 4659 534 4760 ea);
581 4685 640 4734 ὐ
670 4679 724 4730 δὲ
756 4673 850 4726 τοῦ
878 4670 1066 4738 Τεμὺρ
1095 4665 1316 4732 ἔκγονος
1358 4663 1478 4722 δοὺς
1521 4661 1668 4729 αὐτῷ
1699 4659 1977 4726 σκῆπτρα]

410 4747 636 4842 σημεῖον
661 4763 902 4830 ἀγάπης,
930 4758 1024 4807 καὶ
1072 4751 1451 4816 ἀσπασάμενοι
1505 4747 1790 4815 ἀλλήλους,
1821 4749 1848 4797 ό
1878 4750 1976 4813 μὲν

410 4837 754 4926 ἐν’-τριήρει,
787 4854 814 4903 ό
857 4851 914 4902 δέ
962 4845 1169 4904 ἀναϐὰς
1219 4842 1304 4907 ἐφ’
1358 4841 1550 4900 ἵππου,
1585 4837 1680 4888 ἀπ’
1732 4837 1980 4905 ἀλλήλων

412 4954 813 5026 ἐχωρίσθησαν.
851 4940 1051 4993 Ἐλθὼν
1099 4936 1154 4988 δὲ
1203 4935 1296 4986 καὶ
1351 4929 1528 4999 εὑρὼν
1575 4928 1672 4998 τὴν
1724 4928 1978 4997 Σμύρναν

413 5017 856 5105 κατασκαφεῖσαν
881 5031 980 5091 ἕως
1009 5027 1116 5078 τῶν
1143 5021 1428 5090 θεμελίων,
1453 5020 1588 5087 πρὸς
1619 5021 1718 5087 τὴν
1743 5017 1977 5081 Ἔφεσον

413 5139 516 5207 τὴν
551 5130 772 5199 πορείαν
806 5123 1046 5181 ἐποίουν,
1081 5118 1172 5168 καὶ
1204 5111 1540 5179 πανταχόθεν
1567 5109 1627 5160 τὸ
1662 5107 1988 5176 στράτευμα

2079 4290 2250 4355 beque
2280 4300 2533 4355 egressus
2559 4285 2612 4336 in
2644 4299 2940 4338 occursum
2969 4286 3218 4354 Temyris
3281 4290 3516 4357 nepotis.
3547 4305 3640 4345 eo-

2077 4381 2232 4434 t'niter
2257 4393 2320 4432 ac
2355 4380 2710 4445 perhumane,
2743 4385 2904 4443 prout
2931 4378 3181 4441 decebat,
3215 4394 3340 4432 eum
3377 4385 3640 4451 suscepit;

2075 4482 2148 4531 et,
2177 4479 2465 4539 postquam
2491 4468 2759 4521 conviviis
2819 4480 2884 4520 ac
2925 4467 3424 4534 compotationibus
3468 4472 3646 4525 indul-

2079 4573 2286 4623 serunt,
2310 4568 2362 4610 et
2394 4575 2450 4611 se
2474 4559 2640 4610 simul
2667 4558 3099 4620 oblectavcrunt,
3125 4575 3246 4611 cum
3277 4560 3459 4615 multis
3484 4562 3646 4618 donis

2081 4652 2310 4705 remisit.
2338 4649 2583 4715 'l‘emyris
2609 4637 2770 4700 etiam
2796 4663 2963 4714 nepos
2985 4660 3255 4715 sceptrum
3292 4649 3364 4701 illi
3398 4650 3648 4704 dilectio-

2075 4744 2160 4794 nis
2182 4741 2494 4807 amorisqne
2515 4741 2728 4802 signum
2764 4738 2994 4804 largitus
3024 4751 3129 4799 est,
3174 4747 3227 4789 et
3268 4739 3473 4791 mutuis
3528 4747 3648 4792 tan-

2075 4835 2198 4884 dem
2227 4828 2644 4882 satutationibus
2666 4840 2728 4878 ac
2767 4827 2969 4879 osculis
2994 4841 3112 4880 sese
3143 4830 3411 4894 complexi
3438 4831 3646 4884 disces-

2077 4931 2284 4984 serunt,
2315 4919 2402 4970 ille
2433 4918 2652 4985 quidem
2688 4917 2910 4970 trireme
2944 4927 3151 4980 vectus,
3186 4917 3271 4971 hic
3314 4934 3456 4983 equo
3513 4920 3648 4972 insi-

2079 5015 2256 5065 dens:
2299 5009 2393 5078 qui
2421 5007 2486 5060 ad
2513 5018 2690 5060 castra
2732 5021 2985 5060 reversus
3041 5007 3328 5076 Smyrnam
3386 5023 3414 5059 a
3453 5007 3652 5062 funda-

2085 5101 2280 5156 mentis
2330 5113 2576 5152 eversam
2639 5097 2986 5163 dirutantque
3019 5099 3262 5160 olletnlit,
3300 5107 3460 5168 atque
3509 5101 3645 5155 adeo

1616 5202 1903 5262 lsmeelis
1936 5194 2240 5263 Bullialdi
2281 5200 2462 5252 nota-Ia.

492 5325 783 5394 (SOHHar
836 5309 1316 5394 πέτρανξνᾲεὶς,
1365 5307 1462 5394 καὶ
1510 5303 1654 5394 utar
1701 5303 1981 5394 πεξαλᾲν

418 5372 836 5462 adﬁgi-Mue.
862 5372 1043 5439 Genus
1076 5382 1204 5434 illud
1250 5386 1536 5462 structura:
1573 5377 1636 5453 ad
1671 5372 1979 5462 similitudi-

425 5443 902 5522 Bét'tf’r'iE-ucuim
959 5458 1092 5506 facta
1125 5460 1274 5507 erat,
1307 5451 1371 5498 de
1401 5459 1504 5512 qua
1543 5445 1620 5494 sic
1677 5443 1978 5522 γίιιιινιιις,

423 5513 749 5599 “biturum.
786 5533 816 5581 8
844 5549 854 5581 :
896 5526 1294 5578 Structurmum
1325 5529 1510 5584 genera
1541 5523 1659 5564 sunt
1686 5513 1812 5573 ItCI’C,
1868 5514 1983 5563 reti-

2087 5297 2340 5355 culatum,
2366 5308 2467 5359 quo
2495 5307 2630 5343 nunc
2660 5308 2836 5343 euntes
2871 5300 3112 5356 utuntur,
3141 5302 3186 5344 et
3211 5294 3485 5360 antiquum
3515 5299 3652 5359 quati

2088 5369 2344 5420 insertum
2399 5363 2625 5412 dicitur:
2652 5377 2714 5414 ea:
2743 5361 2824 5413 Itis
2855 5362 3125 5414 vertustius
3161 5373 3239 5415 est
3275 5365 3609 5416 reticulatum
3635 5406 3649 5428 ,

2091 5437 2176 5490 sed
2201 5435 2266 5484 ad
2295 5433 2456 5482 rimas
2484 5431 2755 5498 faciendus
2800 5433 2912 5483 ideo
2945 5435 3368 5501 parutttm,quod
3391 5436 3442 5485 in
3475 5452 3654 5487 omnes

2090 5514 2261 5572 partes
2291 5501 2544 5553 dissoluta
2581 5503 2767 5553 habent
2799 5503 2996 5554 rztbilia
3030 5513 3076 5554 et
3111 5512 3444 5563 coagmenta.
