3920 6194
415 197 522 258 867

1926 195 2144 262 θυαε
3353 161 3362 168 ’
3592 195 3682 260 διδ

418 313 532 366 lius
581 310 910 365 deseruerat
946 310 1083 364 tanti
1120 310 1295 368 hostis
1342 311 1576 368 adventu
1608 311 1915 381 perculsus,
1941 313 2008 368 ad

2122 309 2384 378 Στέφανος
2413 319 2439 361 ο
2459 308 2554 362 τοῦ
2582 306 2837 378 Λαζάρου
2869 306 2982 370 ulli;
3011 306 3086 378 μὴ
3117 307 3300 376 φέρων
3337 305 3394 360 ὲν
3420 310 3534 369 τοῖς
3561 308 3683 364 ὠσὶ-ι

423 405 588 472 cujus
626 403 789 456 etiam
821 417 1022 456 nomen
1049 403 1226 456 solum
1253 402 1606 472 pavescebat)
1641 415 1695 457 et
1723 405 1776 457 in
1811 419 2006 472 quam-

418 496 654 565 plurima
681 495 877 564 Oppida
917 511 1190 566 agrosque
1215 506 1462 566 patentes
1490 498 1816 552 excursione
1839 497 2004 562 facta,

415 597 681 643 venustos
727 589 952 656 juvenes
1013 603 1242 658 corpore
1274 604 1340 643 ac
1367 590 1514 643 vultu
1551 589 1824 644 formosos
1856 606 2008 644 man-

418 681 561 747 cipia
620 681 890 747 abduxit;
947 693 1178 736 caeteros
1237 681 1421 751 gladio
1463 684 1733 752 peremit:
1769 698 2008 751 cumque

422 774 523 826 tria
581 783 763 829 castra
809 785 1218 844 expugnasset,
1277 789 1473 829 omnes
1525 790 1659 829 ense
1717 777 2008 829 demessos

421 867 739 934 prostravit.
768 867 948 934 Super
977 866 1336 922 cadaveribus
1357 866 1552 921 deinde
1571 865 2006 921 Christianorum

422 974 608 1013 mensa
630 959 921 1023 instructa,
953 959 1205 1014 convivio
1235 959 1520 1027 splendido
1572 974 1637 1012 ac
1660 958 1858 1012 celebri
1880 971 2015 1023 prae-

422 1053 614 1120 cipuos
637 1067 864 1105 suorum
906 1062 1298 1121 magnatesque
1338 1053 1574 1120 excepit.
1643 1052 1813 1106 Serva
1853 1066 2013 1105 exce-

331 1197 335 1200 .
423 1146 558 1198 dens
595 1144 1009 1212 Adriauopolim
1063 1144 1252 1212 pedem
1289 1145 1473 1209 refert,
1537 1145 1802 1210 brevique
1835 1143 2012 1211 spatio

424 1237 591 1304 quieti
655 1238 781 1290 dato
832 1237 900 1289 ad
961 1237 1496 1305 Constantinopolim
1590 1236 2010 1305 expugnandam

421 1331 645 1383 bellicas
676 1331 958 1383 machinas
1000 1337 1260 1397 apparat:
1290 1339 1345 1383 et
1375 1329 1617 1383 exercitu
1641 1329 1785 1382 haud
1810 1327 2008 1398 exiguo

423 1426 477 1477 iu
507 1422 845 1477 Thessaliam
892 1423 1063 1476 misso
1111 1421 1564 1476 Thessalonicam
1592 1433 1893 1492 oppugnat,
1921 1437 2016 1477 oc-

423 1517 743 1584 cupatisque
763 1514 1046 1579 omnibus,
1073 1525 1304 1580 excepto
1335 1513 1588 1575 Zetunio,
1618 1514 1816 1568 castris
1857 1513 2014 1585 Stry-

425 1608 572 1664 moni
640 1606 954 1676 impositis,
1010 1606 1125 1673 ipse
1175 1604 1708 1671 Constantinopolim
1771 1605 1996 1663 tendit.

424 1698 719 1764 omniaque
753 1697 949 1764 Oppida
984 1695 1225 1758 deserta,
1265 1694 1409 1749 unde
1468 1697 1764 1763 imperator
1793 1695 2007 1749 Manucl

424 1789 633 1842 incolas
673 1788 724 1840 in
770 1789 960 1841 urbem
999 1788 1382 1850 transtulerat,
1416 1788 2011 1856 inveniteaquedeus-

426 1882 518 1936 sit.
574 1880 865 1948 Dispositis
917 1879 1115 1933 deinde
1152 1879 1353 1934 castris
1385 1885 1572 1932 animo
1607 1881 1852 1932 conlisus
1887 1895 2007 1931 eam

429 1975 483 2027 in
529 1982 856 2042 potestatem
900 1988 1054 2026 suam
1087 1973 1438 2026 redacturum
1485 1973 1763 2042 sperabat.
1804 1973 1938 2026 Rem
1981 1988 2011 2025 e

431 2060 733 2128 longinquo
758 2060 1006 2128 gerebat,
1041 2062 1226 2127 copias
1256 2061 1448 2128 procul
1496 2063 1564 2114 ah
1599 2063 1738 2115 urbe
1774 2072 2008 2116 tenens:

442 2165 633 2205 verum
667 2151 922 2214 'singulis
952 2152 1147 2206 diebus
1173 2154 1238 2207 ad
1271 2169 1507 2222 pugnam
1539 2153 1640 2223 51
1672 2154 2010 2214 lacessendo.

433 2242 620 2295 hostes
649 2242 907 2300 catdebat.
929 2244 1218 2296 lacessitus
1246 2245 1572 2314 quandoque
1601 2247 1712 2312 ipse
1734 2255 1786 2298 et
1815 2260 2010 2298 etesiis.

437 2333 798 2399 Erumpentes
827 2349 1064 2402 namque
1095 2334 1609 2404 ConSIantinOpolis
1645 2336 1794 2390 cives
1828 2336 2014 2403 praelia

433 2437 556 2474 cum
610 2413 809 2477 Turcis
843 2424 1362 2493 congredicbantur.
1410 2427 1719 2496 horumque
1741 2443 2010 2482 caesorum

435 2530 700 2569 numerus
752 2515 1099 2571 Roma-orum
1143 2534 1430 2572 numerum
1494 2521 1659 2588 triplo
1695 2519 2012 2588 superabat.

437 2607 620 2675 Neque
648 2608 866 2660 interim
896 2607 1216 2674 imperatori
1248 2609 1517 2676 ejusmodi
1562 2613 1804 2664 Ἥρωι-ιω
1840 2623 2011 2677 gratae

436 2707 609 2751 crant.
639 2697 885 2752 [tornatos
912 2699 1059 2752 enim
1088 2698 1187 2767 ipsi
1217 2699 1412 2753 charos
1447 2715 1510 2753 ac
1535 2700 2012 2764 commendabiles,

439 2808 546 2844 non
581 2792 762 2846 minus
790 2807 853 2845 ac
907 2791 1167 2861 pupillam
1192 2771 1360 2852 oculi,
1395 2808 1584 2844 eorum
1627 2795 1870 2860 paucitas
1896 2795 2016 2848 red-

438 2884 626 2936 debat.
663 2882 804 2947 Quid
837 2883 1138 2944 commodi,
1193 2884 1394 2950 inquit,
1422 2885 1486 2936 ad
1520 2900 1605 2937 me
1641 2885 1802 2946 redit.
1843 2886 1886 2938 si
1919 2886 2015 2940 de-

2109 404 2211 472 τὴν
2243 401 2588 471 ἐπιδρομὴν),
2617 402 2711 454 καὶ
2743 401 3051 469 παμπιηθῆ
3084 401 3284 468 χωρία,
3316 401 3411 452 καὶ
3433 401 3690 470 κάμπους

2111 493 2587 563 καταδραμὼν,τᾶι
2629 493 2728 561 μὲν
2757 493 2935 560 ὡραῖα
2968 495 3034 561 τῇ
3068 491 3191 559 ὄψει
3219 493 3314 544 καὶ
3342 492 3439 545 νέα
3469 493 3692 562 σώματα
3739 557 3746 564 _

2109 587 2517 657 ᾐχμαλώτιζεν,
2543 587 2668 648 τοὺς
2702 586 2759 639 δὲ
2797 584 3024 647 λοιποὺς
3056 584 3307 645 ἅπαντας
3349 583 3496 652 ξίφει
3531 585 3695 636 κατέ.-

2114 695 2340 745 σφαττε.
2372 679 2567 731 Λαϐὼν
2599 679 2656 731 δὲ
2687 679 2783 731 καὶ
2830 678 3082 746 πολίχνια
3128 679 3254 744 τρία
3293 677 3519 746 πολέμῳ
3563 677 3696 730 πάν-

2113 789 2211 835 τας
2265 772 2516 841 ὲθέρισε·
2575 772 2673 824 καὶ
2728 771 2983 840 θερίζων,
3035 771 3092 822 ὲν
3146 774 3258 832 τοῖς
3314 771 3532 838 σώμασι
3587 769 3695 822 τῶν

2115 865 2466 929 Χριστιανῶν
2515 864 2800 934 τράπεζαν
2872 864 3150 933 ἑφήπλου,
3212 865 3310 917 καὶ
3371 864 3695 918 πανδαισίαν

2115 957 2290 1010 ἐποίει
2343 955 2482 1025 μετὰ
2513 957 2622 1008 τῶν
2661 957 3004 1025 μεγιστάνων
3033 954 3222 1009 αὑτοῦ.
3272 956 3406 1010 Ἀπὸ
3455 957 3513 1008 δὲ
3558 957 3693 1024 Σερ-

2115 1050 2234 1112 Cia;
2268 1049 2534 1119 στραφεὶς
2564 1050 2622 1102 ὲν
2669 1049 3133 1118 Ἀδριανουπόλει,
3169 1049 3266 1102 καὶ
3321 1049 3519 1118 μικρὸν
3564 1049 3696 1101 ἁνα-

2115 1143 2488 1210 παυσάμενος,
2505 1142 2573 1195 τά
2600 1143 2734 1213 πρὸς
2759 1143 2859 1212 τὴν
2877 1141 3290 1195 Κωνσταντίνου
3314 1140 3693 1211 παρεσκεύαζε

2118 1237 2393 1303 πολεμικὰ
2439 1237 3012 1306 τειχομηχανήματαο
3066 1236 3292 1305 πέμψας
3341 1237 3400 1289 δὲ.
3458 1235 3694 1304 στρατὸν

2115 1331 2213 1382 οὐκ
2255 1328 2438 1394 ὀλίγον
2495 1330 2552 1380 ὲν
2603 1328 2890 1397 Θετταλίᾳ,
2923 1329 3234 1397 ἐπολιόρκει
3267 1326 3694 1394 Θεσσαλονίκην,

2115 1424 2208 1474 καὶ
2235 1422 2299 1474 τὰ
2331 1423 2482 1488 παρὰ
2510 1421 2601 1473 τὸν
2632 1422 2920 1490 Στρυμόνα
2969 1421 3149 1490 χωρία
3181 1421 3398 1474 ἅπαντα
3447 1419 3698 1486 παραλα-

2117 1515 2248 1578 ϐὼν,
2269 1514 2404 1583 πλὴν
2435 1514 2924 1584 Ζητουνίου,αὑτδς
2956 1515 3091 1584 πρὸς
3125 1512 3696 1567 Κωνσταντινούπολιν

2117 1607 2336 1676 ἐχώρει,
2367 1609 2460 1658 καὶ
2505 1607 2684 1659 πάντα
2719 1606 2784 1659 τὰ
2813 1607 2992 1678 χωρία
3045 1606 3221 1676 εὑρὼν
3250 1605 3457 1676 ἔρημα·
3484 1601 3556 1676 ἦν
3590 1606 3694 1674 γάρ

2119 1702 2451 1770 μετοικήσας
2503 1701 2643 1753 αὐτὰ
2695 1701 2723 1753 ὁ
2782 1700 3037 1770 βασιλεὺς
3083 1699 3340 1768 Μανουὴλ
3391 1700 3550 1762 ἐντὸς
3600 1701 3694 1767 τῆς

2113 1793 2326 1854 πόλεως
2352 1807 2364 1821 ’
2407 1792 2588 1846 πάντα
2637 1793 2771 1862 πυρὶ
2818 1793 3165 1860 παρέδωκεν·
3199 1792 3364 1854 αὐτὸς
3411 1791 3468 1844 δὲ
3505 1792 3694 1862 πήξας

2113 1887 2211 1948 τὰς
2258 1886 2486 1954 σκηνὰς,
2522 1887 2586 1954 τῇ
2621 1887 2718 1956 μὲν
2769 1885 2966 1956 γνώμῃ
3000 1883 3222 1955 θαρρῶν
3271 1880 3363 1954 ἦν,
3394 1884 3481 1937 ὅτι
3535 1887 3690 1952 γενή-

2116 1996 2270 2030 σεται
2301 1979 2506 2047 ταύτης
2541 1978 2772 2046 κύριος’
2807 1979 2871 2046 τῇ
2922 1977 2976 2030 δὲ
3030 1976 3226 2045 πράξει
3284 1977 3380 2028 καὶ
3424 1977 3490 2044 τῇ
3534 1975 3685 2044 λοιπῇ

2114 2070 2345 2136 δυνάμει
2379 2068 2654 2140 μακρόθεν
2687 2064 2755 2136 ἦν
2788 2069 2961 2130 ἑστώς
2985 2087 3000 2100 ·
3036 2068 3178 2137 πλὴν
3205 2065 3329 2120 καθ’
3354 2067 3571 2135 ἡμέραν
3589 2065 3679 2117 οὐκ

2118 2163 2357 2216 ἐπαύετο
2389 2161 2662 2231 πολεμῶν,
2689 2163 2784 2213 καὶ
2814 2161 3265 2230 πολεμιζόμενος,
3287 2163 3386 2216 καὶ
3420 2160 3676 2228 σφάττων,

2117 2257 2207 2307 καὶ
2253 2255 2590 2322 σφαζόμενος
2644 2253 2798 2319 παρὰ
2854 2251 2964 2304 τῶν
3017 2252 3277 2305 πολιτῶν.
3313 2251 3685 2322 Ἐξερχόμενοι

2118 2349 2227 2416 γὰρ
2257 2349 2307 2400 οἱ
2343 2346 2556 2398 πολῖται
2588 2345 2978 2397 συνεπλέκοντο
3007 2346 3122 2406 τοῖς
3166 2344 3460 2414 Τούρκοις,
3493 2345 3588 2396 καὶ
3617 2344 3693 2406 είς

2115 2442 2213 2492 ἕνα
2249 2441 2526 2505 Ῥωμαῖον
2560 2441 2715 2508 τρεῖς
2746 2439 2977 2492 ἔπιπτον
3018 2437 3274 2506 Τοῦρκοι.
3301 2439 3407 2491 Τὸν
3446 2438 3504 2491 δὲ
3538 2437 3696 2508 βασι-

2117 2534 2214 2584 λέα
2243 2531 2344 2584 οὐκ
2379 2531 2580 2599 ἤρεσκε
2609 2529 2789 2582 τοῦτο.
2819 2527 2946 2598 Εἶχε
2984 2531 3092 2598 γὰρ
3120 2532 3246 2592 τοὺς
3289 2530 3602 2598 Ῥωμαίους
3626 2530 3698 2592 ὡς

2119 2627 2209 2678 ἐπὶ
2241 2625 2302 2677 τὸ
2335 2625 2469 2676 πολὺ
2503 2624 2588 2676 διὰ
2616 2623 2716 2691 τὴν
2741 2623 3031 2691 ὀλιγότητα
3056 2622 3343 2690 φυλάττων
3389 2623 3593 2686 αὐτοὺς
3625 2622 3700 2684 ὡς

2119 2720 2288 2788 κόρην
2319 2717 2621 2786 ὀφθαλμοῦ.
2659 2717 2852 2783 Ἔλεγε
2884 2718 3013 2786 γὰρ,
3045 2714 3109 2768 Τί
3143 2734 3232 2786 μοι
3264 2716 3478 2786 ὄφελος,
3507 2719 3559 2768 εί
3593 2716 3702 2770 ἀπὸ

2117 2811 2244 2872 τοὺς
2279 2809 2473 2862 ἑκατὸν
2509 2809 2846 2878 στρατιώτας
2887 2806 3189 2876 Ῥωμαίους
3224 2807 3397 2861 ὀλέσω
3423 2808 3602 2872 δέκα;
3636 2811 3706 2861 Ἦ

2120 2903 2205 2966 τίς
2234 2904 2311 2971 τῷ
2346 2903 2519 2970 Mcos?)
2551 2899 2746 2970 ζημία,
2782 2901 2829 2951 εί
2857 2898 2966 2951 άπδ
3005 2900 3135 2960 τοὺς
3178 2900 3386 2969 χιλίους
3416 2901 3708 2968 Τούρκους

439 2990 556 3027 com
620 2974 819 3026 milites
868 2972 1119 3027 Romanos
1155 2989 1220 3026 ex
1250 2983 1467 3027 centum
1521 2976 1758 3029 amisere
1783 2977 1805 3029 ?
1833 2993 2012 3043 quau-

2122 2997 2301 3048 ὀλέσει
2354 2993 2582 3057 ἑκατόνς
2625 2994 2770 3062 Πλὴν
2823 2995 2855 3064 ἡ
2919 2994 3196 3064 θρασύτης
3245 2993 3354 3046 τῶν
3405 2993 3707 3062 Ῥωμαίων

439 3079 618 3120 tamve
666 3065 872 3120 cladem
930 3066 1126 3133 accipit
1196 3065 1390 3132 Moses,
1449 3066 1492 3121 si
1533 3085 1597 3121 ex
1639 3069 1785 3121 mille
1828 3068 2022 3123 Turcis

439 3168 660 3213 centum
689 3158 953 3225 perierint
982 3159 1005 3212 ἲ
1037 3158 1424 3214 Verumtamen
1479 3161 1708 3213 audacia
1743 3159 1865 3214 freti
1902 3161 2011 3214 Ro-

443 3249 563 3304 ιιιεεὶ
625 3250 768 3303 haud
837 3265 898 3304 se
954 3251 1372 3316 continuerunt,
1432 3267 1496 3306 ac
1542 3255 1832 3320 eruptione
1879 3252 2019 3307 facta

443 3342 626 3411 ιιι-ωηο
656 3339 866 3396 Turcos
891 3343 1104 3412 aggredi
1136 3358 1243 3396 non
1269 3359 1575 3398 cessavere.
1600 3342 1743 3397 Inter
1775 3359 2021 3413 pugnau-

442 3436 570 3486 dum
608 3449 736 3486 vero
769 3435 1315 3502 comprehenderunt
1375 3435 1538 3489 Turci
1577 3437 1867 3503 quemdam
1897 3435 2021 3488 illu-

446 3525 670 3588 strium,
704 3523 933 3578 Joannis
981 3525 1108 3578 olim
1144 3525 1512 3592 imperatoris,
1545 3525 1919 3592 Manuelisque
1955 3521 2016 3576 Ρ.

445 3615 794 3681 pincernam,
829 3630 992 3682 quem
1027 3615 1206 3682 capite
1237 3624 1581 3669 truncarunt.
1617 3617 1842 3686 Cognita
1873 3617 2020 3671 caede

445 3708 671 3760 cadaver
743 3722 938 3775 pugnae
1034 3707 1426 3761 sulitraxerunt
1490 3708 1732 3774 Romani,
1795 3720 2023 3778 postque

444 3803 762 3854 diuturnam
797 3815 1029 3866 pugnant
1068 3813 1130 3852 ac
1190 3798 1636 3854 vociferationem
1675 3802 1810 3854 illud
1847 3803 1898 3855 in
1930 3818 2023 3856 ur-

447 3896 566 3948 tem
594 3896 990 3960 importaruut:
1027 3901 1083 3946 at
1113 3892 1236 3959 ejus
1259 3903 1421 3958 caput
1449 3892 1516 3946 ad
1545 3891 1750 3948 Mose’m
1787 3895 2022 3949 attulere

445 3983 636 4039 Turci.
670 3983 851 4038 Occisi
877 3992 1030 4051 pater
1070 3981 1329 4037 Nicolaus
1377 3981 1640 4038 Notarius
1674 3985 2021 4054 imperatoris

451 4080 510 4132 Ι).
549 4079 811 4132 Mannelis
835 4079 1125 4144 interpres,
1154 4077 1360 4146 quique
1387 4079 1654 4146 praedives
1690 4088 1830 4142 erat,
1853 4091 2020 4148 caput

449 4172 757 4225 ahscissum
790 4167 976 4223 multis
1009 4171 1257 4223 centenis
1295 4169 1532 4224 nummis
1566 4170 1716 4225 illico
1767 4171 2018 4238 redemit,

447 4273 502 4316 et
536 4278 640 4316 una
674 4278 797 4315 cum
833 4262 1098 4314 cadavere
1136 4263 1407 4330 sepelivit.
1447 4262 1651 4330 lugenti
1685 4264 1874 4317 dolore
1903 4263 2017 4316 Ro-

449 4368 710 4407 minorum
758 4352 978 4420 juvenis
1027 4353 1114 4405 ille
1142 4353 1486 4409 desideratus
1516 4365 1621 4418 est,
1664 4355 1945 4424 patrisque
1969 4365 2022 4409 et

451 4445 613 4498 Lucae
655 4444 878 4508 fratris,
916 4443 1008 4512 qui
1055 4446 1159 4499 sub
1209 4444 1544 4516 imperatore
1591 4445 1798 4501 Joanne
1828 4449 2022 4508 ultimo

451 4536 754 4606 Palzcologo
785 4535 1111 4591 Mesazontis
1134 4537 1310 4591 cilicio
1339 4537 1702 4608 fungebatur;
1742 4548 2021 4608 postremo

451 4631 505 4684 in
583 4630 817 4684 civitatis
881 4630 1151 4683 universae
1215 4630 1370 4685 clade
1424 4647 1548 4684 cum
1605 4631 1790 4685 liberis
1845 4633 2020 4699 capite

452 4724 642 4792 ploxus
687 4731 787 4776 est.
829 4720 1025 4776 Verum
1053 4722 1120 4775 ad
1159 4723 1490 4778 narrationis
1550 4724 1747 4778 seriem
1786 4735 2019 4778 reverta-

451 4829 593 4866 ιιιιιτ.

523 4928 736 4983 Manucl
761 4929 1011 4998 equidem
1046 4927 1340 4996 imperator
1361 4943 1483 4979 cum
1513 4928 1726 4996 tyranni
1756 4925 1925 4979 ferunt
1963 4942 2026 4980 ac

451 5025 743 5078 immanem
803 5022 1044 5075 animum
1073 5027 1343 5082 cerneret,
1385 5019 1697 5086 bellumque
1725 5017 2018 5070 interneci-

2123 3089 2183 3142 οὐ
2242 3087 2448 3141 διέλιπε
2520 3085 2614 3139 τοῦ
2682 3087 3000 3156 ἐξέρχεσθαι
3063 3087 3156 3140 καὶ
3204 3088 3546 3156 συμπλέκειν
3598 3090 3709 3149 τοῖς

2124 3178 2408 3248 Τούρκοις.
2448 3177 2681 3230 Ἔλασον
2733 3177 2827 3231 οὖν
2878 3181 2935 3230 ἐν
2983 3179 3205 3248 πολέμῳ
3237 3181 3285 3232 οί
3335 3178 3582 3248 Τοῦρκοι
3616 3179 3708 3233 ἕνα

2123 3274 2230 3324 τῶν
2265 3270 2509 3336 ἐνδόξων,
2542 3273 2634 3323 τὶν
2685 3273 2778 3323 ἐπὶ
2824 3271 2924 3339 τῆς
2975 3272 3258 3341 τραπέζης
3300 3271 3560 3325 Ἰωάννου
3617 3269 3702 3323 τοῦ

2122 3365 2564 3434 χρηματίσαντος
2613 3363 2900 3433 βασιλέως,
2952 3363 3047 3416 τοῦ
3113 3363 3381 3433 βασιλέως
3439 3365 3704 3430 Marmor-3.

2126 3457 2268 3517 υἱοῦ,
2301 3457 2360 3509 ὃν
2415 3456 2512 3509 καὶ
2553 3457 2829 3524 ἀπέτεμον
2883 3455 3048 3508 αὐτοῦ
3089 3456 3190 3525 τὴν
3231 3456 3501 3524 κεφαλήν.
3537 3458 3607 3510 Ol
3658 3456 3710 3507 δὲ

2136 3547 2399 3614 Ῥωμαῖοι
2437 3544 2706 3614 μαθόντες
2758 3545 2820 3598 τὸ
2870 3545 3094 3610 γεγονὸς
3143 3545 3547 3614 ὲξεπὸρτησαν.
3605 3548 3713 3599 Καὶ

2123 3640 2212 3693 διὰ
2235 3637 2438 3708 ,πολλοῦ
2487 3636 2724 3706 πολέμου
2771 3637 2866 3689 καὶ
2907 3639 3178 3706 κραυγῆς,
3217 3639 3412 3706 ἔφερον
3445 3640 3512 3690 τὸ
3550 3641 3716 3706 σῶμα

2125 3731 2290 3783 αὐτοῦ
2330 3729 2479 3792 ἐντὸς
2511 3729 2612 3799 τῆς
2667 3729 2879 3791 πόλεως
2905 3745 2920 3762 ο
2956 3730 3058 3801 τὴν
3089 3730 3144 3782 δὲ
3179 3729 3423 3799 κεφαλὴν
3450 3732 3637 3784 αὑτοῦ
3669 3731 3718 3784 οξ

2125 3820 2357 3889 Τοῦρκοι
2395 3819 2475 3889 τῷ
2505 3821 2680 3890 Μωσῇ
2732 3819 3014 3889 ἐκόμισαν.
3051 3820 3183 3872 Τότε
3218 3821 3488 3880 Νικόλαος
3531 3821 3718 3874 Νοτι-

2129 3912 2226 3980 ρᾶς
2259 3910 2440 3980 πατὴρ
2471 3908 2583 3977 ,τοῦ
2639 3910 2991 3979 τεθνηκότος,
3021 3910 3419 3980 διερμηνευτής
3476 3910 3562 3964 ὢν
3619 3910 3718 3964 τοῦ

2126 4001 2387 4072 βασιλέως
2443 4002 2636 4070 κυρίου
2696 4001 2974 4070 Μανουὴλ,
3036 3999 3290 4062 πλούσιος
3344 4001 3422 4053 ὣν
3471 4003 3717 4070 σφόδρα,

2123 4093 2460 4163 ἐξαγοράσας
2499 4092 2587 4145 διὰ
2627 4092 2839 4144 πολλῶν
2891 4093 3252 4162 κεντιναρίων
3306 4093 3406 4162 τὴν
3455 4095 3722 4161 κεφαλὴν

2123 4186 2290 4255 ἔθαψε
2332 4185 2429 4237 σὺν
2471 4185 2550 4254 τῷ
2585 4185 2820 4252 σώματι.
2857 4186 3017 4252 Μέγα
3057 4185 3252 4247 πένθος
3286 4187 3524 4254 ποιήσας
3580 4187 3719 4240 Ῥω-

2131 4277 2308 4343 μαίοις
2339 4277 2365 4327 ὁ
2399 4277 2516 4338 νέος
2546 4279 2754 4339 ἐκεῖνος
2797 4276 2892 4330 καὶ
2921 4275 3000 4343 τῷ
3038 4277 3205 4344 πατρὶ
3237 4277 3333 4328 καὶ
3374 4277 3454 4347 τῷ
3481 4273 3704 4343 ἀδελφῷ

2125 4370 2306 4438 Λουκᾷ
2331 4386 2344 4399 ·
2391 4370 2448 4431 ὃς
2497 4369 2592 4421 καὶ
2621 4370 2678 4421 ὲν
2726 4369 2845 4428 ταῖς
2877 4368 3110 4436 ἡμέραις
3163 4368 3398 4420 ὑστάτου
3434 4368 3699 4436 βασιλέως

2133 4461 2386 4513 Ἰωάννου
2447 4461 2540 4512 τοῦ
2603 4460 2971 4526 Παλαιολόγου
3032 4460 3288 4527 μεσάζων
3334 4461 3701 4530 ὲχρημάτιτε,

2121 4552 2214 4603 καὶ
2261 4551 2320 4602 ὲν
2356 4553 2421 4622 τῇ
2457 4551 2716 4604 παντελεῖ
2764 4551 2943 4620 φθορᾷ
2994 4551 3094 4619 τῆς
3130 4551 3361 4615 πόλεως,
3396 4552 3490 4604 καὶ
3540 4552 3714 4610 αὐτος

2129 4644 2225 4696 σὺν
2257 4644 2367 4704 τοῖς
2399 4643 2608 4704 τέκνοις
2650 4641 3062 4712 ἐκαρατομήθη.
3099 4641 3245 4694 Ἀλλ’
3287 4641 3579 4694 ἐπανιτέον
3611 4641 3719 4712 ἤδη

2127 4737 2262 4802 πρδς
2297 4737 2394 4805 τὴν
2425 4735 2698 4805 διήγησιν.

2217 4919 2272 4971 .0
2307 4919 2557 4987 βασιλεὺς
2593 4919 2698 4987 γὰρ
2737 4917 2990 4986 Μανιουὴλ
3024 4917 3166 4984 ἐρῶν
3215 4917 3309 4970 τοῦ
3350 4918 3626 4986 τυρίδνπ
3657 4913 3713 4964 τὸ

2131 5011 2365 5077 ἀπηνὲς,
2417 5011 2509 5060 καὶ
2565 5011 2627 5059 τὸ
2664 5008 2796 5078 πρὸς
2846 5009 2943 5079 τὴν
2993 5010 3102 5059 τῶν
3138 5009 3475 5078 Χριστιανῶν
3529 5009 3711 5074 μάχην

1572 5109 1596 5135 ⁸
1649 5131 1940 5192 Ismaelis
1976 5126 2277 5188 Bullialdi
2317 5129 2504 5184 notae.

2126 5249 2274 5302 Mose
2315 5246 2610 5307 Leonteus,
2646 5249 2741 5301 lib.
2770 5265 2822 5303 IV
2842 5287 2857 5309 ,
2887 5245 3192 5299 adeundus.
3215 5245 3480 5298 Phranzes
3511 5243 3722 5299 etiam,

2129 5321 2222 5371 lib.
2261 5338 2294 5380 I,
2335 5334 2454 5385 cap.
2497 5318 2588 5378 50,
2620 5322 2846 5370 istorum
2883 5314 3140 5382 Bajazitis
3209 5316 3434 5367 filiorum
3492 5327 3598 5385 res
3631 5329 3730 5372 ge-

2127 5401 2237 5440 stas
2261 5380 2448 5440 narrat
2482 5404 2494 5438 :
2532 5397 2829 5456 nostroque
2869 5380 3163 5456 consentit,
3193 5399 3313 5437 cum
3343 5380 3506 5456 semel
3551 5393 3742 5443 atque

2127 5459 2324 5510 iterum
2362 5459 2561 5510 vietum
2595 5454 2943 5510 MCilCillCitflll
2979 5470 3007 5506 a
3042 5454 3189 5506 Mosi:
3226 5454 3556 5510 recessisse.
3607 5461 3740 5502 lcr-

2133 5529 2207 5579 tio
2274 5527 2488 5580 tandem
2552 5528 2739 5596 praelio
2799 5525 3023 5580 victoria
3088 5526 3320 5590 potitum
3394 5534 3528 5573 esse
3583 5521 3752 5574 scri-

2134 5599 2230 5648 btl.

455 5278 552 5332 per
583 5261 788 5328 legatos
818 5261 880 5313 ad
925 5259 1106 5314 foedus
1145 5257 1549 5332 amicitiamque
1587 5252 2014 5332 contrahendam

456 5325 753 5387 Manutilein
794 5335 1186 5395 imperatorem.
1216 5326 1564 5380 sollicitatum
1605 5325 1931 5395 Verantiana
1963 5330 2017 5373 ct

456 5402 826 5456 Hanivaldana
862 5391 1100 5452 historia:
1129 5400 1375 5451 tradunt.
1409 5397 1498 5447 Illa
1525 5396 1726 5448 vietum
1751 5410 1776 5444 a
1839 5391 2018 5442 Mehe-

461 5482 601 5525 ntete
635 5472 831 5523 Mosem
870 5471 1045 5536 ptimo
1076 5481 1396 5539 congressu,
1435 5469 1546 5516 haec
1573 5481 1721 5539 _vcr9
1779 5462 2020 5539 secunst

462 5534 900 5608 prmlioasserit:
936 5549 989 5590 et
1050 5534 1514 5608 ntraqueliiosetn
1573 5534 1873 5608 ian‘ratris
1935 5534 2016 5608 εισι

467 5599 780 5663 ileizemclis
806 5624 995 5662 manus
1019 5599 1207 5658 vii-uni
1260 5604 1544 5659 devenisse
1596 5603 1883 5654 aiiirmaut.
1949 5599 2021 5652 De
