3920 6194
253 258 363 320 869

1432 262 1809 323 HISTORIA
1850 262 2301 320 BYZANTINA.

3398 263 3504 328 870

250 380 517 432 ἄσπονδον
552 379 775 449 ἔχθραν,
816 378 1012 449 μηνῦει
1050 378 1127 448 τῷ
1164 383 1461 452 Μαχουμὲτ
1506 384 1583 452 τῷ
1618 379 1824 452 ἁδελφῷ

1944 396 2074 433 num
2127 381 2391 433 adversus
2444 379 2786 432 Christianos
2843 381 2970 433 odio
3024 382 3350 451 implacabili
3377 401 3499 437 eum

251 472 418 524 αὑτοῦ
450 472 530 525 ἔτι
571 474 776 539 διάγων
806 474 861 524 ὲν
895 474 1142 542 Προύσῃ,
1175 476 1235 525 τὸ
1264 476 1439 527 ἐλθεῖν
1466 478 1543 535 είς
1567 478 1628 527 τὸ
1659 476 1828 527 Σκου-

250 563 442 631 τάριον
466 578 481 593 ·
524 563 615 615 καὶ
642 565 669 615 6
704 563 962 630 βασιλεὺς
1004 566 1101 618 σὺν
1134 567 1385 637 τριήρεσι
1434 568 1738 620 διαϐιϐάσει
1771 568 1829 617 ὲν

250 656 317 724 τῇ
372 653 970 708 Κωνσταντινουπὸλει.
1029 657 1163 709 Ἀπὸ
1211 658 1267 710 δὲ
1316 657 1832 711 Κωνσταντινουπό-

251 744 389 807 λεως
433 745 659 815 βοηθείᾳ
692 744 829 797 θεοῦ
878 747 970 798 καὶ
1009 746 1104 798 τοῦ
1158 746 1420 816 βασιλέως
1472 748 1830 816 ἐξερχόμενος

253 839 718 909 συμπλακήσεται
749 842 826 910 τῷ
854 842 1123 912 τυράννῳ.
1157 842 1264 896 Καὶ
1296 844 1343 894 εί
1378 842 1475 910 μὲν
1516 842 1574 894 τὸ
1604 843 1703 910 τῆς
1737 842 1829 893 τύ·

251 947 353 998 χης
383 932 474 981 ἐπὶ
516 932 605 983 τὸν
635 930 900 1000 τύραννον
941 933 1118 1004 ῥέψει,
1150 936 1181 1004 ἡ
1222 934 1376 995 πόλις
1413 935 1647 987 πάντοτε
1680 933 1825 985 ἕτοι-

254 1039 354 1088 μος
384 1022 538 1075 ἔσται
570 1024 650 1085 είς
683 1024 951 1092 ὑποδοχὴν
986 1025 1153 1077 αὑτοῦ
1182 1039 1197 1056 ⁸
1238 1025 1304 1080 Εί
1336 1025 1403 1078 δὲ
1433 1026 1822 1091 τούναντίον,

250 1113 282 1164 ὃ
306 1114 401 1166 καί
424 1115 793 1182 ἐπιθυμητὸν
817 1116 958 1183 ἡμῖν
979 1117 1131 1178 ἐστι,
1151 1117 1260 1185 τῆς
1283 1118 1599 1185 ἡγεμονίας
1623 1118 1830 1186 ἐγιιραι

250 1204 358 1269 τὴς
394 1206 648 1273 γενήσῃ,
680 1207 781 1259 καὶ
814 1210 892 1272 ὡς
920 1208 1064 1275 ἐμὸς
1092 1210 1223 1274 υίὸς
1251 1209 1388 1276 ἔσῃ.
1430 1211 1488 1261 ’0
1519 1210 1575 1262 δὲ
1612 1211 1828 1279 Μαχου-

250 1299 353 1365 μὲτ
406 1296 648 1357 ἀκούσας
697 1303 825 1360 τοὺς
885 1301 1075 1364 λόγους
1121 1300 1365 1363 τούτους,
1417 1302 1511 1352 καὶ
1547 1301 1827 1369 πρόθυμος

246 1388 563 1453 γενόμενος,
596 1387 892 1456 προθύμως
930 1392 1011 1452 είς
1038 1392 1097 1444 τὸ
1128 1393 1460 1462 Σκουτάριον
1491 1392 1689 1461 ἤλαυνε
1719 1396 1825 1444 πά-

250 1496 351 1540 σας
380 1480 481 1541 τὰς
508 1480 678 1533 αὑτοῦ
705 1480 989 1548 δυνάμεις.
1035 1480 1092 1535 '0
1126 1484 1182 1535 δὲ
1232 1483 1489 1550 βασιλεὺς
1531 1484 1717 1553 μαθὼν
1742 1486 1827 1537 ὅτι

247 1566 415 1640 ἦλθεν
478 1573 555 1633 είς
603 1573 663 1625 τὸ
716 1574 915 1644 πέραν,
943 1576 1041 1639 τὰς
1088 1578 1332 1647 τριήρεις
1393 1577 1646 1646 ἑτοίμους
1690 1579 1828 1647 ἔχων

249 1664 419 1731 περᾷ,
455 1663 549 1716 καὶ
575 1665 651 1733 τῷ
681 1666 980 1735 Μαχουμὲτ
1016 1667 1275 1737 ἐντυχὼν.
1329 1671 1426 1723 καὶ
1456 1670 1648 1736 λόγους
1677 1675 1826 1743 ὲνόρ-

1938 485 2148 538 gerere.
2210 468 2574 522 Mallumetent
2619 468 2839 522 fratrem
2904 471 3077 538 ipsius
3138 471 3322 527 Prusae
3375 484 3505 529 tunc

1938 561 2115 613 adhuc
2130 562 2410 627 degentem
2442 568 2644 623 monet,
2686 570 2743 612 ut
2768 560 3075 615 Scutat‘ium
3096 566 3336 629 accedat,
3362 566 3505 619 unde

1938 648 2470 716 ConstantinOpolun
2520 648 2836 701 triremibus
2895 648 3262 716 imperatoriis
3286 655 3503 721 trajite-

1936 752 2072 805 rel;
2131 741 2607 808 ConstantinOpoli
2676 742 2871 794 deinde
2932 743 3240 798 faventibus
3298 745 3410 799 Deo
3440 762 3503 798 ac

1937 834 2271 901 imperatore
2306 849 2561 902 egressus
2596 849 2774 903 pugna
2802 849 2924 887 cum
2965 846 3194 904 tyranno
3225 841 3502 903 experire-

1936 934 2056 978 tur:
2095 926 2169 978 ita
2216 935 2272 976 ιιι
2296 925 2397 992 ipsi
2429 927 2559 977 urbs
2585 927 2650 977 ad
2687 936 2802 979 tute
2834 942 2890 979 se
2913 928 3281 994 recipiendum
3307 938 3503 996 pateat,

1936 1017 1981 1069 si
2008 1026 2240 1085 tyranno
2270 1014 2491 1068 fortuna
2533 1017 2817 1069 arriserit:
2872 1016 2965 1070 Sin
3000 1019 3170 1069 minus
3201 1020 3254 1070 id
3272 1021 3505 1087 contige-

1935 1109 2005 1160 rit
2084 1109 2240 1175 (quod
2292 1109 2519 1175 impense
2570 1109 2716 1161 nobis
2752 1110 3089 1177 optandum),
3148 1111 3505 1176 principatu»:

1937 1202 2265 1267 adipisceris,
2313 1213 2359 1254 et
2383 1202 2531 1265 mihi,
2558 1218 2661 1254 non
2685 1219 2829 1255 secus
2855 1220 2917 1255 ac
2948 1203 3115 1263 liberi,
3151 1204 3341 1255 chartis
3376 1205 3501 1255 eris.

1934 1294 2031 1346 His
2058 1294 2257 1348 auditis
2298 1295 2476 1348 alacer
2522 1306 2918 1363 promptusqne
2945 1295 3120 1348 factus
3146 1294 3502 1356 Mahomctes,

1934 1396 2293 1449 quascunque
2326 1381 2515 1449 copias
2552 1384 2807 1446 habebat,
2842 1382 3160 1435 Scutauium
3213 1384 3353 1435 conf.
3376 1388 3500 1434 stim

1936 1474 2111 1525 duxit.
2146 1472 2446 1540 imperator
2480 1488 2631 1541 ergo,
2668 1474 2757 1525 ubi
2778 1490 2899 1526 cum
2938 1492 2967 1526 a
2993 1475 3228 1528 lvenisse
3252 1476 3316 1528 ad
3348 1491 3500 1527 oram

1936 1564 2241 1631 oppositam
2276 1564 2491 1627 didicit,
2524 1566 2865 1628 triremibus,
2905 1581 3044 1632 quas
3070 1568 3369 1619 instructas
3402 1568 3503 1618 ha.

1938 1655 2125 1718 bebat,
2187 1670 2254 1709 eo
2289 1656 2527 1723 trajicit;
2559 1665 2614 1708 et
2663 1673 2782 1708 cum
2827 1657 3129 1711 Mabouiete
3176 1658 3500 1724 (allocutus,

249 1772 380 1816 κους
406 1755 587 1807 λαϐὼν
623 1758 716 1809 καὶ
748 1758 893 1821 δοὺς,
921 1760 1066 1828 περᾷ
1097 1760 1187 1811 τὸν
1220 1761 1521 1830 Μαχουμὲτ
1555 1764 1651 1816 σὺν
1679 1751 1824 1833 αὑτῷ

1938 1756 2128 1800 mutuo
2166 1748 2525 1816 jurejurando
2581 1748 2684 1800 lide
2738 1747 3016 1816 utrimque
3063 1749 3347 1810 obstricta,
3377 1764 3499 1803 eum

250 1846 331 1906 είς
362 1847 955 1901 Κωνσταντινούπολιν.
994 1851 1104 1901 Καὶ
1142 1851 1388 1920 μεγάλην
1430 1853 1741 1923 πανήγυριν
1772 1856 1828 1905 ὲν

250 1938 314 2004 τῇ
376 1938 568 2006 εἰσόδῳ
607 1939 841 2007 ποιήσας
894 1939 922 1991 6
972 1939 1228 2008 βασιλεὺς
1280 1945 1433 2011 τρεῖς
1471 1945 1705 2015 ἡμέρας,
1758 1949 1827 2014 τῇ

251 2028 491 2099 τετάρτῃ
532 2028 701 2094 ἔξεισι
732 2032 833 2099 τῆς
870 2032 1077 2093 πόλεως
1107 2034 1135 2084 6
1164 2034 1418 2103 Μεχεμὲτ
1454 2035 1552 2087 σὺν
1584 2037 1733 2106 πάσῃ
1762 2040 1828 2107 τῇ

251 2123 484 2191 στρατιᾷ
532 2121 699 2174 αὐτοῦ
749 2122 844 2176 καὶ
880 2123 977 2176 σὺν
1020 2124 1223 2191 ὀλίγοις
1277 2126 1639 2194 στρατιώταις
1692 2129 1826 2183 Ῥωσ

178 2236 181 2237 ν
254 2212 435 2279 μαίοις
458 2228 472 2241 ·
501 2213 595 2263 καὶ
628 2213 908 2281 συμμίξας
942 2214 1017 2281 τῷ
1048 2215 1220 2284 Μωσῇ
1256 2217 1489 2288 ἡττήθη,
1530 2218 1628 2271 καὶ
1664 2222 1829 2289 ἡττη-

250 2302 363 2364 θεὶς
409 2304 720 2371 κατέφυγεν
749 2306 806 2356 ὲν
856 2308 922 2374 τῇ
955 2305 1130 2357 πόλει.
1172 2307 1231 2359 '0
1259 2308 1315 2359 δὲ
1366 2307 1624 2377 βασιλεὺς
1670 2311 1829 2379 θερα-

250 2394 455 2457 πεύσας
478 2395 642 2447 αὐτὸν
668 2395 754 2448 διὰ
784 2395 958 2462 λόγων
981 2398 1337 2464 σοφιστικῶν,
1364 2401 1457 2451 καὶ
1482 2403 1827 2472 πραγμάτων

251 2488 662 2556 στρατιωτικῶν
693 2481 767 2541 ὧν
819 2488 1124 2554 ἀπώλεσεν,
1169 2493 1488 2559 ἐπεμελεῖτο
1530 2494 1694 2547 πάλιν
1732 2494 1825 2548 τοῦ

250 2577 487 2641 ἐξελθεῖν
524 2578 586 2629 ὲκ
633 2578 914 2647 δευτέρου,
953 2581 1045 2632 καὶ
1089 2586 1479 2651 συμπλακῆναι
1514 2584 1590 2653 τῷ
1630 2586 1825 2656 Μωσῇ.

259 2669 319 2723 Ὀ
360 2671 416 2723 δὲ
454 2672 660 2739 Μωσῆς
693 2671 926 2735 ἐξελθὼν
956 2674 1019 2725 ὲκ
1058 2675 1164 2725 τῶν
1186 2676 1350 2745 όρίων
1383 2677 1827 2732 Κωνσταντινου·

254 2762 488 2826 πόλεως,
519 2762 659 2831 ἔχων
689 2764 868 2818 πάντα
898 2765 987 2818 τὸν
1018 2766 1234 2819 δυτικὸν
1264 2771 1496 2838 στρατὸν
1532 2772 1628 2822 σὺν
1656 2774 1823 2841 αὐτῷ,

254 2854 705 2923 παρεσκευάζετο
734 2857 875 2909 κατά
907 2857 1001 2910 τοῦ
1037 2860 1291 2929 Μεχεμὲτ
1332 2862 1423 2913 καὶ
1459 2863 1559 2932 τῆς
1592 2866 1822 2930 πόλεως.

264 2944 529 3019 {Baetem
563 2947 620 2999 δὲ
664 2948 828 3001 πάλιν
867 2951 933 3001 ὲκ
962 2950 1220 3020 δευτέρου
1256 2954 1283 3005 6
1312 2955 1567 3024 Μεχεμὲτ
1600 2960 1695 3010 καὶ
1722 2960 1825 3011 πά-

1932 1841 2465 1910 Constantinopolim
2503 1856 2683 1894 secum
2739 1842 2906 1894 vehit.
2963 1841 3263 1910 Exceptum
3299 1844 3501 1896 celebri

1933 1948 2127 2000 pompa
2159 1934 2324 1985 tridui
2369 1932 2543 2000 spatio
2575 1932 2864 2001 magniﬁce
2907 1933 3100 1985 habuit
3132 1948 3147 1986 :
3187 1941 3382 2001 quarto
3412 1936 3504 1989 de-

1933 2038 2078 2075 mum
2108 2023 2196 2075 die
2244 2021 2577 2075 ilabometes
2611 2025 2746 2075 urbe
2780 2022 3057 2091 egreditur
3082 2039 3207 2077 cum
3251 2023 3487 2078 υηὶιλειει

1932 2115 2173 2168 exercitu
2221 2123 2276 2167 ct
2316 2130 2479 2183 parva
2517 2131 2679 2168 manu
2713 2116 2945 2168 militum
2992 2116 3503 2170 Romaeoruunini-

1932 2215 2094 2271 taque
2126 2205 2231 2275 52
2262 2218 2383 2258 cum
2428 2205 2576 2260 Mose
2615 2222 2797 2274 pugna
2837 2208 3014 2261 victus
3071 2208 3121 2260 in
3158 2208 3347 2262 urbem
3378 2209 3501 2277 luga

1931 2313 1989 2350 se
2026 2300 2256 2366 recepit.
2307 2298 2447 2352 Tum
2510 2301 2807 2368 imperator
2840 2302 3082 2354 animum
3117 2302 3262 2355 illius
3292 2318 3498 2355 sermo-

1931 2391 2093 2444 nibus
2113 2372 2257 2460 aptis
2286 2395 2461 2446 erexit
2491 2410 2505 2456 ;
2542 2394 2861 2461 curavitque
2893 2402 3215 2462 apparatum
3249 2395 3498 2447 belliosim

1931 2483 2129 2537 iterum
2180 2484 2495 2546 instaurari,
2546 2494 2599 2537 et
2658 2486 2859 2538 amissa
2918 2487 3193 2549 resarciri,
3258 2498 3315 2537 ut
3375 2501 3499 2539 cum

1931 2575 2077 2627 Mose
2117 2575 2235 2628 acie
2286 2576 2467 2627 denuo
2516 2573 2850 2643 conﬂigeret.
2892 2573 2961 2627 At
2986 2574 3163 2628 Moses
3202 2592 3266 2629 ex
3304 2577 3503 2630 finibus

1930 2665 2560 2731 Constantinopolitauis
2592 2664 2950 2719 occiduarttm
2997 2667 3280 2733 regionum
3312 2682 3501 2719 omnes

1928 2756 2117 2823 copias
2157 2756 2406 2819 deduxit,
2438 2757 2721 2823 aciemque
2750 2758 3014 2811 adversus
3060 2766 3114 2810 et
3142 2756 3499 2811 Mahomctem

1929 2858 1983 2900 et
2009 2847 2196 2900 urbem
2257 2848 2541 2901 instruxit.
2596 2848 2777 2902 Altera
2820 2849 2985 2916 igitur
3030 2850 3147 2904 vice
3204 2865 3503 2919 erumpens

1929 2938 2284 3003 Maliometes,
2339 2954 2557 3009 accepta
2598 2942 2791 2993 iterum
2830 2942 2980 2994 clade
3020 2942 3072 2994 iu
3112 2944 3299 2998 urbem
3358 2946 3504 3000 refu-

251 3036 336 3089 λιν
389 3037 619 3109 ἡττήθη,
654 3042 749 3093 καὶ
778 3040 944 3094 πάλιν
986 3044 1043 3093 ἐν
1076 3046 1141 3113 τῇ
1200 3045 1350 3097 πόλει
1384 3047 1686 3115 κατέφυγε,
1732 3052 1824 3103 καὶ

1930 3035 2029 3105 git,
2056 3035 2459 3105 fugientemque
2484 3034 2779 3103 imperator
2799 3034 3048 3102 suscipit.
3085 3034 3241 3091 Tunc
3271 3049 3503 3092 mtestus

254 3130 413 3183 πάλιν
439 3133 467 3183 6
500 3132 753 3200 βασιλεὺς
786 3134 951 3187 αὑτὸν
1000 3136 1318 3201 ὑπεδέξατο.
1352 3139 1486 3191 Τότε
1509 3141 1537 3192 6
1566 3141 1824 3212 Μεχεμὲτ

250 3226 310 3274 ὲν
344 3222 618 3293 ἀδημονίᾳ
645 3226 905 3291 γεγονὼς,
934 3228 1027 3278 καὶ
1050 3227 1148 3296 τὴν
1177 3228 1276 3296 τῆς
1303 3230 1473 3299 τύχης
1512 3235 1826 3303 μεταφορὰν

248 3317 325 3376 ὠς
356 3312 652 3381 σφενδόνης
682 3317 948 3382 στρεπτὸν
982 3319 1353 3387 ἡγησάμενος,
1380 3324 1569 3392 είρηκε
1610 3326 1686 3395 τῷ
1724 3327 1826 3396 βα-

256 3406 433 3456 σιλεῖ’
466 3402 542 3455 Σὺ
591 3404 727 3472 μὲν,
784 3405 967 3473 πάτερ
1022 3408 1171 3477 ἅγιε,
1229 3411 1669 3483 ζυγοσταθμῶν,
1726 3420 1828 3471 καί

254 3493 611 3561 προϐλέπων
640 3494 747 3557 τὰς
776 3498 1170 3565 πλάστιγγος,
1200 3502 1309 3552 οὐκ
1342 3502 1524 3569 ἀφίης
1551 3523 1672 3571 μοι,
1707 3507 1828 3559 ἅνω

252 3586 356 3637 καί
407 3584 566 3637 κάτω
592 3584 708 3652 τὴν
759 3587 956 3654 τύχην
1004 3588 1178 3655 ὁρῶν,
1235 3591 1343 3643 τοῦ
1391 3595 1826 3664 προδοθῆναιῆ

250 3675 671 3744 παραδοθῆναι
714 3696 815 3745 μοι
865 3680 973 3732 τὸν
1000 3681 1219 3748 ἐχθρὸν
1247 3683 1385 3750 παρ’
1430 3686 1638 3754 αὐτῆς.
1683 3689 1829 3757 Ἐγὼ

247 3767 320 3819 δὲ
344 3766 519 3835 λέγω,
567 3767 692 3823 πᾶν
721 3770 786 3821 τὸ
827 3769 899 3822 ἐν
928 3770 1226 3839 μετώποις
1261 3776 1489 3844 wagner
1519 3779 1630 3847 (6i)
1690 3781 1827 3845 ἐνὸς

246 3860 513 3913 ἑκάστου
566 3860 841 3929 δακτύλῳ
874 3864 1023 3918 Θεοῦ
1068 3868 1486 3933 ἀπαραιτήτως
1529 3873 1828 3939 προϐήσε-

244 3969 365 4005 ται.
398 3950 711 4005 Κέλευσον
742 3950 855 4010 οὖν
875 3973 977 4023 μοι
1026 3956 1148 4009 σὺν
1182 3957 1299 4023 τοῖς
1334 3959 1504 4026 ἐμοῖς
1533 3963 1648 4026 τὴν
1676 3963 1824 4029 πρὸς

256 4045 570 4112 Ἀδριανοῦ
593 4047 905 4115 φέρουσαν
926 4050 1132 4115 τρίϐον
1152 4050 1449 4117 ἄρξασθαι
1470 4067 1481 4079 ⁸
1519 4052 1616 4105 καὶ
1634 4056 1827 4121 μόνον

243 4136 434 4202 εὔχου
465 4154 563 4204 μοι
599 4138 678 4201 ὡς
710 4137 907 4205 πατὴρ
961 4139 1117 4204 υιὸν,
1150 4141 1305 4195 καθὰ
1342 4143 1436 4195 καὶ
1470 4144 1609 4212 εἶμί,
1640 4145 1711 4197 τὰ
1758 4144 1827 4197 δὲ

239 4225 549 4293 μέλλοντα
587 4225 667 4292 τῷ
702 4227 824 4291 Θεῷ
850 4228 1101 4296 μελέτω.
1135 4231 1271 4285 Τότε
1299 4232 1328 4284 6
1358 4232 1618 4302 βασιλεὺς
1662 4236 1826 4289 ἀκού-

250 4333 348 4380 σας
376 4318 501 4379 τοὺς
532 4318 724 4387 λόγους
755 4321 945 4384 αὑτοῦ,
975 4324 1070 4375 καὶ
1109 4325 1471 4394 περιπλακεὶς
1512 4327 1696 4391 αὑτὸν,
1732 4330 1822 4382 καὶ

246 4408 658 4475 ἀσπασάμενος,
681 4413 773 4463 καὶ
791 4412 1008 4464 δεῖπνον
1039 4415 1370 4484 εὑτρεπὶσας
1392 4418 1688 4490 πολυτελῆ.
1725 4421 1818 4472 καὶ
1854 4396 1896 4449 D
1931 4404 2017 4455 “bi
2102 4405 2308 4457 θυάίνίί

244 4501 597 4568 χαρμονικῶς
645 4502 1047 4571 εὐφρανθέντες
1075 4520 1088 4533 ·
1132 4508 1345 4569 πρωῖας
1382 4508 1480 4577 ἤδη
1514 4510 1817 4578 γενομένης

250 4589 444 4651 ἔξεισιν
464 4593 490 4641 ὁ
507 4591 762 4659 Μεχεμὲτ
782 4594 878 4662 τῆς
896 4594 1128 4658 πόλεως,
1147 4599 1238 4647 καὶ
1261 4600 1341 4659 εἰς
1363 4597 1456 4649 δύο
1476 4601 1708 4667 μερίσας
1726 4601 1815 4652 τὸν

248 4682 497 4749 στρατὸν,
527 4683 585 4733 τὸ
612 4684 711 4751 μὲν
739 4684 796 4735 ἓν
821 4686 981 4753 μέρος
1007 4688 1141 4756 πρὸς
1172 4689 1240 4739 τὰ
1263 4689 1356 4739 τοῦ
1389 4688 1641 4751 Εὐξείνου
1672 4692 1813 4760 μέρη

243 4772 483 4839 ἔπεμψε,
516 4774 577 4824 τὸ
607 4774 665 4825 δὲ
710 4774 839 4826 ἄλλο
880 4778 1014 4845 πρὸς
1065 4779 1165 4845 τὴν
1209 4778 1488 4847 Ἀδριανοῦ
1543 4781 1816 4847 φέρουσαν

240 4861 434 4914 ὥδευε.
475 4863 607 4916 Τότε
638 4868 665 4917 6
720 4867 925 4934 Μωσῆς
961 4867 1124 4919 πάλιν
1177 4868 1441 4932 ἀκούσας,
1486 4870 1581 4921 καὶ
1630 4870 1821 4938 μαθὼν

242 4954 360 5017 πῶς
391 4958 468 5018 είς
495 4957 587 5009 δύο
617 4960 937 5028 κατατομὰς
972 4961 1037 5011 τὰ
1068 4960 1277 5027 φοσάτα
1305 4961 1551 5029 ἐμέρισε,
1580 4961 1650 5013 τὰ
1683 4962 1817 5031 πρὸς

240 5048 332 5098 τδν
372 5050 567 5100 πόντον
628 5051 771 5120 μέρη
826 5051 1089 5103 ἐδίωκεν·
1149 5054 1242 5104 καὶ
1300 5052 1363 5121 δὴ
1418 5054 1820 5107 ὲπεισπεσόντα

240 5142 412 5209 ἄμφω
445 5143 509 5194 τὰ
544 5145 909 5211 στρατόπεδα,
953 5146 1047 5197 καὶ
1085 5145 1133 5196 οἱ
1164 5145 1258 5197 τοῦ
1294 5147 1465 5212 Μωσῆ
1496 5147 1821 5215 ἡττηθέντες

240 5233 382 5302 πρὸς
410 5234 501 5286 τὸν
532 5236 784 5304 Μεχεμὲτ
818 5236 1153 5306 ἡθροίζοντο.
1200 5238 1257 5287 Ὀ
1290 5237 1342 5287 δὲ
1379 5239 1663 5301 ἀσπασίως
1696 5240 1823 5292 ὕπε-

240 5325 451 5395 δέχετο.
497 5326 556 5378 Ὀ
591 5328 647 5379 δὲ
700 5329 906 5397 Μωσῆς
938 5329 998 5379 τὸ
1042 5329 1267 5394 γεγονὸς
1308 5327 1448 5393 ἰδὼν,
1485 5330 1580 5382 καὶ
1625 5331 1685 5382 τὸ
1724 5332 1822 5400 τῆς

1930 3128 2225 3187 etanxius,
2290 3135 2548 3192 reputans
2598 3124 2890 3189 fortunam,
2952 3142 3107 3195 mque
3156 3142 3220 3181 ac
3255 3128 3498 3191 fundam,

1932 3217 2252 3271 mutabilem
2282 3216 2685 3284 vulubilemque
2723 3231 2846 3271 esse
2870 3257 2884 3279 ,
2924 3217 3008 3269 his
3042 3218 3227 3272 verbis
3265 3220 3499 3288 impera-

1932 3317 2101 3360 torem
2165 3308 2502 3374 alloquitur:
2539 3306 2640 3370 Tu,
2688 3316 2840 3373 pater
2873 3318 3075 3374 sancte,
3123 3311 3216 3376 qui
3237 3325 3499 3363 montenta

1928 3417 2105 3453 rerum
2127 3401 2421 3467 perpendis,
2451 3400 2781 3466 [auriumque
2818 3403 3139 3468 reciprocam
3166 3402 3498 3456 librationem

1927 3494 2196 3559 prazvides,
2232 3508 2347 3543 cum
2384 3493 2655 3557 [oi-tunam
2709 3490 3076 3559 contempleris
3114 3509 3305 3562 susque
3339 3498 3500 3563 deque

1929 3598 2008 3632 res
2044 3597 2188 3633 meas
2226 3597 2427 3632 versare
2453 3621 2465 3643 ,
2497 3595 2599 3632 non
2626 3580 2852 3632 dimittis
2895 3596 2993 3645 me,
3030 3592 3084 3633 ut
3116 3585 3227 3646 ipsa
3264 3601 3341 3635 me
3370 3603 3493 3651 pro-

1928 3673 2041 3735 dat,
2104 3683 2195 3723 aut
2244 3676 2297 3725 iu
2362 3690 2547 3725 manus
2581 3690 2720 3726 meas
2743 3674 2942 3726 hostem
2994 3678 3118 3727 milii
3160 3678 3357 3728 tradat.
3391 3678 3498 3746 Ego

1927 3777 2047 3813 vero
2101 3773 2147 3814 te
2183 3779 2359 3814 corum
2396 3765 2491 3816 hoc
2553 3781 2731 3817 assero
2758 3780 2776 3817 :
2831 3765 3085 3833 quidquid
3145 3768 3200 3819 in
3234 3772 3495 3835 [rontrbus

1928 3854 2339 3921 uniuscujusque
2372 3861 2537 3908 nostri
2559 3856 2647 3909 Dei
2672 3857 2836 3926 digito
2861 3862 3119 3926 scriptum
3150 3870 3250 3922 est,
3281 3862 3332 3913 id
3364 3863 3497 3914 irre-

1929 3940 2159 3991 vocabile
2196 3956 2327 4003 esse,
2354 3959 2415 3994 ac
2446 3948 2739 3999 necessario
2763 3958 3085 4001 eventurum.
3121 3950 3313 4003 Jubeas
3337 3953 3497 4019 igitur

1926 4048 2007 4085 me
2037 4048 2155 4084 cum
2188 4034 2436 4087 omnibus
2463 4041 2592 4090 meis
2626 4042 2788 4107 copiis
2821 4044 2979 4105 viam,
3008 4059 3123 4110 qute
3158 4045 3494 4113 Adriauopo-

1927 4124 2018 4177 lim
2048 4126 2216 4189 ducit,
2249 4142 2516 4195 capessere
2543 4132 2706 4183 :milti
2741 4133 2875 4185 bona
2904 4135 3184 4205 faustaque
3207 4138 3495 4191 solummo-

1926 4218 1993 4270 do
2051 4233 2266 4285 precare
2307 4228 2356 4272 et
2392 4229 2535 4286 opta,
2579 4232 2635 4272 ut
2666 4234 2872 4291 patrem
2924 4226 3038 4291 ﬁlio
3094 4229 3261 4291 decet,
3302 4231 3486 4298 futura

1928 4326 2045 4361 vero
2076 4309 2173 4363 Dei
2201 4312 2543 4378 providentia:
2573 4317 2965 4375 permittamus.
3000 4318 3155 4375 Hune
3180 4337 3491 4378 sermonem

2409 4406 2728 4473 imperator,
2779 4409 2958 4477 ipsntn
3038 4414 3356 4480 complexus
3432 4430 3497 4469 ac

1925 4495 2270 4548 deosculatus
2318 4505 2433 4548 est:
2484 4512 2639 4551 etc-na
2676 4499 2874 4553 deinde
2895 4501 3119 4569 epipare
3148 4515 3203 4556 et
3237 4504 3385 4557 laute
3415 4507 3497 4559 in-

1924 4596 2154 4650 structa,
2193 4588 2395 4642 hilares
2419 4599 2472 4643 et
2500 4591 2605 4645 ιεριί
2637 4595 2797 4661 genio
2837 4596 3200 4651 indulserunt.
3240 4597 3368 4652 Orta
3395 4600 3491 4653 de-

1924 4695 2068 4733 mum
2101 4682 2219 4735 luce
2242 4683 2375 4736 urbe
2392 4687 2521 4738 exiit
2554 4686 2911 4753 Maltometes,
2946 4692 3241 4761 copiasque
3264 4694 3315 4745 in
3350 4693 3495 4747 acies

1924 4773 2082 4826 binas
2117 4776 2392 4841 partitur;
2430 4796 2663 4848 quarum
2698 4785 2865 4836 altera
2900 4801 3092 4838 versus
3118 4785 3386 4838 Euxinum
3412 4789 3493 4838 in-

1924 4867 2110 4930 cessit,
2137 4869 2300 4920 altera
2332 4870 2740 4940 Auriarmpol'un
2764 4877 3064 4930 contendit.
3088 4876 3266 4933 Moses
3289 4891 3491 4949 autem,

1926 4959 2018 5011 ubi
2057 4960 2312 5028 cognovit
2363 4965 2666 5019 exercitum
2703 4983 2860 5018 suum
2902 4968 3262 5024 Mahometem
3300 4972 3351 5024 iu
3380 4974 3493 5027 duo

1922 5051 2135 5120 agmina
2169 5053 2420 5106 divisisse
2451 5068 2468 5104 .'
2503 5055 2655 5119 illud,
2687 5060 2829 5126 quod
2859 5061 2925 5113 ad
2954 5061 3225 5118 Euxinum
3253 5067 3487 5122 Pontum

1922 5142 2281 5211 properabat,
2338 5143 2677 5212 insequitur,
2739 5152 3194 5222 assequitur-que;
3255 5174 3490 5227 cumque

1924 5234 2096 5286 amba:
2157 5233 2420 5304 opposita
2452 5238 2594 5293 acies
2619 5241 3053 5311 concurrissent,
3089 5247 3362 5320 Musisque
3393 5267 3490 5304 co-

1922 5327 2025 5394 piae
2053 5325 2209 5380 victae
2242 5324 2501 5390 fuissent.
2555 5330 2618 5382 ad
2650 5330 3008 5392 Maclromctis
3044 5350 3227 5409 partes
3258 5344 3492 5397 transic-

1402 5434 1689 5532 lsmaelis
1724 5471 2019 5532 Bullialdi
2072 5481 2264 5533 noue.

314 5594 424 5662 (61)
457 5592 583 5645 Πᾶν
604 5593 668 5645 τὸ
693 5594 759 5642 ἐν
785 5595 1078 5659 μετώποις
1113 5598 1354 5662 ῃγναρέν.
1395 5595 1557 5649 Juxta
1584 5605 1815 5649 urentem

244 5661 652 5717 Musulmauicze
705 5667 1003 5732 religionis,
1092 5661 1231 5731 quae
1282 5668 1817 5734 prwdcstinatiouetn

1927 5597 2289 5671 inevitabilem
2314 5601 2532 5665 astruit,
2567 5603 2808 5671 nihilque
2835 5622 2896 5659 ex
2943 5608 3181 5663 hominis
3211 5609 3489 5671 voluntate

1928 5667 2094 5721 libera
2130 5673 2242 5722 lieri
2271 5672 2482 5724 asserit.
