3920 6194
458 188 564 250 867

1968 186 2187 255 DUC.E
3568 197 3646 263 883

461 304 574 358 lius
623 302 952 357 deseruerat
989 302 1126 356 tanti
1163 301 1337 359 hostis
1385 303 1619 359 adventu
1651 303 1958 372 perculsus,
1983 305 2050 360 ad

2164 301 2426 370 Στέφανος
2455 311 2482 352 ο
2502 299 2596 353 τοῦ
2625 297 2879 370 Λαζάρου
2911 298 3024 362 υίὸς
3052 297 3124 370 μὴ
3151 301 3320 369 φέρων
3353 302 3403 356 ὲν
3425 309 3522 369 τοῖς
3543 310 3647 367 ὠσὶ-ο

466 395 631 462 cujus
669 395 832 448 etiam
865 409 1064 448 nomen
1093 395 1268 448 Solum
1296 394 1650 464 paveseebat)
1683 407 1738 448 et
1765 396 1818 448 in
1854 411 2048 464 quam-

461 487 697 556 plurima
723 487 920 556 oppida
960 502 1233 558 agrosque
1258 497 1504 558 patentes
1533 489 1858 544 excursione
1881 489 2046 553 facta,

459 589 724 635 venustos
769 581 995 648 juvenes
1056 595 1285 650 corpore
1317 596 1382 634 ac
1410 582 1557 635 vultu
1593 582 1867 637 formosos
1899 599 2050 636 man-

461 672 604 738 cipia
663 672 933 738 abduxit;
990 683 1221 728 caeteros
1279 673 1464 743 gladio
1505 676 1776 744 peremit:
1812 689 2051 742 cumque

465 765 566 817 tria
624 775 806 820 castra
851 778 1260 836 expugnasset,
1320 781 1515 820 omnes
1567 782 1702 820 ense
1760 768 2050 822 demessos

464 859 782 925 prostravit.
811 857 885 912 Su
897 875 991 925 per
1019 858 1380 913 cadaveribus
1399 857 1594 912 deinde
1613 857 2049 913 Christianorum

464 965 650 1004 mensa
673 950 964 1014 instructa,
997 951 1248 1005 convivio
1277 951 1562 1019 splendido
1615 965 1679 1004 ac
1703 949 1900 1003 celebri
1923 963 2058 1015 prae-

465 1044 658 1111 cipuos
679 1059 906 1097 suorum
949 1053 1341 1112 magnatesque
1381 1045 1617 1112 excepit.
1685 1044 1856 1098 Serva
1895 1057 2056 1097 exce-

465 1137 601 1190 dens
638 1136 1052 1204 Adrianopolim
1105 1136 1294 1204 pedem
1331 1136 1515 1200 refert,
1580 1137 1844 1202 brevique
1877 1135 2054 1203 spatio

466 1229 634 1295 quieti
697 1229 824 1281 dato
875 1228 943 1280 ad
1004 1228 1539 1296 Constantinopolim
1633 1228 2052 1296 expugnandam

465 1322 688 1374 bellicas
719 1322 1000 1374 machinas
1043 1329 1303 1388 apparat:
1333 1330 1388 1375 et
1418 1321 1660 1375 exercitu
1684 1320 1828 1374 haud
1853 1319 2051 1389 exiguo

467 1417 520 1468 itt
550 1413 887 1468 Thessaliam
935 1414 1106 1468 misso
1153 1413 1606 1468 Thessalonicam
1635 1425 1936 1483 oppugnat,
1963 1429 2058 1468 oc-

465 1508 786 1575 cupatisque
805 1505 1089 1570 omnibus,
1115 1516 1346 1572 excepto
1377 1504 1631 1566 Zetunio,
1661 1505 1858 1559 castris
1899 1505 2057 1576 Stry-

467 1600 614 1656 tnoni
683 1598 996 1666 impositis.
1051 1597 1168 1664 ipse
1217 1596 1751 1663 Constantinopolim
1815 1597 2039 1655 tendit.

467 1689 761 1756 omniaque
796 1688 992 1755 Oppida
1026 1687 1268 1751 deserta,
1307 1686 1452 1740 unde
1510 1689 1806 1755 imperator
1836 1686 2050 1740 Manucl

467 1781 675 1833 incolas
717 1779 768 1831 in
813 1779 1002 1833 urbem
1041 1779 1424 1842 transtulerat,
1458 1779 1670 1833 invenit
1695 1773 2054 1846 eaquedeus-

468 1873 560 1926 sit.
617 1870 908 1940 Dispositis
959 1871 1158 1924 deinde
1195 1871 1395 1925 castris
1428 1877 1614 1924 animo
1650 1872 1894 1924 conlisus
1929 1886 2049 1922 eam

471 1966 526 2018 in
571 1973 899 2033 potestatem
942 1979 1097 2017 suam
1129 1965 1481 2018 redacturum
1527 1965 1805 2033 sperabat.
1846 1964 1980 2017 Rem
2023 1979 2053 2017 e

473 2051 776 2119 longinquo
800 2051 1048 2119 gerebat,
1083 2053 1268 2118 copias
1299 2053 1490 2119 procul
1539 2055 1606 2105 ab
1642 2055 1780 2106 urbe
1816 2063 2050 2107 tenens:

484 2157 675 2196 verum
709 2143 964 2205 ’singttlis
995 2143 1190 2196 diebus
1216 2145 1281 2198 ad
1315 2161 1550 2214 pugnam
1581 2145 1682 2214 51
1715 2145 2053 2206 lacessendo.

475 2233 662 2286 hostes
691 2233 950 2292 cmdebat.
973 2235 1260 2288 lacessitus
1289 2237 1616 2305 quandoque
1644 2239 1755 2304 ipse
1776 2247 1828 2290 et
1857 2252 2052 2290 caesus.

479 2325 841 2390 Erumpentcs
869 2340 1107 2393 namque
1137 2325 1652 2396 Constantitmpolis
1687 2328 1835 2383 cives
1871 2327 2056 2394 praelio

475 2427 598 2466 cum
652 2405 851 2468 Turcis
885 2415 1405 2483 congrediebantur.
1453 2419 1761 2487 horumque
1784 2434 2053 2473 cresorum

475 2521 742 2561 numerus
795 2506 1142 2562 lloma'orum
1187 2525 1472 2564 numerum
1537 2512 1701 2579 triplo
1737 2511 2055 2580 superabat.

479 2597 662 2666 Neque
691 2599 908 2651 interim
938 2598 1257 2665 imperatori
1291 2600 1559 2668 ejusmodi
1605 2605 1847 2656 victoriae
1882 2614 2054 2669 gratae

479 2698 652 2742 erant.
682 2688 928 2742 Rumzeos
954 2690 1101 2743 ettim
1131 2689 1228 2758 ipsi
1259 2690 1454 2745 charos
1489 2706 1552 2745 ac
1578 2691 2055 2755 commendabiles,

481 2798 588 2834 non
623 2783 804 2836 minus
831 2797 896 2836 ac
949 2783 1210 2852 pupillam
1235 2763 1403 2843 oculi.
1438 2799 1626 2836 eorum
1669 2786 1912 2852 paucitas
1937 2785 2058 2839 red-

481 2874 669 2926 debat.
705 2873 846 2938 Quid
880 2874 1180 2936 commodi,
1236 2875 1436 2942 inquit,
1464 2876 1528 2928 ad
1563 2891 1647 2928 tne
1682 2876 1844 2936 redit.
1885 2879 1928 2929 si
1961 2877 2057 2932 de-

2151 395 2253 464 τὴν
2285 393 2630 463 ἐπιδρομὴν),
2659 394 2753 446 καὶ
2785 392 3090 460 παμπεηοῆ
3123 395 3307 462 χωρία,
3337 397 3421 450 καὶ
3440 399 3656 468 κάμπους

2153 484 2629 555 καταδραμὼν,τὰ
2671 485 2770 552 μὲν
2799 485 2977 552 ὡραῖα
3010 487 3075 552 τῇ
3108 483 3222 552 ὄψει
3247 487 3335 538 καὶ
3360 488 3446 541 νέα
3471 491 3659 560 σώματα
3704 557 3713 565 ,

2152 579 2559 649 ᾐχμαλώτιζεν,
2585 578 2710 639 τοὺς
2744 578 2802 630 δὲ
2839 576 3066 639 λοιποὺς
3096 575 3331 640 ἅπαντας
3369 578 3498 647 ξίφει
3527 585 3664 635 κατέ-

2157 686 2382 736 σφαττε.
2414 671 2610 723 Λαϐὼν
2641 670 2697 723 δὲ
2729 670 2826 723 καὶ
2872 669 3122 738 πολίχνια
3165 672 3284 738 τρία
3319 672 3518 741 πολέμῳ
3553 675 3664 727 πάν.

2155 781 2253 827 τας
2307 764 2558 833 ὲθέρισε·
2617 764 2716 816 καὶ
2770 763 3025 832 θερίζων,
3076 763 3132 814 ὲν
3184 767 3289 826 τοῖς
3341 765 3533 834 σώμασι
3578 767 3668 818 τῶν

2157 857 2508 921 Χριστιανῶν
2557 856 2843 926 τράπεζαν
2915 855 3189 924 ἐφήπλου,
3247 859 3338 910 καὶ
3394 859 3667 912 πανδαισίαι

2157 948 2332 1000 ὲποίει
2385 947 2525 1016 μετὰ
2556 949 2665 1000 τῶν
2703 949 3046 1017 μεγιστάνων
3075 947 3259 1001 αὐτοῦ.
3305 950 3428 1002 Ἀπὸ
3473 951 3521 1002 δὲ
3557 951 3670 1019 Σερ·

2158 1041 2276 1104 ϐίας
2311 1041 2576 1110 στραφεὶς
2607 1041 2664 1093 ὲν
2711 1041 3174 1110 Ἀδριανουπόλει,
3208 1042 3300 1094 καὶ
3351 1043 3526 1112 μικρὸν
3563 1045 3672 1094 ἀνα-

2158 1135 2530 1202 παυσάμενος,
2548 1134 2616 1186 τὰ
2642 1135 2776 1205 πρὸς
2801 1135 2901 1203 τὴν
2919 1134 3325 1187 Κωνσταντίνου
3349 1134 3673 1204 παρεσκεύαζε

2161 1228 2435 1294 πολεμικὰ
2481 1229 3054 1298 τειχομηχανήματαο
3108 1228 3328 1298 πέμψας
3374 1229 3427 1281 δὲ
3479 1229 3673 1296 στρατὸν

2158 1323 2256 1374 οὐκ
2297 1319 2480 1386 ὀλίγον
2537 1322 2594 1372 ὲν
2645 1320 2933 1389 Θετταλίᾳ,
2965 1320 3274 1388 ἐπολιόρκει
3307 1318 3677 1386 Θεσσαλονίκην,

2157 1415 2250 1466 καὶ
2277 1414 2342 1465 τὰ
2373 1415 2524 1480 παρὰ
2553 1412 2644 1465 τὸν
2675 1413 2962 1482 Στρυμόνα
3012 1412 3192 1482 χωρία
3224 1413 3430 1465 ἅπαντα
3471 1411 3678 1476 παραλα-

2160 1506 2290 1570 ϐὼν,
2311 1506 2446 1575 πλὴν
2477 1506 2967 1576 Ζητουνίου,αὑτδς
2998 1507 3135 1576 πρὸς
3169 1503 3681 1559 Κωνσταντινοὺπολιν

2160 1599 2378 1668 ἐχώρει,
2409 1601 2502 1650 καὶ
2547 1598 2727 1651 πάντα
2761 1598 2826 1650 τὰ
2856 1599 3035 1670 χωρία
3089 1598 3266 1668 εὑρὼν
3294 1597 3486 1668 ἔρημα·
3509 1592 3567 1666 ἦν
3593 1596 3678 1662 γὰρ

2161 1694 2494 1762 μετοικήσας
2546 1693 2686 1744 αὐτὰ
2737 1693 2766 1745 ὁ
2825 1691 3081 1762 βασιλεὺς
3128 1690 3383 1760 Μανουὴλ
3430 1690 3562 1752 ἐντὸς
3603 1689 3681 1755 τῆς

2156 1784 2368 1846 πόλεως
2395 1800 2406 1812 ·
2450 1783 2630 1837 πάντα
2680 1785 2813 1854 πυρὶ
2861 1785 3212 1852 παρέδωκεν·
3246 1783 3404 1846 αὐτὸς
3447 1783 3498 1835 δὲ
3528 1781 3682 1850 ,πήξας

2155 1879 2253 1940 τὰς
2301 1877 2528 1946 σκηνὰς.
2565 1879 2629 1945 τῇ
2663 1878 2761 1947 μὲν
2811 1876 3008 1946 γνώμῃ
3045 1875 3269 1947 θαῤῥῶν
3318 1871 3408 1945 ἦν,
3435 1875 3511 1927 ὅτι
3552 1873 3682 1941 γενή-

2159 1987 2312 2022 σεται
2343 1970 2549 2038 ταύτης
2583 1970 2776 2039 κύριος
2800 1985 2815 2000 ο
2849 1971 2914 2038 τῇ
2964 1969 3019 2022 δὲ
3075 1969 3275 2037 πράξει
3334 1967 3422 2019 καὶ
3462 1967 3518 2033 τῇ
3554 1963 3677 2030 λοιπῇ

2157 2061 2387 2128 δυνάμει
2421 2060 2697 2131 μακρόθεν
2729 2056 2798 2128 ἦν
2830 2061 3004 2122 ἑστώς
3029 2078 3044 2092 ·
3082 2060 3228 2128 πλὴν
3254 2056 3376 2111 καθ’
3399 2056 3584 2125 ἡμέραν
3599 2052 3677 2104 οὐκ

2160 2155 2399 2208 ἐπαύετο
2431 2153 2705 2223 πολεμῶν,
2731 2154 2826 2205 καὶ
2857 2153 3316 2222 πολεμιζόμενος,
3338 2153 3431 2206 καί¹
3461 2149 3674 2216 cipit-raw.

2159 2249 2250 2298 καὶ
2295 2247 2633 2313 σφαζόμενος
2686 2244 2840 2310 παρὰ
2897 2243 3006 2296 τῶν
3063 2243 3329 2296 πολιτῶν.
3363 2239 3685 2310 Ἐξερχόμενοι

2160 2340 2270 2408 γὰρ
2300 2341 2349 2391 οἱ
2385 2338 2599 2390 πολῖται
2631 2335 3022 2389 συνεπλέκοντο
3053 2338 3173 2398 τοῖς
3219 2335 3500 2405 Τούρκοις,
3528 2332 3604 2383 καὶ
3628 2329 3691 2389 είς

2158 2433 2256 2484 ἕνα
2291 2433 2568 2496 Ῥωμαῖον
2603 2432 2758 2500 τρεῖς
2789 2430 3021 2483 ἔπιπτον
3065 2429 3328 2498 Τοῦρκοι.
3354 2429 3453 2481 Τὸν
3488 2425 3538 2478 δὲ
3567 2423 3694 2494 βασι-

2159 2525 2256 2576 λέα
2285 2523 2386 2575 οὐκ
2421 2524 2621 2590 ἧρεσκε
2651 2521 2832 2574 τοῦτο.
2863 2518 2989 2590 Εἶχε
3029 2523 3144 2591 γὰρ
3173 2523 3302 2583 τοὺς
3344 2519 3620 2587 Ῥωμαίους
3639 2515 3698 2576 ὡς

2161 2619 2251 2670 ἐπὶ
2283 2617 2345 2668 τὸ
2377 2617 2511 2668 πολὺ
2545 2615 2630 2668 διὰ
2658 2614 2758 2683 τὴν
2784 2615 3079 2682 ὀλιγότητα
3107 2614 3396 2682 φυλάττων
3440 2610 3613 2671 αὐτοὺς
3638 2605 3698 2666 ὡς

2161 2711 2330 2780 κόρην
2361 2709 2664 2778 ὀφθαλμοῦ.
2701 2708 2894 2774 Ἔλεγε
2926 2710 3062 2778 γὰρ,
3095 2707 3162 2760 Τί
3199 2726 3290 2778 μοι
3323 2706 3525 2776 ὗφελος,
3549 2705 3590 2755 εί
3617 2701 3702 2754 ἀπὸ

2159 2803 2287 2864 τοὺς
2322 2801 2515 2854 ἑκατὸν
2551 2801 2888 2869 στρατιώτας
2929 2798 3248 2868 Ῥωμαίους
3282 2799 3450 2852 ὀλέσω
3474 2796 3626 2856 δέκα;
3649 2793 3706 2844 Ἦ

2162 2895 2247 2957 τίς
2276 2895 2353 2962 τῷ
2388 2895 2561 2961 Μωσῇ
2593 2891 2788 2961 ζημία,
2825 2893 2871 2943 εί
2900 2889 3009 2943 ἀπὸ
3053 2891 3192 2952 τοὺς
3237 2891 3442 2961 χιλίους
3471 2889 3710 2954 Τούρκους

481 2980 598 3018 cum
662 2965 862 3017 milites
911 2963 1161 3018 Rouueos
1197 2980 1262 3018 ex
1291 2974 1510 3019 centum
1563 2967 1800 3020 amisere
1825 2969 1847 3020 ?
1876 2984 2054 3035 quan-

2164 2988 2342 3040 ὀλέσει
2396 2985 2624 3049 ὲκατόν;
2667 2985 2813 3054 Πλὴν
2865 2987 2898 3056 ή
2962 2985 3256 3056 θρασύτης
3305 2985 3412 3036 τῶν
3461 2980 3707 3049 Ῥωμαίων

481 3069 660 3110 tamve
708 3056 915 3109 cladem
971 3057 1168 3124 accipit
1238 3056 1432 3123 Moses,
1491 3057 1536 3112 si
1575 3075 1639 3112 ex
1680 3061 1827 3112 mille
1871 3059 2064 3114 Turcis

481 3159 703 3204 centum
733 3149 995 3216 perierint
1024 3150 1047 3202 ?
1079 3149 1466 3204 Verumtamen
1521 3152 1750 3204 audacia
1785 3151 1907 3205 freti
1945 3152 2054 3204 Ro-

485 3241 606 3294 maei
667 3240 810 3293 haud
879 3256 940 3295 se
996 3242 1414 3306 continuerunt,
1475 3257 1538 3296 ac
1584 3247 1874 3311 eruptione
1921 3243 2061 3298 facta

485 3333 668 3401 pratlio
698 3330 908 3387 Turcos
933 3335 1147 3403 aggredi
1179 3349 1285 3387 non
1311 3350 1617 3389 cessavere.
1643 3333 1784 3388 Inter
1816 3350 2064 3404 pugnau-

484 3427 613 3476 dnm
650 3439 778 3477 vero
811 3426 1357 3494 comprehenderunt
1417 3426 1580 3480 Turci
1619 3427 1909 3494 quemdam
1939 3426 2063 3479 illu-

489 3515 712 3578 strium,
747 3513 975 3568 Joannis
1023 3515 1150 3568 olim
1186 3517 1554 3583 imperatoris,
1586 3516 1961 3583 Manuelisque
1997 3512 2058 3567 F.

487 3606 836 3670 pincernam,
871 3621 1033 3673 quem
1069 3607 1248 3673 capite
1279 3615 1624 3660 truncaruut.
1659 3608 1884 3676 Cognita
1916 3609 2062 3662 caede

487 3699 714 3750 cadaver
785 3713 980 3765 pugnae
1077 3698 1468 3751 subtraxerunt
1532 3699 1773 3764 Rommi,
1837 3711 2064 3769 postque

486 3793 804 3844 diuturnam
839 3805 1071 3857 pugnant
1110 3804 1172 3843 ac
1232 3789 1678 3844 vociferationem
1717 3792 1852 3846 illttd
1888 3794 1940 3846 in
1972 3809 2065 3846 ur-

489 3887 608 3938 lem
636 3887 1032 3950 imponat-unt:
1069 3891 1125 3936 at
1155 3883 1277 3950 ejus
1301 3893 1463 3948 caput
1491 3883 1557 3936 ad
1587 3883 1792 3938 Mosam
1828 3886 2064 3940 attulere

487 3973 678 4029 Turci.
712 3974 893 4028 Occisi
920 3983 1072 4042 pater
1112 3972 1371 4027 Nicolaus
1420 3971 1682 4030 Notarius
1716 3976 2062 4045 imperatoris

493 4070 552 4123 Ι).
590 4069 852 4122 Manuelis
876 4069 1167 4135 interpres,
1196 4067 1402 4136 quique
1429 4070 1696 4137 praedives
1732 4079 1872 4133 erat.
1894 4081 2062 4138 caput

491 4163 799 4215 abscissum
831 4157 1017 4213 multis
1051 4161 1299 4213 centenis
1337 4160 1575 4230 nummis
1607 4161 1757 4216 illico
1809 4162 2060 4228 redemit,

489 4264 543 4306 et
577 4268 681 4306 una
715 4267 839 4304 cum
874 4252 1138 4305 cadavere
1177 4253 1448 4320 sepelivit.
1488 4253 1692 4320 lugenti
1727 4255 1916 4308 dolore
1944 4255 2059 4306 Ilo-
2089 4247 2104 4320 ξ

491 4358 751 4397 maeorum
801 4342 1020 4412 juvenis
1069 4343 1156 4396 ille
1184 4343 1528 4399 desideratus
1557 4355 1662 4409 est,
1706 4346 1987 4414 patrisque
2011 4357 2064 4400 ct

493 4435 654 4489 Lucae
697 4433 920 4498 fratris,
957 4434 1048 4502 qui
1096 4436 1200 4489 sub
1249 4435 1585 4506 imperatore
1631 4435 1840 4492 Joanne
1869 4439 2063 4500 ultimo

491 4527 796 4596 Paheologo
825 4525 1152 4581 Mesazontis
1175 4527 1351 4582 oflicio
1381 4527 1744 4598 fungebatur;
1783 4538 2062 4599 postremo

493 4622 547 4674 in
624 4620 858 4674 civitatis
920 4620 1192 4673 universae
1255 4620 1411 4675 clade
1465 4636 1590 4675 cum
1647 4622 1831 4675 liberis
1886 4624 2062 4690 capite

494 4713 683 4782 pluxus
729 4720 828 4766 est.
869 4710 1066 4766 Verum
1093 4713 1161 4765 ad
1201 4713 1531 4768 narrationis
1591 4715 1789 4768 seriem
1828 4726 2060 4769 reverta-

493 4819 635 4857 lllllf.

565 4917 778 4973 Mauttel
802 4919 1052 4987 equident
1087 4919 1381 4987 imperator
1403 4933 1525 4970 cum
1555 4919 1769 4986 tyranni
1797 4916 1966 4969 fcrum
2004 4932 2067 4970 ac

493 5015 784 5068 immanem
845 5012 1084 5065 animum
1113 5019 1384 5072 cerneret,
1425 5009 1738 5076 bellumque
1767 4995 2059 5060 interneci-

2165 3081 2225 3133 οὐ
2283 3079 2490 3132 διέλιπε
2562 3077 2656 3131 τοῦ
2724 3079 3048 3148 ἐξέρχεσθαι
3115 3080 3216 3132 καὶ
3266 3077 3586 3146 συμπλέκειν
3626 3072 3714 3129 τοῖς

2165 3169 2450 3239 Τούρκοις.
2490 3169 2723 3222 Ἔλαϐον
2775 3169 2869 3222 οὖν
2921 3173 2978 3222 ὲν
3029 3171 3266 3239 πολέμῳ
3299 3172 3347 3223 οί
3397 3162 3710 3237 Τοῦρκοιενα

2164 3265 2273 3314 τῶν
2307 3261 2551 3328 ἐνδόξων,
2584 3265 2678 3314 τὶν
2727 3264 2822 3315 ἐπὶ
2866 3263 2966 3330 τῆς
3019 3265 3322 3333 τραπέζης
3365 3261 3600 3315 Ἰωάννου
3643 3251 3709 3306 τιιό

2164 3356 2606 3426 χρηματίσαντος
2656 3355 2942 3424 βασιλέως,
2995 3356 3100 3408 τοῦ
3171 3356 3445 3426 βασιλέως
3501 3346 3712 3411 Μανουὴλ

2167 3449 2310 3508 υἱοῦ.
2343 3448 2402 3500 ὃν
2457 3448 2554 3500 καὶ
2595 3449 2872 3516 ἀπέτεμον
2926 3448 3102 3500 αὑτοῦ
3147 3449 3255 3518 τὴν
3298 3446 3557 3514 κεφαλήν.
3584 3441 3639 3494 Οἱ
3679 3438 3721 3489 δὲ

2178 3539 2441 3604 Ῥωμαῖοι
2479 3535 2749 3605 μαθόντες
2801 3537 2862 3589 τὸ
2912 3538 3152 3602 γεγονὸς
3203 3538 3591 3605 ὲξεπὸρτησαν.
3635 3528 3720 3581 Καὶ

2166 3631 2254 3684 διὰ
2277 3629 2481 3698 ¹πολλοῦ
2530 3628 2766 3698 πολέμου
2814 3629 2909 3681 καὶ
2950 3631 3243 3700 κραυγῆς,
3283 3631 3480 3698 ἔφερον
3511 3628 3568 3679 τὸ
3597 3623 3727 3688 σῶμα

2167 3721 2332 3774 αὐτοῦ
2371 3720 2521 3782 ἐντὸς
2553 3720 2654 3790 τῆς
2709 3720 2922 3782 πόλεως
2947 3737 2962 3753 ο
2999 3723 3113 3793 τὴν
3146 3723 3207 3774 δὲ
3244 3720 3490 3789 κεφαλὴν
3516 3713 3662 3772 αὐτοῦ
3687 3711 3725 3764 οξ

2167 3811 2400 3880 Τοῦρκοι
2437 3811 2518 3881 τῷ
2547 3812 2722 3882 Μωσῇ
2775 3811 3064 3880 ἐκόμισαν.
3104 3812 3252 3866 Τότε
3287 3813 3550 3869 Νικόλαος
3585 3805 3729 3860 Νοτι-

2171 3903 2268 3970 ρᾶς
2301 3901 2482 3972 πατὴρ
2513 3900 2624 3968 ,τοῦ
2681 3901 3038 3971 τεθνηκότος,
3073 3902 3489 3973 διερμηνευτής
3540 3898 3610 3950 ὢν
3651 3891 3726 3945 τοῦ

2168 3993 2429 4063 βασιλέως
2485 3993 2677 4061 κυρίου
2739 3992 3020 4062 Μανουὴλ,
3089 3993 3364 4056 πλούσιος
3419 3991 3494 4045 ὢν
3540 3986 3731 4057 σφόδρα»

2165 4084 2502 4154 ἐξαγοράσας
2541 4083 2628 4136 διὰ
2669 4084 2881 4136 πολλῶν
2934 4087 3324 4154 κεντιναρίων
3380 4084 3479 4152 τὴν
3525 4077 3731 4146 κεφαλὴν

2165 4177 2332 4247 ἔθαψε
2373 4176 2470 4228 σὺν
2513 4177 2591 4246 τῷ
2626 4176 2862 4244 σώματι.
2899 4178 3068 4243 Μέγα.
3113 4179 3326 4242 πένθος
3362 4179 3586 4245 ποιήσας
3626 4170 3733 4224 Ῥω-

2173 4269 2349 4334 μαίοις
2381 4269 2407 4318 ό
2441 4267 2558 4330 νέος
2589 4269 2796 4330 ἐκεῖνος
2840 4267 2934 4321 καὶ
2963 4267 3049 4335 τῷ
3092 4271 3276 4338 πατρὶ
3310 4271 3410 4322 καὶ
3451 4268 3527 4337 τῷ
3551 4255 3723 4324 ἀδελφῷ

2167 4361 2348 4430 Λουκᾷ
2373 4377 2386 4390 ·
2432 4361 2490 4422 ὂς
2538 4360 2634 4412 καὶ
2663 4360 2720 4412 ἐν
2768 4361 2886 4420 ταῖς
2918 4360 3172 4428 ἡμέραις
3230 4361 3476 4414 ὑστάτου
3511 4352 3720 4428 βασιλέως

2175 4453 2428 4504 Ἰωάννου
2489 4452 2582 4504 τοῦ
2645 4451 3014 4518 Παλαιολόγου
3085 4454 3367 4520 μεσάζων
3413 4448 3720 4522 ἐχρημάτισε.

2163 4543 2256 4594 καὶ
2303 4543 2362 4592 ἐν
2397 4544 2463 4612 τῇ
2499 4543 2757 4594 παντελεῖ
2805 4542 2984 4612 φθορᾷ
3041 4544 3155 4612 τῆς
3194 4545 3443 4609 πόλεως,
3475 4541 3565 4596 καὶ
3603 4533 3732 4592 αὺτδς

2170 4635 2266 4687 σὺν
2299 4635 2408 4695 τοῖς
2440 4634 2649 4694 τέκνοις
2691 4633 3119 4705 ἐκαρατομήθη.
3161 4635 3323 4688 Ἀλλ’
3366 4631 3633 4688 ἐπανιτέον
3657 4624 3733 4694 ἤδη

2169 4728 2304 4793 προς
2339 4727 2436 4795 τὴν
2467 4726 2739 4796 διήγησιν.

2258 4910 2313 4962 '0
2349 4908 2598 4977 βασιλεὺς
2635 4909 2740 4978 γὰρ
2778 4908 3039 4977 Movent).
3076 4911 3238 4978 ἐρῶν
3289 4912 3390 4964 τοῦ
3433 4909 3668 4980 rupi-rvat:
3690 4894 3732 4946 τδ

2173 5001 2406 5068 ἀπηνὲς,
2457 5001 2551 5050 καὶ
2606 5002 2668 5050 τὸ
2706 4999 2837 5068 πρὸς
2888 5000 2984 5070 τὴν
3043 5003 3168 5053 τῶν
3207 5003 3562 5073 Χριστιανῶν
3600 4995 3734 5064 μάχην

1613 5100 1638 5126 ⁸
1691 5122 1981 5182 Ismaelis
2017 5116 2318 5179 Bullialui
2358 5119 2546 5175 notae.

496 5268 594 5322 per
623 5251 828 5318 legatos
859 5249 922 5302 ad
967 5248 1146 5303 fundus
1186 5247 1590 5322 amicitiamque
1627 5243 2055 5322 contrahendam

497 5316 794 5376 Manneletu
835 5324 1220 5384 imperatorem.
1257 5317 1606 5370 sollicitatum
1646 5316 1972 5384 Verantiana
2005 5320 2058 5362 et

498 5392 867 5445 Hanivaldana
903 5382 1141 5442 historia:
1169 5389 1415 5441 tradunt.
1451 5387 1539 5438 Illa
1567 5387 1767 5438 victum
1791 5400 1817 5434 a
1880 5382 2059 5433 Mehe-

501 5471 641 5515 metu
677 5461 872 5512 Mosem
911 5461 1085 5526 ptimo
1117 5471 1436 5529 congressu,
1475 5459 1586 5507 hanc
1614 5471 1762 5529 _\'cro
1819 5452 2061 5529 secundo

503 5523 942 5597 pt‘mliuasserit':
977 5540 1030 5580 et
1090 5523 1327 5597 utraque
1353 5525 1554 5597 Mosettt
1614 5523 1914 5597 in___fr:tlt‘is
1977 5523 2058 5597 spi

507 5590 822 5652 illuncmctis
847 5613 1036 5651 manus
1059 5590 1247 5649 vivunt
1301 5595 1584 5650 devenisse
1637 5593 1924 5646 aliirmant.
1990 5590 2062 5642 De

2168 5239 2314 5292 Mose
2357 5237 2652 5299 LL‘ODICIIS,
2687 5240 2782 5292 lib.
2811 5256 2898 5300 tv,
2929 5236 3269 5294 adeundus.
3294 5240 3571 5293 Phranzes
3591 5231 3741 5283 etiamo

2171 5311 2263 5362 lib.
2301 5328 2335 5371 ι,
2375 5325 2495 5375 cap.
2537 5309 2628 5370 50,
2661 5313 2888 5362 ἰδίαν-ειη.
2923 5306 3212 5372 Bajazitis
3288 5311 3530 5364 filiorum
3581 5318 3654 5355 res
3678 5314 3748 5358 ll"

2169 5392 2278 5431 stas
2302 5389 2490 5431 narrat
2523 5394 2536 5429 :
2573 5387 2871 5446 nostroque
2910 5383 3238 5442 consentit,
3270 5397 3400 5434 cum
3432 5375 3592 5431 semel
3623 5376 3758 5430 alii“

2167 5449 2365 5500 iterum
2403 5449 2602 5500 vietum
2637 5449 2985 5501 Mehentetem
3027 5462 3061 5499 ιδ
3100 5449 3266 5501 Mnse
3306 5450 3624 5502 recessisse,
3660 5447 3753 5512 ter-

2174 5519 2248 5570 tio
2314 5518 2530 5570 tandem
2593 5520 2780 5587 praelio
2841 5517 3079 5570 victoria
3154 5522 3408 5586 potitum
3487 5531 3608 5571 esse
3647 5518 3764 5565 5UP

2175 5589 2271 5638 ΙΜΙ.
