3920 6194
248 275 359 338 869

1428 271 1805 334 HISTORIA
1847 268 2297 328 BYZANTINA.

3395 264 3501 328 870

246 396 513 449 ἄσπονδον
548 394 771 463 ἔχθραν,
813 388 1009 463 μηνῦει
1046 390 1124 460 τῷ
1162 394 1459 463 Μαχουμὲτ
1503 394 1579 461 τῷ
1615 388 1830 460 ἁδελφῷ

1942 403 2071 441 num
2125 388 2388 439 adversus
2441 383 2785 436 Christianos
2841 384 2967 436 odio
3022 383 3347 453 implacabili
3374 401 3497 437 eum

248 488 415 542 αὐτοῦ
447 488 526 541 ἔτι
567 489 772 553 διάγων
802 488 858 537 ἐν
892 486 1139 554 Προύσῃ,
1173 487 1232 536 τὸ
1262 487 1436 538 ἐλθεῖν
1463 487 1625 546 el;1:6
1656 485 1825 535 Σκου-

247 580 438 648 τάριον
462 593 478 609 ⁹
520 578 612 630 καὶ
638 579 665 630 6
701 576 959 644 βασιλεὺς
1001 578 1099 630 σὺν
1132 578 1382 648 τριήρεσι
1432 577 1736 629 διαϐιϐάσει
1768 576 1826 625 ὲν

247 673 314 741 τῇ
370 669 968 722 Κωνσταντινουπόλει.
1027 669 1160 720 Ἀπὸ
1210 669 1265 721 δὲ
1314 665 1830 721 Κωνσταντινουπό-

249 761 387 823 λεως
431 761 657 830 βοηθείᾳ
689 758 827 811 Θεοῦ
876 759 969 811 καὶ
1008 758 1103 810 τοῦ
1157 757 1418 827 βασιλέως
1471 757 1828 826 ἐξερχόμενος

250 855 716 924 συμπλακήσεται
748 855 825 923 τῷ
852 855 1122 924 τυράννῳ.
1155 853 1263 907 Καὶ
1295 854 1342 905 εἰ
1378 852 1475 921 μὲν
1515 852 1573 903 τὸ
1603 853 1702 919 τῆς
1736 851 1829 902 τύ-

248 963 351 1014 χης
382 947 473 997 ἐπὶ
514 947 604 997 τὸν
634 944 900 1014 τύραννον
940 944 1117 1015 ῥέψει,
1150 947 1180 1014 ἡ
1222 944 1375 1004 πόλις
1413 944 1647 996 πάντοτε
1680 942 1826 994 Erat-

252 1055 352 1104 μος
383 1037 537 1089 ἔσται
569 1039 649 1099 εἰς
682 1038 952 1105 ὑποδοχὴν
986 1037 1153 1089 αὑτοῦ
1182 1050 1198 1067 ’
1232 1036 1304 1089 Et
1335 1035 1404 1088 δὲ
1432 1034 1823 1099 τούναντίον,

249 1130 280 1181 ὅ
304 1130 400 1182 καὶ
424 1129 793 1197 ἐπιθυμητὸν
817 1129 959 1197 ἡμῖν
980 1129 1132 1190 ἐστι,
1151 1128 1260 1197 τῆς
1283 1128 1601 1196 ἡγεμονίας
1625 1128 1831 1195 ἐγκρα-

249 1221 359 1285 τὴς
394 1221 649 1289 γενήσῃ,
681 1221 781 1274 καὶ
814 1223 893 1286 ὡς
922 1221 1065 1288 ἐμὸς
1094 1222 1224 1285 υἱὸς
1252 1220 1390 1287 ἔσῃ.
1432 1221 1490 1271 '0
1521 1219 1579 1272 δὲ
1614 1220 1830 1288 Μαχου-

248 1315 354 1382 μὲτ
408 1311 649 1372 ἀκούσας
698 1317 826 1374 τοὺς
886 1314 1077 1377 λόγους
1123 1311 1367 1374 τούτουςῖ
1418 1313 1514 1362 καὶ
1549 1310 1830 1379 πρόθυμος

246 1405 565 1470 γενόμενος,
598 1402 894 1471 προθύμως
933 1404 1014 1464 εἰς
1040 1404 1100 1456 τὸ
1130 1405 1463 1472 Σκουτόιριον
1493 1402 1691 1471 ἤλαυνε
1722 1404 1828 1453 πὰ-

250 1512 353 1557 σας
383 1496 482 1557 τὰς
512 1494 680 1549 αὑτοῦ
707 1494 992 1562 δυνάμεις.
1038 1492 1095 1548 Ὀ
1129 1494 1185 1547 δὲ
1235 1494 1492 1561 βασιλεὺς
1534 1493 1720 1562 μαθὼν
1746 1495 1831 1545 ὅτι

249 1583 418 1656 ἦλθεν
481 1589 557 1649 εἰς
606 1588 666 1640 τὸ
719 1588 919 1659 πέραν,
946 1588 1044 1652 τὰς
1092 1589 1336 1659 τριήρεις
1397 1587 1650 1656 ἑτοίμους
1695 1588 1832 1656 ἔχων

251 1681 422 1748 περᾷ,
458 1679 553 1731 καὶ
578 1680 654 1748 τῷ
684 1680 983 1749 Μαχουμὲτ
1020 1679 1280 1750 ἐντυχὼν,
1334 1682 1431 1733 καὶ
1461 1680 1653 1746 λόγους
1682 1684 1831 1751 ἐνόρ-

252 1788 384 1832 κους
410 1770 590 1823 λαϐὼν
627 1773 720 1823 καὶ
752 1772 898 1835 δοὺς,
925 1774 1071 1841 περᾷ
1103 1772 1193 1824 τὸν
1225 1772 1527 1840 Μαχουμὲτ
1561 1774 1657 1825 σὺν
1685 1756 1834 1840 αὑτῷ

254 1863 334 1923 εἰς
366 1862 961 1915 Κωνσταντινούπολιν.
1000 1864 1109 1915 Καὶ
1148 1863 1394 1931 μεγάλην
1436 1863 1747 1933 πανήγυριν
1778 1864 1835 1912 ἐν

254 1954 319 2021 τῇ
381 1953 573 2020 εἰσόδῳ
612 1953 847 2022 ποιήσας
899 1952 928 2004 ό
978 1952 1234 2021 βασιλεὺς
1287 1956 1438 2022 τρεῖς
1477 1955 1712 2023 ἡμέρας,
1764 1956 1834 2021 τῇ

257 2044 497 2115 τετάρτῃ
537 2043 707 2108 ἔξεισι
738 2046 839 2113 τῆς
876 2045 1083 2106 πόλεως
1114 2046 1141 2096 6
1171 2045 1425 2113 Μεχεμὲτ
1461 2045 1558 2096 σὺν
1590 2045 1739 2114 πάσῃ
1768 2047 1835 2114 τῇ

258 2138 491 2207 στρατιᾷ
538 2136 705 2189 αὑτοῦ
756 2136 851 2189 καὶ
887 2137 983 2189 σὺν
1026 2137 1230 2203 ὀλίγοις
1284 2135 1646 2204 στρατιώταις
1699 2137 1833 2191 Ῥωο

186 2252 189 2255 ι
260 2228 442 2295 μαῐοις
466 2244 479 2257 ·
508 2228 601 2279 καὶ
635 2226 915 2295 συμμίξας
949 2227 1024 2293 τῷ
1055 2227 1228 2295 Μωσῇ
1264 2227 1497 2297 ἡττήθη,
1538 2227 1636 2280 καὶ
1672 2230 1837 2297 ἡττη-

256 2319 371 2380 θεὶς
417 2320 728 2386 κατέφυγεν
757 2320 814 2370 ὲν
864 2321 929 2387 τῇ
962 2317 1138 2370 πόλει.
1180 2318 1239 2370 '0
1268 2318 1323 2369 δὲ
1374 2317 1632 2388 βασιλεὺς
1678 2320 1838 2387 θερα-

259 2410 464 2472 πεύσας
486 2410 650 2462 αὐτὸν
676 2410 763 2463 διὰ
791 2409 965 2476 λόγων
989 2409 1346 2477 σοφιστικῶν,
1373 2411 1466 2461 καὶ
1490 2411 1836 2481 πραγμάτων

260 2503 671 2573 στρατιωτικῶν
702 2495 776 2555 ὧν
827 2501 1133 2566 ἀπώλεσεν,
1178 2503 1497 2570 ἐπεμελεῖτο
1539 2502 1704 2555 πάλιν
1742 2502 1835 2555 τοῦ

260 2594 496 2657 ἐξελθεῖν
534 2594 595 2644 ὲκ
642 2592 922 2660 δευτέρου,
962 2594 1053 2644 καὶ
1098 2596 1489 2661 συμπλακῆναι
1524 2593 1599 2662 τῷ
1640 2595 1835 2664 Μωσῇ.

268 2686 329 2739 Ὀ
370 2687 425 2739 δὲ
464 2688 669 2754 Μωσῆς
702 2684 935 2749 ἐξελθὼν
965 2687 1029 2737 ὲκ
1067 2686 1174 2737 τῶν
1196 2686 1360 2756 ὁρίων
1394 2687 1838 2740 Κωνσταντινου-

264 2778 499 2842 πόλεως,
529 2777 669 2845 ἔχων
699 2779 878 2831 πάντα
908 2778 997 2831 τὸν
1028 2778 1244 2831 δυτικὺν
1275 2780 1507 2848 στρατὸν
1542 2781 1639 2832 σὺν
1667 2781 1834 2849 αὐτῷ,

264 2869 716 2940 παρεσκευάζετο
745 2871 886 2922 κατὰ
918 2870 1012 2923 τοῦ
1048 2872 1303 2941 Μεχεμὲτ
1344 2873 1435 2924 καὶ
1470 2873 1569 2942 τῆς
1604 2876 1834 2938 πόλεως.

275 2960 540 3037 Ἑξελθὼν
574 2962 632 3015 δὲ
675 2962 840 3015 πάλιν
879 2964 944 3014 ὲκ
974 2963 1233 3032 δευτέρου
1269 2965 1297 3016 6
1325 2966 1579 3034 Μεχεμὲτ
1612 2969 1708 3019 καὶ
1735 2968 1838 3019 πά-

1935 492 2146 545 gerere,
2208 474 2572 528 Mahometem
2617 473 2837 526 fratrem
2902 474 3075 541 ipsius
3137 473 3319 527 Prusae
3373 484 3502 528 tunc

1936 568 2113 620 adhuc
2129 568 2409 633 degentem
2441 573 2643 627 monet,
2685 575 2742 616 ut
2766 564 3074 617 Scutarium
3094 567 3335 628 accedat,
3360 566 3503 618 unde

1937 655 2470 723 Constantinoiioltm
2520 652 2836 705 triremibus
2894 651 3261 718 imperatoriis
3285 655 3502 721 trajite-

1936 759 2072 811 rel;
2131 746 2605 812 Constantinorioli
2675 745 2871 798 deinde
2931 746 3239 800 faventibus
3297 744 3408 798 Deo
3439 760 3501 797 ac

1937 841 2272 909 imperatore
2307 854 2561 908 egressus
2596 852 2775 907 pugna
2802 852 2924 890 cum
2964 848 3193 905 tyranno
3225 840 3502 902 experire-

1938 942 2057 986 tur:
2096 933 2170 985 ita
2217 942 2274 983 ιιι
2297 931 2398 998 ipsi
2429 932 2559 982 urbs
2584 931 2651 981 ad
2686 940 2802 982 tute
2834 944 2889 981 se
2912 929 3281 995 recipiendum
3305 937 3503 995 pateat,

1938 1025 1983 1077 si
2009 1034 2241 1093 tyranno
2272 1021 2492 1075 fortuna
2533 1020 2817 1073 arriserit:
2872 1018 2965 1072 Sin
3000 1020 3170 1071 minus
3202 1020 3254 1070 id
3272 1020 3505 1085 contige-

1937 1116 2007 1168 rit
2086 1117 2242 1182 (quod
2293 1116 2520 1181 impense
2571 1112 2716 1165 nobis
2753 1112 3089 1180 optandum),
3148 1112 3505 1176 principatum

1939 1209 2267 1275 adipisceris,
2315 1218 2361 1260 et
2384 1207 2532 1269 mihi,
2559 1222 2662 1259 non
2686 1221 2830 1258 secus
2856 1221 2917 1257 ac
2950 1204 3116 1263 liberi.
3152 1204 3342 1255 c/iarus
3377 1204 3501 1254 eris.

1936 1301 2034 1353 His
2061 1301 2260 1355 auditis
2300 1300 2477 1353 alacer
2524 1308 2920 1366 promptttsqtle
2947 1297 3121 1350 factus
3147 1295 3503 1355 Maliomctes,

1937 1402 2296 1456 quascunque
2328 1386 2517 1454 copias
2554 1387 2809 1449 habt-hat,
2844 1385 3162 1437 Scutarium
3215 1382 3503 1436 coniistim

1940 1480 2114 1531 duxit.
2149 1478 2449 1545 Imperator
2482 1492 2633 1545 ergo,
2671 1477 2902 1529 uilicum
2941 1494 2969 1527 a
2996 1476 3231 1528 Ivenisse
3255 1475 3319 1527 ad
3350 1489 3503 1527 Ot‘attt

1940 1550 2244 1638 oppositam
2279 1569 2493 1631 didicit,
2527 1569 2868 1631 triremibus,
2909 1583 3047 1633 quas
3073 1569 3373 1620 instructas
3406 1567 3507 1617 lia-

1943 1661 2129 1723 bebat,
2191 1674 2258 1714 eo
2292 1659 2531 1727 trajicit;
2563 1668 2617 1711 et
2666 1675 2786 1709 cum
2830 1658 3133 1711 Mahomete
3180 1658 3504 1723 (ollottutus,

1871 1744 1914 1801 Β
1943 1762 2133 1806 mutuo
2170 1750 2529 1821 jurejurando
2586 1750 2688 1802 lide
2742 1749 3020 1817 tttrirnque
3067 1750 3351 1809 obstricta,
3381 1764 3505 1802 eum

1938 1844 2469 1914 Constantinopolim
2508 1859 2689 1897 secum
2744 1843 2912 1895 vehit.
2968 1842 3268 1911 Exceptum
3305 1843 3505 1896 celebri

1938 1954 2134 2006 pompa
2165 1938 2329 1991 tridui
2373 1935 2548 2004 spatio
2580 1933 2871 2004 magnilice
2912 1934 3105 1987 habuit
3137 1949 3152 1986 :
3192 1941 3388 2001 quarto
3417 1935 3509 1987 de-

1940 2044 2085 2082 mum
2115 2028 2202 2080 die
2249 2025 2583 2079 ilahometes
2617 2027 2752 2078 urbe
2787 2024 3063 2093 egreditur
3089 2039 3214 2077 cum
3257 2023 3493 2076 universi

1939 2120 2181 2174 exercitu
2228 2129 2282 2172 et
2322 2134 2485 2188 parva
2524 2134 2686 2171 manu
2720 2119 2952 2171 militum
3000 2116 3509 2170 Rutnteorum:ini-

1940 2222 2102 2277 taque
2134 2210 2238 2280 52
2269 2223 2390 2263 cum
2434 2209 2584 2263 Mose
2623 2224 2804 2277 pugna
2844 2209 3021 2263 victus
3078 2209 3129 2261 in
3164 2208 3354 2261 urbem
3385 2207 3507 2276 luga

1939 2319 1998 2357 se
2034 2306 2264 2371 recepit.
2314 2302 2454 2356 Tum
2517 2305 2815 2371 imperator
2848 2303 3090 2355 animum
3124 2302 3270 2355 illius
3299 2317 3506 2354 sermo-

1940 2397 2102 2450 nibus
2121 2378 2266 2466 aptis
2294 2400 2470 2451 erexit
2499 2413 2513 2460 ;
2550 2397 2869 2464 curavitque
2901 2403 3224 2464 apparatum
3257 2395 3506 2447 bellicum

1940 2490 2138 2543 iterum
2189 2489 2503 2550 instaurari,
2554 2498 2608 2541 et
2667 2488 2868 2540 amissa
2926 2488 3201 2549 resarciri,
3267 2498 3319 2538 ut
3384 2501 3507 2539 cum

1941 2581 2087 2634 Mose
2126 2581 2243 2633 acie
2295 2581 2475 2631 denuo
2524 2576 2860 2646 conﬂigeret.
2901 2576 2970 2629 At
2996 2576 3171 2629 Moses
3211 2593 3274 2630 ex
3313 2577 3512 2629 linilius

1941 2670 2569 2737 Constantinopolitanis
2601 2668 2960 2722 occiduarum
3006 2668 3289 2735 regionum
3320 2682 3510 2719 omnes

1939 2763 2128 2830 cupias
2166 2761 2415 2825 deduxit,
2448 2762 2731 2827 aciemque
2760 2761 3024 2813 adversus
3070 2768 3123 2812 et
3152 2758 3509 2811 Maliomctem

1940 2865 1994 2908 et
2020 2854 2206 2907 urbem
2267 2853 2551 2906 instruxit.
2606 2851 2787 2906 Altera
2831 2852 2995 2919 igitur
3040 2851 3158 2905 vice
3215 2865 3513 2917 erumpens

1941 2946 2295 3009 Mahometes,
2350 2958 2568 3013 accepta
2609 2946 2802 2997 iterum
2841 2944 2992 2997 clade
3031 2944 3084 2996 in
3123 2944 3310 2997 urbem
3368 2945 3515 2998 refu-

263 3034 348 3106 λιν
401 3052 630 3124 ἡττήθη,
666 3055 762 3107 καὶ
790 3053 956 3107 πάλιν
999 3056 1055 3106 ἐν
1089 3057 1154 3125 τῇ
1214 3056 1364 3108 πόλει
1398 3058 1699 3125 κατέφυγε,
1745 3060 1835 3111 καὶ

1943 3043 2041 3112 git,
2067 3041 2470 3111 fugientemque
2495 3039 2791 3107 imperator
2811 3036 3060 3103 suscipit.
3096 3034 3251 3090 Tunc
3282 3048 3513 3090 mmstus

266 3146 426 3199 πάλιν
452 3149 479 3199 6
512 3147 767 3216 βασιλεὺς
800 3148 963 3199 αὑτὸν
1014 3148 1333 3212 ὑπεδέξατο.
1368 3149 1500 3201 Τότε
1523 3151 1550 3201 6
1580 3150 1838 3220 Μεχεμὲτ

264 3242 323 3290 ὲν
358 3239 629 3309 ἁδημονίᾳ
657 3239 917 3306 γεγονὼς,
946 3240 1040 3291 καὶ
1064 3240 1163 3308 τὴν
1191 3240 1291 3307 τῆς
1317 3240 1487 3309 τύχης
1526 3243 1841 3311 μεταφορὰν

264 3333 340 3393 ὡς
370 3329 664 3399 σφενδόνης
694 3331 960 3398 στρεπτὸν
995 3332 1366 3401 ἡγησάμενος,
1394 3334 1583 3403 εἴρηκε
1625 3334 1701 3403 τῷ
1739 3335 1841 3404 βα-

271 3424 446 3474 σιλεῖ’
479 3421 555 3473 Σὺ
603 3422 740 3489 μὲν,
797 3422 979 3489 πάτερ
1034 3423 1183 3492 ἅγιε,
1241 3424 1683 3492 ζυγοσταθμῶν,
1740 3427 1842 3479 καὶ

269 3512 626 3579 προϐλέπων
654 3511 761 3574 τὰς
792 3515 1181 3580 πλάστιγγος,
1211 3515 1322 3566 οὐκ
1354 3514 1537 3582 ἀφίης
1564 3533 1686 3583 μοι.
1721 3515 1842 3568 ἄνω

266 3604 371 3656 καὶ
423 3602 582 3654 κάτω
608 3602 723 3670 τὴν
774 3604 971 3670 τύχην
1019 3604 1191 3670 ὁρῶν,
1247 3605 1355 3658 τοῦ
1403 3606 1769 3674 προδοθῆναι
1800 3608 1840 3674 ’ἦ

265 3693 687 3762 παραδοθῆναι
731 3712 831 3763 μοι
881 3696 989 3748 τὸν
1016 3696 1233 3764 ἐχθρὸν
1260 3698 1397 3765 παρ’
1442 3699 1651 3766 αὐτῆς.
1696 3700 1843 3769 Ἐγὼ

263 3785 335 3837 δὲ
358 3785 535 3853 λέγω,
583 3784 707 3841 πᾶν
738 3787 802 3838 τὸ
842 3786 914 3838 ἐν
943 3786 1239 3855 μετώποις
1274 3791 1503 3859 magae)"
1533 3792 1643 3860 (Gl)
1704 3792 1841 3857 ἐνὸς

262 3878 528 3931 ἑκάστου
581 3877 856 3946 δακτύλῳ
889 3880 1037 3933 Θεοῦ
1082 3882 1501 3948 ἀπαραιτήτως
1544 3885 1842 3951 προϐήσε-

260 3986 380 4023 ται.
412 3967 726 4021 Κέλευσον
757 3966 869 4026 οὖν
890 3989 991 4039 μοι
1040 3972 1163 4025 σὺν
1198 3972 1315 4037 τοῖς
1350 3973 1520 4040 ἐμοῖς
1548 3977 1663 4039 τὴν
1691 3975 1840 4041 πρὸς

272 4062 586 4129 Ἀδριανοῦ
609 4063 921 4130 φέρουσαν
940 4066 1149 4131 τρίϐον
1168 4064 1466 4131 ἄρξασθαι
1486 4081 1497 4093 ·
1536 4065 1631 4117 καὶ
1649 4068 1842 4133 μόνον

259 4153 450 4219 εὔχου
481 4170 580 4221 μοι
615 4154 695 4217 ὡς
726 4153 924 4221 πατὴρ
978 4154 1134 4218 υἱὸν,
1168 4154 1322 4208 καθὰ
1359 4156 1454 4208 καὶ
1488 4156 1625 4225 εἰμὶ,
1657 4158 1726 4209 τὰ
1774 4155 1842 4210 δὲ

257 4242 566 4311 μέλλοντα
603 4242 685 4307 τῷ
719 4243 841 4307 Θεῷ
869 4244 1119 4311 μελέτω.
1153 4244 1288 4297 Τότε
1317 4246 1346 4296 ό
1376 4245 1634 4314 βασιλεὺς
1679 4248 1842 4301 ἀκού-

267 4352 366 4397 σας
392 4336 518 4396 τοὺς
549 4335 742 4403 λόγους
773 4335 964 4397 αὑτοῦ,
994 4337 1089 4389 καὶ
1128 4337 1492 4407 περιπλακεὶς
1531 4340 1714 4401 αὐτὸν,
1749 4342 1839 4394 καὶ

264 4427 677 4493 ἀσπασάμενος.
699 4428 791 4479 καὶ
810 4426 1027 4479 δεῖπνον
1059 4428 1390 4496 εὐτρεπῖσας
1412 4431 1708 4501 πολυτελῆ.
1743 4432 1837 4483 καὶ
1872 4407 1914 4460 D
1949 4414 2035 4465 "bi
2120 4413 2326 4465 θυάίνίί

261 4518 615 4585 χαρμονικῶς
664 4517 1066 4587 εὐφρανθέντες
1095 4533 1107 4547 ·
1152 4520 1365 4582 πρωῖας
1403 4521 1501 4589 ἤδη
1535 4521 1837 4589 γενομένης

268 4607 462 4669 ἔξεισιν
482 4610 509 4659 6
526 4608 781 4675 Μεχεμὲτ
800 4609 898 4677 τῆς
916 4607 1147 4672 πόλεως,
1167 4612 1259 4660 καὶ
1281 4613 1361 4672 εἰς
1384 4610 1477 4662 δύο
1497 4612 1729 4679 μερίσας
1747 4612 1835 4663 τὸν

266 4700 517 4768 στρατὸν,
546 4700 604 4751 τὸ
632 4700 731 4767 μὲν
758 4699 815 4750 ἒν
841 4700 1001 4768 μέρος
1026 4702 1161 4769 πρὸς
1192 4701 1261 4752 τὰ
1284 4702 1378 4753 τοῦ
1410 4701 1662 4764 Εὐξείνου
1693 4703 1834 4771 μέρη

262 4791 502 4857 ἔπεμψε,
536 4790 597 4841 τὸ
627 4790 684 4842 δὲ
729 4790 858 4842 ἄλλο
899 4791 1034 4859 πρὸς
1085 4791 1186 4859 τὴν
1230 4790 1509 4861 Ἀδριανοῦ
1564 4794 1836 4860 φέρουσαν

261 4881 454 4934 ὥδευε.
494 4880 627 4933 Τότε
658 4883 685 4933 6
740 4881 945 4948 Μωσῆς
980 4880 1144 4933 πάλιν
1197 4881 1461 4945 ἀκούσας,
1507 4883 1603 4933 καὶ
1651 4882 1841 4951 μαθὼν

263 4973 381 5037 πῶς
411 4977 488 5037 εἰς
515 4975 607 5026 δύο
637 4974 956 5042 κατατομὰς
992 4974 1056 5025 τὰ
1088 4974 1298 5041 φοσάτα
1326 4974 1573 5042 ἐμέρισε,
1601 4975 1671 5026 τὰ
1704 4974 1837 5043 πρὸς

260 5068 356 5117 τὸν
394 5068 587 5117 πόντον
649 5067 791 5135 μέρη
846 5066 1109 5117 ἐδίωκεν·
1170 5067 1263 5118 καὶ
1321 5066 1384 5135 δὴ
1439 5067 1840 5119 ὲπεισπεσόντα

259 5162 433 5227 ἄμφω
465 5161 530 5211 τὰ
566 5159 928 5226 στρατόπεδα,
972 5160 1067 5211 καὶ
1105 5159 1154 5210 οἱ
1184 5160 1278 5211 τοῦ
1314 5160 1486 5227 Μωσῆ
1517 5160 1842 5228 ἡττηθέντες

260 5251 405 5321 πρὸς
432 5252 523 5302 τὸν
552 5253 805 5319 Μεχεμὲτ
838 5250 1174 5320 ἡθροίζοντο.
1220 5251 1277 5302 Ὀ
1311 5251 1363 5301 δὲ
1401 5252 1684 5313 ἀσπασίως
1716 5252 1845 5304 67:5-

257 5344 473 5412 δέκετο.
518 5343 578 5393 Ὀ
614 5343 669 5394 δὲ
722 5344 926 5411 Μωσῆς
958 5342 1018 5393 τὸ
1062 5342 1289 5408 γεγονὸς
1329 5341 1470 5405 ἰδὼν,
1507 5344 1601 5394 καὶ
1646 5344 1706 5394 τὸ
1745 5344 1843 5411 τῆς

1944 3135 2236 3193 etanxius,
2301 3139 2560 3197 reputans
2610 3128 2903 3190 fortunam,
2965 3143 3119 3195 aeque
3168 3142 3232 3181 ac
3267 3127 3510 3189 fundam,

1946 3224 2264 3277 mutabilem
2294 3220 2698 3288 volubilemque
2736 3234 2860 3273 esse
2883 3258 2898 3281 ,
2937 3218 3021 3270 his
3054 3218 3239 3272 verbis
3278 3220 3511 3287 impera-

1946 3324 2114 3366 torem
2177 3312 2514 3379 alloquitur:
2552 3310 2653 3373 Tu,
2701 3318 2853 3377 pater
2887 3319 3087 3375 sancte,
3136 3311 3229 3377 qui
3250 3323 3512 3362 momenta

1944 3421 2118 3458 rerum
2141 3405 2434 3472 perpendis,
2464 3404 2794 3469 [auriumque
2832 3405 3153 3471 reciprocam
3180 3402 3511 3455 librationem

1942 3499 2209 3566 prmeides,
2246 3512 2361 3547 cum
2398 3497 2669 3561 fortunam
2724 3493 3089 3562 contempleris
3128 3510 3319 3564 susque
3353 3497 3514 3563 deque

1944 3603 2023 3639 res
2060 3602 2202 3638 meas
2239 3601 2442 3637 versare
2468 3625 2480 3647 ,
2511 3599 2613 3636 non
2640 3584 2866 3635 dimittis
2908 3600 3007 3648 ate,
3045 3594 3099 3635 ut
3128 3586 3241 3648 ipsa
3278 3601 3355 3636 me
3385 3602 3507 3651 pro-

1942 3680 2056 3743 dat,
2119 3688 2209 3730 aut
2258 3682 2311 3730 in
2378 3694 2562 3730 manus
2596 3694 2734 3730 meas
2757 3678 2956 3729 hostem
3008 3679 3132 3729 milii
3175 3679 3371 3729 tradat.
3406 3677 3512 3745 Ego

1942 3786 2061 3822 vero
2116 3781 2161 3821 te
2197 3785 2374 3821 coram
2411 3770 2506 3821 hoc
2568 3784 2791 3820 assero:
2846 3768 3099 3835 quidquid
3159 3770 3215 3820 in
3250 3771 3510 3835 frontibus

1943 3862 2353 3929 uniuscujusque
2386 3865 2551 3913 nostri
2574 3860 2662 3913 Dei
2687 3861 2851 3929 digito
2876 3864 3134 3927 scriptam
3165 3871 3265 3922 est,
3296 3862 3347 3913 id
3379 3862 3513 3913 irre-

1943 3949 2173 4000 vocabile
2210 3964 2341 4010 esse,
2368 3964 2430 4001 ac
2461 3951 2755 4002 necessario
2778 3960 3099 4003 eventurum.
3136 3950 3328 4003 Jubeas
3352 3952 3513 4019 igitur

1942 4058 2022 4094 me
2052 4058 2170 4093 cum
2202 4042 2451 4094 omnibus
2478 4046 2607 4095 meis
2640 4045 2804 4112 copiis
2837 4046 2994 4107 viam,
3023 4060 3137 4112 quia
3172 4046 3510 4113 Adriauopo-

1942 4135 2034 4187 lim
2064 4135 2231 4198 ducit,
2264 4151 2530 4204 capessere
2558 4137 2722 4189 :milii
2757 4137 2890 4189 bona
2919 4138 3199 4206 faustaque
3222 4139 3511 4192 solummo-

1942 4228 2010 4280 do
2067 4243 2281 4295 precare
2322 4237 2371 4280 et
2406 4237 2549 4295 opta,
2595 4239 2651 4279 ut
2681 4239 2887 4297 patrem
2939 4230 3053 4296 ﬁlio
3110 4231 3277 4291 decet,
3318 4232 3503 4299 futura

1944 4335 2062 4372 vero
2093 4318 2190 4372 Dei
2219 4320 2559 4387 providentirc
2589 4323 2979 4382 permittamus.
3015 4321 3171 4377 Ilunc
3196 4338 3507 4379 sermonem

2425 4414 2745 4479 imperator,
2795 4414 2973 4481 ipsnm
3054 4416 3372 4483 complexus
3450 4431 3514 4470 ac

1944 4504 2288 4556 deosculatus
2337 4511 2451 4555 est:
2503 4516 2656 4556 cwna
2694 4503 2890 4557 deinde
2912 4505 3135 4572 cpipare
3165 4517 3219 4557 et
3254 4506 3401 4558 laute
3432 4507 3514 4559 in-

1943 4606 2174 4657 structa,
2212 4596 2414 4648 hilares
2438 4605 2491 4648 et
2520 4596 2623 4649 laeti
2655 4598 2815 4664 genio
2855 4599 3217 4652 indulserunt.
3258 4598 3385 4653 Orta
3413 4601 3508 4653 de-

1942 4704 2089 4741 mum
2122 4690 2239 4742 luce
2262 4689 2395 4742 urbe
2411 4692 2541 4743 exiit
2574 4690 2930 4754 Mahometes,
2964 4693 3259 4762 copiasque
3282 4694 3333 4745 in
3368 4692 3512 4745 acies

1944 4783 2102 4835 binas
2136 4783 2412 4850 partitur;
2450 4801 2683 4853 quarum
2717 4787 2884 4839 altera
2918 4802 3111 4839 versus
3137 4786 3404 4837 Euxinum
3429 4788 3511 4837 in-

1944 4876 2130 4940 cessit,
2157 4877 2320 4928 altera
2352 4877 2759 4947 Amianopolim
2784 4878 3083 4933 contendit.
3109 4878 3284 4934 Moses
3308 4891 3509 4947 autem,

1946 4969 2037 5022 ubi
2077 4968 2333 5038 cognovit
2383 4972 2686 5026 exercitum
2723 4988 2880 5024 suum
2922 4971 3281 5024 Mahometem
3319 4972 3370 5025 iu
3399 4974 3513 5027 duo

1942 5062 2156 5130 agmina
2189 5062 2440 5116 divisisse
2471 5076 2488 5113 :
2523 5064 2675 5127 illud,
2707 5066 2850 5134 quod
2880 5066 2946 5118 ad
2975 5065 3246 5120 Euxinum
3273 5068 3507 5122 Pontum

1942 5152 2303 5221 properabat,
2360 5152 2698 5221 insequitur,
2760 5159 3214 5227 assequitur-que;
3275 5174 3511 5228 cumque

1945 5244 2118 5296 ambae
2178 5242 2440 5313 opposita:
2473 5247 2615 5301 acies
2639 5264 2859 5301 concurt
2880 5250 3075 5317 issent,
3110 5251 3384 5323 Musisque
3415 5269 3512 5306 co-

1945 5337 2046 5404 piae
2075 5335 2231 5389 victa:
2264 5333 2523 5397 fuissent,
2576 5339 2639 5391 ad
2670 5338 3031 5398 .‘llacliometis
3067 5354 3250 5413 partes
3281 5347 3514 5400 transie-

1423 5446 1711 5544 tsmaelis
1746 5481 2042 5543 Bullialdi
2095 5489 2286 5540 noue.

337 5611 447 5679 (6|)
480 5607 607 5660 Πᾶν
630 5608 692 5659 τὸ
716 5608 782 5657 ἐν
807 5609 1099 5672 μετώποις
1135 5611 1376 5675 nat-ser.
1417 5608 1578 5661 Juxta
1606 5617 1838 5661 tuentem

257 5679 675 5735 Musulmauicu:
729 5680 1024 5745 religionis,
1114 5695 1236 5744 qua:
1304 5680 1841 5747 praedestinationcni

1950 5606 2312 5659 inevitabilem
2338 5606 2556 5671 astruit,
2591 5609 2831 5675 nihilque
2859 5627 2921 5663 ex
2968 5613 3206 5666 hominis
3236 5614 3514 5672 voluntate

1952 5678 2117 5730 libera
2154 5680 2265 5730 lieri
2294 5678 2506 5729 asserit.
