3920 6194
357 218 457 279 887

1848 214 2065 274 ΠΗΟᾹΞ

3487 195 3598 281 sas

351 358 590 414 venerat,
620 349 949 420 illorumque
978 347 1179 404 vexillo
1219 356 1274 404 et
1324 348 1630 421 insignibus
1661 364 1719 403 se
1776 357 1918 403 tuta-

2035 349 2371 416 ὅποκύτιτων,
2407 350 2504 404 καὶ
2564 351 2665 421 τὴν
2716 352 2953 422 σημαίαν
3001 352 3180 406 αὐτῶν
3233 353 3450 421 φέρωνσ
3497 356 3592 408 καὶ

350 444 530 497 batur.
564 437 701 495 Vere
725 443 909 511 itaque
938 440 1264 495 adventante
1298 442 1548 496 triremes
1574 442 1760 495 decem
1813 440 1919 508 ipsi

350 535 749 597 instruxerunt,
799 546 937 602 quas
971 531 1024 586 in
1074 532 1313 587 statione
1366 532 1674 587 habuerunt
1696 532 1748 585 in
1802 531 1927 584 sinu

352 623 650 684 Adriatico.
687 623 834 678 circa
852 623 1136 690 Euboeam,
1177 622 1392 677 Cretam
1415 635 1466 678 et
1488 623 1748 695 Cycladas
1772 623 1925 677 insu-

351 715 450 767 las.
484 710 761 770 Triremes
788 728 953 785 porro
980 728 1182 785 septem
1204 714 1479 770 Tenedum
1508 731 1681 784 usque
1706 715 1927 783 naviga-

352 812 500 868 runt.
533 804 606 860 ita
634 815 691 861 ut
716 808 769 860 in
804 803 1048 861 hostium
1063 812 1413 876 conspectum
1441 809 1687 862 venirent
1715 806 1925 860 :fauci-

353 898 452 952 bus
474 898 666 952 deinde
683 897 1018 969 Hellesponti
1050 903 1339 969 superatis,
1367 899 1726 969 Lampsacum
1753 914 1924 967 usque

358 1005 672 1058 pervenere.
707 991 935 1045 Turcica
966 999 1093 1046 tunc
1119 992 1307 1046 classis
1360 1008 1521 1061 supra
1577 993 1794 1046 modum
1847 994 1924 1046 in-

353 1090 577 1143 structa,
612 1082 900 1136 stationem
932 1082 1164 1136 habebat
1195 1084 1245 1136 in
1272 1091 1431 1152 portu
1453 1083 1921 1153 Callipoleos.61

357 1170 704 1240 Depreltenso
740 1174 956 1229 interim
987 1175 1102 1228 velo
1135 1189 1242 1251 uno
1295 1175 1509 1241 exiguo,
1554 1174 1700 1243 quod
1736 1191 1763 1229 e
1787 1174 1926 1229 Cun-

355 1266 791 1332 stantinopoleos
823 1274 980 1334 portu
1017 1267 1272 1329 solverat,
1324 1267 1577 1335 quodque
1631 1266 1923 1322 Turcicnm

355 1355 720 1424 conjiciebant
758 1356 975 1411 Venetzc
1002 1356 1196 1413 classis
1227 1365 1389 1412 duces
1422 1375 1437 1411 :
1465 1359 1739 1413 tn’remem
1761 1371 1924 1412 unam

351 1449 418 1500 ad
452 1447 579 1500 illud
615 1448 886 1517 navigium
914 1449 1277 1504 invadendum
1302 1450 1547 1506 mittunt.
1570 1450 1624 1505 Id
1646 1466 1767 1505 cum
1791 1450 1926 1504 Tur-

351 1540 399 1592 (υἱ
428 1542 864 1608 conspexissent,
895 1542 994 1595 rati
1029 1558 1195 1596 unum
1232 1559 1260 1597 e
1291 1544 1403 1599 suis
1430 1559 1570 1609 essie,
1603 1544 1746 1612 quod
1784 1543 1925 1597 insc-

351 1632 874 1699 quebantur,Vetteti
897 1634 1041 1688 illius
1057 1636 1260 1689 tutandi
1279 1650 1442 1690 causa
1464 1637 1741 1689 triremem
1761 1649 1922 1688 unam

351 1718 404 1775 in
451 1724 618 1776 altum
666 1726 781 1778 vela
845 1724 1021 1779 facere
1080 1728 1297 1795 jubent.
1331 1727 1585 1781 Lesbium
1620 1742 1783 1796 porro
1812 1735 1931 1781 erat

349 1808 816 1882 Constantinopoli
844 1812 1168 1884 profec'tum.
1211 1817 1397 1872 Veneti
1444 1820 1625 1887 itaque
1653 1825 1935 1872 cernentes

351 1898 612 1957 Turcicas
636 1904 884 1958 triremes
904 1914 1059 1974 portu
1082 1906 1254 1971 exire,
1282 1907 1346 1960 ad
1373 1918 1575 1961 catenae
1597 1906 1770 1961 instar
1788 1906 1936 1960 ordi-

351 2004 419 2046 ne
441 2003 674 2060 servato,
712 1996 762 2048 in
789 1997 934 2065 ipsas
962 1996 1211 2051 feruntur
1243 2015 1255 2051 :
1292 2007 1366 2063 et,
1387 2014 1510 2053 cum
1537 2000 1826 2054 classicum
1848 2012 1934 2052 ce-

352 2085 631 2147 cinissent,
661 2100 895 2155 pugnam
930 2089 1145 2144 ineunt.
1172 2089 1357 2144 Primo
1413 2090 1616 2149 impetu
1659 2091 1932 2144 triremem

365 2177 596 2231 amiralii
642 2178 779 2233 Ciali
814 2180 937 2251 Begi
970 2182 1265 2250 appellunt,
1298 2183 1351 2236 in
1400 2198 1628 2253 eamque
1663 2184 1934 2237 irruentes

350 2282 543 2320 omnes
582 2271 896 2336 promiscue
930 2270 1075 2324 ferro
1100 2272 1333 2335 credunt,
1366 2273 1651 2341 ipsumque
1672 2272 1810 2327 Giali
1838 2272 1932 2325 Be-

351 2371 476 2426 gum
500 2358 838 2413 membratim
853 2361 1228 2416 conciderunt.
1248 2364 1401 2419 Alius
1415 2364 1675 2419 deindein
1692 2363 1847 2416 aliam
1865 2364 1934 2416 irv-

351 2449 458 2502 ruit
482 2457 537 2503 et
558 2450 747 2504 insilit:
768 2452 1022 2507 omnibus
1041 2453 1273 2523 denique
1293 2454 1603 2509 triremibus
1620 2455 1813 2523 captis,
1837 2455 1932 2508 im-

359 2540 591 2594 maniter
612 2542 827 2597 Turcos
844 2544 1179 2599 frustillatim
1200 2547 1540 2615 discindunt,
1557 2546 1930 2615 spectantibus

357 2648 547 2690 eorum
580 2636 904 2705 coniugibus
931 2646 985 2691 et
1011 2638 1197 2694 liberis
1211 2639 1538 2709 Callipoleos
1563 2639 1763 2702 littore,
1788 2640 1929 2707 quod

354 2739 383 2779 a
417 2726 562 2789 loco,
598 2728 688 2780 ubi
717 2743 894 2796 pugna
935 2731 1230 2785 commissa
1261 2740 1363 2797 est,
1392 2731 1609 2785 milliari
1672 2746 1780 2784 uno
1820 2732 1927 2786 dis-

359 2824 455 2869 tat.
494 2812 895 2887 lnclinatojam
923 2820 1008 2873 die
1040 2816 1230 2875 Veneti
1256 2825 1493 2891 receptui
1517 2830 1740 2887 canunt,
1772 2822 1927 2873 trire-

356 2921 580 2973 mesque
610 2916 815 2976 septem
838 2918 889 2962 ct
918 2910 1104 2979 viginti
1131 2911 1393 2966 'l‘urcicas
1424 2928 1548 2966 cum
1586 2914 1698 2967 suis
1737 2913 1791 2966 in
1825 2911 1925 2967 Te-

2034 437 2428 504 καταλαϐόντος
2472 441 2567 495 τοῦ
2600 442 2760 514 ἔαρος
2791 444 3129 513 ηὐτρέπισαν
3163 446 3259 497 καὶ
3296 444 3449 496 αὐτοὶ
3478 462 3584 513 τρι-

2029 532 2185 602 ήρεις
2214 532 2380 585 δέκα·
2433 533 2528 585 καὶ
2578 535 2939 604 προσέχοντες
2981 532 3122 605 ἦσαν
3180 536 3267 588 τὸν
3310 532 3590 602 Ἃδριανοῦ

2031 623 2227 675 κόλπον
2253 622 2388 693 (80),
2437 620 2691 689 Εὔϐοιαν,
2736 624 2986 695 Κρήτην,
3032 625 3128 678 καὶ
3164 627 3260 688 τὰς
3308 626 3591 688 Κυκλάδας

2030 718 2263 784 νήσους·
2296 713 2546 768 ἐλθοῦσαι
2580 716 2635 769 δὲ
2666 718 2917 787 τριήρεις
2960 718 3099 772 ἑπτὰ
3134 719 3296 788 μέχρι
3342 708 3603 780 Τενέδου,

2025 806 2406 876 ἠϐουλήθησαν
2457 810 2724 877 ἐμφανεῖς
2759 809 3014 876 γενέσθαι
3061 812 3176 874 τοῖς
3225 811 3465 879 ἐχθροῖς,
3499 810 3597 863 καὶ

2029 898 2359 961 εἰσελθόντες
2386 900 2486 969 τὴν
2527 899 2916 972 Ἑλλήσποντον
2944 901 3205 969 διέϐησαν
3238 904 3403 971 μέχρι
3440 902 3596 968 Δαμ-

2027 989 2228 1057 ψόιωυ.
2263 991 2371 1043 Καὶ
2398 992 2453 1043 δὲ
2480 994 2727 1061 τριήρεις
2748 993 2856 1046 τῶν
2877 992 3136 1062 Τούρκων
3173 992 3392 1046 ἴςταντο
3426 994 3484 1044 ὲν
3516 991 3597 1063 τῷ

2030 1082 2208 1149 λιμένι
2240 1082 2693 1145 Καλλιουπόλεως
2727 1084 2943 1151 ἕτοιμαι
2987 1086 3065 1145 είς
3089 1082 3296 1152 ὲξοχήν.
3331 1085 3398 1137 Δί
3438 1084 3599 1151 τριή-

2033 1191 2144 1242 ρεις
2181 1173 2235 1226 δὲ
2287 1175 2397 1226 τῶν
2435 1175 2735 1226 Βενετικῶν
2782 1176 2989 1244 ὁρῶσαι
3031 1177 3199 1227 ἱστίον
3250 1175 3307 1227 ἒν
3362 1176 3599 1243 σμικρὸν

2028 1264 2432 1335 κατερχόμενον
2462 1265 2571 1317 ἀπὸ
2601 1267 3194 1331 Κωνσταντινούπολιν,
3232 1269 3327 1319 καὶ
3374 1266 3602 1320 δοκοῦν-

2031 1371 2121 1417 τες
2151 1356 2455 1422 Τουρκικὸν
2489 1351 2649 1416 εἶναι,
2685 1357 2964 1411 στέλλουσι
3014 1357 3143 1425 μίαν
3176 1358 3283 1409 τῶν
3325 1360 3601 1427 τριήρεων

2030 1446 2123 1500 τοῦ
2154 1446 2345 1498 λαϐεῖν
2377 1447 2533 1499 αὑτό.
2564 1448 2627 1500 Ol
2660 1448 2715 1501 δὲ
2760 1447 2994 1519 Τοῦρκοι
3028 1450 3263 1516 ὁρῶντες
3292 1451 3352 1500 τὺ
3380 1449 3602 1518 δρώμε-

2030 1553 2142 1596 νον,
2202 1539 2294 1588 καὶ
2327 1536 2645 1600 εἰκάζοντες
2699 1540 2760 1589 τὸ
2816 1537 3148 1606 διωκόμενον
3198 1539 3380 1590 αὐτῶν
3437 1533 3603 1597 εἶναι,

2032 1627 2223 1691 ἐξῆλθε
2258 1629 2351 1681 καὶ
2399 1628 2455 1691 ἐξ
2499 1630 2678 1682 αὐτῶν
2728 1631 2891 1701 ἑτέρα
2944 1631 3194 1699 τριήρης,
3255 1628 3605 1696 δεφενδεῦσαι

2037 1718 2205 1771 θέλων
2237 1720 2387 1774 αὐτό.
2434 1721 2643 1774 Ἐκεῖνο
2676 1721 2728 1773 δὲ
2761 1717 2831 1790 ἦν
2867 1721 3095 1774 Λέσϐιον
3130 1721 3316 1772 πλοῖον
3344 1719 3607 1788 κατερχόο

2038 1826 2200 1880 μενον
2229 1812 2339 1864 ἀπὸ
2376 1813 2973 1867 Κωνσταντινούπολιν.
3019 1812 3241 1874 Ἰδόντες
3274 1811 3329 1863 δὲ
3362 1812 3415 1862 οἱ
3450 1812 3607 1863 Βενι-

2033 1904 2175 1954 τικοὶ
2221 1904 2318 1965 τὰς
2361 1906 2615 1973 τριήρεις
2662 1904 2771 1955 τῶν
2810 1905 3093 1973 Τούρκων,
3148 1904 3302 1975 δίκην
3358 1900 3605 1973 ὁρμαθοῦ

2034 1990 2303 2057 ἐξιούσας,
2354 1994 2628 2061 ὥρμησαν
2682 1999 2807 2047 κατ’
2834 1996 3037 2061 αὐτῶν,
3097 1997 3189 2048 καὶ
3243 1996 3304 2046 τὸ
3361 1995 3605 2047 ὲνυάλιον

2035 2087 2271 2155 ἦχησαν,
2326 2087 2766 2153 συνεπλάκησαν.
2803 2088 3026 2155 Πρῶτον
3067 2089 3166 2157 μὲν
3199 2087 3262 2153 δὴ
3296 2087 3604 2156 προσκρού-

2035 2192 2229 2238 σαντες
2258 2178 2358 2245 τὴν
2386 2176 2482 2229 τοῦ
2519 2178 2764 2247 ἁμιραλῆ
2798 2179 3135 2246 Τζαλίσπεγι
3172 2179 3398 2248 τριήρη,
3430 2179 3607 2231 ἃπαν-

2031 2286 2131 2330 τας
2160 2268 2395 2336 ἀφειδῶς
2423 2270 2758 2338 ἐξεθέρισαν,
2790 2270 2886 2322 καὶ
2909 2270 3075 2322 αὑτὸν
3105 2270 3478 2337 Τξαλίσπεγιν
3513 2287 3609 2337 μεο

2034 2361 2190 2429 ὶηδδν
2240 2361 2539 2430 κατέτεμον
2561 2377 2574 2391 ⁸
2610 2357 2734 2415 εἶτα
2763 2362 2922 2426 ἄλλος
2961 2363 3129 2430 ἄλλην
3177 2362 3610 2432 ἐπεμϐαίνοντες

2033 2452 2214 2513 πάσας
2269 2453 2621 2521 παρέλαϐον,
2677 2453 2925 2522 ἀνηλεῶς
2981 2454 3418 2521 κατατέμνοντες
3482 2453 3611 2514 τοὺς

2031 2543 2309 2613 Τοόρκους
2348 2542 2574 2596 ἐνώπιον
2604 2545 2712 2596 τῶν
2759 2544 3038 2612 γυναικῶν
3118 2545 3213 2597 καὶ
3256 2546 3367 2597 τῶν
3398 2543 3612 2597 παίδων

2031 2632 2235 2693 αὐτῶν,
2269 2634 2490 2700 μακρὰν
2522 2631 2826 2700 ἀπέχοντες
2850 2631 2950 2701 τὴν
2990 2634 3049 2684 ὲν
3080 2632 3478 2684 Καλλ.ουπόλει
3509 2630 3614 2699 ξη-

2035 2723 2134 2791 ρὰν
2164 2723 2239 2785 ὠς
2268 2724 2447 2792 μίλιον
2494 2723 2573 2775 ἓν.
2610 2724 2674 2775 Ol
2708 2724 2763 2775 δὲ
2815 2724 3094 2776 Βενετικοί
3130 2724 3231 2793 ήδη
3284 2722 3417 2791 πρὸς
3444 2716 3614 2773 ἑσπέ-

2033 2831 2133 2883 ραν
2169 2815 2261 2867 τοῦ
2296 2814 2559 2883 πολεμεῖν
2593 2817 2943 2884 σιγήσαντες,
2974 2816 3188 2876 καὶτὰς
3218 2815 3463 2883 τριήρεις
3498 2814 3613 2865 τῶν

2030 2905 2292 2973 Τούρκων
2322 2906 2397 2968 ὡς
2426 2907 2509 2969 κζ’
2537 2908 2626 2958 τὸν
2653 2906 2909 2976 ἀριθμὸν,
2946 2909 3040 2959 καὶ
3067 2906 3166 2967 τὰς
3188 2906 3366 2959 αὐτῶν
3394 2906 3615 2973 πτερώ-

355 2996 554 3049 ncdum
584 2998 813 3051 insulam
850 3000 983 3054 velis
1014 3002 1197 3068 pansis
1243 3002 1540 3056 deducunt.
1574 3003 1926 3071 .Portumqne

2035 3014 2245 3060 σαντες,
2283 2998 2563 3067 κατῄεσαν
2597 2999 2680 3060 είς
2721 2996 2951 3051 Τένεδον
2986 2998 3169 3067 νῆσον.
3216 3000 3394 3051 Κάκεῖ
3440 3001 3613 3068 ὁρμι-

354 3089 607 3158 ingressi.
634 3091 891 3145 omnibus
920 3100 1174 3146 accurate
1206 3095 1487 3161 perpensis
1519 3104 1573 3150 et
1625 3098 1923 3165 perspectis

354 3180 566 3234 ancos
609 3194 800 3235 omnes
847 3182 1076 3235 seorsim
1126 3194 1439 3240 contractos
1491 3186 1807 3241 confodere.
1864 3188 1922 3241 In

354 3270 700 3326 Christianos
762 3272 920 3327 aliter
972 3275 1471 3346 anquisilumzqui
1529 3278 1672 3332 enim
1723 3280 1923 3349 captivi

356 3363 633 3432 vinctique
663 3363 715 3417 in
749 3364 1067 3420 triremibus
1102 3366 1511 3432 detinebantur,
1537 3370 1603 3424 iis
1638 3370 1743 3424 vita
1797 3387 1926 3425 con-

356 3467 510 3507 cessa
541 3464 643 3507 est.
667 3455 746 3508 llli
780 3471 925 3521 vero,
957 3458 1052 3525 qui
1083 3469 1308 3531 accepta
1336 3462 1608 3525 mercede.
1662 3470 1757 3515 aut
1794 3479 1929 3532 quu-

355 3545 439 3599 vis
468 3545 578 3600 alio
603 3548 829 3615 praemio
862 3540 1032 3615 ducti,
1065 3564 1284 3618 operam
1322 3567 1476 3607 suam
1501 3560 1691 3620 sponte
1717 3556 1930 3608 locave-

358 3646 501 3703 rant,
530 3639 714 3692 cuncti
740 3639 793 3692 in
822 3639 998 3694 insula
1021 3640 1241 3697 Tenedo
1265 3644 1560 3713 suspendio
1583 3644 1762 3699 οπεοιί
1781 3654 1929 3699 sunt.

359 3728 623 3799 Tuncque
650 3743 876 3786 cernere
896 3741 1013 3787 erat
1047 3748 1143 3801 per
1174 3742 1346 3789 totum
1410 3737 1603 3791 insulae
1667 3739 1929 3791 ambitum

361 3819 543 3873 furcas
578 3821 644 3874 ad
672 3822 847 3875 instar
870 3822 1060 3876 vitium
1097 3823 1417 3893 dispositas,
1478 3827 1547 3879 ab
1597 3828 1679 3880 eis
1729 3826 1929 3895 depen-

358 3912 563 3973 dentia,
599 3912 762 3966 veluti
789 3928 1058 3979 racemos,
1090 3916 1377 3971 cadavera.
1424 3915 1528 3971 Ubi
1581 3916 1797 3971 Cretam
1840 3934 1933 3987 ap-

359 4002 615 4069 pulerunt
633 4005 882 4059 triremes
905 4004 1142 4070 Venetae,
1164 4006 1460 4063 Christiani
1485 4009 1683 4077 captivi
1703 4009 1935 4075 remiges

360 4096 550 4160 partim
585 4080 679 4164 per
705 4111 824 4150 eam
848 4098 1078 4151 insulam
1109 4099 1407 4163 distributi,
1442 4102 1637 4169 partim
1683 4116 1778 4170 per
1830 4101 1937 4157 Eu-

358 4187 537 4240 boeam
595 4188 793 4254 sparsi,
829 4186 1084 4243 Venetias
1114 4205 1333 4258 quoque
1383 4193 1577 4259 partim
1639 4195 1936 4249 transvecti

359 4287 508 4330 sunt.
541 4277 670 4329 Post
701 4287 946 4331 exactam
968 4280 1160 4332 deinde
1181 4281 1437 4343 hiemem,
1459 4282 1788 4353 ineunteque
1811 4300 1936 4339 vere

2033 3087 2257 3149 σθέντες
2286 3089 2343 3139 ὲν
2374 3088 2452 3154 τῷ
2480 3088 2682 3155 λιμένι,
2714 3088 2811 3141 καὶ
2833 3087 3190 3154 ἱξετόισαντες
3216 3088 3487 3159 ἀκριϐῶς,
3512 3092 3615 3142 καὶ

2030 3178 2370 3248 χωρίσαντες
2400 3178 2526 3239 τοὺς
2583 3178 2863 3247 Ίόύρκους
2901 3179 3152 3241 ἅπαντας
3199 3179 3463 3247 ἔσφαξαν.
3514 3181 3618 3243 Είς

2027 3270 2087 3323 δδ
2115 3270 2237 3331 τοὺς
2271 3271 2633 3338 Χριστιανοὺς
2670 3271 2867 3339 ἑτέραν
2907 3271 3135 3339 ἔρευναν
3176 3272 3615 3341 ἐρευνήσαντεςο

2030 3361 2276 3425 καὶτοὺς
2324 3361 2422 3429 μὲν
2453 3361 2745 3432 ἀτγαρικῷ
2795 3362 2987 3431 τρόπῳ
3031 3362 3382 3431 είσαχθέντας
3433 3364 3494 3415 ὲν
3530 3362 3616 3433 τῷ

2033 3456 2225 3523 σεόλῳ,
2254 3456 2353 3523 τὴν
2384 3453 2529 3521 ζωὴν
2554 3454 2923 3524 ἐδωρήσαντο,
2949 3457 3078 3517 τοὺς
3102 3454 3160 3507 δὴ
3182 3456 3270 3508 διὰ
3326 3455 3616 3524 προσόδων

2033 3549 2125 3598 καὶ
2158 3547 2256 3614 τῆς
2281 3545 2552 3615 τυχούσης
2613 3546 2871 3613 προνοίας
2916 3547 3129 3609 πάντας
3174 3547 3617 3599 ὰνεσκολόπισαν

2033 3640 2092 3689 έν
2126 3639 2192 3706 τῇ
2228 3636 2459 3705 Τενέδῳ.
2498 3636 2607 3689 Καὶ
2640 3631 2708 3707 ἦν
2747 3635 2878 3690 ἰδεῖν
2903 3637 3138 3707 γυρόθεν
3169 3638 3267 3706 τὴν
3293 3638 3480 3691 πᾶσαν
3515 3640 3616 3704 νῆ-

2035 3744 2129 3780 σον
2169 3727 2243 3789 ὡς
2266 3727 2553 3796 ἀμπέλους
2574 3727 2676 3789 τὰς
2702 3728 2965 3796 φούρκας,
2995 3728 3090 3780 καὶ
3113 3727 3186 3789 ὠς
3216 3728 3455 3798 βότρυας
3480 3726 3616 3790 τοὺς

2044 3822 2105 3871 ἐν
2141 3819 2332 3881 αὑταῖς
2364 3820 2769 3889 κρεμαμένους.
2802 3819 2866 3869 Ai
2891 3818 2946 3871 δὲ
2969 3820 3219 3888 τριήρεις
3241 3817 3615 3871 κατελθοῦσαι

2035 3912 2093 3961 ὲν
2130 3910 2325 3979 Κρήτῃ
2357 3911 2483 3971 τοὺς
2528 3909 2629 3977 μὲν
2678 3910 2736 3961 ὲν
2784 3909 2921 3978 αὐτῇ
2969 3910 3038 3978 τῇ
3070 3910 3239 3978 νήσῳ,
3291 3906 3419 3971 τοὺς
3457 3906 3518 3958 δὲ
3551 3908 3614 3958 εν

2040 4000 2261 4069 Εὐϐοίᾳ,
2295 4002 2419 4063 τοὺς
2484 4002 2538 4053 δὲ
2597 4003 2652 4051 ὲν
2704 4001 2927 4069 Βενετίςι⁸
2977 4000 3313 4072 διέσπειραν,
3341 4000 3438 4051 καὶ
3469 4000 3613 4068 ᾑρη-

2040 4093 2236 4161 μένους
2270 4090 2464 4159 ἐρέτας
2500 4091 2865 4159 Χριστιανοὺς
2917 4092 3280 4160 ὑπάρχοντας.
3324 4089 3617 4159 Χειμῶνος

2036 4186 2094 4236 δὲ
2149 4181 2540 4251 παρελθόντος.
2592 4185 2683 4237 καὶ
2730 4184 2826 4236 τοῦ
2880 4185 3041 4251 ἔαρος
3081 4181 3389 4252 ἀρχομένου
3446 4181 3616 4234 πάλιν

2045 4276 2153 4328 ἀπὸ
2182 4274 2434 4335 Βενετίας
2461 4276 2707 4345 τριήρεις
2732 4290 2745 4303 ⁸
2779 4276 2874 4328 καὶ
2923 4276 2982 4329 ἐν
3020 4271 3397 4341 Ἑλλησπόντῳ
3436 4271 3616 4323 clasi-

357 4369 552 4422 classis
582 4368 788 4423 Veneta
825 4382 983 4439 portu
1010 4371 1364 4427 Venetiarum
1402 4374 1600 4430 iterum
1650 4376 1836 4440 solvit,
1888 4387 1929 4430 el

2048 4368 2239 4422 θοῦσαι
2267 4367 2649 4436 ἠϐουλήθησαν
2682 4366 3021 4435 παραλαϐεῖν
3059 4364 3152 4417 τὶν
3194 4362 3403 4431 πύργον
3435 4361 3533 4414 τὸν
3560 4362 3617 4413 ὲν

365 4459 779 4530 Hellespontum
816 4463 1061 4530 ingressa
1101 4465 1315 4529 turrim,
1342 4482 1462 4535 qutc
1494 4466 1778 4535 Lampsaci
1819 4476 1939 4523 erat

362 4567 393 4603 a
428 4550 773 4604 Musulinano
800 4560 1102 4618 exstructa,
1127 4563 1319 4609 tentat.
1346 4555 1387 4608 E
1424 4555 1939 4627 triremibusitaque

360 4654 480 4694 eam
509 4638 696 4694 Veneti
718 4652 1028 4712 oppugnant
1057 4655 1109 4698 et
1131 4647 1405 4711 quatiunt,
1435 4661 1558 4700 cum
1583 4648 1635 4699 in
1659 4648 1813 4704 littus
1845 4667 1936 4705 ex-

364 4733 623 4786 scendere
654 4732 1046 4801 nequivissent.
1078 4735 1284 4790 Aderat
1316 4737 1462 4790 enim
1495 4738 1604 4793 illic
1638 4739 1928 4808 Cbamzas,

364 4821 621 4893 Bajaaitis
645 4822 971 4877 Mesazontis
990 4824 1175 4890 frater,
1194 4840 1317 4878 cum
1342 4828 1583 4882 exercitu
1608 4830 1791 4884 decem
1814 4833 1932 4886 mil-

361 4913 493 4968 lium
524 4922 579 4968 et
605 4913 844 4983 amplius
874 4915 1130 4979 militum,
1160 4916 1254 4985 qui
1288 4916 1620 4974 Venetorum
1659 4923 1932 4977 incessum

362 5004 708 5059 observabat.
744 5006 1001 5071 Quicum
1039 5022 1171 5063 suos
1216 5022 1447 5067 conatus
1501 5012 1683 5068 irritos
1744 5029 1934 5069 cerne-

365 5105 504 5162 rent,
556 5096 1086 5167 Constantinopolim
1143 5100 1348 5164 abiere,
1414 5102 1578 5157 turris
1652 5103 1936 5159 obsidione

364 5189 568 5242 omissa
602 5206 616 5242 :
643 5202 808 5256 quam
839 5190 1213 5246 semidirutam
1246 5210 1311 5247 ac
1349 5205 1663 5263 quassatam
1707 5196 1937 5264 relique-

366 5288 534 5332 runt:
560 5288 702 5333 tecto
732 5281 902 5349 ipsius
926 5297 955 5334 a
986 5283 1185 5337 vertice
1220 5285 1285 5337 ad
1320 5285 1486 5338 imum
1517 5285 1771 5349 decusso,
1799 5295 1851 5339 et
1872 5287 1937 5339 ad

2046 4459 2335 4529 Λαμψάκῳ
2359 4458 2417 4511 ὃν
2444 4459 2733 4528 ἀνήγειρεν
2777 4460 2804 4510 ὁ
2841 4455 3232 4524 Μουσουλμὰν,
3264 4452 3359 4505 καὶ
3396 4452 3488 4505 διὰ
3525 4451 3618 4507 θα-

2048 4550 2253 4618 λάσσης
2299 4548 2735 4618 ἀκροϐολισμοὺς
2770 4548 3123 4617 ποιήσαντες,
3161 4546 3247 4598 διὰ
3292 4544 3466 4613 ξηρᾶς
3516 4545 3615 4595 οὐκ

2047 4641 2396 4712 ἠδυνήθησαν
2426 4639 2665 4703 ἐξελθεῖν
2688 4655 2701 4669 ⁸
2731 4635 2800 4709 ἦν
2841 4638 2951 4706 γὰρ
2983 4639 3268 4705 προσέχων
3297 4638 3323 4687 ὁ
3358 4633 3614 4704 Χαμζᾶς,

2038 4733 2066 4785 ὁ
2093 4732 2316 4801 ἀδελφὸς
2336 4732 2429 4785 τοῦ
2457 4730 2739 4799 Παγιαζήτ
2761 4729 2852 4781 τοῦ
2877 4729 3244 4792 Μεσὰζοντος,
3272 4726 3370 4778 σὺν
3392 4724 3614 4794 στρατῴ

2041 4825 2282 4897 χιλιάδας
2304 4824 2433 4877 δέκα
2476 4826 2571 4877 καὶ
2589 4824 2769 4877 πλέον.
2801 4821 2886 4881 Ὠς
2907 4820 2963 4874 δὲ
2985 4817 3122 4872 εἶδον
3144 4822 3193 4872 oi
3214 4818 3492 4870 Βενετικοὶ
3517 4828 3619 4885 μη-

2040 4914 2128 4971 δὲν
2146 4914 2314 4985 μηδὲν
2343 4913 2622 4976 ἀνύοντες,
2647 4912 2878 4978 ἁρίεσαν
2896 4910 3081 4973 αὐτὸν,
3102 4911 3197 4962 καὶ
3214 4910 3292 4970 εἰς
3317 4909 3445 4958 Κων
3458 4922 3617 4957 atavo

2043 5006 2188 5060 τίνου
2217 5005 2430 5068 ἔπλεον,
2462 5001 2852 5062 καταλιπόντες
2888 4999 3052 5052 αὑτὸν
3088 4998 3484 5067 ήμίθραυστον,
3524 4993 3616 5043 καὶ

2043 5100 2105 5153 τὸ
2132 5099 2323 5165 στέγος
2352 5094 2517 5149 αὑτοῦ
2567 5092 3028 5157 καταϐάλλοντες,
3080 5088 3188 5140 ἀπὸ
3223 5085 3472 5141 κάτωθεν
3510 5084 3617 5142 ἕως

2045 5194 2177 5255 ἄνω,
2227 5187 2549 5256 κοσκινηδὸν
2604 5186 3052 5253 κατετρύπησαν.
3107 5181 3243 5233 Τότε
3297 5181 3326 5230 ὁ
3379 5173 3616 5242 Χαμςᾶς

2050 5285 2172 5336 tam
2227 5283 2323 5341 τὰς
2356 5279 2604 5347 τριήρεις
2640 5275 3023 5339 ἐκλειπούσας,
3076 5272 3237 5335 αὐτὸς
3270 5271 3393 5333 τοὺς
3447 5265 3620 5336 Ἰδύρ·

1569 5376 1855 5437 Ismaelis
1893 5373 2194 5435 Buliialdi
2241 5379 2436 5430 notae.

443 5489 942 5565 (ξω-,Ἄδμακοῦ
1009 5497 1263 5549 κόλπον.
1334 5495 1636 5565 [inproprie
1699 5495 1934 5565 appellat

369 5559 591 5612 Adriani
616 5563 817 5616 sinum.
850 5563 997 5618 Mare
1029 5566 1363 5618 Adriaticum
1410 5559 1478 5619 ab
1523 5559 1671 5619 urbe.
1727 5559 1927 5617 Hadria

370 5640 568 5680 nomen
601 5632 782 5695 habet,
818 5648 924 5686 non
971 5636 1037 5686 ab
1091 5635 1349 5687 Adriano.
1394 5634 1704 5689 Notandum
1763 5648 1925 5702 porro

2044 5508 2140 5560 per
2172 5492 2357 5563 sinum
2385 5455 2724 5563 Adriaticum
2754 5487 2843 5541 hic
2873 5485 3102 5563 intelligi
3157 5499 3307 5563 mare
3370 5479 3605 5563 lenium.

2040 5548 2181 5630 quod
2211 5561 2537 5630 Siciliamet
2559 5558 2990 5630 Peloponnesum
3031 5548 3290 5607 inter-ﬂuit
3323 5569 3335 5605 :
3367 5561 3415 5604 et
3452 5548 3610 5603 ltodic

2034 5626 2071 5684 at
2092 5631 2271 5686 nautis
2301 5630 2339 5681 ξι
2380 5627 2537 5697 (Iolfo
2570 5627 2748 5682 adhuc
2790 5626 3113 5696 appellatur.
