3920 6194
316 331 423 392 905

1511 332 1888 392 HISTORIA
1935 330 2389 390 BYZAN‘I‘lNA.

3458 327 3562 387 906

316 440 555 507 Πέρσας,
586 437 645 500 ὃς
677 437 772 490 κα)⁵
795 436 1073 509 θυγατέρα
1136 437 1381 502 Ἀλεξίου
1443 439 1538 491 τοῦ
1601 437 1886 508 Κομνηνοῦ

1995 438 2217 502 Amasii,
2248 449 2300 491 et
2348 438 2756 491 Tereo-Persas
2784 436 3046 511 ejusdem
3089 452 3275 492 secum
3321 438 3554 506 generis,

316 530 587 599 βασιλέως
619 530 1055 599 Τραπεζούντων
1099 532 1180 594 είς
1234 531 1413 599 γάμον
1468 531 1742 599 ἠγάγετο*
1793 531 1886 582 καὶ

317 624 429 694 γὰρ
452 622 822 684 ἁτακτοῦντες
866 623 1125 685 πολλάκις
1174 624 1223 675 οἱ
1284 624 1382 692 τῆς
1439 624 1730 692 Ἀμασίας,
1793 622 1886 676 καὶ

320 717 447 781 τοὺς
472 718 899 798 Τουρκοζτέρσας
924 716 1386 786 πῳσκαλοῦντες,
1449 717 1575 769 ἐπεὶ
1600 717 1888 785 ὁμογενεῖς

314 810 411 862 καὶ
466 808 769 878 ὁμοδίαιτοι
808 811 1192 878 τυγχάνουσιν,
1251 810 1333 873 εἰς
1398 809 1738 863 ἀποστασίαν
1781 826 1906 876 χω·-

318 901 543 970 ροῦντες
578 901 882 970 ἐφαίνοντο.
935 904 1057 956 Δεῖν
1109 902 1262 973 ᾠήθη
1296 903 1324 954 6
1374 902 1660 972 παρελθὼν
1709 901 1887 970 Μεχε-

319 994 421 1062 μὲτ
457 996 486 1046 6
513 994 697 1063 πατὴρ
730 993 920 1059 αὑτοῦ,
956 994 1260 1064 ἐγχειρίσαι
1317 993 1415 1064 τὴν
1476 993 1754 1061 ἐπαρχίαν
1810 992 1888 1061 τῷ

316 1084 421 1153 υίῷ
451 1084 639 1148 αὐτοῦ,
669 1086 764 1138 καὶ
794 1088 1142 1154 καταστῆσαι
1185 1084 1375 1139 τοῦτον
1431 1086 1624 1154 κύριον
1668 1086 1727 1136 ὲν
1775 1085 1890 1146 τοῖς

317 1178 492 1248 ὁρίοις
521 1177 779 1242 ἐκείνοις,
810 1179 904 1231 καὶ
933 1177 1178 1247 κεφαλὴν
1215 1178 1349 1245 πρὸς
1402 1178 1624 1245 Πέρσας
1660 1177 1889 1229 ἁντιπαυ

318 1269 697 1339 ρατάττουσαν
725 1287 739 1302 ο
776 1269 850 1331 ὡς
883 1270 1140 1332 κάκεῖνος
1199 1271 1258 1321 ὲν
1291 1272 1356 1337 τῇ
1416 1268 1703 1338 Ἀδριανοῦ
1753 1248 1887 1337 πρὶς

329 1360 660 1429 Ῥωμαίους,
699 1359 953 1422 Οὖννους,
1018 1362 1281 1430 Βλάχους,
1325 1360 1583 1429 Σέρϐους,
1650 1359 1889 1425 Βουλγὰ-

320 1469 448 1520 ρους
473 1452 602 1520 δόρυ
638 1452 826 1514 κινῶν,
860 1454 917 1505 ὲν
942 1451 1094 1523 πάσῃ
1121 1455 1187 1522 τῇ
1237 1451 1396 1521 Ἀσίᾳ
1445 1452 1540 1503 καὶ
1585 1450 1775 1522 Θρᾴκῃ
1828 1449 1891 1503 τὸ

317 1544 562 1611 ὑπήκοον
592 1546 650 1596 ἐν
672 1544 956 1619 ,εὐπραγίᾳ
986 1545 1221 1613 διάγειν.

390 1622 710 1706 Κληρωῦεὶς
740 1632 834 1690 οὖν
861 1639 887 1689 ὁ
927 1637 1155 1705 Μουρὰτ
1190 1637 1300 1705 Πὲγ
1334 1639 1433 1704 τὴν
1463 1638 1736 1708 ἀρχηγίαν
1791 1638 1890 1690 οὐκ

318 1731 633 1799 ἀταράχως,
673 1728 782 1782 οὐδ’
818 1729 947 1782 ἄνευ
1011 1730 1186 1798 ζάλης
1236 1730 1508 1798 εἰσῆλθεν,
1551 1729 1688 1782 ἀλλὰ
1748 1729 1887 1798 μετὰ

1991 530 2360 598 similiumque
2379 546 2588 584 morum
2615 531 2893 597 homines,
2918 532 2983 584 ad
3014 547 3141 584 suas
3164 540 3348 599 partes
3375 531 3559 583 trabe-

1991 624 2140 687 bant,
2170 624 2243 676 ita
2268 634 2325 676 ut
2360 623 2651 678 defectioni
2689 625 2921 690 proximi
2958 633 3320 691 nutantesque
3366 625 3417 676 in
3458 624 3561 676 lide

1988 715 2322 769 viderentur.
2346 716 2712 781 Quamobrem
2735 715 3028 770 defunctus
3048 715 3377 769 Mabometcs
3398 715 3562 783 hujus

1990 812 2164 872 pater,
2200 805 2370 859 lilium
2406 822 2565 871 suum
2598 807 2683 860 isti
2726 806 3026 875 provinciae
3059 809 3333 873 praeﬁcere
3368 823 3558 859 neces-

1989 895 2192 949 sarium
2212 897 2395 951 duxit:
2422 896 2649 951 istorum
2673 896 2905 950 limitum
2928 897 3209 950 dominum
3229 896 3565 949 constituere

1989 985 2225 1053 bellique
2284 994 2478 1041 ducem
2541 988 2805 1042 adversus
2858 987 3056 1041 Persas
3104 1001 3419 1056 opponere;
3456 1001 3564 1052 quo

1990 1085 2147 1142 pacto
2181 1075 2328 1145 ipse,
2359 1077 2713 1146 Adrianopoli
2776 1077 2987 1146 imperii
3021 1077 3147 1131 sede
3188 1076 3447 1130 collocata
3498 1076 3563 1126 ad

1990 1168 2323 1220 coercendos
2368 1166 2649 1230 Romanos,
2685 1167 2932 1233 Hunnos,
2980 1167 3297 1231 Walaebos,
3346 1165 3565 1220 Senius

1988 1266 2041 1310 et
2066 1255 2357 1323 Bulgaros,
2390 1259 2445 1313 in
2472 1262 2639 1314 armis
2671 1277 2887 1329 semper
2907 1271 3043 1323 erat,
3066 1262 3201 1314 ineo
3227 1260 3481 1314 laborans
3511 1272 3569 1310 nt

1990 1348 2193 1403 subditi
2225 1352 2337 1415 sui,
2369 1367 2463 1420 per
2478 1352 2658 1407 Asiam
2695 1363 2751 1406 et
2773 1353 3084 1420 Thraciam,
3118 1354 3372 1407 secundis
3408 1352 3568 1404 rebus

1992 1454 2233 1509 paceque
2263 1440 2617 1497 l'ruerentur..

2063 1623 2250 1693 Itaque
2332 1642 2453 1680 cum
2492 1627 2837 1684 baereditario
2862 1631 2984 1698 jure
3015 1629 3305 1698 imperium
3339 1629 3568 1695 adeptus

1994 1713 2190 1769 fuisset
2218 1714 2455 1771 Morates
2480 1717 2679 1785 Begus,
2717 1720 2860 1773 haud
2890 1720 3009 1774 sine
3038 1720 3276 1774 tumultu
3310 1730 3365 1772 et
3396 1718 3565 1771 cladi-

320 1792 646 1875 πολλοδντοῦ
681 1819 936 1887 Θορύόου,
984 1819 1079 1872 καὶ
1108 1792 1354 1888 μεγάλης
1378 1818 1585 1887 ζημίας
1616 1818 1707 1869 τὸν
1738 1792 1886 1871 κότι-

1995 1805 2088 1859 bus
2120 1808 2333 1876 magnis
2390 1807 2644 1861 thronum
2701 1812 3066 1865 conscendit:
3112 1826 3321 1872 verum,
3385 1810 3562 1863 turbis

318 1929 410 1965 νον
437 1911 654 1974 ἔλασεν,
685 1910 760 1973 ὡς
792 1912 820 1963 6
845 1910 1002 1977 λόγος
1046 1910 1261 1977 φθάσας
1317 1910 1551 1977 δηλώσει
1577 1923 1591 1937 ’
1630 1909 1726 1960 καὶ
1776 1909 1885 1977 γὰρ

318 2005 346 2056 6
370 2000 567 2055 τούτου
598 2003 781 2070 πατὴρ
818 2000 1163 2069 νοσηλευθεὶς
1201 2000 1594 2069 προσκαλεῖται
1627 2000 1719 2053 τὸν
1740 1999 1886 2065 πρῶ-

317 2107 411 2144 τον
439 2090 550 2143 τῶν
580 2087 959 2157 “μεγιστάνων
1016 2090 1207 2150 αὑτοῦ.
1244 2090 1304 2142 ὃν
1362 2091 1456 2143 καὶ
1508 2090 1733 2160 βεζίρην
1768 2090 1889 2154 ⁴κού⁴

319 2185 537 2237 πασσᾶν
593 2183 737 2235 κατὰ
803 2182 900 2253 τὴν
957 2182 1139 2235 αὐτῶν
1192 2184 1419 2236 καλοῦσι
1480 2186 1688 2253 φωνην,
1729 2183 1789 2237 ὃν
1837 2186 1887 2236 οἱ

328 2273 600 2343 Ῥωμαῖοι
695 2273 984 2342 πατρίκιον
1080 2274 1176 2326 καὶ
1264 2274 1569 2342 μεσάζοντα
1648 2275 1887 2342 λέγουσι.

322 2366 537 2436 Ὀνομα
571 2365 650 2434 τῷ
671 2367 829 2435 ἀνδρὶ¹
876 2365 1165 2437 Παγιαζὴτ
1202 2366 1337 2436 (96),
1366 2367 1557 2438 γένους
1592 2366 1887 2428 Ἀλϐανῶν,

320 2456 382 2508 ἐκ
406 2453 658 2509 παιδόοεν
714 2453 812 2523 τὴν
872 2453 1128 2524 δουλικὴν
1177 2454 1349 2524 τύχην
1409 2453 1616 2524 λαχὼν,
1661 2457 1754 2507 καὶ
1812 2453 1891 2523 τῷ

318 2545 573 2616 Μεχεμὲτ
616 2544 730 2612 Πὲγ
768 2542 944 2596 συνὼν
975 2544 1032 2595 ἐν
1091 2561 1149 2597 τε
1178 2543 1545 2613 δυσπραγίαις
1580 2546 1676 2596 καὶ
1710 2544 1892 2612 Θλίψεο

320 2654 423 2691 σιν.
460 2637 581 2690 Ἔτι
605 2636 723 2698 νέος
753 2634 829 2688 ὢν
862 2638 891 2688 6
918 2635 1174 2705 Μεχεμὲτ
1216 2637 1373 2704 παρὰ
1413 2633 1510 2688 τοῦ
1542 2634 1761 2705 Ταμὺρ,
1798 2636 1891 2689 cui:

319 2729 411 2783 τὸν
449 2728 660 2797 πατέρα
697 2727 893 2781 τούτου
918 2728 1257 2792 κτείναντος,
1294 2727 1627 2797 διωκόμενος
1660 2732 1717 2780 ἐν
1780 2731 1902 2791 τοῖς

317 2821 473 2888 ὄρεσι
502 2820 768 2883 Γαλατίας
804 2822 863 2872 ὲν
885 2820 1056 2888 ὁρίοις
1103 2819 1378 2887 ’Λγκύρας
1429 2822 1528 2889 τῆς
1567 2821 1795 2882 πόλεως,
1837 2822 1894 2874 ὲν

317 2909 398 2977 οἷς
432 2915 573 2970 καὶὸ
609 2914 848 2983 πόλεμος
874 2915 1083 2975 ἐκεῖνος
1114 2915 1142 2964 6
1184 2914 1384 2982 μέγας,
1446 2912 1504 2964 ὃν
1541 2912 1830 2983 προλαϐὼν
1866 2917 1894 2965 6

281 3058 288 3064 ,
320 3005 479 3071 λόγος
511 3005 772 3075 ἐδήλωσε,
828 3005 999 3058 πολλὰ
1036 3005 1187 3058 δεινά
1255 3005 1348 3058 καί⁵
1407 3004 1776 3074 ταλαιπωρίας
1811 3006 1892 3057 ὅτι

320 3099 577 3161 πλείστας
616 3100 671 3151 ὲν
696 3098 935 3169 ὲξορίαις
957 3100 1184 3166 διάγων.
1240 3099 1338 3152 καὶ
1372 3098 1709 3167 διωκόμενος
1740 3096 1891 3169 παρὰ
1919 3120 1962 3175 c

317 3192 427 3243 τῶν
477 3191 728 3258 Περσῶν,
789 3193 817 3242 6
870 3191 1056 3259 ῥηθεὶς
1112 3190 1403 3257 Παγιαζὴτ
1460 3190 1891 3261 συνεδυσπράγει

321 3284 419 3335 καὶ⁸
446 3280 814 3334 συνεθλίσετο.
842 3280 949 3333 Καὶ
963 3280 1139 3334 ταῦτα
1163 3281 1283 3342 πῶς
1305 3298 1320 3341 ;
1348 3272 1520 3345 Πεζοΐ
1539 3283 1638 3353 τὴν
1662 3283 1893 3353 πορείαν

324 3369 643 3437 ποιούμενοι
673 3370 842 3438 ἄμφω
894 3372 945 3422 οἱ
974 3370 1088 3435 δύο,
1141 3375 1269 3433 παῐς
1299 3371 1375 3424 ὢν
1423 3373 1505 3424 ἔτι
1555 3377 1582 3425 6
1613 3375 1891 3444 Μεχεμὲτ,

324 3459 425 3513 καὶ
467 3459 541 3527 μὴ
572 3458 756 3526 φέρων
780 3461 882 3527 τῆς
912 3458 1032 3511 ὀδοῦ
1077 3460 1168 3512 τὸν
1202 3461 1391 3527 ἀγῶνα
1410 3478 1424 3493 ο
1451 3462 1591 3514 ἀλλὰ
1638 3464 1764 3525 τοὺς
1796 3464 1896 3516 πό-

321 3551 421 3613 δας
443 3549 797 3617 ὲξογκωθεὶς,
826 3552 923 3603 καὶ
956 3551 1154 3620 μηκέτι
1188 3550 1424 3619 βαδίζειν
1476 3552 1774 3621 δυνάμενος
1794 3570 1808 3584 ο
1838 3557 1896 3625 ⁹ὁ

322 3638 611 3709 Παγιαζὴτ
632 3641 691 3692 ὲν
724 3642 837 3704 τοῖς
869 3640 1041 3710 ὤμοις
1075 3641 1282 3710 φέρων,
1313 3642 1540 3712 πορείας
1582 3643 1703 3696 ὁδὸν
1755 3645 1894 3715 ἠμε-

322 3734 435 3802 ρῶν
470 3733 701 3797 ἱκανῶν,
736 3734 810 3797 ὡς
851 3734 972 3797 ὄνος
1007 3734 1357 3800 Λιϐυστικὸς,
1389 3737 1447 3787 ὲν
1475 3738 1539 3804 τῇ
1565 3735 1660 3788 τοῦ
1689 3736 1896 3806 πατρὸς

321 3822 594 3892 ἡγεμονίᾳ
637 3823 800 3875 αὐτὸν
853 3825 1225 3879 ὲπανέσωσεν·
1261 3825 1354 3877 καὶ
1407 3823 1670 3887 πολλάκις
1709 3826 1894 3888 ἄσιτος

317 3914 614 3983 διαμένων,
642 3916 799 3978 αὐτὸς
826 3917 884 3969 ἐν
902 3916 1143 3986 σχήματι
1174 3916 1534 3986 μονοχίτωνος
1561 3917 1674 3987 (97)
1707 3917 1895 3970 ὑπεισ-

318 4004 480 4069 δύων,
507 4007 602 4059 κοιλ⁸
636 4006 734 4068 τὰς
773 4006 967 4075 κώμας
1023 4006 1313 4076 περιθέων,
1360 4005 1562 4071 ἄρτους
1603 4008 1773 4060 αίτῶν
1817 4007 1894 4070 ὡς

319 4097 642 4167 προσαίτης,
670 4098 761 4153 τὸν
808 4098 1108 4168 Μαχουμὲτ
1142 4098 1500 4167 διεψώμιζεν,
1548 4098 1736 4160 δοῦλος
1789 4117 1893 4166 φας

318 4190 432 4249 νεὶς
484 4189 689 4255 ἀγαθὸς
737 4188 834 4241 καὶ
872 4189 1083 4254 πιστὸς,
1125 4190 1221 4241 καὶ
1260 4190 1357 4259 οὐχ
1388 4185 1498 4251 οἷός
1531 4188 1578 4241 τ’
1615 4186 1703 4260 ἦν.
1730 4188 1893 4241 Ἀλλά

321 4279 416 4333 καὶ
441 4279 601 4342 αὐτὸς
630 4279 947 4349 ἀνδρωθεὶς,
973 4280 1066 4331 καὶ
1115 4280 1215 4348 τὴν
1243 4280 1519 4351 πατρικὴν
1578 4281 1890 4348 ἡγεμονίαν

320 4371 395 4433 ὡς
418 4370 793 4440 ἀνακτηοέντα
824 4370 1025 4440 κλῆρον
1049 4370 1253 4436 λαὸὼν,
1290 4375 1383 4425 καὶ
1432 4372 1595 4434 αὐτὸς
1626 4372 1888 4442 ἀντημεί-

1988 1897 2153 1952 variis
2206 1906 2436 1952 vexatus
2486 1900 2808 1968 damnisque
2892 1902 3139 1966 allectus,
3190 1899 3434 1953 victoriae
3473 1915 3568 1953 co-

1994 2005 2183 2044 ronam
2244 1991 2578 2059 oleagineam
2630 1993 2951 2061 reportavit,
2999 2002 3058 2046 ut
3113 2009 3239 2046 mox
3292 1993 3567 2047 narraturi

1991 2096 2202 2136 sumus.
2239 2080 2415 2151 Hujus
2473 2084 2724 2153 equidem
2784 2094 2937 2153 pater
2968 2088 3097 2139 cum‘
3151 2087 3344 2139 morbo
3401 2086 3567 2139 decu-

1992 2173 2214 2239 bnisset,
2256 2176 2321 2228 ad
2349 2191 2407 2232 se
2433 2185 2589 2231 vocat
2615 2187 2926 2244 magnatum
2959 2179 3097 2233 aula:
3120 2195 3231 2233 suae
3256 2181 3561 2248 principem

1991 2281 2153 2332 quem
2191 2267 2421 2321 vezirem
2455 2279 2509 2323 et
2551 2269 2768 2323 bassam
2801 2258 2984 2340 lingua
3015 2288 3111 2326 sua
3142 2273 3433 2341 appellant,
3463 2273 3572 2342 7o

1994 2355 2199 2411 Βοηιωί
2236 2374 2364 2413 vero
2419 2361 2707 2428 patricium
2775 2371 2831 2415 et
2887 2372 3200 2416 mesazonta
3259 2364 3565 2435 nominant.

1994 2444 2089 2498 V'ir
2122 2447 2210 2501 ille
2235 2449 2457 2504 natione
2482 2451 2725 2505 Albanus
2749 2452 3017 2521 Bajazites
3048 2456 3438 2520 appellabatur,
3470 2457 3565 2522 qui

1992 2551 2021 2588 a
2066 2552 2236 2604 puero
2261 2540 2576 2593 servitutem
2630 2542 2914 2603 servierat,
2964 2551 3018 2595 et
3049 2541 3341 2597 Habometi
3402 2545 3565 2597 rebus

1993 2632 2242 2686 adversis
2273 2632 2582 2691 cenllictato
2616 2650 2797 2689 comes
2845 2652 3061 2705 semper
3082 2636 3351 2694 adfuerat.
3383 2637 3566 2691 Mallo-

1995 2736 2192 2779 melem
2225 2727 2521 2779 etianmnm
2552 2729 2952 2782 adolescentem
2987 2728 3207 2800 Temyr,
3230 2732 3323 2799 qui
3357 2741 3566 2801 patrem

1994 2817 2113 2884 ejus
2141 2817 2435 2883 occiderat,
2467 2835 2564 2888 per
2602 2820 2828 2874 Galatia:
2854 2830 3074 2875 montes
3109 2823 3385 2893 Ancyrae-is
3422 2823 3571 2890 agris

1994 2908 2207 2964 vicinos
2258 2911 2535 2964 insecutus
2588 2911 2792 2975 fuerat,
2859 2914 2914 2967 in
2952 2914 3152 2981 quibus
3206 2914 3435 2968 celebris
3479 2914 3570 2968 illa

1996 3014 2172 3068 pugna
2220 3001 2515 3055 commissa
2565 3012 2651 3056 est
2710 3017 2873 3071 qnam
2927 3018 3092 3071 supra
3154 3003 3570 3073 descripsimus.

1995 3086 2237 3159 Fugiens
2280 3089 2371 3143 ille
2412 3092 2462 3143 in
2496 3106 2690 3160 graves
2719 3092 3057 3149 calamitates
3084 3110 3146 3148 ac
3178 3110 3453 3150 aerumnas
3490 3098 3574 3150 in-

1995 3180 2147 3244 cidit,
2180 3184 2334 3249 exsul
2361 3183 2470 3237 huc
2499 3191 2550 3237 et
2574 3184 2703 3238 illuc
2728 3199 2975 3253 vagatus.
3002 3196 3056 3239 et
3088 3201 3118 3239 a
3148 3185 3327 3242 Persis
3357 3189 3567 3256 pulsus;

1996 3273 2244 3327 eamdem
2276 3272 2551 3327 fortunam
2592 3276 2790 3328 malam
2815 3292 2938 3330 cum
2981 3290 3047 3331 eo
3072 3288 3331 3346 expertus
3361 3290 3445 3335 est
3476 3294 3573 3334 su-

1995 3365 2272 3431 pradictus
2332 3364 2622 3433 Bajazites.
2685 3368 2753 3419 At
2818 3382 2959 3436 quos
3019 3368 3237 3425 labores
3295 3370 3571 3440 pertulit?

1996 3452 2169 3511 Pedes
2190 3455 2352 3511 ambo
2369 3456 2472 3509 iter
2496 3455 2787 3522 faciebant,
2816 3474 3048 3528 cumque
3069 3476 3203 3529 puer
3226 3463 3404 3517 adhuc
3425 3476 3573 3518 esset

2000 3544 2355 3606 Mabometes.
2413 3561 2591 3615 neque
2621 3548 2718 3601 via:
2775 3549 3019 3604 laborem
3079 3553 3569 3625 lassitudinemque

1998 3638 2141 3692 ferre
2188 3648 2396 3706 posset,
2448 3641 2683 3708 pustulis
2716 3645 3049 3698 tumentibus
3104 3646 3352 3713 pedibus,
3395 3663 3571 3710 neque

1996 3729 2229 3797 amplius
2264 3729 2330 3782 ad
2386 3729 2742 3784 incedendum
2796 3734 3044 3787 valeret:
3077 3735 3314 3802 plurium
3352 3737 3560 3792 dierum

1996 3820 2192 3874 itinere
2241 3821 2510 3884 confecto,
2556 3823 2698 3875 sicut
2746 3824 2933 3878 asinus
2988 3824 3296 3895 Libysticus
3325 3830 3568 3884 humeris

1995 3930 2119 3969 eum
2181 3924 2423 3984 gestans,
2481 3914 2623 3968 intra
2659 3916 2870 3982 paterni
2909 3918 3118 3985 imperii
3165 3919 3303 3976 lines
3352 3921 3563 3977 salvum

1995 4012 2233 4066 reduxit.
2271 4012 2519 4082 Cumque
2559 4014 2757 4083 saepius
2795 4013 2968 4071 fames
3000 4013 3362 4071 Mabometem
3408 4034 3565 4073 vexa-

1995 4114 2100 4169 ret,
2130 4106 2217 4160 hic
2252 4107 2692 4170 monochitonis,
2739 4108 2853 4161 sive
2902 4109 3124 4165 dervisii
3176 4110 3362 4166 habitu
3413 4114 3564 4168 vicos

1994 4194 2278 4263 ingressus
2313 4195 2656 4261 circumibat,
2693 4211 2882 4264 panem
2917 4210 2969 4250 ιιι
3003 4199 3289 4253 mendicus
3316 4218 3564 4263 quan-ens

1992 4284 2138 4338 unde
2172 4284 2461 4339 Mabometi
2504 4284 2685 4338 cibum
2741 4287 3006 4354 prazberet
3042 4304 3055 4340 :
3093 4289 3294 4356 quibus
3342 4307 3589 4347 SCI'VIIm-

1990 4376 2197 4431 bonum
2227 4393 2291 4431 ac
2334 4378 2564 4441 ﬁdelem,
2596 4378 2810 4447 qualem
2845 4380 3011 4433 alium
3049 4380 3291 4437 invenire
3323 4400 3429 4438 non
3460 4398 3559 4452 est,

318 4465 480 4531 ψατο,
517 4463 659 4515 κατὰ
687 4464 776 4516 τὸν
808 4465 1033 4517 εἰπόντα
1062 4463 1287 4535 Κύριον,
1320 4466 1449 4519 Ἐπί
1481 4465 1656 4533 ὀλίγα
1689 4463 1764 4535 ἦς
1790 4481 1887 4518 πι-

1998 4484 2056 4524 se
2111 4470 2449 4539 approbavit.
2488 4470 2583 4525 llle
2635 4472 2883 4540 profecto
2934 4473 3143 4553 virilem
3176 4486 3391 4531 aetatem
3433 4447 3561 4533 ade;

319 4553 488 4621 στὸς,
549 4552 646 4604 ἐπὶ
693 4553 941 4608 πολλῶν
986 4570 1061 4608 σε
1087 4554 1478 4622 καταστήσω·
1548 4554 1738 4611 τοῦτον
1792 4557 1887 4609 καὶ

318 4647 484 4707 αὐτὸς
519 4645 710 4715 κύριον
743 4647 834 4699 τοῦ
869 4649 1021 4701 οῐκου
1084 4648 1251 4702 αὐτοῦ
1294 4648 1620 4718 κατέστησε,
1657 4651 1749 4701 καὶ
1781 4649 1886 4701 πά·

320 4754 422 4805 σης
443 4740 544 4805 τῆς
568 4740 668 4807 γῆς
703 4738 837 4807 παρ’
865 4740 1031 4792 αὐτοῦ
1080 4740 1416 4809 ἀρχομένης.
1462 4740 1520 4791 '0
1558 4739 1885 4809 Προμηθεὺς

316 4824 413 4880 οὖν
442 4827 596 4887 οὗτος
625 4830 653 4881 6
685 4830 870 4898 ῥηθεὶς
918 4830 1205 4904 Παγιαζὴτ
1246 4829 1453 4893 καλῶς,
1507 4829 1603 4880 καὶ
1654 4830 1730 4892 ὡς
1767 4826 1883 4898 εἶχε

318 4920 582 4991 διοκήσας
615 4923 712 4993 τὴν
730 4924 1049 4997 ἡγεμονίαν,
1085 4922 1181 4975 καὶ
1216 4921 1314 4989 τὴν
1349 4922 1677 4974 ἐπιστασίαν
1700 4924 1879 4975 πᾶσαν

1994 4572 2143 4630 plus,
2166 4571 2498 4630 paterneque
2530 4562 2755 4631 imperio
2802 4564 2925 4633 jure
2956 4566 3303 4626 lnereditario
3335 4572 3560 4638 potitus.

1995 4652 2295 4705 ciliciorum
2334 4652 2433 4706 sibi
2486 4654 2850 4708 exbibiturum
2909 4673 3136 4724 memor,
3179 4665 3481 4713 mercedem
3511 4666 3558 4714 ei

1995 4742 2236 4809 rependit
2268 4742 2567 4795 secundum
2600 4749 2762 4796 verba
2804 4743 3053 4798 Domini:
3102 4747 3165 4799 In
3194 4751 3376 4815 paucis
3409 4750 3559 4816 fuisti

1992 4834 2186 4899 ﬁdelis,
2213 4850 2371 4900 super
2397 4834 2567 4886 multa
2608 4846 2655 4887 te
2704 4838 3062 4901 constituam;
3091 4838 3403 4894 domesticis
3455 4844 3559 4894 ita-

1993 4938 2100 4990 que
2122 4923 2282 4977 rebus
2302 4923 2580 4991 gerendis,
2596 4920 2997 4994 universisque,
3017 4927 3214 4995 qnibus
3234 4930 3556 4998 imperabat,

1518 5038 1805 5099 lsmaelis
1838 5036 2136 5127 I}ullialdi
2172 5046 2356 5098 notaa.

322 5150 574 5196 auctores
626 5141 795 5196 fuisse
853 5142 1258 5209 Cbasani-bogo
1318 5143 1624 5211 llulgadiris
1688 5142 1800 5195 lilio
1825 5151 1881 5193 et

324 5211 671 5279 llabili-bego
704 5212 1190 5280 Kara-oiluc-oglio
1214 5214 1265 5265 in
1293 5229 1387 5268 eas
1420 5213 1723 5281 prosineias
1744 5212 1884 5278 pari-

324 5293 406 5335 ter
437 5281 768 5351 grassandi:
831 5298 968 5349 quos
1020 5283 1210 5335 Coum
1266 5280 1694 5349 lilioslorgnzes
1726 5284 1884 5335 bassa

321 5360 514 5419 captos
545 5352 768 5422 occidit,
799 5361 855 5404 et
906 5351 1306 5407 Turcomannis
1338 5356 1548 5422 prendas
1571 5352 1768 5421 agendi
1799 5351 1882 5403 ia-

323 5424 581 5475 enltatem
603 5421 660 5472 in
691 5431 964 5489 posterum
999 5423 1218 5474 ademit.

394 5490 535 5559 (96),
570 5488 792 5557 Ὄνομιι
843 5488 923 5553 τῷ
964 5489 1136 5555 ἀνδρὶ
1172 5490 1483 5559 [lay-(abit.
1544 5491 1703 5545 Hunc
1736 5490 1892 5559 Baja-

323 5558 487 5615 zitem
517 5558 692 5613 fuisse
719 5561 1141 5614 vezir-azemum
1175 5558 1565 5614 sensummum
1599 5578 1661 5613 ex
1706 5558 1884 5614 Lenn-

324 5630 501 5685 cravio
552 5630 854 5695 intelligere
898 5628 1045 5683 licet.
1110 5631 1201 5682 Ille
1248 5632 1391 5684 enim
1428 5641 1545 5697 post
1571 5630 1886 5684 Meliemetis

328 5709 554 5755 mortem
586 5699 1003 5752 communicatis
1049 5714 1171 5751 cum
1204 5698 1601 5767 Cbasi-einase,
1633 5711 1685 5753 et
1723 5700 1892 5754 Abra-

574 5792 847 5851 l‘xrnm.
880 5793 997 5851 (3n.
1031 5788 1265 5852 CLVII.

1993 5144 2154 5211 hamo
2187 5140 2346 5193 bassa
2369 5140 2637 5211 consiliis.
2683 5156 2768 5195 res
2798 5155 2993 5211 omnes
3023 5158 3197 5211 usque
3231 5143 3295 5196 ad
3335 5141 3555 5199 Moratis

1993 5207 2285 5279 adventum
2322 5209 2747 5279 administravit.
2779 5210 2911 5275 Quae
2934 5207 3205 5279 porro'de
3228 5213 3420 5268 ulliciis
3449 5215 3556 5270 Me-

1994 5280 2193 5351 berneti
2213 5276 2494 5351 aBajazite
2530 5279 2685 5351 bassa
2711 5276 2985 5347 praestitis,
3009 5297 3236 5351 quzeque
3261 5285 3329 5337 de
3356 5298 3554 5337 arrum-
3630 5314 3637 5318 ‹

1994 5349 2250 5419 nisquas
2290 5350 2379 5405 ille
2417 5358 2539 5414 post
2574 5348 2957 5419 Temyrianam
3005 5348 3241 5418 pugnam
3274 5354 3551 5418 toleravit,

1999 5418 2181 5472 nullus
2216 5430 2412 5485 praeter
2447 5430 2691 5473 nostrum
2726 5418 2926 5473 Ducam
2962 5431 3167 5475 narrat.
3574 5470 3577 5473 ,

2068 5489 2182 5556 (97)
2199 5490 2628 5557 Μονοχίτωνος.
2654 5488 2756 5543 Per
2776 5489 3217 5545 Monocbitonem
3253 5490 3549 5547 denisium

1990 5574 2086 5641 seu
2112 5562 2458 5681 Ιἶιιοιιιιςιιυιῐι
2507 5561 2916 5616 musnlmanum
2952 5561 3135 5616 tunica
3167 5576 3274 5616 una
3297 5564 3546 5623 indutum

1995 5638 2105 5681 inte
2152 5640 2264 5681 Imt.
2526 5674 2531 5679 .

1995 5638 2264 5696 lnlclllglt.

3086 5795 3163 5857 29
