3962 6204
323 314 427 377 909

1510 310 1877 395 HISTORIA
1924 308 2371 373 ΒΥΖΑΝΤῙΝΑ.

3465 314 3572 375 910

323 430 381 478 ὲν
400 429 467 495 τῇ
499 424 783 496 Ἀδριανοῦ
822 424 972 488 ἐντὸς
1004 427 1113 487 τοῖς
1170 426 1297 495 παρ’
1360 426 1525 478 αὑτοῦ
1579 425 1895 495 δομηοεῖσιν

2003 424 2339 481 Maclmtnete
2371 428 2511 493 Begu
2548 426 2597 481 in
2632 427 2839 481 aedibus
2867 428 2937 482 ab
2984 443 3048 483 eo
3084 427 3442 489 constructis.
3482 445 3577 495 per
3634 486 3645 495 I

324 518 614 586 οἰκήμασι,
648 521 1060 588 τεσσαράκοντα
1083 519 1298 587 ἡμέρας
1319 517 1591 588 ἔκρυπτον
1608 518 1668 570 τὸ
1693 516 1895 583 πτῶμα

321 608 488 663 αὐτοῦ
515 610 575 663 ὲν
604 612 669 679 τῇ
701 610 900 681 οίκείᾳ,
1003 610 1186 663 ἔκειτο
1213 611 1444 679 ἄταφον.
1497 609 1642 673 τινδς
1692 610 1768 679 μὴ
1809 625 1898 679 γι·-

323 701 633 764 νώσκοντος
665 704 748 755 ὅτι
782 702 1013 771 τέθνηκε
1047 702 1226 774 παρὶξ
1250 703 1538 775 τεσσάρων
1591 701 1894 772 Παγιαζὴτ,

326 793 422 847 καὶ
459 792 692 863 Ἶπραῒμ
716 793 826 846 τῶν
862 795 1167 864 πατρικίων
1223 795 1256 864 ἢ
1294 795 1618 863 βεζιρὶδων,
1678 798 1771 849 καὶ
1805 796 1900 851 δύο

332 885 555 955 ἰατρῶν,
585 886 636 939 οἳ
668 887 763 940 καὶ⁵
791 886 911 940 καθ’
940 888 1158 958 ἡμέραν
1184 889 1560 959 εἰσερχόμενοι
1581 889 1898 958 ἐξήρχοντο,

328 978 749 1045 κινολογοῦντες
797 982 909 1043 τοῖς
971 982 1318 1051 μεγιστᾶσιν,
1355 982 1431 1043 ὼς
1463 983 1491 1034 ὁ
1527 981 1767 1051 ἀρχηγὸς
1811 999 1903 1035 νο-

327 1069 638 1139 σηλὲύεται,
672 1073 765 1125 καὶ
794 1072 1008 1143 ἀνάγκη
1036 1073 1198 1125 τινῶν
1253 1073 1532 1142 χρειωδῶν
1587 1075 1706 1127 ἐστι
1761 1075 1900 1145 πρὸς

332 1158 635 1230 θεραπείαν
693 1164 956 1231 ἁρμοδία.
1012 1164 1127 1217 Καὶ
1180 1160 1249 1234 ἦν
1290 1164 1423 1218 [δεῖν
1469 1166 1898 1235 ἀπεσταλμένων

331 1253 537 1321 πλῆθος
563 1253 724 1306 πολύ·
774 1257 902 1319 τοὺς
940 1257 1040 1325 μὲν
1090 1258 1148 1309 ὲν
1195 1256 1416 1326 Σερὸίᾳ,
1450 1256 1580 1320 τοὺς
1633 1256 1691 1310 δὲ
1740 1259 1799 1309 ἓν
1831 1259 1899 1327 τῇ

325 1343 763 1412 Κωνσταντίνου,
789 1349 985 1413 ἄλλους
1011 1353 1069 1403 ὲν
1094 1352 1216 1413 ταῖς
1246 1352 1433 1419 νήσοις
1459 1351 1801 1419 ἐρευνῶντας
1834 1349 1901 1403 τὰ

329 1436 465 1505 πρὸς
519 1439 765 1507 ἰατρείαν
811 1441 1085 1510 χρήσιμα.
1125 1441 1185 1494 '0
1239 1441 1296 1494 δὲ
1352 1440 1564 1511 μέλλων
1598 1428 1907 1505 ποματίζεσέ

330 1528 457 1581 σθαι
489 1531 644 1600 παρά
675 1530 788 1584 τῶν
818 1530 1045 1601 ἰατρῶν,
1075 1531 1170 1585 τοῦ
1202 1533 1443 1585 κενῶσαι
1493 1532 1605 1585 τῶν
1667 1534 1901 1603 ὶντέρων

328 1619 391 1670 τὸ
418 1618 609 1689 βάρος,
668 1623 763 1675 καὶ
819 1623 1080 1691 κουφίσαι
1108 1624 1386 1693 πνεύμονα
1419 1624 1513 1678 καὶ
1542 1618 1718 1695 ἧπαρ,
1750 1625 1898 1695 διερο

329 1712 472 1782 ράγη
509 1713 741 1778 κοιλίαν,
803 1716 899 1769 καὶ
933 1717 1114 1770 πᾶσαν
1145 1717 1247 1787 τὴν
1302 1716 1451 1771 ἔνδον
1480 1717 1682 1788 πλῆσιν
1729 1717 1895 1771 αὐτοῦ

2004 519 2123 575 dies
2150 519 2509 589 quadraginta
2543 523 2777 575 cadaver
2804 520 2953 576 illius
2974 522 3322 577 occultarunt
3358 521 3409 574 in
3436 538 3576 590 qua-

2004 608 2133 667 dam
2159 611 2354 666 mdium
2386 623 2560 681 parte,
2580 611 2687 677 ,ubi
2720 612 2896 680 jacuit
2926 612 3258 682 insepultum
3285 632 3300 670 :
3355 629 3577 668 omnes-

2003 715 2113 769 que
2143 716 2290 757 mors
2342 702 2490 755 illius
2541 701 2744 756 latebat
2800 712 3003 769 praeter
3056 704 3205 759 viros
3239 704 3575 760 domesticos

2004 802 2261 862 quatuor,
2304 793 2601 864 Bajazitem
2633 805 2685 848 et
2742 795 3089 850 Hihraimum
3144 798 3408 867 patricios
3460 800 3577 854 sive

2005 885 2242 950 veziros,
2284 886 2537 958 duosque
2585 887 2849 948 medicos.
2891 891 2984 961 qui
3021 892 3270 961 quotidie
3338 893 3573 963 ingressi

2003 985 2057 1031 et
2092 987 2356 1032 exeuntes
2386 993 2559 1034 vanos
2595 993 2882 1034 sermones
2926 979 2994 1034 de
3044 981 3394 1050 imperatoris
3427 984 3585 1035 vale-7

2004 1069 2193 1124 tudine
2222 1071 2365 1140 apud
2430 1086 2685 1141 proceres
2734 1071 3048 1139 iactabant:
3108 1073 3299 1128 morbo
3355 1074 3573 1142 quidem

2004 1163 2183 1231 ipsum
2213 1163 2471 1224 detineri.
2499 1175 2553 1218 et
2611 1165 2677 1219 ad
2712 1166 3016 1220 curandum
3054 1166 3204 1220 illum
3242 1167 3573 1236 quibusdam

2006 1253 2421 1309 medicamentis
2447 1257 2657 1311 idoneis
2714 1272 2849 1327 Opus
2895 1274 3016 1314 esse
3046 1274 3059 1311 :
3094 1267 3147 1313 et
3170 1274 3400 1313 cernere
3457 1271 3578 1314 erat

2003 1346 2194 1415 plures
2241 1346 2438 1415 partim
2500 1348 2553 1402 in
2579 1348 2845 1413 Serviani,
2883 1351 3078 1417 partim
3114 1351 3579 1419 Constantinopoo

2004 1436 2099 1491 lim
2126 1436 2348 1501 missos,
2379 1438 2519 1491 alios
2550 1440 2604 1493 in
2644 1440 2879 1504 insulas,
2914 1441 2979 1495 ad
3006 1442 3381 1510 conquirenda
3418 1442 3578 1509 phar-

2004 1546 2162 1586 maca
2214 1533 2334 1601 ejus
2374 1518 2567 1587 morbo
2593 1536 2841 1588 curando
2895 1536 3232 1591 necessaria.
3289 1536 3393 1600 Qui
3446 1551 3575 1589 vero

2004 1622 2279 1692 pationem
2306 1638 2336 1675 a
2369 1623 2594 1677 medicis
2613 1625 2871 1680 simulate
2898 1626 3296 1695 conquisitam,
3329 1636 3388 1679 ut
3412 1626 3576 1696 vulgo

2004 1712 2349 1775 credebatur,
2377 1712 2677 1767 hausturus
2703 1714 2911 1768 eratad
2939 1716 3252 1770 evacuanda
3286 1716 3574 1780 intestina,

325 1803 393 1869 τῇ
423 1804 492 1871 γῇ
508 1802 959 1872 παραδεδώκασιν
994 1806 1149 1869 ἐντὸς
1173 1806 1270 1860 τοῦ
1300 1807 1585 1878 δοματίου,
1610 1802 1674 1862 οὗ
1692 1807 1893 1861 ἔκειτοο

2001 1801 2371 1873 dejiciendqu
2404 1801 2676 1858 viscerqu
2721 1821 2884 1870 onus,
2920 1816 2973 1861 et
3028 1806 3095 1859 ad
3126 1807 3415 1865 levandum
3452 1810 3577 1878 pul-

325 1890 387 1944 τδ
416 1890 470 1943 δὲ
510 1892 668 1962 σῶμα
709 1895 905 1965 μύροις
946 1896 1296 1967 ἀλείψαντες,
1372 1899 1469 1952 καὶ
1519 1898 1718 1952 σινδόνι
1750 1898 1900 1969 εἰλή-

330 1996 523 2047 σαντες
553 1987 866 2057 κατέθηκαν
890 1990 986 2045 ἰπὶ
1015 1991 1302 2061 στρωμνῆς
1335 1991 1413 2055 ὡς
1464 1991 1664 2059 ἀσθενῆ
1692 1992 1894 2055 ζῶντα.

324 2074 513 2128 Ταῦτα
543 2076 637 2131 οὖν
665 2080 841 2134 πάντα
872 2082 1207 2152 ὲπράττοντο
1229 2084 1383 2152 παρὰ
1412 2082 1521 2136 τῶν
1561 2082 1659 2137 δύο
1695 2082 1900 2153 βεζιρί-

323 2166 452 2235 ἔων,
478 2170 711 2223 καὶτῶν
768 2172 979 2226 παίδων
1032 2175 1130 2227 τοῦ
1176 2173 1474 2228 παλατίου·
1506 2174 1559 2227 οἳ
1606 2173 1706 2228 ούκ
1738 2176 1901 2245 ἐξήρ-

324 2277 504 2330 χοντο,
539 2262 664 2316 οὕτε
697 2264 1143 2335 ἐκοινολογοῦντο
1181 2269 1320 2338 μετά
1347 2282 1521 2331 τινος.
1577 2268 1638 2320 Ὀ
1694 2270 1898 2333 σκοπὸς

326 2348 420 2407 οὖν
447 2355 655 2408 τοιόσδε
682 2371 697 2385 ·
758 2358 821 2411 Ei
855 2359 1072 2427 μάθωσι
1105 2359 1198 2413 τὸν
1227 2359 1463 2415 θάνατον
1521 2359 1616 2429 τεοῦ
1652 2361 1899 2431 ἀρχηγοῦ

324 2444 396 2499 τὰ
425 2447 585 2516 πέριξ
616 2448 768 2519 ἔθνη,
818 2451 1108 2521 Ῥωμαῖοι,
1149 2452 1370 2521 Σὲρσοι,
1400 2453 1712 2517 Γενουῐται,
1739 2452 1900 2506 Βενε-

323 2538 431 2603 vel,
469 2541 527 2594 ὲν
553 2544 616 2611 τῇ
643 2542 904 2613 Ἀνατολῇ
948 2546 978 2598 ὁ
1018 2545 1319 2615 Καραμὰν,
1356 2549 1431 2598 οὖν
1453 2545 1741 2615 δυνήσεται
1771 2562 1900 2599 κατ·-

323 2631 498 2685 ελθεϊν
528 2634 592 2687 ὲκ
611 2634 720 2688 τῶν
748 2636 916 2706 ὁρίων
949 2638 1190 2709 Περσίας
1212 2641 1240 2692 6
1282 2639 1625 2710 κληρονόμος
1679 2640 1895 2709 Μορὰτ.

330 2723 426 2778 καὶ
462 2726 755 2795 γενήσεται
785 2728 1017 2796 θόρυϐος
1047 2731 1107 2783 ἐν
1130 2734 1194 2801 τῇ
1229 2733 1397 2802 ἀρχῇ,
1459 2732 1555 2784 καὶ
1607 2733 1796 2794 στάσις
1842 2733 1900 2784 ὲν

320 2814 401 2886 τῷ
429 2819 650 2889 στρατῷ
669 2836 685 2851 ο
710 2826 806 2874 καὶ
836 2823 904 2876 τὰ
928 2824 1029 2891 τῆς
1059 2823 1233 2894 Ἐᾠας
1261 2825 1444 2877 πάντα
1480 2824 1715 2893 ἀφειδῶς
1738 2826 1764 2877 ὁ
1785 2825 1901 2878 Κα-

321 2911 506 2980 ραμάν
529 2912 876 2989 λεηλατήσει,
900 2916 996 2970 καὶ
1021 2916 1078 2971 δὲ
1093 2918 1190 2984 τῆς
1218 2916 1444 2988 Θρᾴκης
1473 2918 1522 2969 οἱ
1550 2916 1895 2987 Χριστιανοὶ,

321 3005 413 3054 καὶ
467 3002 683 3061 ἔσονται
733 3008 971 3079 Τοῦρκοι
1032 3009 1451 3081 δυστυχοῦντες,
1496 3010 1592 3063 καὶ
1632 3008 1895 3077 Ῥωμαῖοι

320 3093 432 3155 τοῖς
468 3095 812 3167 εὐτυχήμασι
849 3098 1158 3166 θάλλοντες.

2002 1909 2218 1948 monem
2247 1904 2298 1947 et
2322 1893 2497 1961 jecur,
2530 1895 2705 1964 reipsa
2762 1913 2855 1964 per
2886 1898 3124 1953 medium
3159 1911 3406 1953 ventrem
3461 1902 3578 1955 dis—

2000 1995 2183 2041 sectus
2237 1995 2356 2051 est,
2417 1986 2578 2057 eiqus
2640 1991 2821 2044 omnia
2885 1994 3092 2047 viscera
3129 1993 3374 2047 detracta
3408 2007 3424 2045 :
3456 2008 3576 2063 quae

2000 2077 2177 2144 humi,
2214 2079 2268 2135 in
2306 2089 2461 2149 parte
2517 2082 2715 2138 domus
2765 2098 2930 2152 quam
2988 2084 3293 2151 habitabat,
3352 2084 3569 2140 defossa

2002 2182 2150 2227 sunt.
2202 2170 2451 2227 Cadaver
2481 2175 2750 2243 reliquum
2804 2176 3084 2231 inunctqu
3126 2178 3389 2232 aromatis
3443 2191 3579 2231 cou-

1999 2262 2247 2329 dierunt,
2283 2274 2337 2319 et
2356 2264 2590 2320 sindone
2621 2266 2928 2322 involutum
2976 2282 3142 2337 super
3172 2267 3373 2323 lectum
3405 2269 3577 2338 depo-

2000 2364 2254 2419 suerunt,
2289 2370 2353 2410 ac
2389 2359 2434 2412 si
2472 2358 2626 2412 vivus
2646 2360 2831 2413 adhuc
2857 2369 3194 2431 aegrotasset.
3237 2360 3363 2415 ﬂxae
3390 2363 3575 2417 omnia

2001 2450 2287 2504 antiborum
2335 2454 2649 2506 vezirorum
2701 2452 2931 2507 consilio
2986 2453 3307 2522 agebantur,
3340 2454 3575 2508 famulo-

2001 2556 2238 2611 rumque
2294 2543 2659 2613 palatinorum
2706 2560 2899 2614 Opera,
2936 2547 3027 2615 qui
3072 2547 3211 2599 intra
3261 2545 3460 2601 domus
3506 2547 3577 2601 li”-

2003 2635 2148 2690 mina
2179 2636 2429 2701 coerciti,
2460 2650 2586 2690 cum
2616 2637 2766 2692 nullo
2800 2638 3301 2707 colloquebautur:
3332 2641 3386 2693 in
3425 2654 3579 2694 eum-

1999 2743 2109 2798 que
2161 2728 2347 2791 ﬁnem,
2404 2744 2492 2795 ne,
2527 2730 2572 2784 si
2636 2745 2783 2784 mors
2838 2730 3188 2800 imperatoris
3247 2731 3577 2786 innotuissrt

2000 2818 2259 2883 Romazis,
2286 2820 2523 2887 Serviis,
2574 2820 2982 2883 Genuensibus,
3025 2818 3272 2887 Venetis,
3324 2832 3489 2892 atque
3520 2822 3574 2875 in

1998 2908 2220 2966 Oriente
2242 2910 2572 2973 Karsniano.
2600 2930 2665 2969 es
2688 2915 2887 2968 Persia:
2930 2913 3130 2969 linilins
3184 2913 3252 2968 ad
3300 2912 3576 2968 exercitus

2000 3012 2294 3073 penetrare
2323 3019 2431 3058 non
2468 3013 2651 3073 posset
2682 3004 2788 3073 72
2838 3003 3076 3059 Morates
3110 3004 3325 3075 imperii
3375 3003 3573 3061 haeres.

1999 3111 2138 3152 neve
2169 3096 2335 3152 etiam
2395 3096 2720 3150 tumultibus
2758 3097 2973 3151 bellicis
3014 3096 3325 3167 respublica
3371 3094 3573 3149 distra-

321 3185 561 3255 heretur,
604 3192 973 3249 seditionibus
998 3197 1276 3251 exercitus
1293 3202 1627 3261 aestuarem;
1658 3204 1887 3252 cunctas
1927 3207 2147 3263 quoque
2171 3190 2421 3246 Orientis
2487 3190 2802 3261 provincias
2850 3191 3191 3246 Caramanus
3260 3189 3574 3246 immaniter

320 3288 589 3342 vastaret,
651 3282 1053 3355 'l‘hraciamque
1084 3288 1387 3342 Christiani
1458 3288 1934 3358 deprzedarentur,
1976 3287 2208 3355 proinde
2264 3284 2567 3342 Turcorum
2598 3302 2684 3341 res
2725 3285 3017 3339 infeliciter
3043 3287 3425 3344 succederent.
3462 3285 3573 3338 Ro-

320 3371 477 3426 manis
535 3370 751 3423 interim
811 3373 1037 3429 ﬂorente
1088 3392 1151 3429 ac.
1179 3393 1436 3447 prospera
1481 3380 1697 3432 fortuna
1747 3377 2053 3431 utentibus.
3494 3386 3506 3398 ‘

1701 3494 1929 3549 CAPUT
1979 3494 2166 3548 XXI“.

323 3614 539 3662 llorates
577 3615 793 3663 Prusam
815 3610 960 3663 venit.
987 3608 1277 3663 Mahumetis
1303 3625 1434 3660 mors
1459 3609 1505 3659 in
1531 3609 1700 3670 vulgus
1730 3625 1759 3659 a
1783 3607 1937 3659 bassis
1980 3611 2161 3660 editur.
2196 3612 2406 3659 Prusam
2460 3610 2631 3660 alveum
2673 3606 2845 3668 eniri,
2900 3610 3111 3668 defuncti
3154 3607 3333 3659 sultani
3364 3614 3574 3662 cadaver

376 3687 540 3722 secum
559 3673 842 3739 deferentem
874 3674 1036 3739 Legati
1060 3689 1089 3723 a
1113 3672 1414 3739 principibus
1438 3670 1607 3739 vicinis
1630 3673 1693 3739 ad
1731 3674 1967 3739 :ttoratem
1988 3672 2146 3739 missi.
2174 3672 2366 3739 Munuel
2384 3683 2419 3739 ρ
2462 3673 2647 3739 Morate
2668 3670 2978 3739 [ratres_ejus
3010 3671 3300 3739 impuberes.
3325 3685 3388 3721 ea:
3422 3679 3575 3739 testu-

378 3741 537 3784 mento
578 3728 866 3785 .ll'ahwnctis
897 3728 989 3786 sibi
1026 3728 1179 3793 tradi,
1217 3728 1419 3846 [rustra
1449 3737 1624 3796 poscit,
1649 3738 1694 3783 et
1723 3732 1834 3783 ideo
1859 3732 2162 3796 Mustapham
2182 3740 2227 3784 et
2260 3730 2493 3783 Cincium
2519 3732 2567 3782 in
2587 3728 2780 3783 scenam
2807 3728 3043 3782 aduersus
3070 3728 3303 3781 Moralem
3328 3733 3572 3794 producit.

378 3798 541 3846 Mores
571 3798 772 3846 auidum
800 3798 1075 3846 Turcorttm
1116 3810 1213 3846 exn
1237 3797 1444 3846 icantur.
2750 3808 2755 3813 '
2808 3806 2815 3813 ·

378 3798 541 3846 Mores
571 3798 772 3860 quidam
800 3798 1075 3848 Turcorttm
1116 3797 1444 3860 explicantur.

389 3880 610 3934 Τούτων
635 3881 727 3935 οὖν
756 3881 930 3945 οὕτως
956 3883 1210 3951 ἐχόντων,
1273 3881 1369 3934 καὶ
1428 3880 1517 3932 διὰ
1548 3878 1891 3949 ταχυδρόμου
1922 3885 1964 3941 C

314 3971 461 4032 τινὸς
485 3972 565 4040 (2)
594 3971 685 4025 τὸν
717 3970 950 4027 θάνατον
978 3972 1074 4025 τοῦ
1112 3970 1317 4040 πατρὸς
1349 3971 1429 4040 τῷ
1481 3971 1675 4041 Μορὰτ
1706 3970 1890 4035 ἀπαγ-

314 4063 620 4129 γείλαντες,
651 4066 708 4118 ἐν
728 4064 994 4135 Ἀμασείᾳ
1020 4061 1143 4118 τότε
1186 4064 1487 4131 διάγοντος,
1546 4066 1687 4133 μετὰ
1722 4064 1893 4131 παρέ-

314 4155 506 4207 λευσιν
560 4156 971 4231 τεσσαράκοντα
1035 4155 1285 4227 ἡμερῶν,
1366 4156 1462 4209 καὶ
1512 4155 1571 4208 δν
1642 4155 1893 4209 ἔστειλαν

319 4252 549 4318 ἄγγελον
580 4252 785 4319 ἔφθασε
821 4252 1046 4322 μηνύων
1079 4246 1268 4316 αὐτοῖς
1303 4253 1405 4324 τὴν
1434 4253 1646 4305 ἔλευσιν
1674 4254 1888 4324 Μοράτ·

320 4345 413 4395 καὶ
435 4343 509 4407 ὡς
537 4345 811 4410 κατῆλθεν
847 4345 1015 4413 ἐγγύς
1045 4343 1150 4398 που
1185 4344 1442 4416 Προύσης
1474 4347 1534 4397 ὲν
1578 4344 1740 4415 κώμῃ
1785 4346 1893 4399 τινὶ

323 4434 634 4506 καλουμένῃ
668 4436 935 4501 Μελαίνα,
972 4440 1063 4490 καὶ
1089 4440 1311 4506 γραφὰς
1348 4438 1535 4500 αὐτοῖς
1590 4438 1889 4506 ἐνεχείρισε

321 4522 415 4574 τοῦ
472 4524 684 4590 Magis,
732 4524 1002 4594 δηλούσας
1053 4524 1155 4594 τὴν
1210 4524 1377 4577 αὐτοῦ
1428 4525 1644 4578 ελευσιν
1699 4528 1758 4578 ὲν
1825 4528 1888 4594 τῇ

326 4615 570 4685 Προύσῃ,
605 4620 698 4669 καὶ
726 4616 1020 4684 ὁριζούσας
1049 4616 1126 4682 τῷ
1159 4615 1443 4684 Παγιαζὴτ
1499 4617 1648 4678 ὅπως
1705 4614 1890 4669 λαϐὼν

319 4708 378 4759 τὸ
432 4710 634 4777 πτῶμα
662 4709 755 4762 τοῦ
788 4711 991 4777 πατρὸς
1018 4708 1207 4769 αὑτοῦ,
1245 4709 1343 4761 σὺν
1378 4706 1532 4777 πάσῃ
1571 4709 1637 4777 τῇ
1693 4722 1889 4775 γερου-

320 4800 412 4868 σία
433 4802 683 4871 ἐπανήκῃ
713 4803 769 4853 ὲν
798 4802 1025 4869 Προύσῃ
1054 4815 1068 4830 ⁰
1115 4799 1203 4850 ἵνα
1251 4798 1347 4850 καλ⁵
1407 4797 1496 4848 τὸν
1536 4796 1752 4864 πατέρα
1800 4794 1891 4847 θά-

316 4889 484 4957 ψωσι,
521 4893 614 4944 καὶ
658 4892 821 4944 αὑτὸν
874 4891 1119 4961 ἀρχηγὸν
1178 4886 1618 4956 ἁναγορεύσωσι.
1680 4885 1813 4935 Τότε
1863 4884 1891 4935 ὀ

317 4984 607 5053 ΙΙαγιαζὴτ
650 4985 772 5052 μεθ’
796 4985 926 5053 ὅσης
974 4981 1171 5054 ἡδονῆς
1210 4980 1304 5033 καὶ
1364 4979 1540 5048 χαρᾶς
1595 4974 1891 5043 δεξάμενος

313 5079 383 5129 τὰ
412 5078 738 5145 γράμματα,
771 5078 836 5144 τῇ
861 5072 947 5126 ἐπ’
984 5072 1175 5141 αὔριον
1236 5068 1467 5129 καθίσας
1522 5065 1613 5118 ἐπὶ
1665 5064 1759 5117 τοῦ
1796 5064 1891 5134 βή-

318 5184 513 5237 ματος,
573 5166 687 5221 σὺν⁹
714 5169 854 5220 πᾶσι
897 5168 1012 5228 τοῖς
1054 5162 1361 5232 σατράπαις
1420 5159 1514 5213 καὶ
1574 5159 1885 5227 μεγιστᾶσι,

319 5264 416 5314 καὶ
456 5265 655 5332 μέρους
681 5262 781 5313 οὐκ
809 5260 992 5325 ὀλίγου
1034 5256 1134 5326 τῆς
1170 5256 1395 5319 πόλεως,
1418 5252 1621 5323 ἤρξατο
1647 5249 1887 5319 δημηγο-

317 5358 434 5424 ρεῖν
462 5354 643 5406 τοιάδε
667 5370 679 5382 ·
721 5348 918 5421 Ὑμεῖς,
939 5369 986 5405 ω
1007 5348 1247 5417 ἄνδρες,
1278 5349 1350 5399 οὐ
1384 5343 1500 5415 χρὴ
1537 5342 1740 5413 λέγειν
1790 5340 1888 5394 καὶ

311 5446 701 5518 δημηγορεῖν,
749 5446 817 5500 ἐκ
842 5447 1019 5512 ποίας
1060 5445 1148 5509 εις
1198 5442 1379 5497 ποίαν
1410 5442 1605 5509 τύχην
1644 5436 1885 5504 ὑψώθη-

2067 3878 2205 3931 Dnzn
2272 3892 2361 3930 res
2418 3892 2483 3929 es
2547 3877 2651 3930 loci
2693 3883 2862 3940 stant,
2916 3891 3012 3945 per
3040 3889 3322 3931 cursorem
3383 3874 3573 3930 Μυηιί

1999 3969 2235 4024 Amasia:
2287 3968 2473 4022 sedem
2523 3968 2743 4022 habenti
2800 3979 3033 4025 mortem
3096 3972 3268 4040 patris
3303 3973 3576 4042 ocyssime

1997 4064 2280 4128 nuntiant;
2314 4064 2521 4118 exactis
2563 4062 2782 4117 tandem
2813 4062 3005 4119 diebus
3040 4064 3402 4133 quadraginta
3434 4080 3576 4117 nun-

1998 4159 2106 4212 tius
2134 4157 2241 4222 ille,
2278 4172 2440 4227 quem
2476 4145 2767 4220 miserant,
2801 4156 2987 4221 rediit,
3050 4157 3298 4227 ipsisque
3352 4159 3574 4212 nuntist

1994 4248 2221 4304 Moratis
2263 4249 2603 4303 adventum:
2664 4249 2920 4318 quodque
2983 4264 3090 4303 non
3132 4248 3289 4318 longe
3318 4263 3348 4302 a
3396 4247 3570 4305 Prusa

1994 4342 2061 4396 ad
2092 4343 2268 4396 vicum
2313 4342 2401 4410 qui
2436 4339 2659 4394 Melzena
2719 4341 3049 4411 appellatur,
3078 4342 3436 4397 devenisset:
3484 4344 3574 4397 lit-

1994 4444 2139 4489 teras
2164 4434 2393 4503 insuper
2447 4431 2676 4486 hioratis
2736 4431 2872 4501 ipsis
2898 4432 3157 4497 reddidit,
3195 4433 3398 4501 quibus
3451 4449 3571 4486 mo-

1993 4528 2153 4580 nebat
2180 4524 2290 4593 jam
2321 4522 2550 4580 Prusam
2592 4538 2650 4578 se
2706 4522 3035 4578 advenisse:
3063 4523 3331 4593 jubetque
3358 4523 3568 4592 Bajazi.

1993 4625 2099 4670 tem
2127 4624 2208 4679 ut,
2239 4630 2364 4668 cum
2398 4626 2511 4669 ιοιυ
2547 4624 2691 4671 οωιιι
2715 4615 3100 4685 patriciorum,
3138 4615 3371 4672 Prusam
3403 4614 3471 4669 ad
3514 4633 3573 4669 se

1992 4708 2195 4772 veniat,
2221 4707 2500 4776 patrisque
2532 4709 2616 4762 sui
2651 4708 2884 4762 cadaver
2915 4706 3152 4761 advehat
3198 4708 3264 4760 ad
3301 4707 3353 4762 id
3412 4722 3569 4775 sepe-

1992 4798 2263 4862 liendum,
2294 4800 2534 4853 utetiam
2589 4816 2647 4854 se
2680 4800 3068 4868 imperatorem
3103 4799 3443 4863 proclament
3507 4813 3570 4850 ac

1992 4891 2253 4945 salutent.
2308 4889 2405 4943 His
2465 4889 2666 4943 litteris
2722 4904 2937 4944 summa
2997 4905 3121 4943 cum
3183 4889 3459 4956 voluptate
3516 4899 3570 4945 et

1995 4983 2193 5051 gaudio
2225 4982 2504 5052 perlectis,
2538 4983 2806 5050 postridie
2858 4990 3179 5051 suggestum
3239 4980 3569 5035 conscendit

1996 5072 2287 5140 Bajazites,
2341 5074 2734 5129 comitantibus
2770 5092 2893 5128 eum
2933 5075 3168 5141 satrapis
3226 5073 3444 5127 cunctis
3503 5088 3568 5126 ac

1996 5165 2339 5232 proceribus.
2369 5176 2422 5220 et
2454 5166 2692 5219 maxima
2726 5167 2929 5219 civium
2963 5175 3117 5234 parte
3149 5166 3564 5229 circumstante,

1998 5256 2270 5326 talemque
2290 5257 2355 5311 ad
2384 5273 2479 5312 eos
2503 5256 2811 5311 orationem
2866 5258 3066 5311 habere
3120 5256 3319 5322 coepit:
3366 5253 3565 5324 Super-

1994 5363 2218 5399 vacuum
2278 5347 2462 5415 fuerit,
2503 5365 2532 5401 ο
2568 5348 2685 5411 viri,
2723 5349 2863 5415 apud
2896 5364 2979 5400 vos
3030 5348 3184 5401 verba
3229 5348 3419 5417 facere,
3451 5363 3568 5415 qua?

1996 5441 2050 5492 in
2083 5441 2384 5493 memoriam
2420 5443 2559 5495 vobis
2608 5450 2867 5503 revocent,
2930 5456 2992 5493 ea:
3020 5440 3206 5512 quibus
3256 5440 3566 5510 primordiis

1498 5551 1784 5615 Ismaelis
1814 5550 2114 5615 Bnllialdi
2142 5566 2325 5620 noun.

381 5667 588 5733 (2)1112?
623 5667 719 5723 διὰ
757 5667 1133 5737 ταχυὸρόμου
1162 5666 1344 5731 τινός.
1386 5662 1591 5717 Cursor
1616 5658 1708 5713 ille
1738 5664 1855 5713 erat

2000 5674 2107 5714 nus
2146 5662 2426 5732 Cesnegir,
2463 5665 2516 5721 id
2547 5675 2651 5731 est,
2686 5674 3063 5739 pra‘gustator,
3094 5665 3319 5721 numine
3357 5664 3563 5720 Eluan-

306 5737 501 5807 begus.
