3962 6204
330 265 433 329 913

1492 289 1856 352 HISTORIA
1897 286 2350 361 ΒΥΖΑΝΤΙΝΛ.

3475 305 3579 365 illi

332 385 425 483 τὸν
468 383 695 483 Λίουρὰτ
748 389 991 459 ἀρχηγὸν
1032 392 1445 467 ἀνηγόρευσαν·
1497 402 1589 455 καὶ
1626 404 1692 455 τὰ
1726 406 1905 458 εἰκότα

2014 416 2321 476 peratorem
2382 409 2728 480 proclamant
2768 418 2857 483 ac
2926 413 3182 468 salutant.
3257 412 3579 471 Celebritate

329 475 713 546 ἑορτάσαντες,
751 481 847 534 καὶ
869 482 1187 552 φιλοτιμίας
1217 489 1318 542 οὐκ
1369 490 1578 559 ὀλίγας,
1616 497 1714 548 καὶ
1745 498 1904 567 εὐερ-

327 569 519 635 γεσίας
549 573 662 634 τοῖς
713 574 973 644 ἄρχουσιν
1012 579 1253 649 ἀμείψας
1275 599 1289 615 ο
1316 586 1411 637 καὶ
1463 585 1618 640 αὐτοὶ
1674 589 1769 645 σὺν
1800 589 1903 643 δὼ-

331 680 447 733 ροις
479 663 577 733 τὴν
608 667 979 739 προσκύνησιν
1012 671 1241 735 ἕκαστος
1284 676 1716 747 ἀποδεδωκότες,
1772 684 1903 752 περὶ

325 754 427 821 τῆς
453 756 753 824 ἡγεμονίας
782 760 1135 830 ἐφρόντιζονσ
1195 768 1290 819 καὶ
1327 770 1389 839 δὴ
1459 771 1716 840 πρέσϐεις
1752 776 1903 844 ἡτοί-

329 846 501 914 μαζον
524 849 659 917 πρὸς
695 853 788 904 τὸν
834 852 1130 924 Καραμὰν,
1182 860 1274 911 καὶ
1331 863 1468 932 πρὸς
1527 866 1618 919 τδν
1677 867 1902 936 βασιλέα

338 938 652 1008 ’Βωμαίων,
699 944 995 1011 μηνύοντες
1053 947 1145 1001 τὸν
1194 950 1423 1006 θάνατον
1484 957 1770 1028 Μαχομὲτ,
1809 962 1902 1014 καὶ

322 1028 424 1097 τὴν
455 1029 819 1098 ἀναγόρευσιν
867 1034 1084 1103 Magia.
1132 1042 1226 1093 καὶ
1276 1043 1492 1108 πίστεις
1543 1048 1899 1116 ἀνανεοῦντες

328 1119 638 1213 εἰρηνικὰς,
704 1120 783 1183 ὡς
822 1123 944 1188 ἔθος
993 1130 1107 1193 τοῖς
1155 1132 1294 1195 νέοις
1323 1136 1591 1207 ἀρχηγοῖς
1619 1144 1713 1194 καὶ
1769 1146 1899 1213 ἡγε-

327 1211 474 1309 μό-σι,
509 1214 618 1309 Kal.
638 1215 751 1309 γὰρ
773 1218 1053 1276 ἐϐούλοντο
1080 1225 1147 1279 τὰ
1170 1227 1266 1295 τῆς
1302 1229 1416 1284 Ἕω
1439 1211 1900 1309 προοικοδομῆσαι

328 1303 417 1355 καὶ
445 1304 762 1401 ασφαλίσαι.
794 1313 869 1374 ὡς
908 1316 1036 1386 χρὴ,
1095 1316 1183 1372 διὰ
1246 1324 1534 1392 συνθηκῶν
1592 1332 1690 1385 καὶ
1719 1303 1901 1401 δρκων

329 1394 469 1490 μετα
507 1397 601 1449 τοῦ
637 1399 935 1471 Καραμὰν,
968 1409 1063 1461 καὶ
1110 1411 1234 1463 τότε
1272 1412 1341 1466 τὰ
1369 1415 1472 1483 τῆς
1530 1394 1901 1490 Θρᾴκηςσκέ-

331 1485 532 1554 ᾧασθαι
595 1494 934 1560 περάσαντες
991 1500 1086 1554 τὸν
1121 1506 1387 1572 πορθμόν.
1431 1508 1491 1561 Ὀ
1548 1485 1899 1580 δε-βα-σιλεὺς

332 1581 583 1653 Μανουὴλ
620 1590 993 1657 προαρπάσας
1024 1593 1117 1645 τὸν
1149 1597 1365 1667 καιρὸν,
1394 1601 1606 1655 στέλλει
1635 1604 1773 1671 πρὸς
1796 1606 1894 1658 αὐ-

336 1672 419 1765 τὸν
455 1676 734 1743 πρέσϐεις,
765 1682 857 1733 τὸν
886 1683 1251 1753 Παλαιολὸγον
1316 1690 1576 1760 Λαχηνὴν
1636 1686 1738 1765 (5),
1804 1698 1894 1749 καὶ

326 1762 577 1857 θεολόγον
610 1768 876 1838 Κώρακα,
910 1774 987 1838 ὡς
1024 1776 1186 1844 δῆθεν
1240 1783 1607 1851 παραμυθῶν,
1661 1762 1751 1839 καὶ
1794 1789 1895 1857 τῆς

324 1856 501 1927 ἀρχῆς
529 1858 597 1911 τὰ
625 1862 832 1917 είσόδια
862 1868 1294 1938 συγχαιρόμενος
1322 1888 1336 1903 ·
1378 1876 1515 1943 πρὸς
1544 1877 1755 1943 τούτοις
1770 1856 1913 1933 ἀνά-ι

328 1951 759 2018 μιμνήσκοντες.
796 1957 889 2010 καὶ
923 1958 1022 2029 τὴν
1037 1960 1131 2014 τοῦ
1164 1965 1368 2033 πατρὸς
1400 1966 1566 2020 αὑτοῦ
1596 1969 1895 2040 ὑστεραίαν

325 2038 605 2131 βούλησιν,
632 2045 914 2106 αἰτοῦντες
948 2050 1021 2104 τὰ
1051 2054 1241 2107 παιδία
1275 2042 1494 2126 δοθῆναι
1539 2060 1619 2131 τῷ
1658 2038 1891 2129 βασιλεῖ,

325 2128 485 2200 εἰπερ
517 2130 804 2201 βούλονται
841 2137 900 2189 ὲν
929 2141 1150 2213 ὁμονοίᾳ
1183 2146 1277 2197 καὶ
1302 2147 1520 2218 ἀγάπῃ.
1560 2128 1759 2214 καθὼς
1801 2154 1897 2207 καὶ

329 2222 472 2289 μετὰ
502 2225 595 2276 cui
630 2228 825 2297 πατρὸς
850 2225 1012 2301 ἦσαν.
1069 2235 1130 2286 Εί
1168 2235 1214 2286 δ’
1254 2237 1312 2288 οὐ
1353 2237 1636 2307 βούλονται
1668 2244 1894 2308 διδόναι,

326 2315 565 2379 καὶτοῖς
600 2323 889 2388 πατρικοῖς
921 2322 1141 2394 θεσμοῖς
1191 2328 1265 2398 μὴ
1322 2334 1648 2403 προσήκειν,
1709 2337 1897 2400 αὐτὸς.

327 2407 499 2476 ἤγουν
524 2411 551 2459 ὁ
580 2412 857 2479 βασιλεὺς,
883 2415 998 2483 ἔχει
1029 2419 1121 2470 τὸν
1147 2419 1393 2487 ἔφεδρον,
1428 2427 1520 2477 καὶ
1549 2426 1627 2489 ὡς
1656 2430 1714 2481 ὲν
1731 2430 1898 2499 ὀλίγῳ

328 2502 666 2569 καταστήσει
697 2504 887 2558 τοῦτον
919 2507 1176 2578 ,ἄρχοντα
1228 2513 1592 2583 Μακεδονίας,
1626 2520 1722 2573 καὶ
1752 2522 1898 2593 Χερ-

335 2591 585 2660 ρονήσου,
623 2594 716 2646 καὶ
740 2597 922 2665 πάσης
961 2601 1199 2672 Θρᾴκης.
1251 2606 1313 2656 ού
1349 2609 1657 2675 μετουπολὺ
1707 2611 1763 2665 δὲ
1804 2591 1900 2667 καὶ

331 2682 539 2751 Ἀσίας,
603 2689 697 2754 καὶ
740 2691 923 2762 πάσης
953 2693 1120 2766 ἄλλης
1148 2696 1441 2769 ’Λνατολῆς
1469 2717 1485 2735 ο
1539 2704 1803 2774 ἐσήμαινε
1843 2709 1901 2762 δὲ

328 2776 407 2848 τῷ
441 2780 846 2849 προδηλωθέντι
888 2787 1220 2860 Μουσταφᾷ.
1261 2789 1323 2846 Ὀ
1374 2793 1432 2846 δὲ
1492 2796 1775 2869 Παγιαζὴτ
1825 2800 1902 2863 ὡς

329 2869 394 2921 ὲκ
427 2873 722 2940 προσώπου
751 2875 845 2929 τοῦ
878 2879 1000 2932 νέου
1035 2881 1282 2951 ἀρχηγοῦ
1311 2887 1540 2957 Μουρὰτ
1576 2889 1742 2943 ἔδωκε
1764 2893 1901 2963 πρὸς
1950 2916 1959 2919 ·

329 2963 457 3029 τοὺς
481 2967 739 3036 πρέσϐεις
766 2970 1083 3042 ἀπόκρισιν,
1136 2976 1331 3043 λέγων,
1366 2979 1443 3043 ὡς
1497 2982 1600 3036 οὐκ
1650 2982 1765 3036 ἐστι
1804 3001 1904 3038 κα⁹

2010 503 2208 556 deinde
2233 518 2331 572 pro
2365 503 2648 572 majestate
2708 504 2921 574 imperii
2977 507 3231 561 decenter
3279 516 3578 567 transacta.

2007 594 2176 647 multa
2214 609 2276 649 ac
2309 597 2487 666 magni
2521 596 2679 663 pretii
2711 596 2855 650 dona
2882 598 3113 667 largitus
3157 608 3239 653 est
3270 599 3571 669 imperator

2006 689 2145 742 aulae
2179 704 2289 742 suae
2318 691 2639 758 purpuratis
2672 704 2686 741 :
2722 690 2935 757 ipsique
2986 690 3228 747 vicissim
3286 708 3574 747 munerum

2006 779 2285 834 oblatione
2346 780 2603 844 adjuncta
2639 796 2759 834 eum
2821 781 3065 835 venerati
3122 793 3271 844 sunt,
3316 783 3381 835 de
3419 784 3579 837 rebus

2007 872 2207 927 deinde
2233 873 2443 941 imperii
2481 872 2890 927 consultarnnt.
2922 871 3163 942 Legatos
3198 873 3344 928 illico
3371 873 3436 928 ad
3472 873 3578 927 Ca-

2006 979 2292 1018 ramanum
2354 975 2408 1018 et
2447 964 2790 1018 Romreorum
2826 965 3215 1033 imperatorem
3274 966 3576 1027 destinant.

2002 1063 2063 1110 ut
2094 1057 2240 1126 ipsos
2266 1057 2331 1111 de
2355 1055 2679 1111 Maliometis
2727 1057 2877 1111 obitu
2907 1065 2961 1113 et
3008 1057 3231 1112 Moratis
3282 1060 3577 1127 inaugura-

2004 1148 2149 1203 tione
2174 1157 2484 1211 monerent,
2515 1163 2579 1202 ac
2636 1148 2789 1217 pacis
2816 1148 3023 1203 icedera
3082 1158 3426 1215 renovarent,
3481 1165 3579 1218 pro

2002 1253 2153 1293 more
2179 1255 2206 1292 a
2231 1239 2576 1308 principibus
2601 1240 2667 1292 ad
2692 1240 2981 1309 imperium
3009 1251 3257 1296 recenter
3282 1242 3578 1311 assumptis

1999 1341 2285 1401 usurpato.
2341 1331 2527 1387 Rebus
2578 1333 2779 1386 etenim
2840 1331 3079 1387 Orientis
3138 1333 3404 1403 imprimis
3449 1350 3579 1402 pro-

1999 1433 2244 1491 spectum
2278 1423 2573 1489 cupiebant
2605 1438 2913 1490 earumque
2942 1423 3255 1487 securitati,
3290 1433 3445 1493 pacta
3482 1440 3579 1492 per

1992 1514 2377 1586 jusjurandum
2430 1529 2554 1567 cum
2597 1514 2905 1570 Caramano
2971 1515 3251 1581 amicitia,
3312 1515 3572 1584 deinceps

1997 1625 2127 1663 vero
2162 1609 2224 1661 ad
2272 1622 2360 1660 res
2384 1607 2629 1661 Thracia:
2657 1622 2819 1661 curas
2848 1609 3198 1671 conversuri,
3234 1610 3325 1663 ubi
3367 1611 3419 1663 in
3448 1624 3566 1663 eam

1924 1741 1971 1800 Β
2000 1701 2374 1768 trajecisseut.
2412 1701 2480 1752 At
2504 1700 2807 1767 imperator
2839 1699 3052 1754 Manuel
3092 1702 3367 1766 praevertit
3400 1704 3579 1758 missis

2003 1793 2195 1859 legatis
2271 1791 2575 1861 Palieologo
2634 1791 2885 1862 Laclxyne
2936 1802 2991 1846 et
3046 1794 3299 1859 theologo
3348 1795 3577 1856 Corace,

2003 1888 2094 1957 qui
2129 1885 2391 1940 Moratem
2436 1886 2878 1945 consolarentur,
2931 1894 2983 1938 et
3015 1882 3308 1952 primordia
3367 1883 3580 1953 imperii

2003 1979 2106 2047 ipsi
2142 1976 2572 2047 gratularentur.
2607 1976 2681 2030 De
2715 1984 2990 2044 postrema
3027 1973 3226 2029 deinde
3256 1976 3429 2044 patris
3467 1975 3577 2047 74

2003 2072 2121 2140 ejus
2181 2072 2465 2124 voluntate
2522 2068 2853 2123 mentionem
2898 2064 3140 2128 faciunt,
3190 2074 3242 2122 et
3281 2069 3580 2121 secundum

2004 2162 2154 2216 illam
2188 2161 2462 2227 postulant
2498 2144 2697 2229 pueros
2723 2157 3034 2226 imperatori
3076 2155 3255 2209 tradi:
3309 2157 3578 2224 siquidem

2004 2254 2354 2309 concordiam
2384 2263 2438 2307 et
2470 2252 2790 2315 amicitiam,
2830 2265 2951 2318 qua:
2983 2250 3125 2303 inter
3168 2265 3291 2302 eum
3343 2259 3578 2319 patrem-

2005 2361 2109 2414 que
2143 2345 2263 2413 ejus
2293 2345 2750 2401 intercesserunt,
2806 2340 3050 2407 integras
3109 2353 3172 2392 ac
3227 2338 3575 2408 incorruptas

2006 2448 2327 2505 permanere
2356 2432 2542 2486 velint.
2590 2430 2745 2495 Quod
2795 2430 2839 2483 si
2871 2427 3085 2481 tradere
3133 2442 3333 2497 pueros
3384 2428 3579 2496 patris-

2007 2544 2115 2601 que
2158 2527 2369 2593 legibus
2421 2524 2798 2591 obtemperare
2853 2520 3252 2580 recusaverint.
3294 2534 3579 2575 successo-

2009 2637 2124 2676 rem
2156 2620 2297 2689 apud
2328 2634 2388 2674 se
2416 2619 2713 2685 imperator
2762 2614 2946 2677 habet,
2997 2627 3157 2681 quem
3217 2613 3366 2668 brevi
3409 2612 3581 2666 Mace—

2008 2714 2185 2771 doniae
2242 2711 2572 2783 principem,
2631 2708 2957 2764 Chersonesi
3010 2719 3073 2760 ac
3127 2705 3292 2759 totius
3338 2703 3582 2758 Thracia:

2009 2806 2347 2869 constituet;
2376 2801 2664 2858 confestim
2696 2802 2855 2856 etiam
2870 2798 3013 2853 Asia:
3039 2805 3092 2851 et
3126 2797 3290 2851 totius
3313 2796 3579 2851 Orientis.

2010 2902 2177 2970 quue
2209 2896 2500 2954 consilium
2526 2908 2693 2961 supra
2757 2899 3066 2945 memorato
3098 2888 3403 2957 Mustaphze
3456 2902 3585 2958 ape-

2009 2994 2123 3053 ruit
2165 2990 2403 3047 Manuel.
2440 2989 2518 3043 Ad
2551 2987 2669 3042 btet!
2725 2984 2991 3053 Bajazites
3023 2997 3121 3052 pro
3165 2997 3307 3036 novo
3353 2981 3587 3050 impera~

330 3059 441 3119 λδν.
494 3066 590 3117 καὶ
637 3068 749 3128 τοῖς
803 3066 894 3119 τοῦ
936 3070 1217 3139 προφήτου
1245 3071 1585 3143 θεσπίσμασι
1649 3078 1897 3148 συνᾷδον,

2009 3099 2126 3144 tore
2159 3082 2367 3137 Morate
2418 3077 2698 3147 respondit
2759 3074 2975 3142 legatis,
3010 3073 3306 3128 asserendo
3357 3071 3583 3124 minime
3620 3146 3637 3153 Χ

330 3155 774 3225 Μουσουλμάνων
806 3162 998 3224 παῖδας
1051 3163 1348 3232 τρέφεσθαι
1406 3167 1559 3235 παρὰ
1622 3168 1897 3239 Καϐουρί-

329 3246 458 3307 δων,
485 3249 579 3298 καὶ
604 3250 1099 3318 παιδαγωγεῖσθαι,
1130 3256 1441 3322 τουτέστιν,
1472 3259 1718 3312 εὐσεϐῶν
1774 3264 1900 3315 παῖο

332 3339 429 3396 δας
479 3338 610 3404 παρ’
632 3339 876 3393 ἀπίστων
918 3345 1423 3411 ἐπιτροπεύεσθαι·
1455 3350 1572 3402 ἀλλ’
1607 3353 1656 3403 εί
1692 3352 1837 3404 θέλει
1874 3356 1902 3404 ὁ

339 3425 615 3492 βασιλεὺς,
641 3427 825 3495 ἐχέτω
865 3430 981 3497 τὴν
1018 3432 1313 3500 ἡμετέραν
1358 3436 1624 3505 ἀγάπην,
1668 3442 1764 3494 καὶ
1802 3458 1906 3509 με·

338 3518 487 3572 ιίέτω
516 3522 665 3575 κατὰ
687 3527 796 3588 τὰς
828 3525 1070 3591 πρώτας
1096 3528 1414 3593 συνθήκας
1444 3532 1645 3597 φίλος,
1672 3534 1770 3586 καὶ
1795 3550 1907 3586 πα-

334 3615 446 3680 τὴρ
463 3612 583 3667 τῶν
616 3614 899 3683 ὀρφανῶν
921 3618 1152 3671 τούτων
1176 3620 1441 3684 πάντων,
1501 3623 1678 3688 ἐκτὸς
1708 3625 1907 3691 ἄλλης

332 3708 728 3776 ἐπιτροπικῆς
787 3709 1137 3777 διαθέσεως.
1186 3712 1449 3783 Ἔξομεν
1482 3713 1553 3767 δὲ
1601 3716 1699 3770 καὶ
1735 3715 1908 3785 ἡμεῖς

333 3799 666 3865 τὴναὺτοῦ
713 3802 925 3869 φιλίαν
955 3803 1298 3873 ὠςὲρμαιόν
1334 3823 1412 3867 τι,
1462 3806 1910 3861 καίκαθολικὸν

330 3890 792 3960 ἐπισφράγισμα
846 3894 1194 3962 τηροῦντες.
1268 3897 1355 3965 μὴ
1410 3899 1794 3967 ἐπεμϐαίνειν
1854 3919 1908 3954 τι

332 3983 456 4035 τῶν
504 3982 827 4050 ἀπαισίων,
872 3984 1035 4053 μηδὲ
1098 3988 1254 4054 ὑπὲρ
1293 3988 1367 4040 τὰ
1405 3988 1756 4057 ἐσκαμμένα
1802 4005 1912 4057 πη-

336 4074 457 4143 δᾷν
502 4094 591 4141 τις
648 4076 750 4145 ἀφ’
794 4074 993 4145 ἡμῶν
1048 4076 1186 4131 ἀλλ’
1239 4078 1309 4131 ἐν
1357 4077 1526 4148 μέσῳ
1571 4078 1739 4146 ἡμῶν
1810 4080 1908 4133 καὶ

334 4165 508 4234 ὑμῶν
531 4168 815 4221 ἔστωσαν
850 4167 1038 4236 ὅρκοι,
1072 4167 1340 4236 καθάπερ
1376 4169 1669 4236 σιδηροῦς
1687 4169 1908 4237 τοῖχος,

338 4258 439 4311 καί
477 4260 757 4327 ἀσφαλὲς
806 4260 1192 4329 περίφραγμα
1216 4276 1233 4295 ο
1262 4263 1330 4313 τὸ
1375 4260 1445 4314 δὲ
1469 4260 1656 4314 αἰτεῖν
1700 4260 1907 4331 τέκνα,

336 4352 437 4405 καὶ
499 4352 685 4420 ἔχειν,
751 4350 848 4406 καὶ
915 4354 1361 4418 ἐπιτροπεύειν,
1431 4353 1736 4408 ἀδύνατόν
1777 4355 1912 4410 ἐστι

2004 3182 2293 3234 honestum
2323 3185 2465 3234 esse,
2495 3181 2671 3233 neque
2705 3165 2982 3235 propheta:
3005 3165 3216 3231 legibus
3244 3170 3298 3216 et
3340 3160 3581 3215 oraculis

2004 3281 2331 3327 consonum,
2367 3260 2835 3316 Musulmanorum
2866 3256 3073 3310 liberos
3102 3255 3242 3324 apud
3275 3252 3584 3307 Cavuridas

2002 3360 2225 3416 educari
2256 3365 2310 3412 et
2350 3353 2590 3417 institui,
2621 3352 2722 3403 hoc
2756 3358 2839 3404 est
2900 3350 3113 3419 piorum
3153 3347 3291 3402 lilios
3327 3347 3427 3402 sub
3486 3345 3584 3397 im-

2006 3452 2217 3521 piorum
2260 3444 2427 3499 tutela
2459 3456 2621 3505 esse;
2659 3440 2776 3505 sed,
2808 3440 2850 3493 si
2880 3440 3005 3493 velit
3034 3442 3347 3509 imperator,
3402 3435 3585 3489 amici-

2009 3544 2137 3595 tiam
2185 3538 2453 3593 nobiscum
2508 3534 2670 3594 ineat,
2724 3547 2941 3599 eamque
2986 3532 3128 3585 colat
3187 3531 3349 3598 juxta
3397 3529 3578 3595 priora

2008 3632 2231 3701 faelem.
2272 3628 2443 3695 sitque
2478 3635 2629 3692 pater
2659 3625 2866 3686 horum,
2896 3630 3151 3692 quotquot
3204 3627 3348 3679 sunt,
3400 3633 3585 3685 puern-

2008 3739 2148 3785 rum,
2179 3730 2234 3773 at
2292 3736 2325 3771 a
2369 3717 2551 3770 tutela:
2605 3730 2819 3767 munere
2858 3730 3073 3781 prorsus
3107 3711 3391 3764 abstineat.
3454 3709 3583 3779 Ejus

2007 3828 2212 3884 quoque
2233 3810 2531 3865 amicitiam
2561 3808 2709 3859 lucro
2732 3819 3071 3871 appellemus,
3102 3818 3320 3871 eamque
3350 3801 3469 3854 loco
3500 3801 3583 3855 dio

2008 3904 2257 3974 plomatis
2294 3896 2541 3953 catholici
2576 3895 2752 3964 sigillo
2795 3893 3001 3960 [innati
3048 3894 3351 3946 habebimus
3377 3907 3395 3944 :
3436 3908 3585 3946 care-

2010 3997 2285 4064 bimusque
2317 4008 2379 4046 ne
2404 3990 2519 4059 quis
2540 3996 2775 4041 nostrum
2797 3995 2993 4055 prmter
3024 3985 3107 4053 fas
3123 3994 3173 4038 et
3196 4000 3399 4054 (equum
3430 3986 3587 4056 quid-

2008 4099 2169 4155 quam
2211 4088 2391 4141 tentet,
2434 4087 2526 4131 aut
2555 4078 2803 4129 terminos
2848 4075 3140 4129 transiliat.
3206 4075 3397 4130 Verum
3429 4081 3587 4133 etiam

2010 4170 2512 4239 demusjuramenta
2548 4174 2753 4227 mutua,
2786 4181 2903 4233 quae
2952 4165 3057 4218 sint
3098 4174 3354 4236 tanquam
3403 4184 3587 4221 murus

2013 4265 2239 4318 aheneus
2278 4270 2328 4314 et
2363 4259 2623 4313 munitum
2656 4256 2855 4309 vallum
2906 4258 3042 4309 inter
3084 4274 3196 4313 nos.
3239 4258 3588 4313 l’etitionibus

2012 4373 2131 4410 vero
2169 4355 2372 4415 vestris,
2399 4352 2585 4422 quibus
2622 4364 2810 4414 pueros
2857 4348 2996 4415 apud
3037 4365 3125 4403 vos
3168 4351 3359 4404 habere
3408 4362 3589 4420 postu-

336 4446 603 4500 αἰτοῦντι
637 4446 1054 4501 συντίθεσθαι.
1079 4444 1148 4498 Τὸ
1179 4444 1248 4497 δὲ
1276 4445 1488 4500 δοῦναι
1505 4444 1746 4515 μᾶλλον
1761 4448 1902 4504 ἁδυ-

2016 4449 2162 4511 latis,
2193 4461 2477 4513 eorumque
2506 4443 2725 4496 tutelam
2763 4457 2962 4509 gerere,
2999 4458 3231 4497 annuere
3263 4444 3590 4510 impossibile

335 4538 689 4607 νατὼτερον.

405 4636 629 4699 Τούτοις
646 4637 757 4700 τοῖς
771 4637 953 4706 λόγοις
965 4637 1421 4707 ἀποπεμφθέντες
1452 4636 1499 4691 οί
1521 4636 1615 4689 τοῦ
1643 4636 1909 4707 βασιλέως

335 4730 620 4799 πρέσϐεις.
652 4730 748 4782 καὶ
803 4729 941 4799 πρὸς
972 4730 1064 4782 τὸν
1114 4722 1337 4799 βασιλέα
1383 4728 1563 4781 πάντα
1618 4725 1911 4789 ἁναλέξαν-

337 4840 450 4884 τες,
475 4820 620 4886 ἔδοξε
649 4822 719 4875 τὰ
747 4822 814 4891 pl;
850 4826 867 4843 °
901 4822 1200 4889 δείγματα.
1230 4819 1343 4870 Καὶ
1381 4817 1444 4882 δὴ
1476 4816 1576 4884 τὴν
1607 4815 1786 4882 ψυχὴν
1820 4832 1916 4867 κα-

342 4914 481 4985 μὼν,
510 4915 605 4968 καὶ
645 4914 725 4977 εἰς
776 4913 1081 4981 ἀνάμνησιν
1134 4908 1307 4962 ἐλθὼν
1342 4907 1625 4977 ῥημάτων,
1659 4901 1733 4957 ὧν
1793 4922 1915 4958 συν-

340 5008 568 5074 ετάξατο
619 5007 699 5077 τῷ
738 5006 1068 5075 Μουσταφᾷ,
1116 5002 1242 5072 ἄρτι
1293 5002 1352 5055 ὲν
1394 5002 1459 5070 τῇ
1507 4999 1712 5066 Λήμνῳ
1767 4998 1918 5065 νήσῳ

339 5103 604 5168 διάγοντι,
638 5099 697 5163 ἐξ
732 5099 859 5152 ὅτου
890 5096 1045 5164 παρὰ
1086 5093 1183 5146 τοῦ
1232 5091 1400 5146 αὑτοῦ
1450 5090 1715 5161 βασιλέως
1745 5088 1921 5156 ἐπέμ-

343 5196 452 5265 φθη
484 5192 784 5263 ὲξὸριστος,
811 5191 886 5253 ὡς
927 5189 957 5240 ὁ
985 5188 1143 5255 λόγος
1191 5184 1407 5254 φθάσας
1443 5182 1702 5253 ἐδήλωσε,
1746 5172 1921 5242 μετα-

345 5287 589 5339 καλεῖται
630 5286 946 5353 Δημήτριον
981 5280 1269 5347 Λάσκαριν
1298 5277 1390 5329 τὸν
1434 5276 1781 5344 Λεοντάριον,
1826 5272 1919 5325 ἄν-

346 5377 470 5443 δρα,
498 5377 595 5428 καὶ⁵
626 5375 701 5437 ὡς
729 5371 835 5444 χρὴ
866 5372 1065 5432 εἰπεῖν,
1100 5365 1426 5437 ⁸στρατηγδν
1453 5364 1726 5432 γενναῖον,
1770 5361 1919 5414 εὐδο-

348 5467 667 5539 κιμήσαντα
711 5467 768 5520 ἑν
799 5483 857 5518 τε
919 5459 1327 5531 Λακεδαιμονίᾳ
1381 5456 1475 5511 καὶ
1528 5455 1796 5525 Θετταλίᾳ
1854 5455 1916 5507 τὸ

2017 4551 2114 4603 est,
2146 4538 2289 4591 tradi
2324 4552 2440 4591 vero
2465 4538 2604 4603 ipsos
2641 4534 2806 4587 multo
2834 4535 3005 4587 minus
3038 4533 3185 4601 factu
3214 4534 3479 4602 possibile.

2088 4632 2225 4686 Cum
2254 4630 2360 4682 hoc
2419 4640 2685 4694 responso
2726 4624 2942 4678 dimissi
3006 4623 3354 4692 imperatoris
3408 4623 3589 4692 legati,

2020 4723 2085 4775 ad
2148 4734 2269 4775 eum
2332 4719 2516 4771 omnia
2577 4715 2910 4779 renuntiant,
2975 4727 3097 4780 qua:
3137 4714 3241 4780 ipsi
3294 4715 3411 4767 visa
3461 4725 3587 4768 sunt

2016 4826 2231 4881 aspera.
2268 4810 2448 4875 Quare
2480 4807 2662 4861 animo
2694 4821 2853 4873 aeger,
2887 4818 3204 4872 memorque
3236 4820 3426 4857 eorum
3471 4818 3588 4875 qua:

2019 4902 2333 4972 nuperrime
2366 4907 2638 4953 transacta
2684 4903 2841 4950 erant
2875 4910 2996 4949 cum
3046 4892 3354 4963 Mustapba,
3389 4897 3479 4964 qui
3537 4898 3588 4950 in

2018 4996 2224 5049 Lemno
2275 4992 2458 5045 insula
2511 4987 2976 5046 commorabatur,
3034 5003 3098 5041 ex
3127 5002 3237 5055 quo
3288 4988 3415 5041 illuc
3458 4987 3592 5041 rele-

2020 5096 2180 5154 gatus
2204 5083 2416 5141 fuerat,
2474 5080 2538 5131 ad
2562 5093 2623 5132 se
2656 5077 2842 5131 venire
2896 5077 3052 5146 jubet
3109 5077 3442 5131 Demetrium
3491 5077 3595 5132 La-

2022 5175 2222 5229 scarim
2261 5171 2636 5231 Leontarium,
2668 5169 2870 5231 virum,
2915 5176 2973 5222 ut
3010 5184 3199 5223 verum
3235 5170 3434 5232 dicam,
3485 5170 3595 5224 lor-

2024 5266 2299 5323 tissimum
2330 5263 2456 5317 belli
2485 5262 2702 5324 ducem,
2733 5261 2825 5329 qui
2847 5260 3234 5314 Lacedazmone
3262 5268 3314 5313 et
3343 5260 3396 5312 in
3420 5260 3595 5315 Thes-

2024 5360 2161 5415 salia
2196 5356 2384 5411 multis
2405 5353 2573 5407 animi
2607 5353 2692 5405 sui
2746 5350 3116 5404 fortitudinem
3176 5349 3592 5418 approbaverat,

2022 5452 2152 5505 dum
2193 5449 2328 5502 vixit
2353 5454 2406 5502 et
2435 5443 2682 5515 regnavit
2740 5442 2793 5496 in
2827 5441 2935 5496 illis
2971 5439 3209 5498 Joannes
3258 5440 3592 5511 Palaeologus

1544 5567 1832 5629 lsmaelis
1867 5562 2169 5628 Bullialdi
2208 5566 2390 5622 nota».

426 5706 503 5779 (5)
529 5703 947 5772 Παλαιολόγον
972 5700 1284 5770 Λαχηνήν.
1308 5696 1474 5763 Infra,
1501 5710 1621 5775 pag,
1649 5694 1766 5757 10‘2,
1798 5694 1905 5762 Λαχ

2009 5708 2075 5761 γα,
2106 5697 2160 5740 ιιι
2194 5687 2281 5742 alii
2306 5686 2494 5749 etiam,
2527 5683 2783 5754 appellat.
