3962 6204
409 206 525 275 9T3

1598 209 1977 277 HISTORIA
2017 210 2476 275 BYZANTINA.

3558 218 3668 284 974

417 323 595 391 γέρων
619 337 634 353 ο
666 322 697 374 6
739 320 797 375 δὲ
847 321 1101 390 Ἰωάννης
1143 324 1174 378 6
1212 323 1468 397 βασιλεὺς
1520 328 1805 399 ἠσχολεῖτο
1849 330 1983 401 πρὸς

2092 329 2405 386 valetudine
2443 329 2764 400 aﬂlictusin
2803 331 3125 391 veneranda:
3153 330 3442 405 (Virginis)
3472 347 3669 388 ηιοιιι-

416 412 486 467 τὰ
510 411 789 485 ἁντίμαχα
819 413 921 483 τῆς
967 414 1193 484 πόλεως,
1218 418 1314 474 καὶ
1346 419 1513 491 μέρος
1542 421 1652 475 τῶν
1680 423 1987 492 ἀρχόντων,

414 506 510 560 καὶ
542 506 605 559 τὺ
642 505 1012 577 βασμουλικδν
1052 509 1203 565 ἅπαν
1235 513 1577 584 κατεϐόησαν
1626 516 1771 569 κατὰ
1820 517 1988 571 αὑτοῦ

362 592 384 615 ⁸
414 595 606 669 ὕϐρεις
662 598 759 653 καὶ
809 598 1085 669 λοιδορίας
1123 605 1423 674 ἐκχέοντες.
1458 607 1595 661 Τότε
1646 609 1675 662 6
1726 607 1987 679 βασιλεὺς

410 689 652 754 ἀκούσας
679 692 783 763 τὴν
800 696 1047 768 ταραχὴν
1076 697 1269 769 ἠρώτα
1304 701 1362 754 τι
1392 698 1453 754 τὺ
1483 702 1796 772 γενόμενον.
1834 704 1898 756 οι
1929 703 1989 756 δὲ

416 783 773 855 περίστησαν
819 787 969 858 αὐτῷ
1017 789 1110 843 τὸν
1150 791 1443 862 ἄνθρωπον
1492 793 1858 865 διηγούμενον
1917 796 1989 850 τὰ

417 878 548 947 περὶ
588 876 692 945 τῆς
740 881 1054 951 προδοσίας.
1084 883 1267 939 Θέλων
1307 886 1366 940 δὲ
1414 889 1444 941 6
1497 889 1759 958 βασιλεὺς
1810 906 1987 945 κατα-

413 966 656 1038 πραῧναι
688 969 870 1041 ὄχλον,
899 974 1156 1029 ἐκέλευσε
1205 980 1630 1051 περιορισοῆναι
1664 981 1759 1035 τὸν
1786 981 1986 1035 Θεολό-

413 1076 532 1129 γον,
573 1062 664 1114 καὶ
716 1065 814 1117 σὺν
857 1065 1007 1135 αὐτῷ
1056 1067 1148 1123 τὸν
1191 1069 1459 1140 προδότην
1507 1071 1696 1140 αὑτοῦ,
1746 1074 1834 1128 ἵνα
1886 1075 1987 1136 τὴν

413 1149 603 1219 αὔριον
630 1151 798 1224 ετάσῃ
833 1153 934 1224 τὴν
980 1156 1258 1227 ἀλήθειαν.
1293 1161 1355 1213 οι
1384 1160 1441 1215 δὲ
1483 1162 1702 1234 Κρῆτες
1739 1164 1896 1230 ὄντες
1926 1166 1986 1218 ἐν

411 1246 479 1315 τῇ
519 1243 773 1317 βασιλικῇ
802 1246 943 1319 πύλῃ
973 1250 1236 1319 φύλακες,
1277 1254 1372 1309 καὶ
1414 1256 1753 1322 ἀκούσαντες
1785 1258 1857 1313 τὰ
1886 1260 1984 1330 τῆς

411 1336 703 1407 armenia;
738 1338 976 1410 ἔδραμον
1017 1341 1270 1411 λέγοντες
1304 1347 1384 1418 τῷ
1426 1348 1637 1418 βασιλεῖ
1678 1347 1844 1421 (ἦσαν
1873 1351 1984 1424 γὰρ

410 1428 460 1480 οἱ
488 1427 702 1499 Κρῆτες
754 1432 841 1484 ἀεὶ
878 1434 1193 1490 πιστότατοι
1242 1441 1337 1492 καὶ
1381 1440 1546 1511 ζῆλον
1594 1442 1737 1499 θεῖον
1766 1445 1985 1515 ἔχοντες

411 1518 549 1589 πρὸς
580 1519 646 1572 τὰ
693 1522 890 1593 τεμένη
939 1524 1136 1591 ἁγίων,
1169 1529 1264 1581 καὶ
1300 1531 1384 1592 εις
1414 1530 1485 1585 τὰ
1531 1533 1682 1600 σφῶν
1729 1535 2003 1605 λείψανα,

412 1608 507 1661 καὶ
542 1609 622 1671 εις
655 1609 715 1662 τὸ
746 1610 1020 1678 βασίλειον
1066 1616 1165 1686 τῆς
1199 1619 1455 1685 πόλεως),
1488 1621 1644 1676 εἷπον
1672 1621 1766 1680 οὖν
1794 1628 1943 1697 αὐτῷ
1963 1644 1979 1661 ο

410 1695 487 1754 Ὠ
532 1702 823 1772 βασιλεῦ,
867 1706 1085 1763 ἄδικόν
1136 1712 1271 1766 ἐστι
1314 1713 1474 1783 ἡμᾶς
1526 1714 1822 1787 προτιμᾷν
1870 1688 1987 1789 ei‘jr
2019 1688 2060 1741 Β

411 1792 596 1845 πόλιν
630 1795 784 1864 ὑπὲρ
825 1797 942 1867 τὴν
987 1801 1426 1874 ἐνεγκαμένην,
1475 1808 1576 1862 καὶ
1622 1812 1830 1865 ποθεῖν
1878 1810 1985 1870 τοῦ

411 1884 717 1957 ἐκκεῖσθαι
767 1891 835 1944 τὸ
880 1890 1030 1963 αᾷια
1083 1898 1255 1965 ἡμῶν
1282 1901 1438 1968 ὑπὲρ
1468 1901 1578 1971 τῆς
1618 1904 1988 1969 βασιλευού-

412 1990 567 2045 σης·
604 1980 661 2033 οι
716 1981 769 2033 δ’
817 1985 1206 2053 αὐτόχθονες,
1238 1992 1341 2044 καὶ
1397 1995 1452 2047 οι
1496 1994 1563 2047 τὸ
1612 1997 1889 2062 εὐδοξεῖν
1918 2000 1986 2055 ἐκ

412 2069 636 2137 ταύτης
683 2072 950 2147 exortae.
991 2074 1145 2132 εἶναι
1198 2083 1487 2147 προδόται
1519 2087 1637 2140 τῶν
1676 2090 1852 2143 θείων
1874 2110 1988 2160 μυ·

412 2162 695 2229 amplior,
733 2164 832 2219 καὶ
865 2163 971 2232 τῆς
993 2168 1317 2238 βασιλείας
1355 2188 1493 2228 σου.
1536 2175 1847 2233 Κέλευσον
1874 2176 1988 2236 οὖν

414 2251 515 2304 ἵνα
553 2254 998 2321 παραδώσωσιν
1030 2261 1119 2325 εις
1168 2263 1373 2331 χεῖρας
1400 2267 1570 2335 ήμῶν
1615 2271 1722 2324 τὸν
1769 2275 1985 2328 Θεολύ-

412 2360 543 2411 γον,
578 2346 677 2399 καὶ
710 2348 882 2416 ἡμεῖς
908 2350 1282 2423 ἐξετάσομεν
1303 2358 1556 2426 ἀκριϐῶς
1586 2364 1659 2416 τὰ
1684 2366 1814 2434 περὶ
1857 2368 1988 2420 τού-

411 2452 539 2492 του,
577 2437 636 2491 ’0
677 2440 734 2493 δὲ
768 2440 1025 2510 βασιλεὺς
1076 2444 1438 2517 ἀπεκρίνατοο
1490 2452 1629 2519 Ἐγὼ
1679 2455 1779 2524 μὲν
1808 2457 1988 2511 δειλιῶ

413 2529 490 2598 μί)
536 2546 651 2591 πως
697 2534 839 2586 κατὰ
892 2533 1085 2603 φθόνον
1124 2539 1429 2594 κινδυνεύει
1472 2543 1498 2594 6
1550 2543 1840 2614 ἄνθρωπος
1866 2564 1882 2579 ο
1917 2552 1989 2603 Et

410 2621 521 2689 γὰρ
570 2622 907 2691 ἐγίνωσκον
964 2626 1053 2680 ὅτι
1110 2628 1181 2681 ἐν
1231 2630 1487 2701 ἀληθείᾳ
1544 2638 1841 2703 στρεϐλὸς
1885 2636 1985 2710 ἦν,

408 2712 564 2781 αὐτῇ
622 2714 697 2787 τῇ
753 2715 873 2784 ὥρᾳ
922 2719 1314 2781 κατεδίκαζον
1372 2727 1674 2794 αἰσχίστῳ
1726 2731 1984 2798 θανάτῳ.

414 2806 629 2873 Ἀρατε
690 2804 805 2864 οὖν
866 2811 1036 2879 ὑμεῖς
1092 2814 1192 2867 καὶ
1244 2816 1583 2887 ἐξετάσειε,
1620 2824 1721 2876 καὶ
1775 2828 1827 2878 εὶ
1873 2827 1989 2893 μὲν

408 2898 621 2963 ἀθῶος,
658 2902 879 2970 dicere.
927 2907 978 2958 et
1026 2904 1095 2957 δὲ
1145 2907 1244 2963 ἐπὶ
1297 2908 1377 2974 τῷ
1421 2914 1677 2982 κρίματι,
1720 2919 1988 2974 τισάσθω

406 2987 523 3055 τὴν
581 2994 883 3060 τιμωρίαν.
931 2994 1207 3062 Λαϐόντες
1277 2998 1369 3054 οὖν
1426 3003 1519 3056 τὸν
1565 3004 1831 3075 Θεολόγον
1888 3012 1983 3063 καὶ
2013 3036 2054 3092 c

410 3078 769 3145 ἐξετάσαντες
811 3084 1078 3153 ἀκριϐῶς,
1109 3088 1208 3142 καὶ
1261 3090 1351 3143 διὰ
1406 3096 1711 3164 τιμωριῶν,
1747 3102 1844 3152 καὶ
1894 3100 1983 3154 διὰ

413 3173 655 3240 σημείων
684 3174 868 3241 τινῶν,
897 3173 970 3231 ὧν
1012 3181 1411 3252 ἐρευνήσαντες
1450 3185 1612 3257 εὖρον
1652 3191 1709 3243 ὲν
1742 3191 1820 3261 τῷ
1847 3193 1983 3263 οἴκῳ

412 3258 576 3309 αὐτοῦ
620 3260 852 3331 διάφορα
906 3266 1076 3337 σκεύη
1130 3272 1311 3338 χρυσᾶ
1337 3290 1397 3324 τε
1463 3278 1561 3330 καὶ
1599 3258 1842 3351 ἀργυρᾶ,
1890 3258 1986 3335 καὶ

415 3344 800 3415 χρυσιιΰφαντα
835 3351 1038 3418 πέπλοι,
1075 3359 1170 3409 καὶ
1221 3360 1538 3430 ἐγγράφους
1579 3344 1885 3435 ἀποδέξεις
1917 3373 1985 3435 ἃς

412 3442 588 3496 incisi
632 3444 769 3499 κατὰ
816 3444 911 3498 τοῦ
950 3446 1253 3516 βασιλέως·
1293 3452 1363 3508 τὰ
1411 3454 1468 3506 δὲ
1516 3460 1684 3529 σκεύη
1739 3461 1986 3518 ἐδίδοσαν

413 3536 563 3608 παρὰ
591 3536 684 3590 τοῦ
714 3537 978 3608 βασιλέως
1009 3541 1085 3605 ὡς
1119 3543 1576 3616 ἀποκομισόμενα
1608 3552 1686 3621 τῷ
1730 3553 1983 3624 Τούρκῳ⁹

410 3628 438 3678 6
467 3628 512 3681 δ’
545 3630 704 3693 αὐτὸς
751 3631 1072 3700 ὲνοσφίζετο
1115 3635 1291 3689 ταῦτα
1313 3654 1326 3670 ·
1358 3638 1481 3691 τότε
1537 3641 1586 3693 oi
1644 3642 1864 3713 Κρῆτες
1895 3647 1989 3699 σύ-

415 3737 609 3788 ραντες
638 3723 800 3776 αὑτὸν
840 3724 929 3778 διὰ
961 3725 1062 3797 τῆς
1092 3727 1372 3801 λεωφόρου
1415 3731 1524 3796 ἕως
1553 3734 1651 3806 τῆς
1680 3737 1858 3809 πύλης
1887 3742 1986 3810 τῆς

412 3813 718 3883 βασιλικῆς,
746 3817 863 3868 ἐκεῖ
905 3820 1034 3881 τοὺς
1073 3819 1389 3891 ὀφθαλμοὺς
1431 3826 1814 3897 ὲξορύττουσιν
1846 3832 1985 3903 ἀνη-

409 3907 545 3970 λεῶς
575 3909 671 3962 καὶ
696 3909 1119 3981 ἀπανθρώπωςο
1162 3916 1309 3970 οὕτω
1348 3920 1457 3990 γὰρ
1503 3922 1812 3994 ἐξέγλυψαν
1857 3929 1986 3993 τοὺς

354 3992 357 3993 ν
408 3999 721 4070 ὀφθαλμοὺς
762 4002 952 4070 αὐτοῦ,
983 4004 1060 4069 ὡς
1105 4007 1242 4079 μηδὲ
1294 4010 1469 4064 τύπον
1514 3992 1810 4080 φαίνεσθαι
1862 3992 1985 4087 βλεέ

409 4093 598 4160 φάρων
641 4093 673 4163 ἢ
709 4093 999 4164 δέρματος.
1030 4098 1294 4163 Βαλόντες
1330 4102 1517 4156 τοίνυν
1557 4105 1614 4157 ἐν
1654 4110 1722 4177 τῇ
1765 4109 1983 4182 φυλακῇ

408 4186 659 4254 ἑν,τρισὶ
703 4188 941 4257 ἡμέραις
986 4190 1263 4245 ἀπέθανεο
1308 4194 1409 4263 τὴν
1463 4197 1521 4249 δὲ
1581 4199 1761 4253 οἰκίαν
1814 4203 1981 4255 αὑτοῦ

405 4273 780 4345 δημεύσαντες
838 4280 1152 4353 ἐνέπρησαν
1221 4284 1390 4340 πολὺν
1449 4288 1724 4360 θησαυρὸν
1782 4293 1983 4362 γέμου-

409 4382 528 4423 σαν.

491 4637 548 4689 Ὀ
579 4638 801 4707 Μουράτ
847 4639 938 4695 οὖν
968 4643 1210 4707 ἀκούσας
1249 4646 1340 4701 τὸν
1375 4646 1607 4705 θάνατον
1656 4655 1753 4709 τοῦ
1787 4657 1978 4712 Θεολύ-

409 4744 529 4793 γου,
574 4733 668 4783 καὶ
715 4731 798 4795 τίς
840 4733 874 4803 ἠ
920 4734 1072 4787 αἰτία
1100 4736 1194 4788 τοῦ
1252 4738 1439 4805 φόνου,
1475 4742 1733 4814 ὲουμὼθη
1779 4764 1835 4799 τε
1888 4753 1983 4802 καὶ

409 4819 678 4892 ἐλυπήθη,
714 4824 807 4877 καί
849 4843 994 4889 τινες
1041 4829 1365 4901 παρέδωκαν
1418 4835 1499 4895 εἰς
1550 4835 1735 4902 αὐτὶν,
1784 4839 1860 4900 ὡς
1899 4843 1983 4894 ὅτι

410 4914 582 4977 αἴτιος
619 4916 711 4967 τοῦ
746 4917 908 4984 φόνου
952 4919 1047 4972 τοῦ
1082 4921 1348 4991 Κὼρακος
1380 4925 1480 4977 οὐκ
1522 4920 1591 4995 ἦν
1625 4927 1786 4991 ἄλλος
1818 4934 1865 4983 εἰ
1904 4932 1980 5002 μὴ

408 5006 625 5074 Μιχαὴλ
649 5009 675 5059 ὁ
710 5007 945 5078 Πύλλης.
978 5004 1147 5074 Οὗτος
1194 5013 1301 5083 γὰρ
1329 5016 1356 5065 ὁ
1387 5015 1602 5087 Πύλλης
1628 5013 1697 5090 ἦν
1732 5019 1790 5084 ἐξ
1827 5022 1984 5089 Ἐφέ-

445 5114 504 5148 ου
541 5099 813 5168 Ῥωμαῖος
856 5104 1005 5169 γένει
1054 5103 1140 5175 [τὸ
1182 5106 1378 5177 γένος],
1407 5109 1469 5161 τὸ
1519 5110 1683 5175 σέϐας
1718 5112 1981 5181 Χριστια-

438 5190 517 5252 δς,
546 5190 640 5260 τὴν
670 5190 847 5263 ’τύχην
888 5194 945 5258 ἐξ
986 5197 1222 5263 εὐγενῶν
1265 5200 1361 5268 τῆς
1406 5201 1579 5270 αὐτῆς
1610 5205 1819 5267 πόλεως
1841 5222 1854 5237 ⁸
1882 5208 1980 5278 τὴν

409 5282 604 5351 τέχνην
638 5288 729 5337 καὶ
763 5288 823 5338 τὸ
849 5289 1186 5357 ἐπιτήδευμα
1230 5295 1478 5361 γραφεὺς
1524 5297 1581 5346 ἐν
1624 5296 1701 5365 τῷ
1732 5299 1977 5369 παλατὶῳ

410 5374 500 5423 τοῦ
534 5376 804 5445 ἡγεμόνος
855 5381 911 5430 ὲν
963 5382 1256 5448 γράμμασι
1295 5384 1629 5453 Ῥωμαϊκοῖς
1662 5392 1757 5442 καὶ
1811 5390 1978 5461 Ἀρα-

410 5462 587 5526 ϐικοῖς
616 5484 631 5498 ·
686 5467 785 5537 τὴν
833 5469 1029 5538 πρᾶξιν
1078 5474 1168 5523 καὶ
1213 5472 1303 5523 τὸν
1352 5476 1555 5544 τρόπον
1611 5476 1971 5550 δύσχρηστος,

410 5553 630 5621 λάγνος,
664 5557 893 5623 ἄσωτος,
923 5562 1011 5612 καὶ
1043 5562 1415 5631 παμὸἑὸηλος.
1449 5560 1619 5630 Οὗτος
1650 5569 1825 5622 συνὼν
1851 5575 1974 5627 τότε

405 5647 483 5714 τῷ
521 5646 791 5716 τυράννῳ,
828 5650 1150 5715 παρέδωκαν
1199 5653 1359 5705 αύτδν
1407 5653 1677 5726 λέγοντες,
1711 5658 1791 5710 ὅτι
1822 5654 1945 5715 οἷ)το

1954 5681 1975 5726 ς

2092 424 2266 487 sterio
2284 423 2589 491 habitabat,
2623 425 2883 483 discessit
2909 427 3247 500 Theologus,
3288 427 3532 483 Joannes
3562 428 3668 482 im-

2092 523 2337 585 perator,
2386 516 2482 586 qui
2533 516 2603 574 ad
2640 521 3076 589 propulsandum
3113 522 3351 576 hostium
3398 520 3663 590 impetum

2089 606 2338 662 intentus
2371 617 2513 669 erat,
2542 610 2815 678 primores
2858 611 3011 668 urbis
3044 613 3277 683 aliquot,
3305 614 3550 683 levisque
3575 628 3669 667 ar-

2093 708 2318 753 matum
2350 701 2550 757 milites
2591 702 2758 757 simul
2817 705 3170 761 vociferando
3214 708 3583 762 contumelias
3614 715 3671 759 et

2089 790 2291 860 probra
2311 791 2367 845 in
2397 807 2520 847 eum
2547 792 2846 863 iaciebant.
2878 793 2993 850 Iluc
3025 798 3259 853 tumultu
3287 800 3533 867 cognito,
3556 797 3671 852 Ma-

2090 881 2219 936 nuel
2254 882 2385 952 quid
2430 884 2746 953 contigerit,
2782 886 3087 959 interrogat
3116 907 3131 944 :
3168 900 3282 945 tum
3315 892 3407 961 qui
3437 892 3669 947 aderant

2085 986 2215 1027 eum
2247 974 2340 1044 qui
2389 975 2757 1045 proditionem
2794 989 3112 1046 aperuerat,
3154 996 3341 1037 coram
3407 984 3529 1050 ipso
3574 984 3669 1037 ad-

2089 1063 2322 1122 ducunt.
2370 1066 2694 1123 Tumultum
2732 1070 2926 1125 sedare
2975 1072 3143 1127 istum
3178 1075 3394 1129 volebat
3425 1075 3664 1139 Manuel,

2082 1153 2366 1225 jussitque
2395 1154 2732 1228 Theologum
2751 1156 2980 1228 ejusque
2997 1169 3374 1215 accusatorem
3402 1162 3457 1217 in
3484 1172 3673 1217 custo—

2087 1246 2178 1301 dia
2215 1244 2427 1315 haberi,
2464 1259 2524 1304 ut
2579 1252 2845 1320 postridie
2878 1253 3012 1323 quid
3046 1254 3123 1309 rei
3159 1254 3252 1320 sit,
3284 1256 3433 1311 clare
3467 1272 3671 1325 (εοεηο-

2086 1355 2245 1395 scere
2293 1346 2486 1412 possit.
2525 1342 2816 1399 Cretenses
2873 1360 3037 1413 porro
3084 1347 3176 1416 qui
3215 1348 3280 1401 ad
3319 1348 3667 1417 imperatoris

2087 1438 2301 1499 portam
2329 1433 2698 1499 excubabant,
2736 1436 2926 1491 audito
2966 1437 3034 1491 de
3078 1439 3389 1507 proditione
3420 1455 3666 1503 rumore.

2086 1534 2213 1576 eum
2237 1523 2529 1580 allocuturi
2559 1541 2834 1582 concursu
2858 1527 3001 1583 facto
3027 1520 3229 1584 adeunt
3263 1530 3664 1599 (ﬁdeliSsimam

2090 1631 2487 1686 usquequaque
2535 1633 2759 1687 operam
2813 1630 3147 1677 navaverant
3178 1621 3489 1686 Cretenses,
3536 1638 3669 1693 erga

2093 1707 2287 1776 templa
2309 1719 2627 1765 sanctorum
2647 1725 2951 1781 eorumque
2976 1713 3236 1783 reliquias
3260 1729 3447 1769 amore
3479 1714 3669 1769 divino

2089 1798 2414 1867 ﬂagrabant,
2436 1800 2700 1865 urbisque
2735 1804 3074 1873 majestatem
3115 1805 3528 1875 imperatoriam
3563 1806 3667 1862 sal-

2090 1905 2213 1943 vam
2250 1906 2375 1950 esse
2400 1894 2754 1950 vehementer
2792 1896 3146 1966 cupiebant);
3174 1898 3252 1951 illi
3292 1899 3479 1968 itaque
3512 1899 3667 1954 dixe-

2090 1990 2218 2035 runt
2261 2000 2273 2036 :
2309 1982 2636 2053 Imperator,
2669 1987 2813 2041 haud
2846 2004 3055 2059 trquum
3082 2000 3159 2044 est
3196 1991 3333 2045 hanc
3363 1994 3541 2046 urbem
3570 2010 3668 2061 pa-

2090 2075 2208 2128 tria:
2243 2093 2336 2130 nos
2355 2078 2627 2147 praeferre,
2665 2092 2715 2134 et
2745 2082 3023 2152 sanguinis
3055 2086 3221 2138 nostri
3254 2102 3346 2152 pro
3380 2086 3536 2154 hujus
3574 2103 3666 2138 ur-

2090 2168 2170 2221 bis
2192 2170 2553 2233 imperatoria:
2580 2174 2745 2228 tutela
2776 2192 2870 2229 nos
2909 2191 3021 2230 esse
3046 2180 3297 2247 prodigos
3334 2197 3346 2232 :
3387 2179 3667 2251 indigenas

2089 2277 2229 2325 vero,
2266 2266 2458 2333 quique
2495 2270 2676 2337 gratia
2705 2278 2754 2321 et
2810 2274 3138 2326 auctoritate
3172 2274 3225 2326 in
3261 2290 3325 2327 ea
3359 2274 3559 2339 valent,
3588 2276 3668 2328 di-

2090 2354 2209 2407 vina
2242 2360 2495 2423 mysteria
2517 2361 2900 2432 imperiumque
2930 2371 3076 2418 tuum
3108 2366 3329 2433 prodere
3362 2368 3507 2421 velle.
3536 2367 3667 2422 lube

2090 2445 2256 2514 igitur
2283 2446 2601 2519 Theologum
2627 2453 2776 2507 nobis
2806 2456 2971 2522 trudi,
3004 2458 3240 2510 exantini
3269 2473 3527 2514 accurato
3561 2478 3667 2514 rem

2093 2545 2261 2589 totam
2315 2540 2681 2609 subjiciemus.
2737 2544 3041 2609 Respondit
3095 2550 3401 2618 imperatur
3455 2552 3667 2607 Manucl

2091 2628 2272 2683 vereri
2303 2644 2384 2693 se,
2423 2639 2479 2685 ut
2515 2633 2718 2688 invidia
2751 2651 3049 2706 oppressus
3073 2640 3177 2696 iste
3207 2642 3261 2695 in
3295 2643 3420 2699 vitae
3450 2649 3667 2713 pericu-

2094 2715 2202 2769 lum
2237 2717 2567 2783 adducatur,
2606 2723 2802 2794 hisque
2831 2728 2960 2782 talia
2990 2732 3158 2785 verba
3197 2733 3400 2804 adjecit
3434 2754 3447 2788 :
3484 2737 3545 2790 Si
3592 2754 3659 2790 re-

2091 2824 2214 2861 vera
2247 2814 2601 2879 cognovissent
2630 2817 2845 2872 sceleris
2876 2822 3110 2890 cujusvis
3146 2843 3315 2888 reum,
3349 2830 3523 2882 subito
3556 2842 3666 2884 lur-

2090 2900 2313 2967 pissima
2339 2911 2505 2957 morte
2537 2922 2656 2959 eum
2694 2910 3031 2967 multassem.
3062 2916 3134 2970 De
3171 2919 3263 2973 illo
3291 2922 3469 2991 itaque
3498 2925 3667 2977 vincto

2092 2992 2411 3057 cognoscite,
2442 3002 2493 3046 et
2523 2999 2870 3062 qttwstionem
2926 3004 3130 3061 habete.
3167 3004 3438 3078 Siquidem
3488 3015 3667 3071 insons

2088 3081 2268 3149 fuerit,
2308 3083 2585 3142 absolvite.
2630 3086 2691 3142 Si
2721 3107 2841 3144 reus
2874 3096 3169 3165 peragitur,
3200 3118 3380 3168 poenas
3415 3106 3552 3162 luat.
3596 3110 3668 3163 De

2088 3172 2367 3247 Theologo
2393 3177 2583 3248 igitur,
2610 3182 2704 3250 qui
2739 3183 2793 3236 in
2828 3187 3066 3244 vinculis
3083 3202 3220 3257 erat,
3246 3193 3541 3266 diligenter
3570 3218 3666 3257 an-

2087 3268 2325 3337 quiritur
2365 3276 2655 3329 tormentis
2705 3275 2965 3335 adhibitis
3000 3298 3015 3335 :
3073 3293 3126 3337 et
3166 3286 3368 3342 indicia
3414 3294 3664 3361 quaedam

2087 3372 2275 3416 exacte
2310 3362 2721 3431 inquirentibus
2773 3381 3092 3436 patuerunt,
3150 3376 3391 3435 inventis
3433 3382 3489 3437 in
3542 3385 3664 3455 ejus

2089 3451 2253 3506 domo
2299 3455 2449 3509 vasis
2514 3458 2719 3524 aureis,
2758 3465 3147 3534 argenteisque
3208 3474 3661 3543 quamplurimis.

2090 3544 2330 3598 vestibus
2345 3545 2507 3599 etiam
2531 3563 2665 3603 auro
2691 3549 2940 3617 intextis,
2961 3557 3185 3626 scriptis
3216 3561 3442 3632 insuper
3468 3567 3520 3620 in
3557 3569 3663 3622 im-

2089 3646 2394 3701 peratorem
2457 3638 2604 3691 haud
2664 3640 2827 3696 dubie
2878 3648 3227 3713 compositis.
3281 3652 3374 3706 Illa
3409 3658 3666 3723 equidem

2090 3737 2215 3778 vasa
2274 3727 2342 3781 ab
2406 3727 2734 3798 imperatore
2767 3733 2871 3802 ipsi
2910 3736 3112 3791 tradita
3146 3751 3329 3810 erant,
3365 3755 3423 3800 ut
3466 3746 3665 3805 Turcis

2088 3830 2276 3886 postea
2313 3823 2566 3887 donaret,
2614 3839 2737 3892 quae
2764 3824 2911 3880 furto
2946 3829 3188 3887 admisso
3216 3837 3357 3904 apud
3387 3854 3447 3894 sc
3477 3847 3632 3897 oceul
3662 3878 3669 3883 -

2088 3912 2261 3965 tabat.
2286 3912 2438 3966 Tunc
2470 3913 2758 3973 Cretentes
2788 3920 2853 3973 ad
2876 3930 3088 3989 portam
3138 3928 3324 3996 palatii
3367 3933 3667 4004 imperato-

2090 4005 2167 4057 ris
2192 4005 2281 4057 svia
2322 4013 2520 4072 tracto,
2578 4010 2772 4066 oculos
2830 4013 3053 4070 immani
3109 4028 3163 4073 et
3216 4022 3285 4077 ab
3322 4025 3665 4087 humanitate

2089 4109 2317 4164 prorsus
2352 4099 2526 4152 aliena
2557 4102 2790 4168 saevitia,
2822 4105 3112 4166 ellodiunt.
3146 4111 3297 4177 Quos
3328 4118 3408 4171 sic
3437 4125 3660 4177 exscul-

2088 4195 2337 4250 pserunt,
2386 4198 2440 4240 ut
2490 4204 2559 4242 ne
2602 4194 2831 4262 vestigia
2888 4197 3109 4265 quidem
3143 4204 3534 4273 palpebrarum
3576 4216 3661 4269 vel

2093 4276 2253 4348 104
2308 4281 2450 4335 cutis
2504 4290 2856 4351 apparerent.
2893 4288 3187 4360 Conjectus
3214 4296 3412 4357 deinde
3445 4303 3495 4359 in
3534 4322 3663 4361 car-

2013 4378 2268 4433 ncerem
2331 4382 2455 4441 post
2508 4374 2749 4428 triduum
2809 4380 3083 4438 moritur:
3140 4387 3405 4460 ejusque'
3440 4395 3661 4465 domus,

2089 4462 2275 4517 multis
2308 4464 2581 4522 thesauris
2609 4468 2699 4537 qui
2732 4468 2786 4524 in
2815 4486 2878 4525 ea
2928 4487 3080 4531 erant
3117 4480 3369 4552 direptis,
3403 4462 3662 4547 incendio

2085 4553 2316 4609 deletur.

2154 4647 2435 4729 intellecta
2459 4652 2722 4725 Theologi
2747 4657 2913 4722 caede,
2942 4663 3171 4732 ejusque
3192 4683 3382 4736 causa,
3419 4674 3660 4734 Morates

2085 4739 2162 4792 ira
2190 4756 2254 4796 ac
2294 4743 2483 4798 dolore
2515 4760 2783 4804 accensus
2823 4762 2937 4818 est;
2967 4758 3054 4808 cui
3098 4772 3402 4828 suggerunt
3433 4768 3655 4835 quidam

2084 4830 2250 4883 alium
2282 4848 2390 4886 non
2422 4850 2545 4890 esse
2584 4839 2745 4906 hujus
2791 4843 2957 4898 Caedis
3017 4858 3295 4902 auctorem
3330 4830 3526 4921 prater
3554 4859 3658 4913 Mi-

2085 4922 2328 4975 chaelem
2362 4924 2575 4993 Pyllim.
2626 4928 2725 4983 llic
2774 4932 2955 5001 Pylles
2994 4936 3262 5005 Ephesius
3304 4954 3424 5000 erat
3456 4964 3661 5018 genere

2086 5012 2361 5077 nummus,
2401 5018 2506 5070 ritu
2540 5018 2915 5090 Christianus,
2957 5042 3022 5080 ex
3059 5028 3211 5084 illius
3264 5037 3415 5089 urbis
3449 5037 3658 5099 familia

2085 5105 2557 5163 nobilioriundus.
2603 5111 2877 5172 Ronmicm
2906 5129 2961 5173 et
2992 5123 3240 5179 Arabica:
3278 5128 3477 5199 lingua:
3514 5135 3657 5202 peri-

2087 5204 2174 5251 tus
2204 5199 2471 5267 scriptum
2506 5201 2559 5256 in
2594 5206 2838 5275 praefecti
2879 5211 3083 5277 palatio
3114 5214 3369 5275 faciebat.
3410 5199 3653 5284 Moribus

2083 5303 2247 5357 porro
2280 5295 2557 5362 corruptis
2594 5312 2658 5352 ac
2690 5300 2978 5369 improbis,
3011 5305 3225 5362 luxuria
3280 5327 3344 5368 ac
3380 5316 3653 5389 intempe-

2084 5384 2265 5437 rantia
2296 5383 2599 5455 difﬂuebat,
2654 5392 2992 5464 omninoque
3038 5400 3302 5468 profanus
3339 5418 3473 5462 erat.
3515 5383 3654 5469 Eum

2084 5473 2138 5529 in
2170 5478 2386 5546 tyranni
2416 5479 2539 5533 aula
2564 5490 2692 5537 tunc
2719 5498 3026 5543 versantem
3058 5492 3647 5573 adducum,ar-guunt-

2081 5582 2188 5635 que
2227 5570 2545 5638 imperatori
2592 5574 2849 5642 Manueli,
2902 5590 2962 5635 ut
3002 5582 3181 5641 Corax
3215 5570 3527 5665 'l‘heologus
3558 5616 3654 5654 ur-

2083 5660 2205 5717 bem
2234 5663 2556 5732 proditurus
2582 5676 2720 5738 erat,
2771 5672 3000 5741 epistola
3033 5678 3396 5754 patefecisse;
3420 5660 3652 5759 ejusque
