3962 6204
366 311 475 373 679

1888 320 2105 381 [ΑΜΕ

3518 339 3620 401 9Ὶῦ

364 430 631 496 Ciueites,
669 432 754 487 his
788 433 1161 502 nequidquam
1205 438 1462 501 territus,
1508 440 1755 496 exercitu
1779 442 1919 494 etiam

2051 440 2235 510 ράπαν
2270 440 2347 512 μὴ
2381 441 2616 509 δειλιῶν,
2653 442 2793 513 ἔχων
2831 443 3062 513 στρατὸν
3099 445 3301 511 Ξκανδν,
3339 448 3435 502 καὶ
3464 451 3623 514 αὐτὸς

363 536 557 589 magno
589 522 922 604 conscript’o,
975 541 1151 594 usque
1204 530 1269 582 ad
1314 528 1587 600 Thyatira:
1637 548 1825 599 agrum
1880 535 1935 587 in

358 625 651 664 occursum
699 610 891 669 Halilis
920 618 1297 685 progreditur.
1334 619 1571 691 Uterque
1611 630 1793 677 castra
1826 640 1940 679 me—

360 709 509 755 tatus
537 711 641 767 est,
672 702 743 757 ita
780 713 837 757 ut
863 720 919 759 se
950 707 1181 763 invicem
1236 712 1641 780 conspicerent,
1682 729 1782 767 nec
1812 715 1937 784 plus

360 796 557 851 stadiis
617 798 865 868 quinque
928 802 1075 856 inter
1104 819 1162 857 se
1215 805 1507 861 distarent.
1578 808 1681 863 Ubi
1733 808 1930 873 illuxit,

364 886 432 939 ab
476 895 716 955 utraque
747 900 904 959 parte
955 894 1250 949 classicum
1288 899 1528 965 canitur,
1564 902 1682 955 acie
1733 902 1933 957 deinde

363 978 662 1045 instructa,
697 986 1113 1056 agminibusque
1142 991 1336 1047 ordine
1383 993 1692 1062 dispositis,
1743 997 1934 1062 junior

361 1074 602 1127 filiorum
638 1076 893 1140 Cineitis,
927 1082 1019 1148 qui
1053 1080 1263 1147 Curtis,
1294 1084 1345 1138 id
1384 1095 1469 1140 est
1491 1085 1698 1154 Lupus,
1729 1103 1932 1155 cogno—

359 1168 694 1232 minabatur,
744 1171 1024 1227 scutiferis
1073 1174 1306 1243 aliisque
1364 1179 1582 1245 turmis,
1638 1195 1775 1250 quas
1832 1183 1935 1237 du-

356 1254 539 1320 cebat,
583 1258 824 1327 stipatus
871 1262 924 1315 in
971 1263 1160 1319 hostes
1196 1267 1495 1331 invehitur,
1535 1285 1632 1340 per
1663 1273 1930 1327 mediam-

355 1361 462 1414 que
521 1362 712 1402 eorum
776 1352 950 1407 aciem
1006 1355 1336 1420 perfractam
1390 1362 1535 1414 viam
1596 1363 1722 1427 sibi,
1783 1366 1932 1419 velut

353 1452 506 1505 aper,
549 1441 829 1508 patefecit.
865 1444 935 1497 At
976 1445 1221 1515 legiones
1258 1458 1311 1503 et
1346 1455 1562 1520 agmina
1618 1454 1811 1510 llalilis
1842 1473 1933 1510 ce-

352 1529 532 1584 dcndo
583 1534 807 1590 ordines
842 1550 871 1589 a
910 1538 1107 1607 primis
1136 1541 1201 1595 ad
1257 1542 1481 1598 ultimos
1527 1548 1804 1614 aperiunt,
1854 1549 1927 1602 ita

352 1632 412 1674 ut
443 1623 587 1678 haud
624 1641 823 1695 magno
867 1630 1071 1684 damno
1142 1632 1298 1687 illato
1344 1638 1735 1703 penetraverit.
1790 1640 1926 1693 Tum

352 1712 495 1769 llalil
534 1717 791 1787 imperito
820 1721 927 1776 isto
962 1738 1026 1778 ac
1076 1724 1152 1778 rei
1209 1726 1466 1782 militaris
1500 1729 1689 1796 ignaro
1731 1732 1923 1802 deprco

352 1807 550 1876 hcnso,
611 1813 803 1881 copias
853 1830 984 1871 suas
1045 1816 1102 1871 in
1178 1819 1358 1874 locum
1442 1831 1653 1877 arctum
1741 1827 1927 1880 confe-

352 1900 478 1952 stim
538 1903 1115 1978 traduxit,jussitque
1185 1912 1307 1965 alba
1360 1915 1560 1983 capitis
1608 1927 1924 1987 tegumenta

351 1993 695 2050 abscondere
749 1998 1019 2066 singulos,
1063 2000 1275 2057 Curtim
1339 2006 1529 2061 eadem
1590 2008 1678 2061 via
1711 2024 1921 2074 regres-

351 2101 546 2139 surum
590 2089 866 2158 op’natus.
906 2092 1152 2150 Cineites
1211 2096 1427 2151 interim
1481 2100 1716 2167 primam
1774 2098 1925 2153 Halio

349 2176 419 2229 lis
448 2177 619 2232 aciem
661 2178 868 2235 adoriri
915 2193 1140 2251 paratus
1193 2188 1392 2253 stabat,
1443 2189 1572 2243 dum
1623 2191 1786 2244 simul
1847 2208 1926 2246 re-

350 2284 542 2323 means
604 2270 790 2327 Curtis
855 2274 1103 2333 ultimam
1164 2280 1576 2349 aggrederetur.
1646 2282 1924 2339 Metuebat

348 2362 522 2425 enim,
562 2379 653 2427 ne,
687 2365 732 2419 si
763 2367 877 2434 ipse
908 2378 1057 2425 recta
1094 2369 1304 2425 Curtim
1342 2384 1669 2443 sequeretur
1732 2376 1787 2431 in
1824 2377 1923 2430 lto-

353 2465 469 2510 stes
505 2457 667 2512 etiam
702 2460 907 2522 illatus,
953 2471 1150 2518 caetera
1196 2467 1413 2534 agmina
1438 2469 1835 2535 dilaberentur,
1869 2483 1923 2527 et

351 2547 512 2601 llalili
556 2565 615 2604 se
643 2550 1005 2622 atljungerent
1033 2574 1043 2608 :
1071 2565 1358 2624 propterea
1421 2561 1663 2615 statione
1710 2578 1808 2617 sua
1862 2579 1924 2617 se

346 2657 453 2695 non
482 2644 733 2698 movebat
768 2643 975 2700 Curtim
1000 2650 1394 2718 exspectando.
1435 2651 1533 2708 llic
1558 2664 1740 2709 autem
1768 2656 1920 2709 inso-

346 2731 524 2787 lenter
555 2735 883 2805 superbicns
915 2753 1039 2792 cum
1079 2741 1329 2809 equitatu
1362 2744 1687 2814 ueterisque
1737 2748 1923 2801 militi-

352 2825 457 2879 bus
503 2825 651 2881 lenlo
703 2845 897 2897 gressu
919 2832 1577 2905 revertebaturJamque
1613 2839 1920 2893 stadiorum

348 2917 535 2971 decem
573 2919 771 2975 itinere
815 2924 1023 2977 cursim
1056 2925 1335 2989 confecto,
1357 2928 1537 2984 obviis
1581 2926 1929 2999 quibuscum

347 3026 452 3076 que
481 3011 662 3075 cmsis,
695 3022 863 3076 recta,
894 3030 1001 3084 qua
1039 3029 1359 3084 perrexerat
1390 3022 1497 3087 via,
1559 3025 1741 3078 rediit.
1775 3025 1919 3080 Con-

2044 532 2322 602 ἐξέρχεται
2354 534 2448 585 καὶ
2496 536 2855 605 προσυπαντᾷ
2898 534 2975 604 τῷ
3028 534 3199 589 Χαλὶλ
3228 538 3287 591 ὲν
3313 537 3389 607 τῷ
3421 540 3627 612 κάμπῳ

2042 624 2151 677 τῶν
2207 625 2544 695 Θυατείρων.
2609 627 2719 679 Καὶ
2774 626 3141 690 τεντὼσαντες
3210 630 3308 683 ἀπ’
3373 630 3624 699 ἀλλήλων

2041 717 2271 784 ἀντικρὺ
2300 716 2597 788 ἀπέχοντες
2624 717 2701 781 ὡς
2746 719 2936 771 στάδια
2969 718 3129 771 πέντε
3155 760 3169 781 ,
3202 720 3352 789 πρωῒ
3388 720 3627 789 σαλπίγο

2042 824 2155 873 γων
2184 809 2508 879 ὴχησάντων
2540 810 2870 880 ἀμφοτέρων
2895 812 3006 865 τῶν
3038 812 3242 881 μερῶν,
3274 813 3372 866 καὶ
3403 814 3625 866 πάντων

2041 897 2323 966 ὲνορδίνως
2353 899 2637 964 ταξάντων
2665 900 2763 962 τὰς
2798 900 3112 969 φάλαγγας,
3143 904 3171 955 δ
3201 904 3469 972 νεώτερος
3512 903 3623 958 τῶν

2042 990 2175 1042 υίῶν
2210 989 2399 1055 αὑτοῦ,
2436 991 2496 1054 ὃς
2548 992 2644 1044 καὶ
2694 991 2951 1062 Κούρτης
3006 994 3417 1063 ἐπωνομάζετο,
3448 996 3506 1058 ὃς
3534 996 3625 1049 λέ-

2039 1097 2195 1144 γεται
2242 1081 2424 1145 λύκος,
2462 1082 2659 1136 εἴσεισι
2706 1085 2803 1137 σὺν
2854 1088 2964 1148 τοῖς
3012 1086 3405 1157 ἀσπιδοφόροις
3457 1089 3624 1141 αὑτοῦ

2039 1173 2134 1223 καὶ
2183 1170 2260 1240 τῷ
2295 1171 2469 1240 λοιπῷ
2517 1172 2784 1243 τάγματι,
2819 1176 2913 1227 καὶ
2944 1176 3004 1228 ὲν
3034 1176 3185 1245 μέσῳ
3217 1176 3319 1243 τῆς
3375 1181 3627 1248 παρατά-

2039 1262 2196 1327 ξεως,
2229 1262 2417 1334 ὥσπερ
2452 1257 2515 1326 ὗς
2559 1266 2754 1333 ἄγριος
2797 1266 2973 1336 διέϐη.
3018 1266 3101 1320 Τά
3130 1266 3189 1319 δὲ
3213 1269 3493 1336 τάγματα,
3525 1271 3626 1321 καὶ

2037 1356 2085 1407 οἱ
2130 1355 2397 1422 λεγεῶνες
2439 1356 2534 1410 τοῦ
2584 1358 2754 1410 Χαλὶλ
2784 1359 3291 1428 παραχωρήσαντες
3324 1359 3417 1412 καὶ
3456 1359 3623 1411 τόπον

2035 1443 2217 1506 δόντες
2260 1446 2441 1517 διέϐη,
2477 1448 2643 1515 μέσον
2677 1448 2867 1520 ὀλίγην
2916 1449 3122 1519 ζημίαν
3179 1452 3430 1519 ποιήσας.
3475 1452 3538 1502 ’0
3569 1452 3625 1504 δὲ

2036 1537 2228 1603 Χαλὶλ,
2261 1538 2386 1593 ίδὼν
2436 1540 2496 1592 τὸ
2548 1540 2772 1609 ἄτεχνον
2820 1540 3008 1608 αὐτοῦ,
3072 1542 3165 1595 καὶ
3220 1543 3621 1611 ἀστράτευτον,

2038 1632 2337 1700 μετέστησε
2387 1631 2460 1684 τὰ
2515 1633 2902 1703 στρατεύματα
2955 1635 3012 1687 ὲν
3063 1634 3232 1703 ὀλίγῳ
3268 1635 3415 1702 τόπῳ
3449 1634 3527 1697 ὡς
3561 1636 3621 1686 ἐν

2036 1722 2272 1792 παρόδῳ,
2298 1724 2391 1775 καλ⁸
2446 1723 2703 1777 ἐκέλευσε
2753 1725 2854 1788 τάς
2899 1725 3100 1789 λευκάς
3130 1726 3451 1795 καλύπτρας
3483 1727 3618 1779 ὑπο·-

2032 1813 2296 1883 κρύπτειν
2346 1814 2439 1866 τὸν
2489 1815 2715 1880 καθένα,
2744 1816 3033 1870 ὑπολαϐὼν
3078 1818 3224 1871 δτιὸ
3253 1817 3507 1887 Κούρτης
3559 1820 3618 1870 ἐν

2033 1906 2346 1976 ὑποστροφῇ
2381 1907 2545 1960 πάλιν
2592 1909 2692 1977 τὴν
2742 1909 2917 1981 αὐτὴν
2961 1910 3079 1963 ὁδὸν
3110 1911 3448 1979 διαϐήσεται.
3482 1910 3615 1975 TC:-

2030 1999 2230 2068 νεήτης
2292 2000 2393 2067 μὲν
2424 2000 2612 2053 ἵστατο
2668 2002 3210 2071 παρητοιμασμένος,
3265 2003 3341 2065 ὡς
3403 2003 3534 2055 ὅταν
3585 2003 3615 2053 ὀ

2028 2090 2280 2162 Κούρτης
2327 2092 2716 2163 ὲπαναστρέψῃ
2760 2095 2839 2156 είς
2886 2094 2983 2165 τὴν
3035 2095 3322 2163 οὐραγίαν,
3358 2096 3480 2148 τότε
3517 2099 3616 2148 καὶ

2030 2182 2192 2243 αὐτὸς
2219 2182 2412 2252 ἐξέλθῃ
2449 2186 2805 2253 συνσντήσων
2847 2186 2928 2256 τῷ
2953 2185 3143 2240 Χαλίλ.
3187 2186 3468 2253 Ἐφοϐεῖτο
3501 2188 3613 2255 γὰρ

2033 2275 2108 2342 μή
2147 2292 2261 2336 πως
2320 2276 2545 2329 ὄπισθεν
2588 2276 2682 2330 καὶ
2722 2277 2885 2340 αὐτὸς
2919 2277 3092 2330 ἐλθὼν
3121 2278 3217 2330 τοῦ
3250 2278 3492 2347 Κούρτη,
3530 2280 3612 2341 είς

2026 2365 2118 2418 τὸν
2141 2365 2326 2419 λοιπιν
2349 2368 2578 2435 στρατὸν
2617 2369 2847 2439 γένηταί
2885 2387 2971 2432 τις
2999 2371 3273 2441 διάρροια,
3307 2371 3402 2423 καὶ
3432 2371 3612 2442 ῥίψω·

2028 2476 2114 2510 σιν
2171 2460 2251 2521 είς
2303 2459 2392 2512 τὸν
2425 2459 2619 2513 Χαλίλ.
2664 2462 2770 2514 Καὶ
2821 2460 2913 2514 διὰ
2954 2461 3114 2516 τοῦτο
3151 2463 3213 2515 ού
3265 2466 3609 2533 μετεκινεῖτο

2028 2551 2344 2621 προσδοκῶν
2395 2553 2486 2606 τὸν
2537 2553 2813 2624 Κούρτην.
2876 2556 2935 2609 '0
2994 2555 3052 2609 δὲ
3101 2556 3355 2625 Κούρτης
3405 2557 3608 2620 ἀλαζο-

2026 2646 2455 2714 νευόμενος,καὶ
2508 2646 2810 2717 άγερωχῶν
2863 2648 2962 2701 σὺν
3013 2648 3091 2718 τῷ
3147 2648 3301 2717 ἵππῳ
3340 2650 3434 2701 καὶ
3487 2652 3602 2712 τοῖς

2026 2736 2237 2807 ἑτέροις
2280 2737 2579 2807 ὁμαίχμοσι
2616 2738 2983 2807 στρατιώταις
3025 2739 3291 2808 ἐϐράδυνε
3326 2740 3601 2809 στρέφων.

2028 2830 2135 2881 Καὶ
2183 2829 2246 2899 δὴ
2292 2830 2452 2899 μέχρι
2509 2829 2741 2882 σταδίων
2773 2829 2908 2883 δέκα
2948 2830 3147 2900 δρόμον
3194 2831 3467 2900 περάσας,
3510 2832 3607 2885 καὶ

2024 2922 2151 2984 τοὺς
2199 2921 2576 2985 συναντῶντας
2625 2921 3010 2991 κατασφάξας,
3037 2922 3285 2993 ἐστράφη
3321 2923 3458 2992 πρὸς
3504 2923 3607 2989 τῇν

2026 3014 2264 3079 εὐθεῖαν,
2305 3014 2372 3083 ἢν
2407 3016 2558 3097 διέϐη
2594 3016 2822 3081 ἐκεῖνος,
2858 3015 2997 3069 ὀδόν.
3031 3017 3141 3069 Καὶ
3179 3012 3305 3068 ἰδὼν
3329 3016 3391 3068 ἐν
3417 3017 3605 3084 {p.93-

348 3109 647 3169 speclaque
686 3103 740 3157 in
774 3103 922 3159 edito
950 3108 1068 3161 loco
1105 3125 1300 3178 magna
1332 3112 1569 3168 militum
1608 3131 1795 3181 manu,
1825 3133 1919 3171 au—

2028 3110 2109 3159 νεῖ
2141 3108 2291 3178 τόπῳ
2344 3107 2687 3177 στρατιώτας
2736 3108 2987 3174 πολλοὺς,
3040 3115 3134 3161 καὶ
3166 3109 3418 3178 ὀργάνων
3446 3102 3604 3177 ἦχον,

346 3191 465 3244 dito
504 3193 757 3247 tubarum
816 3210 1003 3261 cantu,
1055 3197 1341 3269 signisque
1378 3203 1649 3259 similibus
1686 3207 1768 3261 his
1800 3224 1922 3275 qua:

344 3286 401 3338 in
436 3286 608 3353 patris
650 3287 734 3340 sui
769 3290 1017 3344 exercitu
1054 3302 1233 3357 erant,
1287 3295 1441 3358 visis,
1492 3306 1701 3365 patrem
1757 3317 1918 3355 suum

344 3397 373 3430 ξι
413 3388 564 3447 tergo
618 3381 871 3437 hostibus
905 3384 1196 3451 institisse,
1252 3395 1307 3441 et
1354 3390 1409 3442 in
1460 3389 1641 3459 fugam
1701 3392 1918 3447 llalilim

345 3474 584 3529 vet-tisse
635 3485 806 3529 retur.
868 3477 935 3530 At
990 3493 1113 3532 cum
1167 3482 1393 3549 propius
1454 3486 1780 3541 accessisset
1829 3489 1923 3542 ho-

345 3579 575 3637 ltesque
601 3583 698 3622 eos
717 3583 837 3623 csse
865 3572 1238 3639 cognovisset,
1266 3574 1408 3631 flexo
1435 3592 1579 3643 equo
1613 3589 1761 3647 terga
1796 3582 1915 3646 dat,

343 3667 399 3710 et
454 3665 512 3710 ut
564 3657 721 3727 lepus
764 3657 977 3728 fugiens
1026 3664 1370 3719 retrocessit.
1410 3665 1565 3734 107
1594 3665 1913 3735 Fugientem

347 3749 579 3803 insecuti
630 3761 760 3804 sunt
818 3751 1015 3807 velites
1068 3754 1303 3808 canibus
1353 3756 1664 3813 volantibus
1722 3757 1917 3812 celeri-

343 3850 458 3895 tate
496 3856 677 3909 pares,
728 3842 998 3912 brevique
1050 3860 1219 3900 cursu
1268 3830 1491 3915 Lupum
1545 3850 1911 3917 comprehen-

344 3947 465 3984 sum
508 3932 668 3984 llalili
711 3932 1010 3988 adducunt.
1060 3936 1216 3991 Illius
1250 3953 1416 3992 morae
1464 3939 1758 4007 impatiens
1794 3950 1915 3995 erat

341 4020 611 4086 Cineitcs,
662 4024 808 4093 quod
863 4026 1077 4080 otiosus
1126 4026 1349 4081 interim
1407 4038 1602 4084 staret.
1659 4031 1786 4097 Qui,
1821 4034 1918 4088 ubi

343 4116 609 4171 intellexit
644 4117 817 4171 lilium
855 4132 1017 4172 suum
1050 4125 1103 4173 in
1144 4119 1388 4175 hostium
1435 4138 1632 4178 manus
1660 4125 1916 4181 devenis-

344 4225 424 4273 se,
446 4226 569 4264 cum
608 4210 832 4281 reliquis
854 4213 1029 4282 c0piis
1052 4221 1286 4278 montes,
1310 4214 1403 4282 qui
1432 4213 1721 4285 Smyrnam
1783 4234 1913 4286 sps-

340 4312 515 4371 ctant,
550 4308 745 4370 repetit
780 4324 794 4360 :
824 4320 1032 4376 perque
1061 4307 1180 4363 vias
1204 4308 1407 4363 arduas
1460 4320 1514 4363 et
1561 4309 1812 4366 difficiles
1846 4327 1917 4366 eo

340 4413 517 4467 usque
554 4396 781 4461 incedit,
820 4396 996 4452 donec
1031 4398 1084 4451 in
1116 4413 1297 4452 arcem
1330 4400 1627 4468 quamdam
1686 4403 1912 4457 nomine

2028 3201 2123 3252 καὶ
2161 3200 2402 3269 σημαίας
2435 3201 2627 3269 ὁμοίας
2654 3198 2752 3252 τοῦ
2786 3199 2991 3269 πατρὸς
3019 3199 3207 3264 αὑτοῦ,
3240 3196 3419 3263 ἔδοξεν
3457 3198 3540 3250 δτι
3572 3198 3607 3249 6

2029 3292 2209 3362 πατὴρ
2273 3292 2437 3345 αὐτοῦ
2505 3292 2791 3358 ἐξόπισθεν
2852 3293 3202 3363 ὲτροπώσατο
3255 3292 3347 3344 τὸν
3404 3289 3602 3343 Xalt).

2038 3384 2293 3454 Ἐγγίσας
2323 3385 2415 3437 οὖν
2445 3386 2536 3438 τὸν
2570 3386 2856 3447 τόπον.καὶ
2882 3386 3155 3455 γνωρίσας
3182 3386 3266 3436 ὅτι
3287 3386 3337 3435 οἱ
3373 3384 3605 3435 ύπεναν⁴

2025 3477 2129 3529 τίοι
2177 3478 2337 3543 εἰσὶν,
2384 3477 2626 3547 στρέψας
2676 3477 2776 3539 τὰς
2827 3479 2988 3561 ἡνίας
3042 3478 3137 3529 καὶ
3184 3476 3603 3544 amantem»;

2024 3569 2283 3635 ἐλαύνων,
2316 3570 2513 3637 ἔφευγε
2556 3569 2657 3639 μὲν
2692 3570 2767 3629 ὡς
2807 3569 3041 3637 λαγωδς,
3072 3569 3328 3622 ἐδιώκετο
3359 3569 3417 3620 δὲ
3447 3568 3601 3635 παρά

2021 3662 2132 3715 τῶν
2180 3662 2558 3730 ταχυδρόμων,
2594 3662 2670 3723 ὡς
2709 3661 2854 3715 εῐποι
2884 3678 2990 3727 τις,
3025 3660 3343 3731 ἀεροϐάτων
3395 3660 3596 3714 κυνῶν.

2037 3754 2094 3806 '0
2140 3755 2198 3807 δὲ
2230 3753 2461 3824 Τζινεὴτ
2507 3755 2599 3807 ἐπὶ
2644 3757 2712 3824 τῇ
2746 3754 2985 3825 τοσαύτῃ
3014 3754 3186 3825 ἀργίᾳ
3219 3754 3596 3823 ἐδυσχέραινε.

2029 3849 2121 3911 Ὠς
2149 3850 2205 3901 ὲν
2228 3848 2393 3917 ὀλίγῳ
2419 3847 2511 3901 οὖν
2539 3848 2785 3919 ἡγρεύθη
2818 3849 2846 3901 ὁ
2880 3848 3080 3915 Λύκος,
3109 3849 3203 3902 καὶ
3238 3849 3489 3917 παρέστη
3520 3846 3599 3911 τῷ

2022 3941 2215 3996 Χαλίλ.
2265 3941 2325 3994 ’0
2350 3940 2408 3994 δὲ
2442 3939 2694 4011 Τζινεὴτ,
2734 3940 2922 4009 μαθὼν
2951 3942 3051 4012 τὴν
3087 3939 3182 3994 τοῦ
3215 3941 3333 3993 υἱοῦ
3366 3939 3594 4001 ἅλωσιν,

2028 4036 2300 4102 στραφεὶς
2364 4033 2463 4087 σὺν
2523 4033 2601 4104 τῷ
2653 4034 2826 4087 λοιπῶ
2877 4032 3112 4104 στρατῷ,
3171 4033 3240 4086 τά
3297 4031 3436 4101 πρὸς
3496 4032 3596 4100 τὴν

2023 4126 2280 4195 Σμύρνην
2304 4127 2428 4197 ὅρη.
2463 4126 2556 4179 καὶ
2582 4126 2888 4189 δυσϐάτους
2930 4126 3131 4188 τόπους
3164 4125 3459 4187 διέϐαινεν,
3491 4125 3598 4185 ἕως

2021 4212 2081 4271 οὗ
2114 4219 2446 4287 κατηντήκει
2481 4217 2539 4268 ἐν
2561 4216 2822 4287 πολιχνίῳ
2852 4216 2960 4269 τιν)⁸
3006 4215 3219 4285 ’Υψηλὴ
3256 4214 3592 4282 ἐπονομαζόο

2022 4326 2185 4378 μενον
2253 4308 2387 4379 (51).
2452 4302 2581 4378 Εἶχε
2648 4308 2759 4378 γάρ
2824 4307 2958 4361 αὐτὸ
3002 4306 3587 4377 προμεμελετημένον,

2019 4400 2112 4453 καὶ
2181 4399 2363 4462 καλῶς
2415 4398 2822 4469 ἠσφαλισμένον
2876 4398 2936 4450 εν
3003 4396 3233 4466 ἅρμασι,
3284 4398 3375 4448 καὶ
3450 4397 3593 4455 νέοις

339 4489 615 4559 llypselen
648 4488 1016 4558 pervenisset.
1042 4488 1180 4543 lluic
1214 4500 1342 4545 ante
1373 4492 1556 4546 omnia
1593 4496 1906 4548 necessaria

2028 4491 2245 4564 "anO‘tl,
2290 4493 2384 4544 καὶ
2439 4491 2672 4560 παντοίᾳ
2713 4493 2910 4560 τροφῇ.
2945 4485 3054 4542 Ἦν
3103 4490 3163 4543 δὲ
3212 4490 3274 4542 τὺ
3315 4488 3591 4558 πολίχνιον

339 4582 682 4652 providerat,
714 4582 975 4637 curribus
1013 4591 1067 4636 et
1103 4583 1338 4653 navigiis
1370 4586 1662 4649 munierat,
1713 4603 1912 4642 conve-

340 4677 446 4732 ctis
481 4677 648 4732 etiam
702 4658 1043 4733 onfnimodis
1099 4677 1343 4736 cibariis.
1393 4677 1572 4733 Situm
1627 4695 1793 4748 porro
1828 4693 1916 4736 est

338 4770 444 4823 hoc
495 4776 737 4823 castrum
790 4768 857 4823 ad
901 4769 1199 4838 quemdam
1238 4769 1403 4825 Ioniae
1444 4771 1650 4836 sinum,
1719 4770 1910 4827 Samo-

336 4876 444 4929 que
474 4862 792 4932 oppositum
830 4862 885 4915 in
921 4861 1040 4932 ipso
1079 4862 1249 4917 maris
1275 4862 1481 4917 littore.
1522 4862 1662 4917 llalil
1697 4863 1908 4919 interea

338 4955 511 5009 tilium
537 4954 713 5024 ipsius
733 4953 946 5008 Cat-tim
980 4954 1189 5010 catenis
1215 4954 1411 5011 ferreis
1440 4956 1684 5011 vinctum
1713 4956 1909 5011 Adria-

336 5049 580 5118 nopolitn
634 5048 700 5101 ad
743 5047 985 5100 Amiram
1035 5046 1224 5109 mittit,
1271 5046 1440 5101 veluti
1481 5048 1758 5113 primitias
1784 5062 1905 5101 mox

336 5141 475 5196 falce
508 5138 855 5194 rescindendi
889 5137 1140 5192 Cineilis.
1183 5137 1424 5201 (Iurtim,
1459 5141 1909 5208 avunculumquc

333 5232 454 5303 ejus
493 5232 752 5286 llatnzam
791 5244 956 5298 supra
1014 5241 1381 5285 memoratum
1416 5231 1631 5288 vinctos
1669 5233 1908 5303 Callipo-

336 5329 427 5382 lim
456 5327 672 5381 Atniras
703 5324 937 5379 Murates
969 5322 1118 5379 misit
1151 5340 1165 5376 :
1222 5324 1408 5393 ibique
1442 5326 1672 5380 manicis
1712 5325 1908 5381 ferreis

336 5418 611 5490 impositis
642 5418 696 5472 iu
737 5431 1017 5473 carcerem
1054 5415 1313 5473 detrusit.
1348 5417 1494 5471 Halil
1537 5418 1736 5473 deinde
1772 5420 1907 5471 Her-

2019 4584 2177 4637 τοῦτο
2206 4585 2264 4636 ὲν
2296 4584 2374 4636 ἑνὶ
2410 4583 2598 4651 κόλπῳ
2622 4581 2722 4650 τῆς
2749 4581 3029 4652 θαλάσσης
3079 4580 3222 4634 κατὰ
3251 4580 3351 4649 τὴν
3380 4579 3592 4633 Ἰωνίαν

2020 4677 2282 4729 ἀπέναντι
2329 4676 2495 4744 νήσου
2539 4674 2747 4744 Σάμου,
2781 4673 2931 4728 ἔνδον
2980 4672 3094 4745 (52)
3146 4668 3244 4742 τῆς
3290 4672 3589 4740 θαλάσσης.

2020 4768 2267 4837 Ηὺλίσθη
2321 4767 2418 4822 οὖν
2466 4768 2604 4822 ἐκεῖ.
2657 4768 2716 4820 '0
2763 4767 2822 4820 δὲ
2855 4765 3026 4821 Xalt)
3084 4765 3296 4819 στέλλει
3349 4765 3447 4817 τὸν
3482 4764 3593 4817 υίδν

2018 4860 2187 4917 αὑτοῦ
2218 4860 2471 4928 Κούρτην
2526 4858 2868 4929 σιδηρόδετον
2915 4860 2974 4911 ἐν
3006 4856 3294 4928 Ἀδριανοῦ
3330 4857 3471 4925 πρὸς
3502 4856 3593 4910 τὸν

2029 4955 2300 5025 Ἀμηρᾶν,
2354 4952 2431 5014 ὡς
2462 4952 2722 5022 ἀπαρχὴν
2772 4950 2868 5004 τοῦ
2902 4949 3168 5021 θερισμοῦ
3214 4949 3448 5019 Τζινεὴτ
3494 4966 3590 5003 κα·

2017 5048 2138 5117 ὶήν.
2180 5047 2240 5100 '0
2273 5047 2331 5100 δὲ
2373 5046 2622 5116 Ἀμηρᾶς
2664 5045 2873 5114 Μωρὰτ
2902 5044 3117 5098 στέλλει
3144 5043 3336 5097 τοῦτον
3365 5042 3592 5113 δέσμιον

2019 5142 2159 5211 μετὰ
2210 5139 2304 5193 τοῦ
2358 5139 2505 5192 θείου
2558 5138 2727 5192 αὑτοῦ
2778 5139 3003 5209 Χαμζᾶ,
3035 5138 3095 5193 δν
3134 5140 3162 5191 δ
3189 5138 3343 5206 λόγος
3375 5136 3592 5206 φθάσας

2016 5233 2308 5300 ἐδήλωσεν,
2338 5232 2396 5283 ιν
2425 5234 2491 5301 τῇ
2528 5231 2944 5294 Καλλιουπόλει,
2984 5234 3075 5283 καὶ
3127 5229 3588 5300 χειροδεσμήσαν-

2014 5342 2129 5390 τες,
2159 5327 2251 5380 καὶ
2302 5326 2754 5395 σιδηροδήσαντες
2799 5324 2992 5377 ἔϐαλον
3026 5323 3217 5385 αὐτοὺς
3254 5325 3311 5374 ἐν
3346 5322 3422 5391 τῷ
3450 5321 3588 5389 πύρ-

2015 5436 2121 5487 γῳ.
2162 5417 2221 5472 '0
2250 5418 2306 5470 δὲ
2335 5418 2505 5473 Xalt).
2536 5416 2724 5480 mea;
2757 5417 2850 5470 τὸν
2891 5417 3140 5486 Ἕρμονα
3182 5415 3451 5483 notatam,
3490 5413 3584 5467 καὶ

1512 5534 1800 5596 Ismaelis
1842 5534 2135 5597 Bullialdi
2187 5543 2372 5597 notas.

408 5638 521 5726 (Si)
564 5654 722 5724 ’Υψη
742 5656 806 5722 ἰὴ
863 5655 1403 5724 ἐπονομαζόμενον.
1435 5656 1628 5712 Turcis
1660 5658 1897 5726 appella-

339 5730 429 5770 Itll'
453 5722 717 5786 Δία-δάι’,
753 5728 833 5781 \‘el
857 5722 1157 5788 Alacltisur,
1187 5722 1239 5779 id
1271 5737 1374 5788 est,
1416 5730 1583 5781 altum
1629 5722 1892 5782 Castrum.

340 5788 587 5857 liypsilin
607 5812 820 5865 ψιυιιυη
850 5813 968 5851 eam
1000 5806 1212 5863 vocant,
1240 5814 1357 5852 nunc
1387 5808 1571 5853 uestro
1615 5798 1890 5853 maritima

2002 5667 2183 5783 ωεξΰῶ
2216 5728 2411 5785 Glossa
2442 5726 2686 5784 intctlin.
2715 5729 2771 5780 tu
2802 5727 2966 5795 ἀκτῇ.
