3962 6204
228 303 334 369 989

1393 316 1775 381 HISTORIA
1813 266 2269 385 BYZANTiNA.

3399 326 3504 391 990

231 420 415 483 πόλεις
451 420 733 487 πλείστας,
761 423 857 477 καὶ
900 427 1254 493 κατασκευὰς
1281 428 1508 497 πολλὰς,
1564 431 1807 502 ἐμήνυσε

1932 446 2273 504 :omparatus
2325 436 2595 492 rationem
2634 437 2795 493 unius
2842 438 2910 493 ad
2967 446 3188 495 centum
3240 438 3502 495 habebat-

230 513 311 582 τῷ
342 512 554 583 Μωρὲιτ
595 513 691 569 τοῦ
722 516 900 573 ἐλθεῖν
931 520 1021 574 ἵνα
1056 520 1274 576 δώσωσι
1309 523 1401 578 τὸν
1436 523 1697 594 πόλεμον.
1750 526 1814 578 Οί

229 606 288 658 δὲ
311 604 465 670 ἐντὸς
497 607 719 662 ἵσταντο
741 611 1090 682 ἐκδεχόμενοι
1140 614 1241 678 τὰς
1266 616 1519 688 τριήρεις
1560 616 1672 669 ἀπὸ
1714 615 1816 685 τῆς

229 697 507 760 Βενετίας.
535 699 647 753 Καὶ
674 703 701 753 ό
728 702 938 769 Μωρὰτ
970 700 1125 775 ἦλθε,
1170 708 1268 760 καὶ
1312 709 1379 762 τὰ
1435 708 1531 761 τοῦ
1568 709 1814 777 πολέμου

229 789 414 853 καλῶς
468 793 899 856 κατεσκεύαστο.
956 799 1051 852 καὶ
1104 801 1163 854 αἱ
1201 802 1454 871 τριήρεις
1489 801 1590 856 οὐκ
1648 797 1812 872 ἦσαν.

230 878 366 932 Τότε
399 882 427 933 ό
454 882 668 953 Μωρὰτ
698 886 938 956 ἐκήρυξε
971 889 1059 943 διὰ
1093 892 1195 959 τῆς
1235 892 1562 960 σάλπιγγος,
1596 892 1772 959 λέγων
1797 908 1812 923 ο

241 976 378 1031 Ἰδοὺ
411 978 609 1048 δίδωμι
658 981 839 1035 πάντα
895 983 965 1037 τὰ
998 986 1057 1037 ὲν
1083 988 1151 1055 τῇ
1208 985 1364 1039 πόλει
1396 986 1585 1057 ταύτῃ
1647 987 1814 1055 ὑμᾶς,

228 1070 454 1140 ἄνδρας.
484 1076 776 1141 γυναῖκας,
808 1077 1020 1141 παιδία,
1055 1078 1319 1148 ἄργυρον,
1352 1081 1559 1151 χρυσόν
1590 1097 1605 1114 ·
1655 1080 1817 1149 μόνον

228 1161 326 1233 τὴν
352 1163 510 1219 πόλιν
543 1166 668 1235 ἐμοὶ
700 1167 889 1235 ἄφετε.
922 1170 1054 1224 Τότε
1076 1174 1405 1243 ὴχησάντων
1432 1173 1541 1228 τῶν
1563 1174 1817 1244 ὁργάνων

230 1255 322 1308 καὶ
353 1254 467 1307 τῶν
502 1257 794 1327 κλιμάκων
834 1261 1104 1316 τεθέντων
1138 1264 1214 1333 (τί
1257 1266 1365 1334 γὰρ
1425 1260 1572 1336 εἶχον
1606 1266 1815 1337 πρᾶξαι

230 1348 610 1415 πεντακόσιοι,
642 1350 676 1420 ἢ
700 1352 885 1421 χίλιοι,
919 1354 1226 1427 ἢδισχίλιοι
1262 1358 1461 1425 ἄνδρες
1490 1359 1550 1411 ἐν
1572 1359 1813 1430 τοσαύτῃ

231 1438 423 1502 πόλεις
457 1442 630 1501 Μόλις
669 1445 776 1511 γὰρ
819 1448 875 1498 ὲν
922 1448 1054 1502 δέκα
1077 1449 1441 1520 προμαχῶσιν
1473 1446 1552 1514 εἷς
1576 1452 1814 1521 τζαγρα-

233 1532 390 1593 εόλος
423 1535 649 1606 (eraso).
689 1540 992 1606 ἐπιϐάντες
1036 1542 1131 1597 οὖν
1162 1548 1281 1608 τοῖς
1332 1545 1594 1615 κλίμαξιν
1633 1547 1817 1601 αὐθω-

234 1627 328 1695 ρδν
358 1627 510 1690 ὲιιτὴς
569 1630 914 1702 εὑρέθησαν·
957 1635 1051 1689 καὶ
1106 1635 1421 1701 ἀνοίξαντες
1452 1637 1814 1709 μίαν-πύλην,

236 1719 309 1782 ὥς
344 1721 553 1790 σμῆνος
595 1722 871 1791 μελισσῶν
903 1725 1053 1790 ἄπας
1082 1729 1110 1781 ό
1146 1729 1380 1799 στρατὸς
1412 1706 1564 1793 ἐντὸς
1580 1706 1813 1800 (εἰσῄει.

234 1809 348 1862 Καὶ
369 1784 606 1880 ἧντίδεῖν
635 1812 787 1876 ξένον
814 1817 1000 1885 τέρας,
1024 1784 1248 1887 Δ’.ἄνδρας
1278 1784 1377 1873 καί
1395 1784 1688 1888 γυναίκας,
1712 1784 1816 1875 σὺν
1847 1784 1891 1838 Β

234 1901 380 1965 νέοις
402 1904 498 1957 καὶ
526 1906 817 1974 παρθένοις
840 1908 1067 1980 ἀφήλιξι
1097 1913 1192 1966 καὶ
1239 1910 1614 1983 βρεφυλλίοις,
1639 1915 1818 1983 ὁρμα-

237 1993 366 2058 θοὺς
388 1995 416 2046 ὁ
444 1995 636 2060 καθεὶς
658 1998 769 2051 τῶν
804 2001 1019 2054 ἱππέων
1048 2002 1190 2073 ἔχων
1223 2005 1281 2057 ἐν
1305 2007 1497 2075 χερσὶν
1528 2006 1815 2068 ἕλκοντας.

148 2134 153 2139 .
236 2086 404 2139 Αὐτοὶ
434 2085 491 2139 δὲ
530 2089 679 2143 Οὐαὶ
719 2090 879 2159 μόνον
940 2093 1224 2163 ἑλκόμενοι
1276 2095 1529 2165 ἔκραζον,
1573 2097 1668 2149 καὶ
1719 2095 1820 2149 οὐκ

234 2171 304 2247 ἦν
338 2180 367 2230 ὁ
398 2178 596 2242 ἐλεῶν,
625 2180 748 2233 οὐδὲ
777 2183 988 2252 ὀρέγων
1046 2188 1206 2253 χεῖρα
1244 2185 1520 2255 βοηθείας.
1567 2187 1822 2258 Ἀπαρχὴ

238 2271 412 2343 κακὴ,
469 2275 566 2327 καὶ
602 2275 858 2341 ἀπαίσιος
899 2279 1010 2331 τῶν
1067 2280 1371 2349 μελλόντων
1406 2281 1597 2334 κακῶν
1648 2284 1704 2335 ὲν
1752 2284 1818 2352 τῇ

240 2360 631 2438 βασιλευούσῃ.
700 2368 1137 2439 Ἐγυμνώθηταν
1211 2368 1372 2435 οἶκοι,
1443 2371 1823 2442 ἠρημώθησαν

240 2456 382 2520 ναοί,
446 2457 761 2527 ἐκκλησιῶν
832 2461 1188 2531 εύπρέπειαι,
1259 2465 1529 2534 κειμήλια
1592 2465 1714 2536 ἱερὰ
1765 2466 1824 2520 ὲν

243 2548 405 2616 χερσὶ
449 2549 686 2618 μιαρῶν,
723 2550 985 2621 παρθένοι
1038 2553 1237 2623 σεμναὶ
1282 2556 1340 2607 ὲν
1370 2555 1643 2622 ἀγκάλαις
1679 2555 1825 2609 ἀσώ-

241 2658 376 2694 τωψ
408 2644 667 2710 γυναῖκες
722 2646 963 2713 εὐγενεῖς
1012 2647 1070 2700 ὲν
1116 2648 1305 2718 χερσὶν
1360 2648 1596 2715 ἀγενῶν,
1628 2648 1722 2702 καὶ
1757 2649 1826 2702 τὰ

246 2736 421 2789 πάντα
474 2738 640 2791 κακά.
702 2736 803 2801 Τίς
868 2742 963 2794 καὶ
1002 2739 1166 2807 πῶς;
1219 2742 1315 2795 καὶ
1367 2742 1545 2809 διατί;
1600 2743 1699 2794 Διὰ
1728 2743 1827 2805 τὰς

242 2827 519 2899 ἁμαρτίας
570 2830 747 2898 ἡμῶν.
777 2831 868 2885 Ἐν
902 2834 1005 2903 μιᾷ
1054 2828 1152 2887 οὖν
1202 2835 1385 2905 ἡμέρᾳ
1435 2834 1737 2888 κενωθεῖσα
1792 2836 1827 2906 ἡ

241 2920 477 2991 τοσαύτη
515 2923 669 2985 πόλις
702 2923 916 2990 ἔμεινεν
942 2924 1172 2996 ἔρημος.
1211 2926 1272 2979 Ὅ
1302 2926 1358 2979 δὲ
1390 2926 1617 2996 ἡγεμὼν
1637 2914 1843 2996 ἁθροίέ

244 3030 345 3073 σας
376 3017 439 3067 ἐκ
476 3016 584 3069 τῶν
620 3017 787 3087 πέριξ
812 3018 1030 3087 χωρίων
1057 3019 1153 3071 καὶ
1198 3018 1410 3073 πόλεων
1469 3019 1830 3089 ὲγκατοίκους

245 3106 525 3176 Τούρκους
555 3111 651 3165 σὺν
693 3114 913 3179 γυναιξὶ
957 3114 1054 3167 καὶ
1092 3114 1307 3177 τέκνοις
1364 3113 1697 3183 κατέστησε,
1732 3129 1825 3164 κε-
1851 3138 1897 3202 C

242 3199 477 3262 λεύσας’
536 3202 604 3253 Εἴ
651 3220 737 3264 τις
785 3205 890 3256 τῶν
932 3204 1225 3274 Ῥωμαίων
1277 3206 1702 3276 ὲξαγορασθείη,
1733 3204 1828 3258 καὶ

245 3288 668 3355 ἐλευθερωθείη,
696 3292 868 3358 ἐχέτω
909 3293 1095 3345 ἄδειαν
1128 3296 1221 3347 τοῦ
1268 3297 1449 3349 ἐλθεῖν
1485 3298 1581 3349 καὶ
1606 3297 1830 3365 οἰκῆσαι

252 3381 418 3431 πάλιν
449 3381 506 3433 ἐν
552 3381 688 3448 αύτῇ
742 3386 806 3452 τῇ
842 3384 1128 3438 πόλει.Τὰ
1177 3387 1233 3438 δὲ
1283 3388 1390 3440 τῶν
1450 3390 1832 3457 μοναστηρίων

253 3473 629 3544 κρειττότερα,
664 3466 739 3528 ὧν
769 3475 825 3529 αἱ
877 3476 1059 3545 φῆμαι
1111 3478 1393 3547 πανταχοῦ
1441 3480 1831 3547 ἐκηρύττοντο,

250 3566 479 3634 ἐποίησε
507 3566 730 3636 βωμοὺς
761 3568 863 3638 τῆς
918 3568 1102 3621 αὐτῶν
1159 3569 1483 3640 θρησκείας,
1544 3570 1690 3640 πλὴν
1738 3570 1833 3623 τοῦ

251 3657 387 3712 ναοῦ
413 3659 509 3712 τοῦ
544 3661 790 3728 μεγάλου
822 3662 1101 3731 μάρτυρος
1132 3660 1472 3731 Δημητρίου.
1494 3662 1618 3715 Καὶ
1648 3663 1755 3730 γὰρ
1779 3664 1837 3714 ὲν

249 3749 405 3819 αύτῷ
441 3751 724 3818 εἰσελθὼν,
759 3756 851 3805 καὶ
882 3755 1053 3817 θύσας
1086 3754 1242 3823 κριὸν
1269 3753 1365 3807 ἕνα
1391 3754 1627 3816 οἰκείαις
1648 3754 1837 3823 χερσίν

251 3843 626 3913 προσηύξατο,
667 3841 785 3899 εἶτα
812 3847 1071 3899 ἐκέλευσε
1104 3847 1197 3899 τοῦ
1246 3842 1386 3899 εἶναι
1418 3847 1477 3898 ὲν
1512 3845 1675 3915 χερσὶ
1730 3846 1837 3899 τῶν

250 3936 604 4005 Χριστιανῶν
658 3938 794 4008 (60).
834 3938 980 4009 Πλὴν
1012 3942 1108 3995 καὶ
1142 3938 1233 3992 τὸν
1262 3938 1357 3992 τοῦ
1405 3940 1576 4007 τάφου
1611 3938 1835 4006 κόσμον,

250 4032 349 4083 καὶ
383 4030 477 4083 τοῦ
514 4032 664 4094 ναοῦ,
693 4034 787 4085 καὶ
818 4032 927 4086 τῶν
958 4032 1172 4085 ἀδύτων
1216 4032 1434 4085 ἅπαντα
1492 4032 1542 4083 οἱ
1601 4029 1837 4100 Τοῦρκοι

252 4128 630 4195 ἐνοσφίσαντο,
661 4130 880 4199 τοίχους
925 4128 1090 4198 μόνον
1144 4127 1377 4197 ἀφέντες
1414 4125 1628 4190 κενούς.
1661 4126 1837 4180 Ἀπά-

255 4237 357 4289 ρας
378 4220 434 4274 δὲ
455 4221 517 4273 ἐκ
535 4222 632 4290 τῆς
655 4219 1059 4290 Θεσσαλονίκης
1080 4215 1248 4291 ἦλθεν
1277 4220 1336 4273 ὲν
1357 4218 1832 4290 Ἀδριανουπόλει.

255 4308 392 4361 Μετ’
430 4307 613 4377 ὀλίγον
645 4309 703 4362 δὲ
755 4311 804 4362 oi
839 4309 1121 4362 Βενετικοὶ
1153 4310 1459 4373 στείλαντες
1507 4309 1839 4378 ἀποκρισια-

257 4402 407 4471 ρίους
436 4404 704 4475 ἐποίησαν
732 4406 981 4476 είρήνην,
1016 4404 1346 4475 φοϐούμενοι
1376 4405 1577 4476 μήπως
1600 4401 1837 4456 όλέσωσι

256 4498 353 4549 καὶ
378 4497 476 4566 τὴν
495 4496 749 4553 Εὖϐοιαν.

1917 529 2210 597 Apparatis
2234 530 2399 583 etiam
2435 530 2604 584 scalis
2641 531 3028 601 machinisque
3064 531 3279 587 bellicis
3303 547 3505 602 quam-

1916 618 2489 695 plttrimis,'Moratetu
2534 621 2720 675 venire
2751 622 3029 689 hortatur,
3080 632 3139 677 ut
3184 639 3505 693 expugnan-

1917 716 2040 767 dam
2072 712 2263 766 urbem
2293 713 2635 767 adoriantur.
2666 714 2944 769 Triremes
2988 715 3210 769 interim
3264 714 3505 772 Venetiis

1918 806 2333 876 exspectabant,
2364 806 2456 872 qui
2490 808 2632 860 intra
2673 806 2866 861 urbem
2907 807 3122 862 obsessi
3150 810 3501 863 tenebantur.

1916 895 2169 950 Accessit
2201 910 2335 963 ergo
2365 893 2629 960 Morates,
2660 902 2714 950 et
2778 903 2979 949 cuncta
3032 895 3202 964 perite
3244 904 3502 965 apparata

1918 987 2151 1052 invenit,
2182 1002 2284 1049 nec
2332 987 2725 1056 comparebant
2764 988 3041 1041 triremes.
3075 986 3237 1042 Tunc
3268 988 3506 1044 Morates

1917 1081 2175 1137 tubicinis
2205 1097 2341 1136 voce
2383 1082 2507 1135 talia
2569 1081 2837 1136 militibus
2870 1080 3084 1135 edixit:
3123 1079 3265 1136 Ecce
3298 1082 3505 1143 omnia,

1919 1190 2043 1244 quae
2083 1174 2138 1229 in
2177 1174 2277 1228 hac
2299 1176 2431 1229 urbe
2464 1183 2619 1237 sunt,
2658 1174 2817 1230 vobis
2845 1175 3113 1239 concedo,
3145 1174 3313 1238 viros,
3348 1174 3508 1229 fetui-

1920 1282 2041 1329 nas,
2074 1282 2295 1337 pueros,
2332 1277 2622 1335 argenturm
2678 1275 2733 1322 et
2788 1282 2983 1320 aurum
3014 1284 3029 1331 ;
3066 1267 3257 1321 urbem
3300 1266 3509 1320 solum-

1921 1360 2086 1413 modo
2112 1359 2244 1413 mihi
2283 1367 2492 1428 partam
2519 1360 2664 1413 volo.
2700 1358 2798 1415 His
2848 1374 2946 1428 per
2983 1359 3282 1415 tubicinem
3332 1359 3508 1427 publi-

1922 1452 2088 1517 catis,
2130 1450 2388 1504 tubarum
2428 1451 2654 1520 clangor
2679 1451 2875 1511 cietur,
2916 1459 2970 1505 et
2998 1450 3159 1505 scalae
3206 1450 3380 1505 muris
3410 1450 3507 1505 ad-

1922 1548 2235 1595 moventur.
2272 1540 2709 1611 (Quid,~qu:eso,
2744 1542 3058 1611 quingenti,
3094 1541 3266 1605 mille,
3294 1542 3380 1596 vel
3423 1541 3510 1596 his

1923 1632 2075 1687 mille
2106 1632 2208 1687 viri
2248 1632 2301 1686 in
2346 1646 2456 1686 tam
2490 1648 2687 1702 magna
2722 1633 2859 1687 urbe
2894 1640 3154 1699 prarstare
3206 1633 3511 1702 poterant?

1921 1738 2046 1778 cum
2075 1724 2162 1777 vix
2190 1738 2333 1777 unus
2373 1722 2694 1793 sagittarius
2729 1722 2785 1776 in
2810 1721 3000 1777 decem
3042 1724 3290 1778 turribus
3346 1725 3511 1777 ades-

1919 1815 2048 1883 set.)
2092 1814 2268 1870 Scalis
2301 1815 2487 1884 itaque
2540 1814 2594 1869 in
2631 1830 2817 1870 muros
2877 1816 3190 1877 subierunt,
3246 1824 3300 1868 et
3345 1815 3508 1870 simul

1921 1910 1977 1965 in
2009 1909 2202 1965 urbem
2226 1925 2285 1963 se
2328 1908 2726 1977 conjeeerunt:
2759 1918 2813 1964 et
2872 1924 2965 1979 per
3004 1916 3286 1979 portarum
3342 1921 3508 1961 unam

1922 2004 1991 2058 ab
2025 2003 2105 2058 eis
2166 2002 2494 2071 patefactam
2555 2009 2703 2057 totus
2757 2002 3239 2075 exercitustvelut
3281 2015 3509 2056 examen

1923 2111 2089 2166 apum
2118 2096 2369 2151 intravit.
2403 2095 2819 2152 Obversabatur
2842 2104 2975 2149 tunc
2996 2094 3180 2151 oculis
3221 2101 3514 2163 spectacu-

1924 2190 2035 2244 lum
2070 2189 2324 2259 prodigio
2351 2187 2550 2243 simile.
2592 2188 2854 2257 Equitum
2885 2187 3089 2257 singuli
3142 2194 3366 2240 catenas
3392 2198 3509 2239 ma-

1923 2283 2088 2339 nibus
2109 2292 2379 2349 tenentes,
2434 2282 2607 2349 viros,
2638 2281 2897 2347 feminas,
2954 2294 3157 2349 pueros
3190 2279 3512 2348 puellasque

1926 2375 2262 2445 impuberes,
2318 2384 2371 2429 et
2410 2372 2649 2428 infantes
2702 2373 2861 2442 112
2917 2383 3041 2444 post
3091 2387 3151 2427 se
3202 2372 3512 2426 trahelrant.

1926 2466 2030 2532 Qui
2058 2467 2417 2522 trahebantur
2443 2466 2586 2519 hanc
2620 2467 2792 2520 solam
2844 2481 3062 2529 vocem,
3143 2464 3232 2517 Va:
3290 2464 3514 2517 emitte—

1926 2552 2079 2618 bant,
2109 2567 2208 2607 nec
2232 2560 2351 2607 erat
2383 2552 2476 2620 qui
2505 2568 2695 2608 eorum
2736 2553 2978 2608 miseriis
3009 2564 3351 2621 tangeretur,
3392 2566 3513 2605 ma-

1928 2663 2130 2703 numve
2179 2648 2506 2719 adjutricem
2567 2650 2939 2717 protenderet.
2994 2646 3195 2701 Malum
3253 2660 3414 2701 omen
3459 2654 3514 2699 et

1929 2740 2207 2798 {uocatum
2232 2740 2782 2810 calamitatum,quae
2823 2739 2943 2795 urbi
2992 2739 3266 2809 imperiali
3307 2738 3517 2807 impen-

1928 2831 2151 2889 debant.
2213 2832 2448 2902 Direptz
2496 2840 2628 2887 sunt
2681 2831 2909 2895 domus,
2962 2831 3206 2886 desolata
3266 2830 3514 2900 templa;

1928 2926 2285 2981 ecclesiarum
2316 2933 2637 2981 ornamenta
2668 2937 2721 2981 et
2744 2941 2901 2981 sacra
2933 2940 3064 2980 vasa
3102 2924 3358 2978 manibus
3403 2928 3519 2993 pot-

1930 3020 2376 3089 lutisimpiorum
2440 3026 2781 3074 contrectata
2846 3025 3009 3073 sunt:
3051 3017 3293 3085 virgines
3353 3029 3518 3069 vene.

1930 3112 2119 3167 randae
2151 3112 2205 3165 in
2239 3111 2522 3181 amplexus
2565 3112 2967 3183 impudicorum
3010 3125 3250 3166 venere:
3294 3108 3517 3163 feminae

1933 3205 2143 3262 nobiles
2168 3206 2491 3276 ignobilium
2525 3206 2797 3275 mancipia
2822 3205 2979 3260 facta:
3004 3212 3167 3268 sunt;
3188 3202 3374 3258 omnia
3400 3208 3521 3255 tan-

1932 3301 2053 3355 dem
2078 3300 2219 3354 mala
2252 3315 2350 3356 eos
2382 3300 2709 3353 obruerunt.
2774 3297 2916 3364 Quid
2963 3297 3115 3351 hoc?
3154 3296 3432 3367 quomodo
3465 3301 3522 3349 et

1934 3403 2108 3457 quare
2142 3390 2391 3443 accidit?
2420 3388 2651 3458 Propter
2677 3397 2907 3459 peccata
2946 3397 3160 3443 nostra.
3198 3387 3370 3443 Unius
3422 3387 3524 3455 igi-

1937 3487 2026 3532 tur
2053 3478 2161 3532 diei
2188 3478 2367 3548 spatio
2396 3485 2545 3531 tanta
2581 3479 2714 3534 urbs
2768 3479 3035 3535 omnibus
3076 3480 3273 3535 incolis
3302 3480 3520 3540 orbata,

1938 3572 2181 3627 desolata
2230 3570 2451 3641 penitus
2490 3571 2666 3628 stetit.
2720 3571 2792 3626 At
2823 3571 3064 3628 Morates
3113 3572 3409 3639 imperator
3455 3584 3523 3623 ex

1937 3663 2075 3719 vicis
2096 3672 2151 3718 et
2197 3662 2418 3732 oppidis
2470 3663 2738 3733 proximis
2791 3677 2970 3718 novos
3031 3661 3260 3716 colonos
3309 3650 3524 3713 Turcos

1940 3771 2063 3811 cum
2095 3756 2359 3813 uxoribus
2391 3765 2445 3812 et
2487 3756 2677 3810 liberis
2714 3755 2770 3809 in
2805 3769 2927 3809 eam
2964 3752 3212 3808 deduxit.
3252 3752 3523 3806 Praeterea

1940 3847 2132 3911 edixit,
2169 3856 2245 3911 ut,
2277 3848 2324 3903 si
2378 3847 2506 3916 quis
2537 3844 2913 3910 Romanorum,
2969 3841 3369 3913 redemptionis
3429 3855 3526 3896 so-

1940 3940 2055 3994 luto
2094 3939 2294 4009 pretio,
2320 3938 2376 3992 in
2405 3937 2721 3992 libertatem
2754 3935 3099 4006 postliminio
3125 3934 3407 3997 rediisset,
3470 3931 3527 3985 in

1941 4047 2061 4085 eam
2107 4030 2296 4084 venire
2349 4037 2406 4083 et
2460 4042 2655 4083 secure
2694 4028 2945 4083 habitare
2983 4036 3191 4096 posset.
3245 4024 3529 4093 Praecipua

1942 4124 2304 4187 monasteria,
2356 4136 2593 4193 quorum
2646 4119 2795 4175 fama
2849 4119 3085 4176 celebris
3136 4118 3339 4189 ubique
3384 4123 3527 4179 erat,

1943 4229 2056 4270 suae
2080 4212 2335 4280 religioni
2366 4212 2592 4281 templa,
2629 4218 2829 4281 praeter
2852 4211 3088 4282 insignis
3137 4208 3397 4280 martyris
3426 4205 3531 4263 De-

1942 4308 2124 4364 metrii
2151 4308 2316 4373 aedes,
2337 4304 2699 4361 consecravit.
2720 4304 2981 4379 Quamvis
3000 4303 3142 4358 enim
3166 4302 3218 4358 id
3238 4302 3526 4372 ingressus

1943 4398 2207 4469 templum
2245 4396 2362 4453 suis
2392 4395 2651 4451 manibus
2688 4396 2915 4450 arietem
2943 4393 3305 4454 immolasset.
3328 4393 3533 4448 Deum-

1874 4474 1919 4530 ι)
1949 4505 2055 4561 que
2072 4498 2331 4561 precatus
2347 4496 2517 4555 esset,
2535 4487 2867 4543 Christianis
2884 4495 3071 4541 tamen
3097 4486 3314 4561 restitui
3340 4495 3530 4556 postea

249 4590 437 4659 jussit.
500 4590 893 4647 Ornamentum
935 4606 1062 4646 vero
1138 4591 1385 4662 sepulcri
1445 4600 1500 4645 et
1548 4589 1830 4646 memoriae
1870 4585 2150 4655 martyris,
2218 4582 2415 4653 templi
2477 4592 2534 4638 et
2587 4582 2880 4654 adytorum
2936 4579 3313 4650 quodcunque
3370 4585 3515 4638 erat.

254 4682 419 4737 Turci
452 4683 614 4738 l'urati
658 4693 808 4747 sunt,
865 4684 1167 4752 parietibus
1210 4684 1374 4738 nudis
1443 4680 1797 4737 solummodo
1867 4680 2104 4734 relictis.
2150 4677 2547 4733 Thessalonica
2600 4676 2802 4731 deinde
2855 4674 3131 4730 abscessit
3183 4674 3525 4729 Morates-et

251 4775 671 4847 Adrisnopolim
693 4776 970 4845 repetivit.
1020 4775 1232 4831 Paucos
1266 4782 1392 4844 post
1450 4774 1569 4830 dies
1617 4771 1815 4827 Veneti
1856 4771 2071 4841 legatos
2100 4771 2168 4825 ad
2204 4786 2330 4826 eum
2358 4770 2612 4832 mittunt,
2642 4767 2737 4838 qui
2803 4780 2995 4835 pacem
3060 4768 3518 4834 composuerunt,

255 4882 405 4929 metu
438 4873 658 4930 adducti
686 4887 752 4928 ne
773 4870 976 4925 Eubcea
1008 4868 1113 4924 sibi
1147 4867 1374 4937 insuper
1405 4867 1741 4935 eriperetur.

339 5051 432 5107 Ἐν
453 5054 510 5108 δὲ
536 5058 653 5115 ταῖς
679 5054 915 5125 ἡμέραις
940 5051 1179 5114 ἐκείναις
1198 5047 1413 5121 ἠγέρθη
1449 5063 1535 5110 τις
1565 5044 1676 5135 τῶν
1705 5042 1840 5096 υἱῶν

254 5144 356 5196 τοῦ
389 5144 617 5214 βαῖὅόδα
645 5146 881 5217 Βλαχίας
910 5142 1166 5207 Μύλτζου
1188 5141 1323 5213 (61),
1343 5135 1458 5211 εἶχε
1476 5140 1584 5209 γὰρ
1609 5136 1842 5200 πολλοὺς

2012 5038 2116 5095 Per
2139 5039 2192 5093 id
2215 5052 2436 5109 quoque
2465 5046 2682 5106 tempus
2708 5034 2898 5106 Mylcae
2932 5032 3236 5088 Walacltiae
3286 5033 3536 5089 vaivodae

1944 5134 2236 5189 nothorum
2270 5131 2506 5186 tiliorum
2537 5128 2751 5200 (quales
2781 5128 2984 5185 multos
3015 5126 3212 5183 Veneri
3238 5124 3534 5183 admodum

1472 5384 1764 5447 lsmaelis
1800 5379 2096 5449 Bullialdi
2130 5387 2323 5443 noue.

340 5640 455 5707 (60)
490 5635 635 5695 Εἶτα
660 5639 949 5693 ἐκέλευσε
975 5634 1128 5692 εἶναι
1150 5636 1219 5690 ἐν
1248 5634 1422 5703 χερσὶ
1450 5634 1859 5707 τῶνᾉΧριστια-

268 5709 417 5766 νῶν.
439 5703 568 5765 Ἠοε
594 5711 796 5763 notavit
814 5711 1019 5764 Auctor
1044 5718 1250 5773 noster,
1270 5706 1528 5775 quoniam
1548 5703 1853 5758 Turcorum

277 5784 535 5841 instituto
580 5781 861 5857 adversari
894 5779 1137 5862 ‘videtur
1175 5796 1189 5835 :
1249 5777 1343 5850 qui
1401 5777 1851 5834 Christianorum

1964 5635 2186 5705 templa.
2226 5633 2279 5687 in
2315 5631 2519 5701 quibus
2542 5642 2737 5700 preces
2799 5643 2929 5683 suas
2974 5622 3356 5688 recitaverint,
3410 5621 3537 5695 lege

1963 5706 2113 5760 Vetiti
2152 5705 2445 5759 restituere
2471 5716 2532 5756 se
2568 5714 2728 5769 posse
2779 5706 2999 5767 negant.

2035 5776 2145 5850 (61)
2175 5764 2869 5841 Τοῦβιιϊὸὀδαᾞλαχίαέ
2908 5766 3209 5831 Μύλτζου.
3244 5768 3316 5826 Ut
3374 5764 3538 5825 Duca
