3962 6204
382 227 514 290 1013

1593 235 1962 298 HISTORIA
2005 238 2451 300 ΒΥΖᾹΝΊῚΝᾹ.

3488 240 3623 303 10ζᾶ

378 355 661 417 ἁκραιφνη
704 349 885 417 φιλίαν
940 350 1019 413 εἰς
1061 350 1244 407 αὐτόν.
1284 346 1393 405 Ἦν
1453 353 1939 422 προκατειλημμέ-

2047 350 2367 419 despmnam
2436 355 2714 408 dominam
2772 354 3007 408 Mariam
3050 352 3277 409 Joannis
3327 353 3625 422 imperato-

378 461 465 504 νος
523 444 552 495 ὀ
603 442 861 509 λογισμὸς
918 444 1104 505 αὑτοῦ.
1162 447 1237 509 ὡς
1283 447 1470 508 διαϐὰς
1519 449 1577 499 ὲν
1620 424 1873 516 Φρσῖγγεᾳ
1922 450 1948 500 ὁ

380 532 637 602 βασιλεὺς
661 534 920 602 ἐποίησεν
946 537 1204 603 ὁμόνοιαν
1236 536 1335 590 σὺν
1363 540 1478 600 τοῖς
1504 540 1803 607 Φράγγοις,
1856 539 1949 590 καὶ

376 627 621 693 ἐγεγόνει
647 626 918 694 Φράγγος,
968 630 1061 682 καὶ
1113 630 1370 698 μέλλουσι
1425 630 1757 701 στρατεῦσαι
1808 633 1949 686 κατὰ

376 717 471 771 τοῦ
504 718 731 788 Μουρὰτ
773 720 880 772 ἀπὸ
915 723 1017 789 γῆς
1057 722 1155 773 καὶ
1181 722 1457 790 θαλάσσης
1495 723 1590 776 τοῦ
1624 725 1817 795 ἐξᾶραι
1852 724 1946 777 αὑ-

376 810 467 863 τόν
498 811 560 862 ἐκ
592 811 692 879 τῆς
724 811 954 875 δύσεως.
981 814 1044 865 Οἱ
1083 813 1139 866 δὲ
1189 815 1453 884 πρέσϐεις
1510 817 1947 884 ἀπαγγείλαντες

373 900 525 970 αὖτῷ
557 903 652 954 καὶ
684 906 1171 973 παραστήσαντες,
1198 908 1278 958 ὅτι
1322 909 1459 977 Περὶ
1511 910 1618 962 τῶν
1667 905 1740 964 ὧν
1776 911 1946 979 ἠκού-

375 992 586 1062 σθησαν
618 995 902 1065 ῥημάτων,
933 998 1032 1051 οὐκ
1055 1000 1327 1069 ἐπέρασεν
1368 1002 1395 1053 ὁ
1433 1001 1688 1071 βασιλεὺς
1726 1006 1783 1057 ἐν
1809 1004 1950 1059 Ἰτα-

371 1084 483 1153 λὶᾳ,
516 1085 653 1139 ἀλλὰ
681 1087 807 1155 περὶ
831 1088 1101 1157 διαφορᾶς
1143 1092 1431 1161 δογμάτων
1480 1095 1577 1163 τῆς
1624 1096 1805 1149 αὐτῶν
1854 1098 1946 1149 πί-

376 1193 543 1238 στεως
577 1177 819 1249 ἱλαρώϐη
857 1184 925 1251 τῇ
950 1181 1169 1253 γνώμῃ.
1210 1185 1273 1236 0i
1315 1186 1369 1237 δὲ
1404 1188 1689 1257 ἀρχιερεῖς
1740 1188 1947 1254 εὐθέως

376 1273 485 1326 ἀπὸ
513 1272 622 1325 τῶν
649 1275 924 1343 τριήρεων
957 1277 1291 1342 ἁποὸἀντες,
1315 1280 1409 1332 καὶ
1440 1280 1488 1333 οἱ
1515 1283 1614 1350 τῆς
1647 1284 1947 1350 Κωνσταντ-

372 1369 521 1419 τίνου
550 1367 691 1419 κατὰ
712 1367 773 1420 τὸ
801 1367 1036 1441 ,σύνηθες
1065 1371 1376 1438 ἠσπάζοντο
1424 1374 1643 1439 αὐτοὺς,
1701 1378 1947 1441 ἐρωτῶν-

369 1480 462 1524 τες
485 1478 501 1493 ο
536 1461 657 1522 Πῶς
687 1464 755 1515 τὰ
792 1464 1079 1533 ὑμὲτερας
1131 1466 1255 1528 Πῶς
1305 1467 1374 1519 τὰ
1400 1456 1522 1538 τῆς
1574 1470 1825 1535 συνόδους
1883 1474 1947 1527 Ei

375 1556 487 1623 ἄρα
537 1553 803 1624 ἐτύχομεν
856 1555 953 1626 τὴν
1014 1559 1288 1625 νικῶσανς
1319 1560 1380 1611 0i
1427 1561 1484 1612 δὲ
1541 1563 1943 1630 ἀπεκρίνοντοο

376 1646 749 1716 Πεπράκαμεν
778 1647 876 1717 τὴν
904 1648 1089 1701 πίστιν
1148 1651 1328 1720 ἡμῶν.
1384 1651 1823 1724 Ἀντηλλάξαμεν
1878 1661 1941 1728 τῇ
1980 1694 2018 1748 Β

374 1737 601 1807 ἀσεϐείᾳ
634 1737 733 1807 τὴν
764 1739 1071 1803 εὐσέϐειαν,
1111 1742 1402 1813 προδόντες
1432 1743 1529 1814 τὴν
1553 1747 1802 1816 καθαρὰν
1850 1748 1941 1800 Θυ-

375 1833 517 1885 σίαν.
540 1830 830 1900 Ἀζυμῖται
866 1834 1196 1903 γεγόναμεν.
1218 1835 1407 1890 Ταῦτα
1431 1838 1525 1891 καὶ
1554 1838 1691 1893 ἄλλα
1717 1842 1943 1911 αἰσχρό-

369 1940 525 1989 τερα,
556 1924 649 1975 καὶ
678 1924 1073 1993 ρερυπασμένα
1128 1923 1305 1993 λόγια.
1364 1928 1472 1980 Καὶ
1520 1927 1692 1983 ταῦτα
1720 1929 1864 1992 τινες
1892 1933 1942 1982 οἱ

371 2016 801 2085 ὑπογράψαντες
837 2018 895 2070 ἐν
926 2019 1003 2085 τῷ
1030 2019 1141 2088 ὅρῳ
1170 2037 1184 2085 ;
1238 2017 1297 2071 '0
1363 2020 1694 2089 Ἡρακλείας
1747 2022 1943 2075 Ἀντὼ-

369 2125 483 2171 νιος
514 2109 653 2177 (85),
708 2110 804 2162 καὶ
849 2110 899 2162 οἱ
958 2110 1194 2172 πάντες·
1231 2111 1279 2164 εἰ
1307 2110 1415 2181 γάρ
1442 2129 1524 2174 τις
1570 2114 1707 2183 πρὸς
1744 2116 1944 2178 αὐτοὺς

369 2195 537 2266 ἤρετο
559 2212 572 2226 ·
611 2196 725 2250 Καὶ
759 2197 849 2250 διά
878 2198 930 2250 τί
963 2199 1348 2268 ὑπεγράφετε;
1412 2200 1600 2269 ἔλεγον
1623 2219 1637 2234 ·
1662 2204 1943 2272 Φοϐούμε-

370 2304 453 2342 νοι
478 2288 608 2350 τοὺς
657 2288 965 2356 Φράγγους.
1027 2290 1136 2341 Καὶ
1170 2289 1334 2344 πάλιν
1368 2292 1684 2358 ἐρωτῶντες
1721 2295 1940 2358 αὐτοὺς,

369 2380 419 2431 εἰ
449 2378 781 2433 ιϐασάνισαν
811 2380 861 2431 οἱ
892 2380 1134 2446 Φράγγοι
1163 2381 1311 2445 τινα,
1347 2385 1395 2434 εἰ
1425 2385 1838 2452 ἐμαστίγωσαν,
1893 2389 1942 2440 εἰ

370 2472 452 2533 si;
489 2472 737 2541 φυλακὴν
768 2471 993 2537 ἔϐαλον;
1032 2474 1189 2542 Οὐχί.
1234 2474 1394 2528 Ἀλλά
1419 2477 1536 2538 πῶς
1567 2479 1597 2547 ή
1630 2479 1781 2544 δεξιὰ
1800 2481 1941 2551 αὕτη

369 2563 728 2633 ὑπέγραψενς
791 2564 999 2632 ἔλεγον,
1072 2567 1349 2636 Κοπήτω·
1408 2570 1692 2639 ήγλῶττα
1736 2576 1943 2644 ὡμολό-

367 2672 561 2725 γησεν,
604 2655 967 2721 ὲκριζούσθω.
1007 2658 1120 2711 Οὐκ
1148 2658 1277 2711 ἄλλο
1302 2657 1449 2730 εἶχον
1498 2666 1552 2716 τι
1595 2663 1805 2731 λέγειν·
1848 2670 1942 2723 καὶ

367 2747 477 2815 γὰρ
531 2741 674 2816 ἦσάν
715 2762 861 2808 τινες
919 2748 1028 2799 τῶν
1092 2749 1397 2817 ἀρχιερέων
1443 2752 1502 2803 ὲν
1551 2752 1628 2822 τῷ
1691 2754 1938 2825 ὑπογρά-

367 2855 488 2907 φειν
520 2837 633 2909 (86)
667 2838 922 2904 λέγοντες
942 2853 957 2868 '
982 2840 1094 2909 Οὐχ
1129 2841 1548 2911 ὑπογράφομεν,
1600 2847 1694 2898 ἐὰν
1726 2846 1852 2918 [μὴ]
1882 2849 1940 2900 τὸ

370 2928 554 2981 ἱκανὸν
586 2930 848 3003 ἡμῖντῆς
884 2931 1153 3000 προσόδου
1178 2932 1541 3002 παράσχοιτε.
1578 2935 1640 2987 Οἱ
1666 2936 1719 2988 δὲ
1747 2937 1933 3003 ἔδιδον,

2056 446 2131 499 ris
2204 462 2430 500 uxorem
2519 446 2730 502 obiisse
2825 447 3178 516 eomperiunt
3217 487 3232 511 ,
3308 446 3625 516 pariterque

2055 537 2322 605 reginam,
2377 539 2666 607 coniugem
2728 539 2985 593 Demetrii
3040 541 3278 609 despotic
3332 539 3625 607 imperatu-

2055 630 2243 698 risque
2312 629 2524 693 fratris,
2603 629 2717 683 fato
2777 631 3143 686 concessisse.
3212 630 3294 684 Ad
3360 630 3622 685 Moralem

2053 729 2241 791 postea
2279 722 2487 791 legatos
2540 722 2694 777 misit
2746 721 3066 788 imperator,
3128 730 3342 789 gratum
3388 724 3625 776 benevo~

2052 812 2275 879 lumque
2349 812 2593 865 animum
2661 827 2846 871 suum,
2881 811 3299 882 amicitiamque
3379 828 3503 867 cum
3560 828 3625 865 cn

2053 904 2323 975 integram
2388 918 2484 973 per
2525 908 2622 958 eos
2675 911 2937 956 testatus.
2988 902 3227 957 lllorates
3273 904 3419 958 enim
3476 904 3622 957 hanc

2052 996 2360 1065 Opinionem
2443 997 2630 1049 animo
2697 1001 3052 1062 prreccperat,
3096 994 3505 1062 {imperatorem
3567 997 3621 1048 in

2051 1087 2336 1143 Franciam
2374 1090 2660 1144 transiisse
2686 1088 2862 1143 foedus
2895 1103 3019 1142 cum
3070 1085 3291 1141 Francis
3332 1087 3617 1150 initurum,

2051 1179 2229 1246 ipsum
2293 1180 2372 1233 eis
2429 1179 2730 1245 adtimrere,
2799 1188 2853 1232 et
2916 1190 3057 1232 terra
3122 1179 3371 1247 marique
3418 1176 3617 1230 bellum

2053 1270 2256 1325 inferre
2295 1269 2641 1340 coniurasse,
2715 1280 2773 1323 ut
2827 1286 2890 1323 ex
2966 1267 3277 1324 Occidentis
3325 1267 3620 1336 provinciis

2050 1382 2173 1421 enm
2250 1364 2604 1433 expellerent.
2672 1360 2738 1416 At.
2793 1361 2952 1431 legati
3020 1361 3199 1430 ipsum
3279 1360 3618 1414 edocuerunt

2053 1458 2431 1525 imperatorem
2504 1455 2557 1508 in
2618 1453 2830 1507 Italiam
2892 1469 2998 1507 non
3080 1453 3387 1517 transiisse,
3448 1461 3507 1505 ut
3555 1452 3623 1506 de

2053 1549 2137 1603 his
2196 1564 2316 1617 qua:
2358 1546 2497 1600 fama
2554 1548 2769 1616 vulgata
2822 1555 2979 1600 erant
3040 1540 3097 1599 et
3128 1546 3191 1599 ad
3224 1562 3345 1599 eum
3394 1547 3619 1615 perlata,

2053 1650 2280 1711 ageret,
2314 1641 2407 1695 sed
2450 1647 2507 1693 ut
2552 1638 2620 1694 de
2656 1639 2781 1695 ﬁdei
2828 1655 2941 1693 suae
2991 1640 3368 1693 controversis
3396 1639 3621 1706 dogma-

2048 1733 2195 1787 tibus
2242 1748 2365 1786 eum
2412 1729 2561 1784 ltalis
2611 1731 2912 1785 dissereret
2972 1739 3024 1785 et
3065 1729 3520 1783 communicaret.
3552 1734 3622 1782 At

2048 1834 2340 1895 postquam
2421 1822 2851 1890 archiepiscopi,
2916 1822 3161 1891 episcopi
3232 1829 3285 1874 ct
3356 1824 3620 1889 prmsulcs

2050 1917 2365 1971 triremibus
2415 1915 2845 1981 exscenderuut,
2941 1916 3086 1968 cives
3155 1914 3621 1982 Constantinopo-

2046 2011 2182 2073 leos,
2233 2017 2290 2060 ut
2341 2022 2460 2060 unus
2505 2014 2613 2067 est,
2666 2021 2791 2061 eos
2826 2006 3068 2060 salutant
3117 2006 3612 2075 interrogauitque:

2052 2105 2117 2156 Ut
2196 2116 2256 2156 se
2313 2115 2399 2154 res
2457 2108 2658 2153 vestra:
2708 2097 3270 2167 babent?quomodo
3338 2108 3619 2151 transacta

2045 2208 2127 2251 est
2166 2196 2410 2266 synodus
2447 2194 2469 2246 ?
2520 2208 2650 2247 num
2712 2192 2950 2246 vicimus
2988 2206 3091 2246 nos
3130 2191 3153 2244 ’ἲ
3203 2189 3623 2261 Responderunt

2048 2290 2121 2342 illi
2162 2286 2392 2341 :Fidem
2424 2296 2672 2340 nostram
2716 2286 2894 2355 pretio
2960 2284 3310 2340 vendidimus
3347 2304 3362 2349 ;
3406 2284 3622 2353 religio-

2045 2394 2167 2433 nem
2229 2387 2473 2432 nostram
2519 2368 2801 2448 impietate
2844 2377 3350 2440 commutavimus;
3391 2385 3443 2429 et
3481 2378 3622 2445 Αιγ-

2046 2472 2193 2524 initae
2249 2470 2378 2523 facti
2443 2486 2643 2539 purum
2697 2468 3034 2524 sacriﬁcium
3082 2467 3444 2537 prodidimus.
3478 2468 3621 2521 Istus

2049 2564 2263 2632 121a
2293 2562 2566 2632 turpiores
2604 2560 2757 2615 dictu
2788 2574 3070 2614 sermones
3106 2559 3402 2622 habebant,
3426 2560 3619 2611 ctiam-

2044 2674 2152 2727 que
2219 2673 2286 2712 ex
2354 2657 2422 2710 iis
2470 2658 2561 2725 qui
2599 2655 2822 2710 decreto
2854 2653 3621 2723 subscripserant,ileraelem

2045 2765 2241 2819 nempe
2301 2748 2646 2817 metmpolita
2695 2748 2990 2811 Antonius,
3035 2746 3109 2799 ac
3152 2746 3355 2800 caeteri.
3393 2745 3447 2798 Si
3498 2747 3623 2813 quis

2043 2856 2174 2896 vero
2222 2840 2333 2915 .eis
2400 2839 2701 2910 obiiceret,
2752 2839 2820 2892 Et
2890 2853 3064 2907 quare
3152 2836 3622 2905 subscripsislis?

2043 2933 2461 3003 respondebant
2524 2932 2813 2995 continuo,
2858 2930 3200 2984 Francorum
3241 2929 3541 2982 formidine
3567 2928 3617 2980 id

365 3022 461 3073 καὶ
486 3020 757 3075 ἐϐάπτετο
804 3023 1092 3091 καλαμοεσ
1158 3024 1299 3094 ὑπὲρ
1356 3026 1592 3096 ἀριθμὸν
1632 3031 1738 3097 γὰρ
1799 3025 1939 3101 ἦσαν

2046 3027 2281 3097 egimus.
2362 3025 2837 3094 lnterrogautibus
2898 3024 3144 3091 insulam,
3217 3036 3344 3074 num
3418 3019 3616 3073 Franci

365 3113 432 3166 τὰ
454 3112 949 3183 δαπανηθένταείς
996 3117 1199 3180 αὐτοὺς
1253 3117 1569 3186 νομίσματα
1591 3160 1605 3184 ,
1640 3123 1831 3175 καὶτὰ
1882 3126 1939 3179 ὲν

364 3204 529 3272 χερσὶ
563 3205 904 3270 μετρηθέντα
930 3206 1163 3259 ἑκάστου
1211 3208 1319 3259 τῶν
1365 3210 1618 3279 Πατρῶν.
1672 3209 1806 3267 Εἶτα
1844 3234 1941 3283 με·

371 3291 779 3361 ταμεληθέντες
799 3295 919 3345 οὐδὲ
954 3297 1021 3348 τὰ
1074 3299 1314 3365 ἀργύρια
1355 3302 1747 3370 μετέστρεψαν.
1797 3308 1940 3375 Πρδς

368 3380 467 3449 τὴν
508 3380 694 3448 φωνὴν
726 3381 819 3433 οὖν
845 3382 1047 3446 αὐτῶν,
1080 3385 1163 3435 ὅτι
1182 3387 1279 3453 τὴν
1304 3388 1485 3440 πίστιν
1517 3393 1696 3444 αὐτων
1719 3394 1937 3464 πέπρας

368 3484 492 3534 καν,
535 3469 632 3521 καὶ
654 3470 914 3523 ἐπέκεινα
946 3471 1041 3523 τοῦ
1087 3472 1256 3525 Ἰούδα
1304 3475 1574 3544 ἥμαρτον,
1630 3479 1728 3531 τοῦ
1784 3483 1938 3548 στρέ-

365 3560 567 3630 ψαντος
594 3562 665 3615 τὰ
711 3563 988 3633 ἀργύρια·
1021 3564 1160 3617 ἀλλ’
1207 3562 1330 3618 οἵδε
1391 3568 1629 3633 Κύριος,
1670 3570 1769 3621 καὶ
1803 3572 1938 3624 ἁνε-

367 3654 625 3708 6άλλετο
647 3672 662 3688 ο
697 3658 795 3709 καὶ
830 3656 951 3723 πῦρ
999 3656 1242 3726 ἀνήφοη
1273 3659 1342 3712 ἐν
1371 3658 1595 3725 Ἰακὼϐ,
1658 3662 1757 3715 καὶ
1790 3663 1937 3733 ὀργὴ

364 3748 552 3817 ἀνέϐη
580 3749 681 3802 ἐπὶ
722 3749 829 3803 τὸν
863 3748 1137 3817 Ἰσραήλ.

2052 3119 2343 3173 tormentis
2407 3116 2557 3186 ipsos
2613 3112 3187 3183 suiijccissentinum
3232 3109 3617 3177 ﬂagellassent,

2048 3221 2103 3267 et
2147 3212 2201 3264 in
2254 3224 2532 3265 carcerem
2580 3204 3008 3262 detrusissent?
3056 3203 3462 3272 respondebant
3508 3204 3618 3256 nun

2046 3305 2120 3357 ita
2201 3304 2421 3357 habitos
2488 3300 2678 3363 fuisse,
2744 3300 2838 3354 sed
2899 3297 3176 3367 quomodo
3236 3295 3348 3348 iure
3428 3295 3616 3347 dextra

2046 3394 2403 3463 Subscripsit,
2489 3393 2770 3454 dicebant,
2826 3392 2901 3443 ita
2958 3388 3315 3442 abscindatur
3364 3404 3376 3439 :
3433 3386 3615 3455 lingua

2046 3484 2301 3539 confessa
2348 3490 2465 3547 .est,
2517 3481 2782 3536 radicitus
2834 3481 3144 3534 evellatnr:
3176 3493 3277 3532 nec
3317 3477 3613 3546 quidquam

2045 3575 2195 3629 aliud
2272 3560 2652 3661 respondere‘
2694 3581 2963 3642 poterant.
3054 3571 3134 3624 Ex
3184 3567 3615 3637 arcliiepiscOpis

2044 3672 2207 3725 etiam
2263 3670 2455 3740 aliqui,
2484 3685 2607 3724 cum
2664 3666 3120 3722 subscribendum
3163 3673 3281 3719 erat
3311 3665 3612 3725 decretum,

2044 3762 2356 3836 dixerunt;
2407 3761 2524 3815 Nisi
2584 3759 2864 3827 pecunias,
2921 3769 3043 3825 quae
3107 3755 3265 3808 nobis
3323 3752 3613 3813 suiliciam,

365 3846 733 3916 przebueritis,
792 3861 1139 3917 nequaquam
1201 3850 1631 3906 subscribemus.
1691 3853 1809 3919 Qua
1864 3868 2172 3922 numerata,
2228 3858 2372 3912 illico
2442 3856 2717 3909 calamum
2791 3860 3098 3907 atramento
3148 3851 3416 3920 tingentes
3482 3847 3613 3899 sub-

364 3945 656 4013 scripsere.
704 3942 982 4011 -Erogatte
1066 3945 1316 4013 equidem
1422 3956 1580 4001 erant
1654 3952 1721 4003 ad
1818 3966 1912 4006 eos
1966 3952 2210 4007 -alendos
2293 3954 2578 4005 irmnensse
2666 3962 2730 4003 ae
2818 3963 2957 4015 pene
3025 3946 3251 4000 inﬁnita:
3330 3943 3605 4013 pecunia};

366 4038 662 4106 unicuique
734 4037 898 4090 etiam
933 4035 1159 4090 Patrum
1209 4052 1454 4105 praesens
1530 4042 1761 4109 pecunia
1813 4053 2100 4098 numerata
2172 4044 2368 4097 fuerat.
2425 4042 2718 4111 Postquam
2771 4053 2899 4091 vero
2943 4054 3040 4094 eos
3100 4036 3377 4109 ptenituit,
3422 4050 3611 4107 argen.

364 4143 483 4191 teos
532 4146 639 4186 non
691 4129 1013 4185 retulerunt.
1076 4130 1184 4183 Sua
1228 4146 1358 4201 ergo
1384 4131 1751 4199 confessione,
1827 4136 1973 4205 quod
2052 4136 2212 4190 tidem
2278 4134 2676 4196 vendidissent,
2730 4148 2891 4202 quam
2920 4130 3119 4185 Judam
3163 4131 3363 4200 ipsum,
3393 4132 3487 4200 qui
3518 4148 3609 4188 ar-

365 4236 590 4298 genteos
648 4223 903 4288 reddidit,
937 4223 1157 4292 gravius
1199 4227 1517 4294 peccavisse
1566 4237 1914 4299 arguuntur;
1959 4230 2063 4286 Sed
2118 4232 2260 4285 novit
2313 4230 2572 4285 Dominus
2626 4240 2673 4283 et
2732 4228 2990 4293 distulit;
3060 4235 3111 4282 et
3167 4226 3303 4297 ignis
3358 4243 3608 4284 accensus

362 4329 439 4376 est
464 4322 514 4374 in
550 4317 736 4381 Iacob,
772 4324 823 4370 et
848 4318 930 4370 ira
950 4317 1183 4373 ascendit
1212 4336 1369 4389 super
1400 4320 1573 4376 Israel
1598 4324 1634 4377 ¹.

439 4438 615 4493 'Psal.
653 4450 858 4495 Lxx‘nt,
885 4434 976 4490 26.

1581 4505 1869 4567 ismaelis
1900 4503 2200 4567 Bullialdi
2236 4510 2423 4567 notua.
2510 4522 2511 4531 ‘

366 4608 595 4679 Μωράτ.
635 4607 928 4679 i’liranzcs,
962 4606 1056 4659 lib.
1094 4621 1155 4679 ll,
1186 4621 1306 4679 cap.
1340 4604 1425 4679 i5,
1481 4612 1633 4657 notat
1674 4604 1913 4679 Ainiram
1950 4607 1995 4663 υ
2023 4604 2201 4659 bendo
2232 4605 2453 4679 decreto
2470 4603 2787 4679 Florentino
2809 4606 3162 4661 conﬁteretur
3191 4619 3256 4679 ac
3286 4621 3603 4664 exsecrare-

364 4673 650 4742 Moratem,
694 4677 758 4730 ad
783 4692 941 4743 quem
993 4673 1548 4745 Andronicusiagrns
1602 4689 1696 4745 seu
1754 4675 1920 4742 lagris
2031 4682 2119 4725 tur
2147 4692 2162 4736 ;
2187 4690 2353 4742 seque
2386 4677 2631 4744 dignum,
2664 4677 2750 4727 cui
2778 4691 3134 4745 manus,rqna
3157 4676 3599 4745 subscripserat,

366 4752 569 4804 missus
619 4739 724 4810 est,
761 4739 999 4799 voluisse
1028 4745 1093 4795 ab
1125 4743 1213 4795 illa
1249 4739 1584 4810 profectione
1632 4739 1923 4808 imperato-
2034 4739 2513 4806 [ii-rescinderent},
2593 4744 2917 4810 quibusdam
2995 4739 3346 4798 familiariter
3395 4739 3603 4801 'se’cum

365 4834 481 4873 rem
512 4828 777 4872 avertere.
800 4815 902 4869 Alii
938 4814 1128 4867 dicunt
1157 4811 1420 4864 Joannem
1450 4812 1829 4876 imperatorem
1862 4812 1927 4864 ad

365 4889 624 4942 Moratem
658 4888 873 4941 misisse
902 4884 1131 4937 Paulum
1162 4883 1420 4943 Asanem,
1458 4888 1517 4931 ut
1550 4880 1616 4931 de
1641 4878 1929 4944 profectio-

367 4975 435 5012 ne
464 4974 562 5012 sna
614 4973 737 5011 eum
758 4955 1043 5011 certiorem
1079 4952 1299 5005 faceret.
1329 4947 1588 5003 Moralem
1624 4948 1925 5002 discessum

367 5028 712 5097 imperatoris
732 5029 780 5097 in
812 5024 1020 5097 italiam
1042 5020 1390 5097 dissuasissc,
1428 5019 1657 5097 veritum
1685 5033 1749 5097 ne
1779 5018 1925 5097 quod

368 5085 683 5152 l'usitnscum
752 5094 960 5149 Latinis
1006 5100 1193 5145 contra
1248 5088 1459 5143 Tui-cos
1484 5091 1666 5143 iniret.
1702 5085 1927 5140 Veziros

366 5173 526 5221 etiam
548 5168 711 5220 Asani
731 5166 936 5219 dixisse
962 5161 1184 5215 tradunt
1204 5160 1404 5213 sultani
1430 5159 1743 5222 amicitiam,
1759 5172 1923 5227 quam

369 5238 687 5291 Latinorum
747 5236 1019 5287 utiliorem
1074 5230 1386 5297 imperatori
1418 5228 1552 5281 fore.

437 5308 552 5375 (85)
584 5308 645 5357 Ὀ
717 5302 1071 5375 Ἡρακλείας
1128 5296 1452 5363 Ἀντώνιος.
1507 5298 1603 5375 llic
1652 5296 1922 5375 Antonius

371 5366 750 5429 lie‘raeleensis
782 5366 1148 5438 inetropulita,
1189 5378 1475 5437 postquam
1531 5366 1923 5421 Constantino-

370 5447 531 5514 polim
552 5443 727 5499 σικυοὶ
756 5439 1315 5514 reversrdeﬁligendo
1338 5438 1645 5514 patriarcha
1667 5445 1916 5514 egerunt,

371 5506 453 5569 ἱ-θι
489 5517 691 5569 invitus
725 5513 975 5567 electioni
1012 5508 1204 5571 adfuit,
1235 5522 1340 5561 non
1383 5519 1435 5559 nt
1467 5506 1781 5573 sull‘ragium
1812 5506 1921 5560 fer-

371 5597 487 5644 ret;
525 5585 739 5651 negavit
770 5586 912 5636 enim
950 5583 998 5633 id
1033 5581 1300 5651 laturum;
1330 5579 1423 5651 sed
1455 5588 1515 5651 ut
1548 5593 1761 5651 coram_
1794 5578 1917 5630 uni-

370 5670 530 5712 verso
562 5647 731 5719 clero,
771 5661 1071 5722 peccaturo,
1128 5647 1272 5717 quod
1327 5647 1614 5702 admiserat
1681 5647 1919 5704 subscri-

2032 4814 2376 4866 versantilius
2410 4828 2471 4865 so
2505 4814 2683 4866 fassus
2716 4821 2817 4867 est.

2105 4879 2216 4947 (86)
2257 4881 2421 4944 Τινὲς
2447 4881 2570 4934 τῶν
2619 4881 2940 4948 ἀρχιερέων
2961 4878 3129 4943 ἐγτῷ
3177 4879 3567 4948 ὑπογράφειν.

2030 4948 2132 5013 Qui
2160 4964 2221 5003 ex
2250 4950 2395 5002 clero
2440 4947 3053 5016 Constantinopolitano
3094 4947 3334 5003 concilio
3376 4947 3598 5006 Floren-

2031 5021 2148 5070 tino
2187 5017 2502 5089 adfuerttnt,
2537 5028 2756 5089 negant,
2795 5016 3012 5089 quando
3043 5016 3274 5089 decreto
3309 5022 3597 5089 subsigna-

2029 5094 2149 5159 ιιιιιιΔ
2175 5098 2278 5145 est,
2312 5085 2898 5159 (ἱῃιεςοσσιτηρξτιον,
2938 5085 2988 5138 id
3013 5095 3097 5140 est
3170 5087 3376 5159 cibaria
3418 5085 3602 5159 et'pe-

2028 5155 2239 5229 minias,
2265 5157 2529 5229 petiisse,
2588 5155 2963 5229 ίιιιιξιιξιιίιιοε
3022 5158 3393 5229 promisisse:
3450 5155 3599 5229 quod

2027 5225 2229 5296 Gnecis
2260 5225 2439 5280 tamen
2476 5226 2527 5279 in
2583 5226 2812 5287 patriam
2844 5231 3081 5279 reversis
3148 5226 3422 5296 obiectum
3468 5225 3595 5292 'est,

2026 5295 2281 5369 ipsosrlne
2312 5311 2442 5349 auro
2486 5296 2739 5369 suifragia
2764 5310 2861 5349 sua
2890 5295 3415 5369 vendidisse.’lidem
3446 5305 3599 5369 equi-

2025 5364 2144 5418 dem
2177 5366 2415 5419 tatentur
2443 5367 2730 5435 pecuniam
2783 5366 3061 5433 accepisse
3111 5368 3324 5434 aliquos
3359 5364 3586 5435 :plui-es

2028 5447 2205 5489 tamen
2240 5451 2428 5488 eorum
2487 5435 2707 5489 decreto
2742 5451 2845 5488 non
2908 5436 3341 5503 subsignavisse.
3408 5438 3599 5493 licillo

2028 5504 2342 5577 Flm'entino
2390 5508 2624 5559 concilio
2664 5506 2949 5577 adeundus
3005 5505 3299 5572 Laonicus,
3378 5508 3474 5563 lib.
3520 5524 3597 5577 Vt,

2029 5592 2150 5647 cap.
2188 5576 2251 5629 l3
2283 5584 2334 5630 et
2372 5591 2524 5646 seqq.
2554 5591 2728 5644 usque
2767 5575 2833 5629 ad
2868 5576 2958 5631 17.
