3962 6204
272 298 407 368 1041
1482 324 1849 383 HISTORIA
1889 326 2340 394 BYZANTINA.
3384 284 3521 401 Illi}

272 421 620 523 »ξατασκευὴν
650 424 886 495 νάστρου
918 430 976 482 ὲν
1008 430 1086 500 τῷ
1119 431 1329 504 στομίῳ
1358 434 1453 487 τοῦ
1488 435 1636 506 ἱεροῦ
1678 436 1846 504 ὑπερ-

1957 456 2071 508 qua:
2107 443 2173 497 ad
2228 461 2367 516 opus
2414 444 2834 518 absolvendum,
2892 466 2944 508 et
3003 453 3521 523 adcomportaudas

268 509 384 565 ἀνω
411 515 509 581 τῆς
546 514 777 577 πόλεως.
806 518 940 573 Τότε
984 523 1033 575 ol
1087 522 1348 593 Ῥωμαῖοι
1384 526 1722 590 ἀκούσαντες
1749 531 1848 596 τὴν

1957 535 2211 590 materias
2245 539 2556 593 necessaria
2579 550 2757 605 erant,
2796 558 2922 597 vere
2975 552 3263 613 appetente
3320 554 3520 614 praesto

272 608 481 704 πιιιραν
509 608 716 678 ταύτην
766 613 1048 682 ἀγγελίαν,
1093 618 1190 671 καὶ
1225 621 1273 673 οἱ
1314 622 1372 674 ὲν
1405 621 1842 684 Κωνσταντὶνου,

1957 633 2155 689 essent,
2223 628 2288 681 ad
2326 637 2573 683 castrum
2610 632 2661 686 in
2722 633 2869 687 ostio
2927 649 3086 688 sacro
3146 650 3314 704 supra
3374 634 3522 689 Con-

270 695 444 748 καὶοὶ
485 698 541 750 ἐν
571 699 720 771 πάσῃ
769 708 833 774 τῇ
878 705 1031 778 Ἀσίᾳ
1076 726 1158 774 τε,
1188 714 1281 766 καὶ
1315 712 1525 785 Θρᾴκῃ,
1558 715 1654 769 καὶ
1699 716 1749 767 ol
1789 717 1847 767 ὲν

1957 716 2362 787 stantinopolim
2394 721 2803 777 aediﬁcandum.
2842 725 2957 780 Iloc
3016 695 3231 781 nuntio.
3273 736 3381 781 tam
3437 727 3525 780 in-

269 787 391 848 τατς
415 788 604 857 νήσοις
634 793 909 860 οἰκοῦντες
930 799 1253 869 Χριστιανοὶ
1276 804 1693 874 ὑπερήλγησαν,
1720 804 1847 877 ἐξη-

272 879 575 948 ράνθησαν,
603 885 704 939 οὐκ
750 883 820 958 ἦν
869 890 929 944 ἐν
963 892 1213 962 ἀλλήλοις
1274 896 1497 963 γλῶσσα
1530 897 1562 966 ἢ
1598 898 1848 952 διαλαλιᾶ

268 973 412 1042 πλήν
442 991 457 1005 ·
486 978 618 1031 Νῦν
648 980 716 1034 τὸ
740 981 917 1047 τέλος
950 984 1167 1054 ἤγγισε
1202 986 1310 1056 τῆς
1339 990 1606 1057 πόλεως·
1632 991 1751 1045 νῦν
1779 992 1850 1046 τὰ

267 1064 585 1135 σήμαντρα
615 1060 724 1136 τῆς
759 1074 987 1141 φθορᾶς
1012 1076 1119 1129 τοῦ
1142 1078 1433 1147 ἡμετέρου
1457 1080 1674 1150 γένους
1691 1096 1706 1112 ⁸
1732 1082 1849 1136 νῦν

269 1164 329 1213 al
366 1161 578 1228 ἠιιέραι
619 1165 727 1217 τοῦ
774 1167 1204 1238 Ἀντιχρίστου.
1238 1172 1349 1225 Kal
1386 1162 1451 1226 τί
1486 1174 1770 1244 γένωμεν,
1808 1177 1847 1245 ἣ

264 1252 325 1304 τί
340 1344 347 1345 7
373 1255 749 1325 ποιήσομεν;
790 1260 1051 1329 Ἀρθήτω
1096 1266 1196 1333 ἀφ’
1245 1266 1416 1335 ἡμῶν
1446 1268 1483 1335 ἢ
1515 1268 1627 1336 ζωὴ
1656 1269 1845 1345 ἡμῶν.

267 1344 467 1411 Κύριε,
492 1346 589 1400 real
621 1349 705 1416 μὴ
749 1349 968 1405 τδοσαν
1018 1357 1073 1408 ol
1124 1356 1422 1427 ὀφθαλμοὶ
1456 1359 1575 1413 τῶν
1610 1344 1849 1415 δούλων

266 1448 387 1489 σου
417 1432 533 1505 τὴν
568 1440 801 1509 φθορὰν
852 1442 963 1511 τῆς
1012 1446 1267 1515 πόλεως,
1293 1449 1449 1517 μηδὲ
1495 1450 1763 1519 εῑπησαν
1792 1455 1859 1507 οἵ

197 1605 202 1610 ι
266 1526 470 1594 ἐχθροί
494 1546 630 1594 σου,
666 1532 953 1600 δέσποτα,
990 1537 1115 1593 Ποῦ
1146 1543 1305 1593 εἰσιν
1332 1544 1387 1595 ol
1417 1543 1847 1612 φυλάσσοντες

266 1622 497 1705 ταύτην
535 1623 728 1693 ἄγκη
756 1627 977 1698 Ταύτην
1008 1633 1118 1701 γὰρ
1161 1632 1261 1703 τὴν
1302 1637 1489 1705 φωνὴν
1537 1639 1635 1691 σὺν
1681 1639 1845 1693 κλαυ·

1947 816 2103 876 grato
2135 824 2198 864 ac
2223 812 2420 867 acerbo
2456 814 2646 881 allato,
2698 815 2927 878 Romaei.
2989 819 3081 887 qui
3135 818 3526 874 Constantino-

1950 899 2137 969 polim,
2203 902 2409 972 quique
2465 905 2754 960 Thraciam
2792 916 2848 960 et
2908 908 3095 962 Asiam
3169 909 3522 972 incolebant.

1950 992 2220 1047 insulares
2332 996 2496 1049 etiam
2593 994 2937 1064 Christiani,
3030 998 3197 1053 animi
3294 1000 3520 1069 aegritu-

1948 1082 2076 1135 dine
2120 1098 2186 1137 ac
2232 1098 2469 1140 maerore
2521 1087 2881 1157 consumpti,
2927 1088 3065 1145 alios
3124 1103 3407 1143 sermones
3457 1091 3527 1143 ad

1952 1172 2187 1225 invicem
2222 1183 2422 1241 praeter
2452 1175 2589 1231 istos
2626 1190 2732 1231 n0n
2767 1178 3081 1233 habebam:
3117 1177 3276 1232 Nunc
3321 1179 3526 1233 uicinus

1948 1270 2025 1313 est
2050 1260 2193 1314 urbis
2241 1262 2364 1330 ﬁnis
2417 1280 2435 1317 :
2476 1274 2722 1331 portenta
2780 1268 3103 1323 imminentis
3134 1269 3276 1339 genti
3330 1277 3528 1322 nostra

1951 1353 2124 1406 ruina:
2150 1370 2290 1407 nunc
2316 1356 2636 1410 uidebuntur
2654 1374 2673 1412 :
2695 1359 2808 1412 dies
2840 1359 3523 1414 Antichristiadvenerunt.

1951 1443 2093 1511 Quid
2123 1449 2186 1500 de
2224 1447 2371 1502 nobis
2404 1453 2719 1506 statuetur?
2747 1451 2874 1521 quid
2918 1452 3220 1520 faciemus?
3271 1450 3390 1504 Vita
3426 1466 3522 1503 ηο-

1951 1538 2051 1605 lris,
2090 1538 2249 1610 134
2280 1539 2527 1609 Domine,
2551 1543 2701 1607 prius
2742 1545 3025 1610 eripiatur,
3058 1560 3217 1611 quam
3242 1542 3385 1598 oculi
3416 1560 3527 1595 ser-

1950 1645 2134 1684 rorum
2164 1640 2374 1683 tuorum
2402 1633 2547 1684 urbis
2579 1633 2902 1687 eversionem
2956 1635 3187 1688 rideant.
3234 1631 3316 1686 Ne
3346 1633 3527 1686 dicant

266 1698 391 1782 6μῷ
423 1714 484 1767 οὐ
521 1716 683 1784 μόνον
710 1718 759 1771 ol
783 1720 885 1786 τῆς
916 1698 1149 1787 πόλεως,
1176 1698 1515 1783 ἀλλὰ-’καιτοι
1550 1733 1650 1801 τῆς
1689 1733 1844 1786 Ἀνα-

1957 1722 2153 1775 inimici
2175 1724 2275 1785 tui,
2298 1723 2518 1778 Domine
2541 1739 2557 1777 :
2584 1723 2821 1779 Ubisunt
2844 1726 3038 1789 sancti,
3063 1725 3351 1794 quiurbem
3374 1724 3527 1777 illam

266 1803 433 1873 τολῆς
473 1808 754 1879 σποράδην
786 1812 1060 1877 οἰκοῦντες
1083 1817 1422 1885 Χριστιανοὶ,
1449 1820 1546 1874 real.
1568 1824 1617 1875 οἱ
1643 1824 1700 1878 ἐν
1722 1826 1845 1888 ταῖς

267 1898 479 1967 νήσοις,
515 1901 611 1954 καὶ
641 1902 692 1954 ol
722 1904 781 1957 iv
816 1908 882 1975 τῇ
920 1905 1083 1961 Δύσει
1117 1908 1177 1961 τὸ
1216 1910 1348 1963 αὐτὸ
1399 1898 1541 1975 μετᾶ
1564 1915 1846 1986 κλαυθμοῦ

266 1986 460 2044 ἐϐόων.
502 1990 564 2044 Ὅ
599 1993 659 2046 δὲ
687 1995 967 2065 Μιχεμὲτ,
1012 1999 1114 2069 ἤδη
1164 2000 1261 2053 τοῦ
1306 1999 1469 2072 ἔαρος
1508 2004 1847 2074 ἀρξαμένου,

266 2077 507 2134 ἔστειλεν
571 2084 885 2157 ἁπανταχοῦ
944 2091 1071 2153 τοὺς
1137 2093 1388 2163 τεχνίτας
1440 2097 1538 2148 καὶ
1584 2095 1711 2158 τοὺς
1758 2097 1851 2166 ὲρ-

266 2167 441 2235 γότας
487 2174 756 2242 συνάγων.
801 2176 859 2230 '0
897 2179 1153 2249 βασιλεὺς
1188 2184 1244 2236 δὲ
1277 2185 1491 2250 στείλας
1517 2185 1576 2238 ἐν
1636 2185 1852 2256 ’Δδρια-

266 2261 519 2316 mendici.
575 2268 876 2335 πρέσϐεις,
928 2272 1027 2342 οὐχ
1083 2274 1166 2327 ὅτι
1220 2274 1458 2344 ζητῆσαι
1516 2293 1570 2328 τι
1620 2276 1731 2329 τῶν
1777 2271 1854 2331 ὧν

267 2352 688 2422 ἠϐούλετο,οὐδὲ
710 2362 1061 2417 διπλασιάσαι
1086 2366 1187 2435 τὴν
1223 2367 1505 2434 πρόσοδον,
1554 2368 1669 2421 ἀλλ’
1695 2364 1853 2423 εἷπον

269 2446 418 2516 αὐτῷ
453 2458 473 2479 θ
486 2449 687 2518 Ἡμεῖς
707 2452 829 2522 ἤδη
847 2455 961 2523 τὴν
975 2456 1243 2526 σήμερον
1267 2458 1404 2525 ἔτος
1419 2460 1553 2513 ἐστί
1578 2477 1696 2515 ,στου
1718 2461 1855 2516 ἐκα-

268 2542 494 2594 τοστὸν
520 2541 633 2614 (2⁸3)
665 2547 761 2598 real
790 2546 1098 2613 ἐπέκεινα,
1142 2550 1245 2619 ἀφ’
1288 2546 1360 2606 οὗ
1378 2552 1495 2617 τὴν
1526 2552 1856 2620 Ἀδριανού-

274 2636 461 2688 πολιν
489 2639 521 2690 ό
552 2638 665 2702 σὸς
712 2639 963 2706 πάππος
1011 2644 1221 2711 Μωρὰτ
1252 2646 1285 2698 ό
1322 2644 1430 2699 τοῦ
1473 2646 1693 2713 Ὀρχὰν
1723 2646 1854 2712 υίὸς

274 2726 456 2781 ἔλαϐε
481 2744 498 2759 °
539 2731 639 2783 real
696 2731 905 2787 ἔκτοτε
938 2735 1257 2803 συνθήκας
1296 2736 1664 2805 ποιήσαντες
1699 2740 1753 2792 oi
1788 2739 1855 2793 ἐκ

1958 1822 2171 1867 tuentur
2191 1816 2217 1867 2
2248 1814 2357 1871 llas
2391 1830 2556 1871 voces
2588 1831 2713 1871 cum
2747 1816 2956 1887 ejulatu
2984 1826 3037 1871 et
3066 1816 3192 1871 ﬂetu
3218 1830 3325 1869 non
3351 1816 3527 1871 solum

1953 1904 2572 1975 Constantinopolitani,
2610 1906 2708 1963 sed
2754 1916 2809 1963 et
2855 1908 3038 1962 cuncti
3093 1906 3392 1962 Christiani
3434 1920 3531 1974 ρει·

1953 1996 2284 2064 Auatoliam,
2309 1997 2542 2063 insulas,
2566 2012 2620 2055 et
2638 1998 2984 2055 occidentem
3016 1998 3274 2070 dispersi,
3304 1997 3525 2053 easdem

1954 2087 2211 2159 lacrymis
2235 2103 2298 2143 ac
2332 2089 2588 2145 lamentis
2621 2091 2813 2146 mistas
2840 2089 3162 2146 fundebant.
3195 2084 3529 2144 Mehemetes

1955 2195 2085 2235 vere
2121 2179 2409 2247 inchoato,
2471 2182 2837 2252 undequaqne
2872 2184 3114 2238 artiﬁces
3148 2190 3201 2237 et
3250 2178 3544 2250 operarios.

1956 2271 2193 2342 collegit.
2230 2274 2300 2327 At
2339 2276 2644 2343 imperator
2673 2273 3090 2345 AdrianOpolim
3112 2274 3322 2343 legatos
3349 2271 3528 2336 misit,

1956 2377 2065 2417 non
2100 2377 2222 2433 qua:
2255 2363 2441 2429 vellet,
2475 2374 2572 2420 aut
2621 2366 2832 2423 reditus
2864 2367 3031 2436 duplo
3078 2365 3379 2436 ampliares
3425 2363 3528 2419 sibi

1957 2451 2101 2518 dari,
2126 2469 2222 2524 per
2257 2471 2353 2511 eos
2400 2458 2711 2523 petiturus:
2771 2458 2865 2514 sed
2892 2458 3161 2527 ejusmodi
3227 2458 3537 2511 orationem

1955 2545 2117 2614 legati
2169 2546 2234 2600 ad
2297 2546 2651 2604 Mehemetem
2722 2548 3087 2605 habuerunt:
3146 2549 3338 2603 Annus
3412 2549 3535 2617 jam

1956 2642 2263 2693 centesimus
2292 2642 2489 2710 agitur,
2530 2642 2610 2695 uel
2640 2643 2801 2696 etiam
2830 2640 3006 2707 plures
3051 2642 3223 2711 elapsi
3284 2650 3432 2703 sunt,
3465 2642 3527 2695 ab

1955 2741 2137 2801 erepta
2161 2733 2311 2786 nobis
2344 2748 2438 2801 per
2466 2735 2716 2789 tritavum
2759 2743 2908 2788 tuum
2959 2735 3219 2789 Moralem
3268 2734 3530 2790 Orclianis

274 2816 382 2869 τοῦ
411 2818 627 2887 γένους
658 2823 846 2881 αὐτοῦ
874 2827 1267 2896 καταγόμενοι
1292 2828 1470 2897 μέχρι
1488 2830 1625 2895 σοῦ,
1652 2830 1852 2896 οὐδεὶς

1957 2825 2128 2895 ﬁlium
2160 2824 2547 2887 Adrianopoli:
2590 2836 2641 2881 et
2693 2828 2759 2881 ab
2805 2828 2898 2881 illo
2951 2838 3203 2897 tempore,
3230 2827 3528 2897 principum

272 2909 605 2979 ἐμελέτησε
637 2915 870 2983 πύργον
906 2916 944 2984 ἢ
980 2918 1256 2985 καλύϐην
1285 2917 1471 2987 πῆξαι
1502 2919 1570 2973 ἐν
1593 2919 1669 2988 τῇ
1691 2919 1852 2989 αὐλῇ

1957 2933 2115 2987 genus
2153 2916 2217 2970 ab
2248 2932 2306 2969 eo
2337 2916 2642 2972 ducentium
2677 2919 2855 2973 nullus
2901 2929 3097 2988 prater
3152 2931 3201 2974 te
3235 2922 3527 2990 tugurium,

277 2998 390 3069 τῆς
420 3003 673 3067 πόλεως.
706 3004 774 3059 El
806 3007 915 3077 γὰρ
942 3009 1042 3061 real
1075 3009 1236 3063 αἰτία
1274 3026 1363 3075 τις
1388 3009 1723 3077 εὑρίσκετο,
1752 3010 1849 3064 real

1957 3004 2145 3057 nedum
2181 3007 2399 3071 turrim,
2459 3009 2509 3061 in
2542 3011 2687 3063 urbis
2740 3011 2913 3077 ipsius
2950 3010 3201 3065 vestibulo
3246 3020 3369 3079 post
3400 3012 3531 3065 inita

270 3092 479 3161 μάχην
496 3096 815 3164 ἀμφότεροι
837 3101 1166 3166 συνίστων,
1192 3101 1351 3155 ἀλλὰ
1380 3100 1456 3154 δι’
1479 3096 1675 3170 ἄλλης
1695 3117 1849 3171 συμ-

1957 3096 2152 3165 Ῑωόενο
2182 3114 2374 3166 ponere
2400 3101 2671 3169 cogitavit.
2709 3102 2961 3168 Quamvis
2987 3104 3129 3157 enim
3159 3103 3377 3158 subortu
3407 3103 3533 3157 belli

276 3184 572 3252 σιόάσεως
621 3188 694 3240 τὰ
745 3188 854 3255 τῆς
914 3192 1162 3259 εἰρήνης
1210 3193 1602 3261 ἑπράττοντο.
1650 3193 1713 3246 '0
1746 3195 1854 3263 γὰρ

1957 3204 2145 3251 causa,
2175 3189 2247 3242 ad
2275 3207 2510 3261 pugnam
2542 3204 2751 3247 rentum
2777 3196 2871 3259 sit,
2897 3195 2967 3248 ad
2995 3195 3326 3249 conditiones
3357 3205 3530 3249 tamen

277 3279 392 3343 σὸς
433 3279 682 3344 πάππος
713 3285 745 3333 d
779 3286 1069 3352 Μεχεμὲτ,
1115 3287 1441 3354 βουληθεὶς
1482 3288 1553 3341 ἐν
1578 3288 1654 3356 τῇ
1706 3292 1854 3356 πρὸς

1957 3283 2106 3346 pacis
2142 3281 2453 3335 descensum
2511 3294 2733 3353 postea;
2765 3295 2815 3340 et
2843 3288 3195 3343 reconciliata
3246 3288 3535 3342 concordia

289 3366 638 3436 Ἀνατολὴν
668 3371 914 3441 κειμένῃ
939 3376 1047 3428 τοῦ
1061 3378 1425 3445 πορθμοῦτῇ
1450 3379 1653 3433 κτίσαι
1676 3382 1856 3448 φρού-

275 3474 431 3527 ριον,
465 3463 942 3529 παρακλητικῶς,
981 3464 1079 3517 καὶ
1114 3465 1187 3529 ὡς
1245 3466 1378 3531 υίὸς
1425 3470 1576 3535 πρὸς
1614 3469 1857 3537 πατέρα,

281 3547 399 3615 τὴν
434 3551 682 3619 αἴτησιν
711 3556 783 3608 οὐ
809 3556 1032 3624 μικρὰν
1070 3559 1103 3610 ὁ
1136 3555 1409 3625 Μεχεμὲτ
1437 3558 1590 3626 πρὸς
1617 3560 1727 3613 τὸν
1746 3560 1861 3625 βα-

282 3641 464 3694 σιλέα
491 3643 786 3713 Μανουὴλ
816 3646 1129 3713 ἐποίησεν.
1161 3648 1343 3701 Ὅθεν
1368 3648 1463 3701 real
1491 3649 1861 3706 κατένευσεν

280 3732 378 3785 ἐπὶ
405 3735 638 3801 σκοπῷ,
668 3736 756 3789 ὅτι
776 3738 846 3790 ἐν
873 3737 949 3805 τῇ
991 3738 1285 3806 Ἀνατολῇ
1301 3740 1651 3809 ᾠκοδόμητο
1676 3743 1743 3795 τὸ
1769 3743 1863 3810 έρ-

282 3844 414 3894 γον.
441 3828 550 3883 Kal
580 3829 618 3896 ἠ
668 3828 965 3898 Ἀνατολὴ
998 3830 1167 3886 πᾶσα
1193 3832 1309 3900 πρὸ
1355 3833 1590 3901 χρόνων
1613 3835 1863 3889 πολλῶν

282 3913 365 3986 ιῖν
422 3919 630 3986 αὐτοῖς
680 3922 1205 3992 προσῳκειωμένη.
1250 3924 1317 3977 Τὸ
1359 3924 1428 3978 δὲ
1470 3925 1553 3979 σὺ
1599 3924 1715 3993 τὴν
1747 3927 1864 3981 νῦν

282 4009 486 4075 καλῶς
503 4012 768 4080 ἐχόντων
789 4013 1034 4069 πάντων
1049 4015 1170 4069 σὺν
1192 4016 1550 4087 σοὶ,όρῶμεν
1569 4016 1863 4087 ἀσφαλῶς

284 4098 375 4152 ὅτι
406 4101 655 4170 μέλλεις
677 4106 792 4170 τὴν
825 4106 1150 4161 θάλασσαν
1174 4105 1289 4174 τὴν
1316 4109 1619 4176 Ποντικὴν
1641 4110 1863 4162 ἄϐατον

285 4192 539 4261 ποιῆσαι
573 4195 700 4261 τοῖς
729 4198 1040 4267 Φράγκοις,
1087 4200 1187 4253 καὶ
1219 4201 1333 4267 τὴν
1364 4201 1551 4253 πόλιν
1586 4204 1864 4269 λιμοκτο-

286 4285 494 4352 ν-ῆσαι,
527 4289 623 4342 real
652 4290 758 4356 τὰς
786 4291 1067 4356 εἰσόδους
1096 4290 1219 4345 τῶν
1261 4293 1332 4345 ἐν
1374 4292 1531 4359 αὐτῇ
1578 4294 1856 4362 τελουμέ⁹

287 4391 411 4427 νων
439 4381 807 4447 κομμερκίων
838 4382 1111 4436 κωλῦσαι
1136 4398 1149 4413 ⁶
1185 4381 1436 4451 δεόμεθα
1472 4379 1604 4447 οὖν,
1634 4386 1862 4453 ταύτην

1960 3365 2012 3418 in
2047 3368 2396 3435 tranquillum
2432 3372 2623 3423 iterum
2684 3382 2883 3426 statum
2917 3390 2998 3428 res
3061 3376 3359 3430 constituta:
3386 3387 3530 3429 sunt.

1969 3455 2221 3510 Voluerat
2252 3459 2378 3512 olim
2402 3474 2529 3514 avus
2555 3472 2676 3516 tuus
2701 3463 3037 3530 Mehemetes,
3072 3468 3125 3521 in
3157 3469 3334 3523 littore
3365 3468 3534 3522 orien-
3564 3529 3568 3533 ,

1961 3546 2059 3600 tali
2081 3548 2203 3615 freti
2228 3558 2463 3603 castrum
2504 3568 2537 3605 a
2564 3553 2928 3618 fundamentis
2969 3560 3208 3613 excitare
3230 3576 3248 3613 :
3277 3575 3445 3629 quare
3473 3567 3532 3611 ut

1961 3638 2015 3691 id
2050 3639 2112 3693 ab
2139 3640 2459 3708 imperatore
2514 3644 2767 3701 Manuele
2799 3661 3238 3719 consequeretur,
3270 3652 3364 3703 diu
3394 3651 3532 3703 mul-

1963 3740 2196 3799 tumque,
2242 3743 2297 3786 ut
2358 3736 2503 3804 ﬁlius
2533 3748 2740 3804 patrem
2777 3740 2934 3805 solet,
2982 3758 3098 3795 eum
3131 3751 3375 3809 precatus
3412 3758 3533 3808 per-

1964 3821 2190 3876 suadere
2207 3833 2428 3878 conatus
2450 3826 2668 3879 est.llli
2690 3828 2904 3881 tandem
2952 3831 3163 3897 annuit,
3212 3840 3263 3885 et
3301 3841 3534 3884 castrum

1966 3912 2021 3966 in
2051 3913 2231 3967 littore
2268 3917 2523 3969 orientali
2574 3919 2849 3985 wdiﬁcure
2898 3923 3171 3988 permisit;
3209 3938 3326 3975 cum
3372 3923 3535 3975 etiam

1964 4008 2158 4063 multos
2190 4019 2312 4064 ante
2335 4026 2501 4066 annos
2540 4013 2604 4066 ab
2632 4014 2746 4083 ejus
2773 4014 3072 4084 majoribus
3113 4027 3224 4070 tota
3283 4017 3535 4070 Anatolia

1962 4114 2203 4168 possessa
2233 4100 2447 4168 fuisset.
2482 4101 2524 4154 T
2526 4119 2557 4155 ιι
2593 4119 2731 4168 vero,
2774 4105 2984 4173 quicum
3012 4106 3250 4185 paciﬁce,
3302 4115 3350 4158 et
3378 4113 3535 4172 prout

1964 4193 2131 4253 decet,
2159 4206 2256 4244 nos
2277 4193 2531 4261 gerimus.
2571 4194 2765 4249 videris
2810 4197 2997 4263 procul
3026 4184 3184 4249 dubio
3234 4196 3533 4264 navigatio-

1966 4299 2079 4337 nem
2109 4282 2272 4337 Ponti
2313 4282 2516 4340 Euxini
2544 4287 2854 4356 intercipere
2904 4288 3067 4353 velle;
3100 4286 3164 4340 ab
3198 4303 3260 4340 ea
3297 4285 3535 4355 Francos

1964 4391 2177 4429 arcere:
2203 4376 2382 4430 urbem
2414 4377 2556 4445 [ante
2589 4396 2809 4434 enecare
2829 4389 2879 4434 et
2908 4396 3256 4445 consumere;
3300 4380 3534 4433 reditus-

288 4465 404 4535 τὴν
444 4470 692 4539 ,βουλὴν
726 4473 1069 4542 ἀπόκοψον.
1104 4475 1202 4529 real
1253 4476 1513 4545 ἐσόμεθα
1541 4478 1709 4545 φίλοι
1741 4491 1855 4532 σου

1965 4483 2082 4536 que,
2112 4468 2202 4536 qui
2225 4483 2290 4521 ex
2320 4470 2574 4523 mercium
2595 4472 2943 4542 vectigalibus
2982 4474 3036 4525 in
3061 4488 3124 4525 ea
3152 4472 3531 4541 percipiuntur,

285 4562 539 4627 χρηστοὶ
576 4562 728 4633 καθὰ
752 4564 851 4617 real
886 4564 1010 4617 σὺν
1039 4564 1119 4630 τῷ
1144 4567 1324 4633 πατρί
1350 4581 1469 4622 σου
1498 4568 1577 4633 τῷ
1616 4569 1863 4637 χρηστῷ

286 4650 540 4718 ἡγεμόνι
559 4667 572 4681 ·
607 4655 661 4707 el
686 4654 903 4718 βούλει
933 4656 1032 4708 real
1064 4656 1241 4723 τέλος
1266 4657 1521 4723 διδόναι,
1553 4660 1858 4729 δώσομεν.

299 4741 362 4794 '0
391 4743 448 4795 δὲ
475 4744 730 4813 Μεχεμὲτ
777 4747 1151 4817 ἀπεκρίνατο’
1194 4748 1337 4815 Ἐγὼ
1367 4748 1435 4801 ἐκ
1476 4749 1588 4816 τῆς
1628 4752 1858 4816 πόλεως

288 4834 363 4885 οὐ
399 4835 683 4901 λαμϐάνω
710 4852 787 4898 τι,
809 4836 983 4902 ἐκτὸς
1014 4836 1125 4902 τῆς
1150 4836 1379 4903 τάφρου
1411 4838 1523 4889 οὐκ
1550 4836 1697 4905 ἔχει,
1722 4838 1863 4890 οὔτε

289 4925 579 4989 κέκτηται
611 4943 688 4981 τι.
746 4928 857 4981 Kal
894 4930 1005 4996 γὰρ
1054 4929 1106 4981 ει
1165 4926 1388 4994 ἤθελον
1439 4929 1641 4980 κτίσαι
1675 4928 1743 4980 ἐν
1778 4927 1860 4993 τῷ

287 5014 428 5082 ἱερῴ
460 5018 688 5084 στομίῳ
712 5017 1020 5085 φρούριον,
1051 5017 1165 5069 οὐκ
1193 5012 1319 5083 εἷχε
1347 5015 1584 5068 δίκαιον
1613 5014 1719 5068 τοῦ
1752 5032 1862 5067 κω-

290 5107 469 5159 λύειν
488 5124 584 5175 με.
614 5107 819 5161 Πάντα
836 5107 946 5176 γὰρ
962 5106 1083 5162 ὑπὸ
1102 5107 1218 5174 τὴν
1232 5107 1386 5176 ἐμὴν
1404 5107 1694 5169 ἐξουσίαν
1718 5105 1860 5167 εισι,

290 5197 393 5247 καὶ
448 5197 520 5250 τὰ
574 5198 724 5266 πρὸς
762 5196 1100 5263 Ἀνατολὴν
1140 5198 1387 5266 κείμενα
1442 5198 1547 5251 τοῦ
1598 5197 1856 5265 στομίου

291 5289 573 5357 φρούρια,
606 5289 704 5343 real
736 5288 909 5355 ἐντὸς
937 5287 1139 5342 αὐτῶν
1179 5287 1420 5357 Τονῦρκοι
1466 5285 1818 5339 κατοικοῦσι
1841 5299 1856 5313 ·

1962 4559 2277 4613 rescindere.
2305 4559 2417 4613 Hoc
2446 4560 2728 4614 consilium
2766 4578 2797 4614 a
2828 4561 2978 4615 nobis
3002 4572 3254 4615 exoratus
3310 4562 3491 4613 omitte
3518 4577 3536 4623 ;

1963 4666 2123 4719 quam
2146 4666 2263 4703 cum
2297 4661 2449 4719 patre
2473 4662 2563 4706 tuo
2599 4653 2798 4713 optimo
2820 4653 3056 4718 principe
3102 4653 3396 4704 amicitiam
3444 4667 3535 4701 co-

1966 4741 2182 4805 luimus,
2217 4752 2386 4795 tecum
2415 4743 2623 4808 ﬁdelem
2653 4760 2717 4795 ac
2749 4744 3009 4811 integram
3040 4742 3387 4794 servabimus.
3414 4738 3535 4790 Tri-

1966 4831 2151 4885 butum
2180 4834 2416 4899 insuper,
2444 4834 2493 4886 si
2523 4834 2671 4886 nobis
2711 4834 2966 4896 imperas,
3001 4833 3056 4884 id
3078 4833 3302 4898 pendere
3353 4831 3533 4897 parati

1968 4921 2273 4975 sumus.Ad
2305 4923 2406 4973 ista
2454 4922 2735 4990 respondit
2795 4921 3163 4976 Mehemetes:
3203 4919 3357 4986 Quod
3389 4921 3535 4973 urbis

1969 5012 2059 5071 sit.
2090 5026 2207 5077 qua:
2251 5020 2400 5064 extra
2426 5011 2598 5079 fossas
2633 5012 2766 5065 nihil
2814 5011 3074 5077 possidet,
3111 5026 3204 5063 nec
3241 5009 3533 5062 dominium

1928 5112 1942 5131 '
1970 5099 2147 5162 habet,
2173 5116 2274 5153 non
2302 5116 2516 5170 occupo.
2552 5100 2614 5156 Si
2651 5104 2719 5155 ad
2736 5118 2946 5155 sacrum
2964 5103 3153 5156 etenim
3171 5104 3364 5156 ostium
3397 5101 3534 5155 cedi-

1971 5189 2137 5258 ﬁcare
2168 5199 2404 5244 castrum
2436 5192 2596 5255 volui,
2625 5193 2680 5244 id
2709 5208 2788 5245 me
2844 5193 3016 5259 facere
3048 5193 3197 5246 nullo
3224 5193 3345 5259 jure
3406 5208 3533 5261 pro-

1969 5281 2133 5334 hiberi
2164 5297 2399 5351 possum.
2430 5284 2621 5336 Omnia
2649 5283 2840 5353 quippe
2866 5291 3047 5337 castra
3082 5283 3152 5337 ad
3188 5292 3361 5338 ortum
3409 5283 3536 5339 ostii.

1482 5376 1773 5439 lsmaelis
1807 5375 2113 5440 Bullialdi
2147 5384 2336 5439 notua.

364 5502 477 5574 (28)
507 5503 683 5571 ¹Ἐ’τος
701 5505 833 5559 ἐστί
852 5521 969 5560 που
998 5504 1349 5574 ἑκατοστόν.
1370 5500 1674 5564 Bonlinius,
1698 5502 1843 5556 Hist.

1955 5502 2169 5572 nopolis
2208 5502 2355 5556 enim
2376 5510 2534 5572 capta
2555 5509 2640 5558 est
2669 5516 2813 5558 anno
2840 5501 3005 5572 1360,
3028 5501 3129 5572 rei
3160 5499 3319 5565 1562,
3348 5499 3534 5572 Mehe-

298 5569 543 5643 llungar.
567 5569 761 5630 dec'ad.
792 5591 875 5640 ιιι,
902 5577 998 5630 lib.
1024 5576 1080 5638 8.
1122 5573 1541 5643 Constantinum
1580 5582 1844 5643 questum
1955 5569 2125 5628 metes
2151 5586 2279 5626 vero
2318 5569 2611 5643 anquSZ
2643 5572 2884 5627 castrum
2908 5570 3232 5631 :ediﬁcabat.
3258 5569 3531 5629 Anniita-

293 5640 634 5717 cssefdelioc
659 5661 797 5698 novo
827 5661 990 5714 opere
1022 5644 1161 5717 apud
1181 5648 1474 5717 sultanum‘
1490 5640 1843 5717 Mehetnetem
1955 5659 2061 5717 quc
2084 5653 2291 5701 tantum
2321 5642 2387 5697 70
2415 5642 2582 5701 vel92
2604 5643 2775 5715 elapsi
2807 5651 2952 5701 sunt.
3362 5674 3373 5680 -

297 5714 494 5770 tradit.
516 5714 574 5770 ln
601 5710 877 5770 annorum
904 5710 1192 5771 interuallo
1224 5714 1427 5768 fallitur
1444 5710 1642 5777 Ducas,
1670 5713 1856 5766 Adria-
