3962 6204
287 304 419 373 1041

1496 327 1862 387 HISTORIA
1901 330 2352 397 BYZANTINA.

3398 288 3534 404 mn

286 426 632 495 κατασκευὴν
663 428 899 500 κάστρου
932 434 989 486 ὲν
1021 434 1100 503 τῷ
1132 435 1342 507 στομίῳ
1372 437 1466 491 τοῦ
1501 438 1649 509 ίεροῦ
1690 439 1858 506 ὕπερ-

1971 459 2084 510 qum
2119 446 2185 500 ad
2240 463 2379 519 opus
2428 450 2847 521 absolvendum,
2905 467 2957 510 et
3016 454 3535 525 adicomportaualas

284 514 397 570 ἀνω
423 520 522 587 τῆς
559 519 790 582 πόλεως.
819 522 953 577 Τότε
997 527 1046 579 οἱ
1100 526 1361 595 Ῥωμαῖοι
1398 529 1735 593 ἀκούσαντες
1762 533 1861 599 τὴν

288 613 494 675 πικρὰν
521 613 729 683 ταύτην
778 617 1062 686 ἀγγελίαν,
1106 622 1203 675 καὶ
1238 624 1286 677 oi
1327 626 1385 677 ἐν
1418 624 1854 687 Κωνσταντίνου,

286 700 377 753 καὶ
406 702 457 753 oi
498 703 554 755 ἐν
584 705 734 776 πάσῃ
783 713 846 779 τῇ
891 709 1045 782 Ἀσίᾳ
1088 730 1171 778 τε,
1202 717 1294 769 καὶ
1328 716 1538 788 Θρᾴκῃ,
1570 718 1667 772 καὶ
1712 720 1761 771 οί
1802 720 1860 769 ὲν

286 792 405 853 ταῖς
428 794 618 862 νήσοις
648 798 922 865 οἰκοῦντες
943 802 1266 872 Χριστιανοὶ
1289 807 1707 877 ὑπερήλγησαν,
1734 807 1861 879 ἐξη-

288 884 589 954 ράνθησαν,
616 890 718 944 οὐκ
763 888 834 963 ἦν
883 895 942 947 ὲν
976 896 1225 966 ἀλλήλοις
1286 899 1511 967 γλῶσσα
1543 900 1576 969 ἢ
1611 901 1861 955 διαλαλιᾶ

285 978 426 1047 πλήν
456 997 470 1010 ·
500 982 631 1036 Νῦν
662 984 729 1039 τὸ
754 985 930 1051 τέλος
963 988 1179 1058 ﬁnias
1214 990 1323 1059 τῆς
1352 993 1619 1061 πόλεως·
1645 994 1764 1049 νῦν
1792 996 1863 1049 τὰ

284 1069 598 1139 σήμαντρα
629 1064 738 1140 τῆς
772 1078 1000 1145 φθορᾶς
1024 1079 1132 1133 τοῦ
1155 1081 1447 1151 ἡμετέρου
1471 1083 1687 1153 γένους
1704 1099 1719 1116 ⁸
1745 1085 1863 1139 νῦν

286 1169 343 1218 al
380 1166 592 1233 ἡμέραι
633 1168 741 1221 τοῦ
788 1171 1217 1241 Ἀντιχρίστου.
1252 1175 1363 1229 Kal
1405 1178 1465 1229 τί
1500 1177 1784 1247 γένωμεν,
1822 1180 1860 1247 ἢ

282 1258 339 1309 τί
386 1260 763 1330 ποιήσομεν;
804 1264 1064 1333 Ἀρθήτω
1109 1269 1209 1337 ἀφ’
1259 1269 1431 1338 ἡμῶν
1460 1272 1498 1338 ἢ
1530 1271 1641 1339 ζωὴ
1670 1272 1859 1348 ἡμῶν.

284 1348 481 1416 Κύριε,
506 1351 602 1404 καὶ
634 1353 719 1421 μὴ
763 1353 981 1409 ῑδοσαν
1031 1361 1086 1411 οι
1138 1360 1436 1431 ὀφθαλμοὶ
1470 1362 1590 1417 τῶν
1624 1363 1863 1419 δούλων

284 1453 401 1493 σου
430 1442 547 1509 τὴν
582 1443 815 1513 φθορὰν
866 1446 977 1515 τῆς
1026 1450 1281 1518 πόλεως,
1306 1453 1463 1520 μηδέ
1509 1454 1777 1523 εἵπησαν
1806 1458 1871 1511 οἱ

282 1531 485 1599 ἐχθροί
508 1550 644 1597 σου,
679 1536 967 1603 δέσποτα,
1003 1541 1128 1596 Ποῦ
1159 1546 1319 1597 εἰσιν
1346 1547 1401 1599 οἱ
1432 1546 1862 1615 φυλάσσοντες

219 1611 222 1616 ’
282 1626 512 1708 ταύτην
550 1628 742 1696 artat;
769 1630 991 1702 Ταύτην
1022 1636 1131 1705 γὰρ
1175 1636 1275 1707 τὴν
1316 1611 1504 1708 φωνὴν
1551 1641 1650 1694 σὺν
1694 1611 1859 1695 ulmo—-

281 1704 405 1786 6μῷ
438 1718 499 1771 οὐ
536 1720 696 1788 μόνον
724 1722 773 1775 oi
797 1724 899 1789 τῆς
930 1704 1163 1790 πόλεως,
1189 1704 1530 1786 ἀλλὰλκαὶνοῐ
1565 1735 1664 1803 τῆς
1703 1734 1859 1788 Ἀνα-

280 1808 447 1877 τολῆς
488 1812 769 1882 σποράδην
801 1815 1074 1881 οἰκοῦντες
1098 1820 1436 1889 Χριστιανοὶ,
1464 1823 1560 1876 καὶ
1583 1826 1632 1877 οί
1658 1825 1715 1879 ἐν
1736 1828 1859 1889 ταῖς

281 1902 494 1971 νήσοις,
529 1905 625 1958 καὶ
656 1906 706 1958 οί
737 1908 795 1960 ἐν
831 1912 896 1978 τῇ
935 1908 1097 1964 Δύσει
1131 1912 1191 1964 τὸ
1229 1913 1362 1966 αὐτὸ
1413 1902 1556 1977 μετὰ
1579 1917 1861 1988 κλαυθμοῦ

280 1990 475 2047 ἐϐόων.
517 1994 579 2047 ’0
614 1996 673 2049 δὲ
701 1999 982 2068 Μεχεμὲτ,
1027 2002 1129 2072 ἤδη
1179 2002 1275 2056 τοῦ
1319 2001 1484 2075 ἔαρος
1522 2006 1863 2077 ἀρξαμένου,

277 2081 522 2139 ἔστειλεν
585 2088 900 2161 ἁπανταχοῦ
959 2094 1086 2156 τοὺς
1151 2096 1402 2166 τεχνίτας
1456 2098 1553 2151 καὶ
1600 2097 1727 2161 τοὺς
1775 2099 1867 2167 ἐρ-

276 2171 455 2239 γάτας
502 2177 771 2246 συνάγων.
816 2179 875 2233 '0
912 2182 1166 2252 βασιλεὺς
1202 2187 1258 2239 δὲ
1291 2187 1506 2253 στείλας
1532 2187 1591 2241 ιν
1652 2188 1867 2259 nam-

273 2265 534 2320 ωυπὸλει
590 2271 891 2338 πρέσϐεις,
943 2275 1041 2345 οὐχ
1098 2277 1180 2330 ὅτι
1235 2277 1473 2348 ζητῆσαί
1530 2296 1585 2331 τι
1635 2278 1747 2332 τῶν
1793 2272 1869 2333 ὧν

274 2356 703 2425 ἠϐούλετο,οὐδὲ
725 2365 1076 2420 διπλασιάσαι
1100 2369 1200 2439 τὴν
1237 2370 1520 2438 πρόσοδον,
1568 2371 1683 2424 ἀλλ’
1710 2366 1868 2426 εἷπον

274 2450 431 2520 αὖτῷ
468 2463 488 2482 ⁸
501 2453 701 2522 Ἡμεῖς
721 2456 844 2526 ἤδη
862 2458 977 2526 τὴν
990 2460 1257 2530 σήμερον
1281 2462 1417 2529 ἔτος
1433 2464 1568 2517 ἐστί
1593 2481 1711 2519 που
1732 2464 1871 2519 ἑκασ-

273 2545 509 2597 τοστὸν
535 2545 648 2617 (2‘3)
680 2550 773 2601 καὶ
805 2550 1113 2617 ἐπέκεινα,
1156 2554 1259 2622 ἀφ’
1301 2550 1374 2610 οὗ
1392 2556 1509 2621 τὴν
1540 2556 1871 2623 Ἁδριανού-

277 2641 477 2692 πολιν
504 2642 536 2694 ό
568 2641 680 2706 σὸς
727 2643 978 2710 πάππος
1026 2647 1235 2714 Μωρὰτ
1266 2649 1299 2701 ό
1336 2648 1443 2702 τοῦ
1487 2650 1707 2717 Ὀρχὰν
1737 2650 1869 2716 υίὸς

277 2730 471 2785 ἔλασε
496 2748 513 2763 ο
555 2734 655 2787 καὶ
712 2735 920 2791 ἔκτοτε
954 2739 1271 2807 συνθήκας
1310 2740 1679 2808 ποιήσαντες
1714 2743 1767 2796 οἱ
1803 2743 1870 2796 ἐκ

1964 538 2224 593 materias
2258 541 2568 595 necessaria
2592 551 2770 607 erant,
2810 560 2935 599 vere
2988 554 3277 615 appetente
3334 557 3534 615 praesto

1963 636 2168 691 essent,
2235 632 2301 684 ad
2340 640 2586 686 castrum
2622 634 2676 688 in
2736 636 2882 689 ostio
2940 651 3099 691 sacro
3158 651 3328 705 supra
3387 636 3535 691 Con-

1962 719 2375 790 stantinopolim
2407 724 2817 780 tedilicandum.
2856 728 2970 783 [loc
3029 730 3226 783 nuntio
3286 738 3395 783 tam
3450 730 3539 783 in-

1960 819 2115 879 grato
2148 827 2211 867 ac
2236 814 2433 870 acerbo
2469 817 2660 885 allato,
2711 817 2940 881 Roman,
3002 822 3094 889 qui
3148 820 3539 876 Constantino.

1963 903 2150 972 polim,
2216 905 2422 975 quique
2478 908 2767 962 Thraciam
2805 918 2861 963 et
2920 910 3108 964 Asiam
3182 911 3536 975 incolebant,

1964 995 2233 1050 insulares
2345 998 2509 1052 etiam
2606 997 2950 1066 Christiani,
3043 1001 3211 1055 animi
3308 1002 3533 1072 aegritu-

1962 1085 2089 1139 dine
2133 1101 2200 1139 ac
2246 1101 2483 1143 maerore
2535 1090 2866 1160 consumpti,
2941 1091 3079 1148 alios
3137 1106 3421 1147 sermones
3471 1094 3540 1145 ad

1965 1174 2201 1229 invicem
2236 1185 2436 1243 praeter
2465 1178 2603 1233 istos
2640 1194 2745 1233 non
2780 1180 3094 1235 habebam:
3131 1180 3289 1235 Nunc
3334 1181 3539 1235 uicinus

1961 1272 2039 1317 est
2064 1263 2206 1317 urbis
2255 1265 2377 1333 ﬁnis
2430 1283 2449 1320 .'
2490 1277 2735 1334 portentu
2794 1270 3117 1325 imminentis
3148 1272 3290 1341 genti
3344 1280 3541 1325 nostra
3636 1342 3639 1345 Α

1965 1356 2137 1409 ruina:
2163 1373 2304 1410 nunc
2330 1359 2685 1415 videbuntur:
2708 1362 2821 1415 dies
2854 1362 3536 1417 Antichristiadvenerunt.

1964 1447 2107 1513 Quid
2136 1452 2199 1503 de
2238 1450 2385 1505 nobis
2417 1461 2684 1507 statuetur
2706 1456 2732 1509 .9
2760 1454 2887 1524 quid
2931 1454 3233 1522 faciemus?
3284 1452 3404 1507 Vita
3439 1468 3536 1505 no—

1965 1541 2065 1607 bis,
2104 1540 2263 1613 13$
2293 1542 2540 1612 Domine,
2564 1546 2715 1611 prius
2755 1547 3038 1613 eripiatur,
3072 1562 3230 1614 quam
3255 1545 3398 1600 oculi
3428 1562 3541 1598 ser-

1964 1646 2147 1686 vorum
2178 1642 2388 1686 tuorum
2415 1635 2559 1687 urbis
2593 1636 2915 1689 eversionem
2969 1636 3200 1690 videant.
3246 1633 3329 1688 Ne
3359 1636 3540 1688 dicant

1960 1724 2167 1777 inimici
2190 1726 2288 1787 tui,
2311 1724 2570 1780 Domine:
2597 1726 2835 1781 Ubisunt
2856 1728 3050 1790 sancti,
3076 1727 3364 1796 quiurbem
3388 1726 3540 1779 illam

1972 1824 2185 1869 tuentur
2205 1816 2231 1869 2
2263 1815 2372 1872 llas
2404 1832 2569 1873 voces
2601 1832 2726 1872 eum
2760 1818 2969 1888 ejulatu
2998 1828 3050 1873 et
3079 1818 3206 1872 lletn
3232 1833 3339 1871 non
3365 1819 3541 1873 solum

1968 1907 2586 1977 Constantinopolitani,
2624 1907 2722 1964 sed
2767 1918 2821 1965 et
2868 1909 3052 1964 cuncti
3106 1908 3406 1964 Christiani
3447 1922 3544 1976 ρετ

1968 1998 2298 2066 Anatoliam,
2323 1999 2555 2065 insulas,
2580 2014 2633 2056 et
2651 1999 2997 2057 occidentem
3029 1999 3288 2072 dispersi,
3318 2000 3539 2055 easdem

1969 2090 2225 2161 laerymis
2249 2104 2312 2145 ac
2347 2090 2601 2146 lamentis
2635 2093 2827 2148 mistas
2854 2091 3176 2148 fundebant.
3208 2086 3542 2146 Mehemetes

1969 2197 2099 2238 vere
2136 2181 2423 2248 inchoato,
2484 2184 2850 2254 undequaque
2885 2186 3129 2240 artiﬁces
3162 2192 3215 2239 et
3264 2180 3557 2251 operarios.

1971 2272 2207 2345 collegit.
2243 2275 2314 2327 At
2353 2277 2657 2345 imperator
2687 2275 3103 2347 Adrianopolim
3125 2276 3337 2345 legatos
3362 2273 3541 2337 misit,

1971 2379 2080 2420 non
2113 2379 2235 2435 qua:
2268 2364 2454 2431 vellet,
2488 2376 2585 2422 aut
2634 2368 2847 2424 reditus
2878 2369 3045 2439 duplo
3091 2367 3395 2439 ampliares
3438 2365 3541 2421 sibi

1971 2454 2114 2521 dari,
2139 2472 2236 2527 per
2271 2473 2367 2513 eos
2414 2460 2724 2526 petiturus:
2785 2461 2879 2517 sed
2906 2462 3176 2530 ejusmodi
3241 2461 3551 2514 orationem.

1969 2548 2131 2617 iegati
2182 2549 2247 2603 ad
2311 2549 2664 2607 Mehemetem
2735 2552 3043 2609 habuerunt
3086 2567 3100 2605 :
3140 2552 3351 2606 ‘Annus
3425 2552 3543 2620 jam

1970 2645 2277 2697 centesimus
2305 2645 2503 2713 agitur,
2543 2645 2622 2699 vel
2653 2646 2815 2699 etiam
2843 2644 3020 2711 plures
3065 2645 3236 2713 elapsi
3298 2654 3445 2706 sunt,
3478 2644 3541 2698 ab

1970 2744 2149 2805 erepta
2174 2736 2324 2789 nobis
2359 2751 2452 2804 per
2479 2738 2730 2792 tritavum
2773 2746 2922 2791 tuum
2972 2738 3232 2792 Moralem
3281 2737 3544 2793 Ore/mnis

276 2821 393 2873 τοῦ
424 2822 642 2891 γένους
674 2827 862 2883 αὑτοῦ
889 2830 1282 2899 καταγόμενοι
1307 2830 1484 2900 μέχρι
1503 2834 1640 2899 σοῦ,
1666 2833 1867 2900 οὐδεὶς

1971 2829 2140 2897 ﬁlium
2173 2827 2560 2891 Adrianopoli:
2603 2840 2653 2884 et
2707 2831 2772 2884 ab
2820 2831 2912 2885 illo
2965 2840 3216 2900 tempore,
3244 2831 3542 2901 principum

275 2912 620 2983 ἐμελέτησε
653 2919 886 2987 πύργον
921 2920 960 2987 ἢ
995 2922 1271 2988 καλύϐην
1300 2921 1487 2989 πῆξαι
1516 2923 1585 2976 ἐν
1609 2923 1684 2992 τῇ
1706 2922 1866 2992 αὺλῇ

1971 2936 2129 2989 genus
2166 2920 2230 2973 ab
2261 2935 2320 2973 eo
2350 2919 2655 2975 ducentium
2690 2923 2870 2977 nullus
2916 2932 3111 2991 prater
3167 2934 3216 2977 te
3249 2925 3540 2993 tugurium,

279 3001 404 3072 τῆς
436 3007 688 3071 πόλεως.
723 3007 790 3062 El
821 3010 931 3079 γὰρ
958 3012 1056 3065 καὶ
1091 3012 1252 3066 altla
1289 3029 1379 3078 τις
1404 3013 1739 3081 εὑρίσκετο,
1768 3014 1865 3067 καί

1971 3007 2159 3061 nedum
2194 3010 2413 3075 turrim,
2474 3013 2524 3065 in
2556 3014 2701 3067 urbis
2754 3015 2928 3081 ipsius
2965 3014 3216 3068 vestibulo
3261 3022 3382 3082 post
3413 3015 3545 3068 inita

271 3095 496 3164 μάχην
513 3100 830 3167 ἀμφότεροι
853 3103 1181 3169 συνίστων,
1207 3104 1368 3159 ἀλλὰ
1396 3103 1471 3157 δι’
1495 3100 1691 3172 ἄλλης
1711 3121 1865 3174 app-

1971 3099 2167 3167 [rudera
2196 3118 2388 3169 ponere
2415 3105 2686 3173 cogitavit.
2723 3105 2976 3171 Quamuis
3001 3107 3143 3161 enim
3174 3106 3391 3160 suborta
3421 3106 3546 3160 belli

276 3186 588 3255 ὄιὸἁσεως
637 3192 710 3243 τὰ
760 3191 871 3259 τῆς
930 3194 1177 3262 εἰρήνης
1226 3196 1618 3263 ἐπράττοντο.
1666 3196 1728 3249 '0
1762 3198 1867 3266 γὰρ

1971 3206 2159 3254 causa,
2190 3192 2262 3245 ad
2290 3209 2525 3263 pugnam
2558 3208 2767 3251 centum
2792 3199 2887 3261 sit,
2912 3199 2983 3251 ad
3010 3198 3340 3252 conditiones
3370 3208 3544 3252 tamen

270 3282 400 3346 σός
444 3284 697 3349 ,πάππος
728 3290 760 3338 ό
794 3288 1084 3356 Μεχρμὲτ,
1130 3290 1457 3358 βουληθείς
1498 3291 1569 3344 ἐν
1595 3291 1669 3359 τῇ
1721 3295 1867 3359 πρὸς

1971 3286 2121 3349 pacis
2156 3284 2468 3338 descensum
2526 3297 2747 3355 postea;
2780 3298 2831 3343 et
2857 3291 3209 3346 reconciliata
3260 3291 3549 3345 concordia

278 3371 351 3425 Ἀ
363 3374 653 3441 νατολὴν
684 3376 930 3446 κειμένῃ
954 3380 1063 3433 τοῦ
1077 3381 1348 3448 πορθμοῦ
1364 3381 1441 3449 γῇ
1466 3383 1668 3437 κτίσαι
1690 3386 1870 3452 φρού-

260 3479 439 3531 ριον,
482 3468 957 3533 παρακλητικᾶῳ,
997 3469 1093 3521 καὶ
1130 3470 1202 3534 ὡς
1261 3471 1394 3536 υίὸς
1441 3475 1591 3540 πρὸς
1630 3474 1871 3542 ποτέρα.

271 3552 406 3621 τὴν
448 3556 697 3623 οιτησιν
726 3561 798 3612 οὐ
824 3561 1047 3629 μικρὰν
1086 3564 1118 3615 ὀ
1152 3560 1424 3629 Μεχεμὲτ
1453 3564 1605 3631 πρὸς
1632 3566 1741 3619 τὸν
1761 3566 1875 3630 ,Βα-

273 3645 481 3699 σιλέα
507 3648 801 3717 Μανουὴλ
832 3650 1145 3718 ἐποίησεν.
1176 3653 1359 3706 ’Ὅθεν
1384 3653 1479 3706 καὶ
1506 3655 1876 3711 κατένευσεν

271 3738 383 3792 ἐπὶ
414 3739 653 3805 σκοπῷ.
683 3741 772 3794 ὅτι
792 3743 861 3795 ἐν
890 3742 965 3810 τῇ
1008 3743 1301 3811 Ἀνατολῇ
1317 3745 1666 3815 ᾠκοδόμητο
1692 3748 1759 3800 τὸ
1785 3748 1878 3816 ἐρ-

270 3849 421 3901 γον.
453 3833 566 3887 Kal
596 3833 634 3900 ἠ
683 3833 981 3903 Ἀνατολὴ
1014 3835 1183 3892 πᾶσα
1208 3837 1324 3905 πρὸ
1370 3839 1605 3907 χρόνων
1629 3841 1879 3895 πολλῶν

271 3920 364 3992 ἦν
429 3924 645 3990 αὐτοῖς
695 3927 1221 3997 προσῳκειωμένη.
1265 3930 1333 3982 Τὸ
1374 3930 1443 3984 δὲ
1486 3931 1568 3984 σὺ
1615 3930 1731 3999 τὴν
1763 3932 1880 3986 νῦν

268 4014 502 4079 καλῶς
519 4016 783 4083 ἐχόντων
804 4018 1049 4074 πάντων
1065 4020 1186 4074 σὺν
1208 4022 1566 4092 σο),όρῶμεν
1585 4022 1879 4093 ἀσφαλῶς

269 4105 372 4159 ὅτι
407 4105 671 4174 μέλλεις
693 4110 807 4175 τὴν
840 4110 1166 4166 θάλασσαν
1190 4111 1305 4179 τὴν
1332 4115 1635 4182 Ποντικὴν
1657 4116 1879 4168 ἄϐατον

269 4198 555 4267 ποιῆσαι
590 4199 715 4266 τοῖς
745 4203 1056 4271 Φράγκοις,
1103 4205 1202 4258 καὶ
1234 4206 1349 4273 τὴν
1379 4206 1566 4259 πόλιν
1602 4210 1879 4276 λιμοκτο-

268 4293 506 4359 νῆσαι,
542 4293 774 4360 καὶτὰς
801 4296 1083 4361 είσόδους
1114 4294 1235 4350 τῶν
1276 4298 1347 4351 ἐν
1390 4297 1547 4364 αὐτῇ
1593 4299 1872 4369 τελουμέ-

1974 3369 2028 3422 in
2062 3371 2410 3439 tranquillum
2447 3374 2637 3427 iterum
2699 3386 2898 3430 statum
2932 3394 3013 3432 res
3075 3379 3373 3433 constitutas
3401 3390 3544 3433 sunt.

1984 3460 2234 3516 Voluerat
2265 3464 2392 3518 olim
2416 3480 2543 3520 avus
2569 3477 2691 3522 tuus
2715 3468 3051 3534 Meltentetes,
3087 3472 3140 3524 in
3172 3472 3348 3526 littore
3380 3472 3548 3525 orien-
3578 3534 3581 3535 ν

1975 3553 2072 3606 tali
2094 3556 2215 3622 freti
2240 3565 2477 3609 castrum
2518 3574 2551 3610 a
2579 3558 2944 3624 fundamentis
2984 3563 3262 3617 excitare:
3292 3578 3459 3632 quare
3486 3570 3546 3614 ut

1975 3644 2029 3696 id
2063 3646 2125 3699 ab
2152 3648 2474 3715 imperatore
2529 3649 2782 3706 Manuele
2814 3665 3252 3724 consequeretur,
3284 3656 3377 3708 diu
3407 3655 3545 3708 mul-

1978 3746 2210 3805 tumque,
2256 3751 2310 3793 ut
2372 3742 2518 3810 filius
2549 3752 2755 3810 patrem
2792 3744 2948 3811 solet,
2996 3763 3112 3799 eum
3145 3756 3388 3813 precatus
3425 3762 3546 3813 per—

1979 3828 2204 3882 suadere
2221 3839 2443 3885 conatus
2465 3842 2564 3885 est.
2586 3832 2683 3886 Illi
2705 3833 2923 3887 tandem
2966 3836 3177 3900 annuit,
3226 3844 3276 3889 et
3314 3846 3547 3889 castrum

1981 3918 2035 3971 in
2065 3918 2245 3973 littore
2283 3923 2538 3977 orientali
2589 3925 2864 4001 adiﬁcane
2912 3928 3184 3995 permisit;
3223 3943 3339 3979 cum
3384 3928 3548 3980 etiam

1978 4014 2172 4069 multos
2204 4025 2327 4070 ante
2350 4033 2515 4073 annos
2554 4021 2619 4074 ab
2647 4022 2761 4090 ejus
2787 4021 3085 4091 majoribus
3126 4031 3237 4075 tota
3296 4022 3548 4075 Anatolio

1977 4119 2219 4173 possessa
2248 4105 2462 4173 fuisset.
2497 4108 2572 4162 Tu
2608 4126 2745 4175 vero,
2788 4112 2998 4181 quicum
3026 4112 3263 4187 paciﬁce,
3316 4120 3363 4163 et
3391 4119 3547 4177 prout

1979 4198 2147 4258 decet,
2174 4212 2272 4250 nos
2292 4200 2546 4266 gerimus,
2585 4203 2779 4256 videris
2824 4203 3011 4270 procul
3041 4188 3198 4255 dubio
3248 4201 3546 4269 navigatio-

1980 4304 2094 4343 nem
2125 4288 2288 4343 Ponti
2330 4289 2532 4346 Euxini
2560 4295 2868 4364 intercipere
2918 4294 3082 4359 velle;
3114 4292 3178 4346 ab
3212 4309 3273 4346 ea
3310 4291 3549 4361 Francos

267 4400 406 4437 reor
438 4386 822 4451 κομμερκίων
853 4387 1127 4441 κωλῦσαι
1152 4403 1165 4417 ⁶
1200 4386 1451 4456 δεόμεθα
1486 4385 1619 4453 οὖν,
1648 4393 1867 4460 ταύτην

1980 4398 2193 4437 arcere:
2220 4382 2398 4437 urbem
2431 4384 2572 4453 [alite
2604 4403 2824 4441 enecare
2844 4396 2893 4441 et
2922 4402 3270 4451 consumere;
3314 4385 3547 4438 reditus-

267 4474 397 4544 τὴν
444 4475 709 4543 ,βουλὴν
742 4478 1084 4547 ἀπόκοψον.
1119 4480 1217 4534 καὶ
1268 4482 1528 4550 ἐσόμεθα
1557 4484 1723 4551 φίλοι
1756 4499 1867 4540 σου

1980 4491 2097 4544 que,
2127 4476 2218 4544 qui
2240 4490 2306 4529 ea:
2336 4477 2589 4530 mercium
2610 4479 2958 4549 vectigalibus
2998 4480 3051 4532 in
3076 4495 3139 4531 ea
3167 4478 3545 4547 percipiuntur,

261 4567 552 4637 χρηστοὶ
591 4567 744 4637 καθὰ
768 4569 867 4621 καὶ
902 4570 1025 4623 σὺν
1054 4569 1133 4634 τῷ
1159 4573 1339 4638 πατρί
1365 4587 1483 4628 σου
1513 4574 1593 4639 τῷ
1631 4576 1877 4643 χρηστῷ

262 4659 552 4729 ἡγεμόνι
572 4672 587 4687 ’
622 4659 677 4711 εί
702 4658 919 4722 βούλει
948 4660 1047 4713 καὶ
1080 4661 1257 4727 τέλος
1282 4662 1537 4729 διδόναι,
1569 4667 1872 4735 δώσομεν.

276 4751 344 4805 Ὀ
376 4752 442 4805 δὲ
474 4750 746 4818 Μεχιμὲτ
793 4751 1165 4821 ἁπεκρίνατο·
1209 4752 1352 4820 Ἐγὼ
1382 4753 1451 4807 ἐκ
1490 4755 1603 4822 τῆς
1643 4758 1872 4822 πόλεως

261 4844 343 4896 οὐ
383 4840 699 4909 λαμϐάνω
726 4856 803 4903 τι,
824 4841 999 4906 ἐκτὸς
1029 4840 1140 4907 τῆς
1165 4840 1394 4907 τάφρου
1426 4843 1537 4894 οὐκ
1564 4842 1711 4911 ἔχει,
1736 4844 1876 4896 οὔτε

262 4933 593 4999 κέκτηταί
627 4948 704 4986 τι.
762 4932 873 4985 Kal
910 4934 1020 5000 γὰρ
1069 4933 1122 4985 εί
1180 4930 1404 4999 ἤθελον
1454 4934 1655 4986 κτίσαι
1689 4934 1756 4986 ἐν
1792 4934 1873 4999 τῷ

258 5025 417 5093 ἱερῷ
454 5022 704 5090 στομίῳ
727 5022 1035 5090 φρούριον,
1066 5020 1180 5074 οὐκ
1208 5016 1334 5088 εἶχε
1362 5020 1599 5073 δίκαιον
1627 5020 1732 5073 τοῦ
1765 5037 1875 5074 κω-

260 5120 463 5172 λύειν
485 5130 599 5183 με.
628 5112 835 5165 Πάντα
852 5111 961 5180 γὰρ
977 5112 1098 5166 ὑπὸ
1118 5111 1232 5179 τὴν
1246 5111 1400 5180 ἐμὴν
1418 5112 1707 5175 ἐξουσίαν
1732 5111 1873 5173 εἰσί,

261 5209 373 5259 καὶ
439 5206 524 5258 τὰ
586 5202 739 5270 πρὸς
777 5202 1114 5267 Ἀνατολὴν
1154 5202 1401 5270 κείμενα
1456 5202 1561 5256 τοῦ
1611 5203 1869 5271 στομίου

260 5299 586 5370 φρούρια,
621 5293 720 5347 καὶ
752 5292 925 5358 ἐντὸς
953 5291 1153 5347 αὐτῶν
1192 5291 1433 5361 Τοῠρκοι
1479 5291 1830 5345 κατοικοῦσι
1855 5305 1869 5320 ο

1977 4566 2292 4620 rescindere.
2320 4566 2432 4620 Hoc
2461 4567 2743 4622 consilium
2780 4585 2812 4621 a
2843 4568 2992 4623 nobis
3017 4578 3268 4622 exoratus
3324 4567 3505 4619 omitte
3532 4582 3550 4630 ;

1977 4673 2137 4725 quam
2161 4672 2279 4710 cum
2312 4668 2464 4726 patre
2488 4670 2578 4713 tuo
2614 4660 2812 4719 aptium
2836 4660 3070 4725 principe
3116 4660 3411 4713 amicitiam
3458 4674 3549 4709 co-

1980 4748 2197 4812 luimus,
2232 4759 2401 4802 tecum
2430 4751 2638 4816 ﬁdelem
2668 4767 2732 4803 ac
2764 4750 3024 4818 integram
3054 4751 3401 4803 servabimus.
3428 4747 3549 4801 Tri-

1980 4837 2164 4892 butum
2194 4841 2430 4907 insuper,
2458 4842 2507 4894 si
2538 4842 2686 4894 nobis
2726 4842 2980 4905 imperas,
3015 4842 3070 4893 id
3090 4843 3315 4909 pendere
3367 4841 3547 4909 parati

1981 4929 2287 4981 sumus.Ad
2319 4931 2421 4981 ista
2470 4930 2751 4998 respondit
2809 4930 3176 4984 Mehemetes:
3216 4930 3371 4996 Quod
3403 4932 3549 4983 urbis

1982 5018 2072 5079 sit,
2103 5032 2220 5084 qua:
2264 5028 2414 5072 extra
2440 5019 2612 5087 fossas
2647 5020 2781 5073 nihil
2828 5020 3087 5086 possidet,
3124 5036 3216 5073 nec
3253 5021 3548 5074 dominium

1942 5119 1955 5139 ι
1984 5106 2161 5169 habet,
2186 5124 2287 5161 non
2316 5124 2529 5177 occupo.
2566 5108 2627 5165 Si
2664 5112 2733 5163 ad
2750 5127 2959 5165 sacrum
2978 5112 3165 5164 etenim
3183 5114 3378 5165 ostium
3411 5112 3547 5165 ardi-

1984 5196 2150 5266 ﬁcare
2180 5206 2417 5253 castrum
2449 5200 2610 5263 volui,
2639 5201 2694 5253 id
2723 5216 2802 5253 me
2858 5201 3028 5266 facere
3060 5201 3209 5254 nullo
3237 5202 3359 5267 jure
3420 5216 3548 5269 pro-

1982 5287 2145 5341 hiberi
2176 5304 2412 5358 possum.
2443 5292 2634 5344 Omnia
2662 5290 2852 5361 quippe
2879 5299 3060 5345 castra
3094 5290 3165 5344 ad
3200 5300 3375 5345 ortum
3423 5290 3550 5347 ostii

1494 5382 1785 5445 lsmaelis
1820 5382 2124 5447 Bnllialdi
2159 5392 2348 5446 notae.

338 5512 471 5589 (28)
507 5509 699 5589 Ἔτος
717 5509 849 5589 ἐστί
867 5526 984 5589 που
1013 5509 1362 5589 ἐκαρατόν.
1384 5505 1686 5589 Bonlinius,
1710 5508 1855 5589 Hist.

266 5578 550 5656 "angar.
579 5581 776 5636 decad.
807 5597 889 5645 tn,
916 5582 1012 5635 lib.
1037 5581 1093 5643 8,
1135 5578 1553 5656 Qorrstantinurn
1588 5588 1856 5656 .questum

260 5675 396 5715 esse
412 5644 507 5710 vde
537 5656 651 5707 hoc
675 5667 813 5704 novo
842 5644 1003 5719 opere
1036 5648 1172 5727 apud
1194 5644 1855 5727 suitanuuLMehetnetem

264 5729 491 5788 tradit.
517 5724 588 5778 In
617 5715 891 5776 annorum
918 5718 1204 5775 intervallo
1236 5718 1439 5773 fallitur
1456 5715 1654 5781 Ducas,
1682 5717 1869 5771 Adria-

1968 5508 2181 5577 nopolis
2220 5509 2366 5563 enim
2388 5517 2546 5579 capta
2568 5515 2652 5563 est
2682 5523 2826 5564 anno
2852 5509 3011 5573 1360,
3040 5509 3139 5579 vel
3171 5506 3331 5572 i362,
3362 5506 3548 5579 Mehe-

1967 5576 2137 5634 metes
2163 5593 2291 5633 vero
2329 5576 2624 5634 anuolsSi
2656 5588 2896 5633 castrum
2920 5578 3243 5639 aediﬁcabat.
3270 5577 3416 5635 Anni
3433 5576 3545 5635 ita-

1967 5665 2073 5723 que
2096 5659 2303 5707 tantum
2332 5649 2399 5705 70
2426 5648 2594 5708 vel92
2617 5650 2788 5721 elapsi
2820 5659 2964 5709 sunt.
3376 5680 3385 5685 -
