3962 6204
420 201 549 265 1047

1892 230 2111 288 ΒΠΕΈ

3531 255 3552 314 ι
3563 255 3668 316 048

415 329 538 378 ιυιι.
572 328 622 374 ct
651 335 746 389 per
770 328 1133 388 apocrisarios
1167 330 1234 384 ab
1274 346 1336 383 eo
1369 334 1544 400 poscit
1585 336 1967 406 pr:r.sid"arios,

416 412 504 435 ιιι-Ξ
542 426 555 435 .
577 412 688 435 2,.-.-
745 414 1002 435 ---I,_-Al,!_
1077 419 1086 429 ·
1243 423 1293 435 ιι.
1628 429 1638 435 .
1755 431 1765 435 -

2085 353 2178 404 καὶ
2204 351 2266 420 δὴ
2299 353 2518 422 πέμψας
2547 358 2999 430 ἀποκρισιαρέους
3048 362 3228 432 ἐζήτει
3268 365 3422 429 τινὰς
3473 368 3667 435 δεφέν-

414 412 504 474 qui
542 412 690 466 πει-οε
743 414 1182 483 suburbicarios.
1241 423 1574 495 illornmque
1627 429 1832 487 incolas
1873 443 1990 486 tue-

413 515 651 558 rentur:
720 520 786 559 ne
839 505 1004 561 Turci
1066 511 1172 566 huc
1235 517 1440 572 etilluc
1477 533 1735 590 vagantes
1775 538 1991 597 segetes

412 593 775 655 agricolarum
799 613 1240 668 corrumperent,
1279 621 1403 660 cum
1459 621 1618 666 :rstas
1671 613 1780 679 jam
1824 593 1990 672 insta-

411 695 514 740 ret.
556 688 948 752 propemodum
991 705 1258 750 maturas.
1303 696 1464 754 Varia
1519 705 1683 756 etiam
1715 705 1762 760 ei
1823 709 1984 770 dona,

409 791 472 827 ac
499 777 778 830 eSeulenta
817 781 978 834 etiam
1003 790 1056 836 et
1087 789 1367 852 potulenta
1400 793 1673 860 quotidie,
1705 796 1755 848 vi
1805 812 1866 851 ac
1896 813 1988 853 ne-

409 869 664 923 cossitate
694 881 943 940 coaetus,
1005 875 1286 946 mittebat;
1347 882 1638 939 draconem
1670 888 1844 944 ferum
1890 891 1989 946 ho-

409 978 545 1016 nore
611 977 957 1032 prosecums.
1032 967 1232 1026 Verum
1307 976 1644 1033 Mehemetes
1697 996 1980 1038 servorum

408 1071 635 1108 suorum
666 1057 879 1126 aliquos
905 1061 1075 1126 misit,
1111 1066 1308 1132 quibus
1333 1069 1576 1135 mandat,
1609 1082 1668 1125 ut
1691 1073 1984 1142 diligenter

407 1149 764 1212 speculentur
813 1165 866 1207 et
900 1155 1221 1234 observent,
1276 1176 1342 1215 ne
1372 1161 1602 1225 Turcos.
1636 1167 1729 1234 qui
1766 1168 1831 1220 ad
1888 1184 1984 1238 pa-

409 1244 674 1296 scendum
704 1246 879 1298 mulos
907 1263 1172 1316 equosve,
1201 1252 1316 1306 sive
1340 1253 1446 1307 alia
1485 1258 1732 1312 reterina
1766 1259 1980 1314 anima-

405 1333 477 1386 lia
516 1344 701 1390 castro
727 1336 1048 1393 aedificando
1074 1339 1456 1410 inservientia,
1490 1345 1543 1400 in
1591 1362 1751 1418 agros
1780 1350 1982 1404 immit-

402 1431 584 1480 terent
614 1427 694 1481 vel
729 1441 974 1497 agerent,
1014 1432 1291 1490 ullatenus
1325 1437 1652 1505 prohibeant
1713 1441 1814 1504 illi,
1853 1443 1981 1516 qui.

405 1518 511 1574 bus
537 1519 794 1574 damnum
859 1523 1193 1592 inferretur;
1250 1531 1345 1582 sed
1395 1545 1489 1584 eos
1537 1531 1707 1588 libere
1755 1548 1981 1602 pascere

402 1610 611 1665 sinant.
637 1610 693 1665 Si
717 1615 934 1683 quando
967 1630 1100 1670 vero
1156 1619 1357 1673 Romani
1391 1621 1663 1690 indignati
1719 1640 1841 1679 sese
1882 1641 1979 1694 op-

401 1702 715 1770 posuerint,
762 1715 893 1759 tunc
931 1708 1093 1762 etiam
1134 1708 1326 1765 Turcis
1379 1727 1438 1766 se
1491 1714 1838 1786 conjungere,
1901 1723 1975 1774 si-

403 1797 628 1864 mulque
656 1795 890 1852 Nummis
921 1800 1193 1856 obsistere
1211 1804 1356 1870 jussi
1386 1814 1536 1859 sunt.
1562 1807 1763 1863 Eodem
1791 1813 1953 1866 etiam

405 1899 649 1956 tempore
670 1887 988 1957 Speudiaris
1013 1893 1178 1954 filius.
1211 1894 1433 1952 Moratis
1460 1913 1648 1969 gener,
1697 1900 1972 1958 Meheme-

401 1969 582 2049 t'sque'
611 1983 858 2038 sororius
887 1986 1046 2040 nobis
1075 2003 1239 2057 supra
1280 2001 1641 2058 memoratus,
1705 1995 1972 2066 principis

399 2073 584 2128 edicto
621 2074 839 2143 publico
888 2079 1298 2148 obtemperans,
1351 2097 1474 2136 cum
1512 2084 1631 2140 suis
1665 2085 1975 2160 Adramyn-

401 2167 481 2220 tio
512 2167 815 2233 profectus,
836 2185 1063 2238 operam
1107 2188 1324 2242 quoque
1355 2189 1512 2229 suam
1551 2177 1607 2231 in
1636 2181 1802 2234 castri
1833 2181 1972 2235 acdi-

402 2257 658 2313 ficatione
676 2259 913 2328 principi
947 2271 1247 2317 naraturus
1280 2265 1467 2320 venit:
1505 2283 1742 2339 cumque
1803 2287 1971 2341 prope

401 2349 598 2402 turrim
630 2365 751 2420 qum
785 2351 1015 2420 Epibata
1052 2354 1256 2408 dicitur
1309 2359 1658 2424 accessisset,
1722 2377 1968 2427 suorum,

401 2445 547 2511 quod
588 2443 821 2498 ducebat
855 2459 1074 2514 agmen,
1112 2447 1266 2517 137
1299 2451 1536 2517 pedibus
1573 2453 1828 2508 incedere
1865 2471 1976 2510 cm-

402 2537 502 2604 pit,
533 2535 816 2606 frenisque
850 2537 1061 2595 levatos
1110 2557 1302 2609 equos,
1341 2557 1642 2614 caateraque
1697 2547 1972 2614 jumenta,

399 2645 522 2692 qua:
553 2629 944 2698 impedimenta
973 2641 1027 2687 et
1097 2635 1346 2690 sarcinas
1380 2638 1692 2705 portabant,
1746 2640 1800 2693 in
1855 2639 1970 2696 Ro-

367 2737 660 2796 ‘mzeorum
694 2739 902 2778 messes
933 2733 1126 2795 agunt.
1171 2727 1368 2794 quibus
1399 2729 1586 2795 spicae,
1655 2745 1720 2782 ac
1773 2739 1970 2784 caetera

399 2818 570 2877 elera,
605 2824 659 2869 et
716 2816 992 2884 legumina
1053 2825 1340 2871 vastantur
1405 2829 1457 2872 et
1512 2833 1966 2890 corrumpuntur.

398 2906 564 2974 Agris
606 2921 634 2960 a
669 2921 727 2960 se
749 2907 910 2962 cultis
941 2917 990 2961 et
1017 2910 1190 2963 aratis
1209 2909 1464 2964 damnum
1505 2911 1694 2966 inferri
1715 2912 1968 2970 Ronneus

2092 531 2226 595 λεως
2261 534 2568 605 Ῥωμαίους
2594 553 2609 568 ⁶
2638 541 2724 594 ἵνα
2758 547 2830 612 μὴ
2859 546 2907 596 oi
2948 546 3177 616 Τοῦρκοι
3209 548 3543 618 διερχόμενοι
3574 551 3668 604 λυ-

2093 621 2306 690 μήνωσι
2335 625 2432 694 τὴν
2459 629 2637 680 αὐτῶν
2665 633 2959 700 γεωργίαν,
2982 631 3050 704 ἦν
3079 638 3186 704 γάρ
3237 639 3403 704 ἐγγὺς
3449 640 3669 707 φθάσας

2089 710 2148 763 τὸ
2173 712 2348 783 Θέρος.
2384 717 2606 781 Στείλας
2637 721 2785 790 αύτῷ
2817 726 2907 778 καὶ
2937 724 3166 794 διάφορα
3204 729 3523 797 δωρήματα,
3566 733 3666 783 καὶ

2088 805 2224 873 πρὸς
2279 809 2482 877 τροφὴν
2510 813 2604 864 καὶ
2663 814 2845 878 πόσιν,
2906 817 3024 868 καθ’
3068 819 3306 888 ἑκάστην
3364 823 3666 891 φιλο-τιμῶν

2086 895 2176 947 τὸν
2208 896 2478 969 ἀνήμερον
2513 901 2784 971 δράκοντα
2834 906 2892 968 ἐξ
2927 909 3169 980 ἀνάγκης
3206 914 3300 963 καὶ
3333 913 3473 978 βίας.
3514 913 3576 967 ’0
3604 915 3665 968 δὲ

2085 983 2335 1057 Μεχεμέτ
2365 993 2429 1046 ἐκ
2468 995 2574 1047 τῶν
2602 997 2768 1050 αὑτοῦ
2797 997 2998 1051 δούλων
3031 999 3238 1052 ἕστειλέ
3276 1020 3446 1064 τινας,
3471 1005 3666 1073 όρὶσας

2087 1078 2285 1144 αὐτοὺς
2307 1082 2448 1152 τάχα
2473 1085 2567 1138 τοῦ
2599 1088 2916 1142 ἐπισκοπεῖν
2952 1091 3046 1143 καὶ
3067 1095 3250 1161 τηρεῖν
3279 1095 3402 1155 τοὺς
3430 1095 3666 1164 ζημιου-

2087 1171 2303 1240 μένους,
2339 1177 2713 1244 παραγγείλας
2761 1180 2942 1242 αὐτοῖς
2989 1180 3062 1250 μὴ
3111 1182 3340 1234 κωλύειν
3374 1185 3456 1244 εἰς
3503 1184 3663 1244 τέλος

2082 1264 2208 1326 τοὺς
2262 1267 2342 1329 είς
2383 1267 2480 1330 τὰς
2525 1270 2698 1336 νομὰς
2740 1270 2848 1322 τῶν
2905 1270 3193 1338 Ῥωμαίων
3245 1276 3660 1344 εἰσερχομένους

2083 1348 2359 1433 Τούρκους
2413 1353 2506 1406 τοῦ
2562 1353 2756 1423 θρέψαι
2809 1357 2877 1410 τὰ
2929 1359 3105 1412 αὐτῶν
3148 1360 3282 1425 ζῶα,
3314 1363 3408 1432 ἤτε
3445 1363 3661 1433 ἡμίονοι

2083 1432 2235 1504 ὦσιν,
2271 1442 2366 1510 ἣτε
2400 1442 2627 1512 ῖπποι,ἢ
2664 1445 2800 1498 ἄλλα
2831 1447 2956 1499 τινὰ
2987 1448 3094 1500 τῶν
3117 1449 3444 1519 ἀχθηφόρων
3467 1432 3654 1514 ζώων.

2082 1527 2117 1581 ὃ.
2153 1530 2208 1580 ἐν
2239 1532 2302 1600 τῇ
2332 1531 2548 1603 δουλείᾳ
2583 1533 2675 1586 τοῦ
2700 1536 2935 1604 κάστρου
2969 1537 3353 1605 τυγχάνουσιν,
3385 1537 3498 1592 ἀλλ’
3561 1541 3661 1609 es»

2083 1622 2297 1685 αύτούς.
2355 1625 2465 1677 Καὶ
2492 1627 2651 1678 ὁπότε
2685 1629 2732 1679 οξ
2795 1628 3055 1697 Ῥωμαῖοι
3109 1627 3450 1699 θυμωθέντες
3505 1631 3660 1684 ἀντι-

2082 1715 2369 1784 στήσονται
2417 1717 2529 1778 τοῖς
2579 1715 2868 1785 Τούρκοις,
2918 1719 3037 1771 τότε
3086 1721 3181 1772 καὶ
3227 1721 3383 1788 ὑμεῖς
3413 1720 3507 1772 σὺν
3537 1723 3654 1783 τοῖς

2077 1805 2341 1877 Τούρκοις
2390 1808 2694 1876 ἀντίστητε.
2777 1809 2863 1861 Ἐν
2921 1809 2976 1862 δέ
3033 1813 3152 1874 ταῖς
3214 1811 3449 1881 ἡμέραις
3506 1813 3656 1864 ἐκεί-

2080 1916 2198 1962 ναις
2243 1901 2272 1949 ὁ
2327 1899 2440 1962 υίὸς
2501 1898 2596 1952 τοῦ
2647 1900 3101 1966 Σπεντιάρ,ὁέπὶ
3149 1900 3378 1971 θυγατρὶ
3401 1902 3654 1971 γαμϐρὸς

2075 1989 2170 2044 τοῦ
2192 1984 2396 2061 Μωράτ
2435 1990 2670 2060 ἀδελφῆς
2694 1991 2788 2044 τοῦ
2831 1992 3108 2060 Μεχεμέτ,
3139 1995 3205 2061 ἢν
3254 1995 3280 2044 ὁ
3326 1992 3484 2059 λόγος
3514 2011 3650 2061 προ-

2074 2083 2255 2138 λαϐὼν
2317 2082 2740 2152 ἐμνημόνευσεν,
2792 2083 2858 2135 ἐκ
2902 2082 2997 2136 τοῦ
3074 2083 3468 2152 ’Δδραμυντίου
3505 2083 3642 2153 (34).

2074 2176 2216 2230 κατά
2247 2176 2306 2229 τὸ
2329 2175 2508 2248 κοινὸν
2540 2175 2837 2244 θέσπισμα,
2896 2176 2990 2228 καὶ
3026 2169 3179 2238 οὗτος
3244 2177 3340 2229 σὺν
3399 2179 3510 2239 τοῖς
3558 2168 3649 2228 ὑπ’

2074 2267 2236 2322 αὐτὸν
2273 2266 2696 2336 ἐκστρατεύσας,
2736 2264 2901 2337 ἀπῄει
2930 2268 2990 2320 ἐν
3046 2266 3124 2335 τῷ
3177 2268 3408 2336 ἡγεμόνι
3447 2269 3654 2337 ὑπουρο

2075 2361 2260 2428 γήσων
2287 2359 2382 2412 καὶ
2417 2359 2578 2422 αὐτὸς
2611 2359 2712 2428 τὴν
2744 2361 2928 2427 κοινὴν
2960 2359 3260 2430 ἀγγαρείαν
3310 2360 3369 2412 ἐν
3422 2361 3500 2430 τῷ
3553 2364 3658 2412 κά-

2077 2469 2244 2523 στρῳ.
2277 2453 2388 2505 Καὶ
2411 2452 2475 2522 δὴ
2507 2452 2732 2520 πλησίον
2787 2451 3061 2514 πεζεύσας
3118 2451 3214 2505 τοῦ
3269 2451 3502 2524 πύργου,
3555 2455 3654 2505 τοῦ

2073 2544 2366 2614 λεγομένου
2426 2543 2757 2607 Ἐπιϐἀτας,
2811 2544 3189 2616 ἀπολύσαντες
3241 2546 3368 2604 τοὺς
3427 2545 3651 2610 ἵππους,

2076 2638 2172 2688 καὶ
2221 2635 2290 2688 τὰ
2347 2635 2654 2705 σκευοφόρα
2709 2635 2829 2699 ζῶα
2878 2638 2936 2689 ἐν
2965 2639 3076 2698 τοῖς
3107 2639 3340 2705 καρποῖς
3365 2637 3475 2692 τῶν
3521 2636 3658 2690 Ῥω-

2076 2725 2272 2795 μαίων,
2319 2725 2658 2796 ἐλυμήναντο
2711 2727 2833 2789 τοὺς
2881 2729 3117 2797 στάχυας
3173 2728 3267 2780 καὶ
3330 2729 3428 2796 τὴν
3483 2728 3656 2795 ἄλλην

2073 2815 2334 2869 παντοίαν
2393 2816 2578 2887 χλόην.
2645 2812 2737 2879 Εἷς
2781 2815 2838 2869 δέ
2903 2818 3011 2869 τῶν
3049 2817 3338 2887 Ῥωμαίων
3383 2817 3528 2888 ὁρῶν
3551 2819 3656 2887 τὴν

2073 2907 2370 2976 γενομένην
2395 2907 2598 2978 ζημίαν
2623 2909 2680 2960 ἐν
2701 2912 2811 2972 τοῖς
2839 2909 3165 2972 πολυκόποις
3211 2908 3375 2962 αὐτοῦ
3401 2914 3658 2981 γεωργή-

398 2998 624 3066 quidam
673 2997 1121 3054 animadvertens
1183 3001 1442 3062 accurrit,
1497 3013 1549 3056 et
1612 3003 1738 3057 inde
1797 3021 1967 3074 equos

2078 3016 2266 3070 μασιν,
2306 2999 2530 3072 δραμὼν
2586 2999 2769 3065 ἐδίωξε
2829 3003 2955 3063 τοὺς
3007 3000 3204 3063 ἵππους
3232 3001 3295 3052 ἐκ
3322 3000 3418 3053 τοῦ
3448 3002 3646 3071 ἀγροῦ.

399 3089 598 3158 abegit.
645 3087 951 3142 Turcorum
983 3105 1283 3159 agasonum
1332 3108 1474 3146 unus
1522 3095 1800 3150 Romaeum
1850 3113 1972 3166 per-

398 3179 571 3235 cutit:
621 3182 870 3250 percussi
907 3179 1092 3236 afﬁnes
1144 3198 1287 3238 unus
1344 3193 1399 3238 et
1451 3184 1590 3239 alter
1650 3198 1966 3252 accurrunt,

396 3288 463 3326 ex
501 3273 728 3328 adversa
754 3272 922 3326 etiam
951 3255 1103 3338 ptirte
1128 3271 1311 3329 Turci.
1339 3275 1590 3330 Manibus
1621 3277 1804 3348 itaque
1829 3294 1966 3333 con-

397 3361 565 3414 sertis
590 3375 651 3414 ex
696 3359 930 3414 Ronra’is
983 3361 1286 3431 Turcisque
1353 3365 1560 3434 aliquot
1619 3368 1960 3426 ceciderunt.

399 3451 698 3514 Postridie,
727 3453 820 3520 qui
859 3452 1024 3522 Kagia
1059 3453 1234 3525 Begus
1280 3459 1601 3519 vocabatur.
1663 3460 1965 3530 principem

395 3541 533 3600 adit,
564 3542 652 3595 cui
687 3543 753 3595 de
785 3559 934 3597 more
952 3547 1191 3599 salutato
1223 3559 1422 3603 cuncta
1461 3567 1582 3619 quae
1631 3553 1684 3605 in
1723 3555 1966 3621 lipibatis

395 3637 764 3702 contigerant,
791 3647 998 3690 narrat.
1026 3637 1154 3692 Rem
1188 3642 1268 3693 air
1290 3641 1400 3695 alio
1422 3643 1739 3697 accuratius
1762 3662 1966 3713 cogno-

392 3740 550 3778 scere
573 3733 668 3776 aut
695 3725 761 3779 de
788 3741 850 3780 ea
881 3727 1113 3784 ulterius
1139 3729 1420 3800 inquirere
1446 3733 1652 3801 sprevit
1686 3727 1962 3804 princeps:

387 3815 655 3885 jubetque
687 3818 874 3873 subito
902 3819 1123 3889 Kagiam
1167 3821 1370 3891 Begum
1391 3837 1488 3877 sua
1523 3823 1748 3878 cohorte
1796 3827 1966 3895 stipa-

395 3920 508 3960 tum
543 3909 873 3966 festinanter
907 3912 1080 3976 abire,
1109 3928 1411 3981 omnesque
1437 3916 1541 3970 vici
1573 3917 1722 3971 illius
1752 3918 1965 3973 incolas

393 3995 590 4061 gladiis
662 4001 994 4054 frustulat'm
1071 4003 1469 4058 conscindere:
1521 4006 1666 4074 quod
1757 4006 1960 4061 factum

390 4087 611 4142 deinde.
645 4090 706 4144 In
733 4107 1004 4148 messores
1041 4095 1209 4158 enim,
1233 4095 1327 4164 qui
1362 4112 1518 4150 mane
1556 4097 1617 4150 ad
1648 4098 1958 4152 metendum

386 4182 656 4242 exierant,
680 4197 744 4235 ex
774 4185 1074 4252 improviso
1103 4185 1323 4239 irruunt
1357 4187 1583 4250 milites,
1640 4197 1695 4240 et
1728 4188 1958 4243 circiter

387 4271 750 4339 quadraginta
791 4275 1087 4329 trucidant.
1113 4277 1239 4330 Haec
1271 4277 1372 4330 fuit
1408 4279 1550 4341 belli,
1612 4281 1758 4347 quod
1821 4297 1957 4335 con-

2075 3086 2168 3155 Εἶς
2202 3092 2257 3144 δέ
2290 3093 2397 3144 τῶν
2431 3092 2745 3161 ἱππηλατῶν
2787 3092 3029 3161 Τοῦρκος
3102 3091 3312 3158 φθάσας
3355 3093 3510 3145 παίει
3551 3095 3650 3145 τὸν

2083 3180 2581 3252 Ῥωμ,αῖον.¹’Δλλος
2610 3183 2666 3237 δέ
2695 3185 3002 3254 προσγενὴς
3035 3183 3132 3236 τοῦ
3161 3184 3459 3253 τυφθέντος
3490 3185 3654 3254 ἑδρα-

2074 3293 2166 3346 με,
2206 3277 2299 3330 καλ⁸
2331 3277 2445 3347 μετ’
2475 3277 2638 3329 αὑτὸν
2659 3276 2864 3346 ἕτερος,
2929 3275 3129 3343 ὁμοίως
3177 3279 3267 3328 καὶ
3317 3278 3367 3329 οἱ
3411 3278 3651 3346 Τοῦρκοι

2071 3369 2345 3439 ξιφήρεις.
2387 3369 2810 3438 Συμπλακέντες
2861 3368 2954 3422 οὗν
3002 3369 3262 3437 ἀλλήλους
3321 3369 3651 3437 ἐσφάγησαν

2069 3461 2135 3513 ἐκ
2155 3462 2263 3514 τῶν
2289 3461 2567 3529 Τούρκων,
2609 3461 2808 3529 ὁμοίως
2867 3460 2960 3513 καὶ
3018 3463 3081 3513 ἐκ
3131 3460 3237 3512 τῶν
3326 3459 3646 3528 Ῥωμαίων.

2066 3553 2200 3606 Τότε
2237 3553 2265 3604 ό
2302 3551 2616 3619 Καγιάπεγ,
2647 3550 2790 3603 οὕτω
2840 3550 2949 3618 γὰρ
2984 3547 3052 3622 ἦν
3095 3551 3240 3620 αὐτῷ
3293 3551 3488 3620 ὄνομα,
3547 3552 3648 3604 ἐπὶ

2064 3645 2164 3712 τὴν
2188 3642 2376 3713 αὔριον
2399 3643 2611 3712 φθάσας
2641 3645 2718 3704 είς
2763 3643 2852 3696 τὸν
2881 3643 3145 3713 ἡγεμόνα,
3185 3645 3281 3696 καὶ
3329 3647 3649 3713 προσκυνή-

2071 3749 2169 3796 σας
2195 3733 2357 3786 αύτὸν
2391 3731 2535 3785 κατά
2566 3731 2624 3784 τὸ
2654 3731 2796 3796 ἔθος,
2833 3729 3140 3799 ἀπήγγειλε
3173 3733 3352 3782 πάντα
3386 3731 3453 3782 τά
3481 3731 3648 3796 γενό-

2070 3838 2206 3891 μενα
2237 3824 2296 3874 ἐν
2323 3823 2442 3884 ταῖς
2475 3821 2794 3882 ἐπιϐάταις·
2828 3820 2924 3874 καὶ
2953 3821 3112 3882 αὐτὸς
3143 3821 3218 3889 μὴ
3255 3820 3466 3883 δεηθεὶς
3521 3820 3644 3872 ἐτέ-

2070 3930 2166 3978 ρας
2193 3913 2504 3980 ἀγγελλίας,
2602 3913 3015 3982 παραστάσεως.
3054 3910 3362 3982 προστάξας
3393 3911 3544 3979 αὐτῷ
3560 3912 3648 3981 τῷ

2067 4006 2364 4073 Καγιάπεγ
2392 4004 2485 4057 τοῦ
2514 4004 2764 4057 ἀπελθεῖν
2796 4005 2852 4057 ἐν
2885 4003 3087 4073 σπουδῇ
3148 4003 3244 4056 σὺν
3292 4004 3404 4064 τοῖς
3459 4002 3645 4056 αὑτοῦ

2068 4096 2450 4165 στρατιώταις,
2483 4096 2576 4148 καὶ
2602 4095 2838 4158 πατάξαι
2870 4094 3096 4156 τούτους·
3138 4094 3195 4145 ἐν
3229 4094 3470 4164 μαχαίρᾳ
3497 4096 3647 4145 πάν-

2062 4203 2160 4250 τας
2195 4185 2289 4238 τοῦ
2322 4186 2520 4256 χωρίου
2547 4185 2778 4252 ἐκείνου,
2813 4184 2841 4237 ὃ
2870 4185 2962 4237 καὶ
2991 4185 3212 4252 γέγονεν
3240 4200 3254 4216 ο
3304 4183 3470 4237 ἐλθὼν
3521 4185 3642 4252 γὰρ

2063 4277 2318 4346 ἐξαίφνης
2359 4275 2523 4344 πρωῒ,
2553 4275 2648 4328 καὶ
2678 4276 2728 4327 οί
2777 4275 3014 4344 γεωργοὶ
3053 4274 3356 4339 ἐξελθόντες
3385 4278 3463 4337 εἰς
3505 4276 3637 4335 τοὺς

391 4370 640 4413 scentum
707 4372 830 4428 est,
885 4366 1169 4435 gentisque
1245 4365 1590 4423 Romamrqu
1651 4373 1956 4426 eversionis

2072 4371 2264 4438 ἀγροὺς
2293 4367 2389 4421 τοῦ
2417 4367 2674 4437 θερίζειν,
2711 4367 3130 4429 ἐπεισπεσόντες
3158 4368 3207 4418 oi
3233 4367 3468 4437 Τοῦρκοι
3493 4369 3634 4420 πάν-

386 4453 562 4520 origo.

460 4631 558 4688 llis
614 4640 913 4705 compertis
981 4649 1167 4707 portas
1227 4643 1382 4697 urbis
1443 4645 1622 4700 claudi
1661 4646 1830 4716 jussit
1854 4646 1955 4700 im-

385 4738 648 4796 perator:
710 4738 766 4783 et
817 4729 1050 4794 Turcos,
1100 4743 1373 4805 quotquot
1432 4737 1487 4790 in
1545 4739 1682 4793 urbe
1753 4739 1954 4808 reperti

395 4827 550 4879 sunt,
581 4817 635 4871 in
690 4833 968 4874 carcerem
1022 4821 1278 4890 detrusit,
1306 4824 1601 4896 triduoque
1647 4829 1832 4895 elapso
1871 4828 1953 4882 di-

384 4911 561 4968 misit.
603 4910 746 4976 Quid
792 4914 937 4967 enim
969 4913 1213 4971 faceret?
1246 4916 1393 4971 Inter
1432 4932 1528 4973 eos
1572 4919 1664 4988 qui
1701 4920 1752 4972 in
1815 4921 1950 4973 urbe

391 5005 539 5076 capti
617 5014 768 5072 sunt,
837 5009 992 5075 pueri
1076 5009 1616 5080 euuuchiepalatio
1678 5011 1950 5081 principis

2064 4478 2162 4522 τας
2193 4459 2534 4527 κατέσφαξαν
2560 4459 2649 4510 τὸν
2679 4458 2912 4528 ἀριθμὸν
2952 4458 3030 4521 ὡς
3058 4457 3488 4525 τεσσαράκοντα.
3524 4457 3634 4510 Αὖ-

2062 4571 2128 4622 τη
2153 4552 2302 4605 αἰτία
2324 4552 2420 4619 τῆς
2458 4551 2639 4620 μάχης
2676 4553 2770 4602 καὶ
2819 4549 3123 4618 ἀφανισμός
3172 4550 3279 4602 τῶν
3320 4549 3629 4618 Ῥωμαίων.

2101 4647 2265 4698 ,Τότε
2295 4647 2324 4697 ό
2358 4641 2630 4713 βασιλεὺς,
2666 4640 2905 4702 ἀκούσας
2927 4642 2986 4692 τὸ
3006 4641 3248 4708 γεγονὸς,
3274 4641 3483 4693 ἔκλεισε
3529 4641 3632 4703 τὰς

2063 4721 2234 4809 θύρας
2271 4738 2371 4805 τῆς
2395 4734 2623 4794 πόλεως,
2656 4730 2750 4784 καὶ
2794 4731 2951 4792 ὅσους
3008 4729 3197 4799 ἔτυχεν
3248 4727 3424 4796 εὑρὼν
3476 4730 3632 4790 ἐντὸς

2058 4829 2334 4899 Τούρκους
2365 4824 2572 4886 πάντας
2601 4822 2881 4890 δεσμήσας
2929 4823 2991 4873 ἐν
3025 4821 3237 4890 φρουρᾷ
3283 4819 3458 4884 ἔθετο,
3527 4822 3632 4873 καὶ

2062 4920 2183 4991 μεθ’
2211 4918 2423 4987 ἡμέρας
2456 4915 2604 4984 τρεῖς
2633 4913 2794 4965 πάλιν
2832 4910 3094 4964 ἀπέλυσε.
3121 4910 3186 4962 Τί
3216 4909 3324 4980 γὰρ
3357 4905 3470 4978 εἶχε
3530 4909 3628 4962 τοῦ

2058 5013 2189 5081 δρᾷν
2216 5026 2232 5073 ;
2262 5008 2341 5061 ἔτι
2380 5009 2438 5060 ἐν
2472 5005 2583 5066 τοῖς
2633 5003 2899 5073 εὑρεθεῖσι
2954 5000 3216 5070 Τούρκοις
3256 5002 3500 5072 ὑπῆρχον
3561 5005 3629 5055 ἐκ

1605 5129 1898 5191 Ismaelis
1931 5126 2237 5190 Bullialdi
2275 5133 2461 5185 notua.

454 5245 568 5317 (34)
629 5246 730 5300 Ἐκ
760 5249 1354 5319 τοῦῙΑδραμυντίου.
1382 5250 1752 5319 lsphendiaris
1795 5251 1940 5305 ﬁlius

383 5315 616 5388 Sinopes
651 5317 821 5388 reguli
860 5315 1222 5388 Adramjtttio,
1256 5337 1352 5377 seu
1420 5315 1478 5375 ut
1544 5321 1718 5374 Ducas
1750 5321 1944 5374 .habet

383 5385 746 5458 _Atlramynli0
778 5385 1032 5458 Epibatas
1069 5385 1274 5444 Venit:
1335 5391 1480 5458 quod
1537 5399 1774 5444 castrum
1835 5405 1942 5442 non

382 5453 928 5528 longgaiselyuibria
962 5458 1127 5528 situm
1179 5467 1282 5512 est.
1349 5453 1748 5528 Adramyttium
1814 5459 1944 5514 urbs

389 5535 473 5574 est
504 5523 735 5598 @olidis
763 5526 834 5598 ad
867 5541 1016 5580 mare
1042 5527 1169 5598 sita,
1203 5545 1322 5597 quae
1376 5523 1946 5598 hodie-Landrymitfi

381 5594 711 5664 appellatur.
753 5593 932 5659 Quare
959 5593 1235 5664 probabile
1259 5605 1342 5651 cst
1366 5599 1508 5652 hunc
1533 5593 1844 5652 Isfendiaris
1885 5599 1946 5649 liv

388 5657 544 5731 lium,
567 5657 794 5720 Moratis
809 5657 1005 5720 sultani
1035 5666 1274 5723 defuncti
1299 5684 1554 5734 generum
1614 5669 1946 5737 Adramyttri

893 5746 926 5752 ...ν
937 5746 968 5752 —
979 5746 1186 5754 μνη---αννι--
1196 5747 1236 5755 —.

2043 5257 2174 5303 tunc
2215 5249 2446 5316 degisse,
2496 5259 2786 5316 nonvero
2818 5245 2873 5299 in
2943 5244 3248 5315 Synopensi
3299 5246 3618 5314 provincia.

2043 5319 2238 5387 Aliqua
2263 5314 2328 5370 de
2350 5331 2518 5372 causa
2548 5315 2716 5387 voluit
2741 5314 3456 5387 Moratesgenernmsuum
3475 5320 3622 5384 apud

2045 5404 2104 5441 se
2139 5384 2354 5456 degere.
2387 5396 2440 5439 et
2481 5386 2805 5456 Adramyttii
2835 5385 3019 5438 sedem
3058 5384 3410 5456 habitationis
3449 5386 3622 5437 habe-

2046 5473 2125 5510 re.
2163 5454 2280 5510 Non
2310 5457 2454 5511 enim
2485 5456 2550 5508 ad
2593 5454 2846 5522 Epibatas
2897 5454 3241 5518 accessisset,
3304 5465 3395 5507 aut
3441 5456 3624 5508 Adra-

2049 5529 2257 5598 myntio
2294 5525 2570 5595 profectus
2599 5532 2768 5598 esset,
2805 5525 2950 5598 siex
2982 5524 3121 5598 mari
3173 5524 3398 5598 Pontico
3425 5525 3490 5578 ad
3525 5541 3620 5576 ea-

2055 5593 2224 5650 strum
2260 5593 2457 5649 novum
2493 5593 2768 5664 profectus
2799 5595 3010 5648 fuisset.
3046 5593 3436 5664 Adramyttium
3481 5609 3620 5664 pur-

2057 5683 2116 5723 ro
2144 5667 2270 5722 urbs
2299 5664 2636 5734 Metropolita
2697 5663 2949 5734 Ephesio.
