3962 6204
548 281 686 348 1055

2058 298 2201 357 [)UC
2228 300 2272 356 Ε

3587 313 3698 380 1056

546 407 653 451 tem
689 411 844 452 suam
876 404 1116 467 «putans,
1164 416 1393 457 uxorem
1432 417 1495 459 ac
1526 403 1734 460 liberos
1786 405 2107 477 complexus

2218 411 2571 479 νομισμάτων
2604 411 2836 480 χρυσῶν.
2864 410 2988 483 Εἶχε
3022 412 3127 485 γὰρ
3153 416 3235 470 ἀεὶ
3274 419 3359 470 τὸν
3378 419 3519 487 φόϐον
3562 426 3607 475 ἐν
3644 432 3693 498 τῇ

545 489 724 554 abiit,
823 494 1121 560 secumque
1220 508 1441 557 auream
1569 505 1814 566 pateram
1922 499 2109 552 aureis

542 576 784 631 nummis
821 579 1033 647 plenam
1054 581 1251 638 defert.
1286 583 1519 655 Propter
1558 602 1787 642 causam
1824 591 1970 644 enim
1999 607 2110 646 me-

542 678 809 721 moratam
831 680 976 725 metu
1003 672 1143 727 intra
1176 690 1235 730 se
1255 692 1473 747 semper
1494 680 1878 749 torquebatur.
1897 682 2112 751 Ingres-

539 774 633 812 sus
661 761 932 830 principis
959 766 1275 821 cubiculum
1313 770 1461 825 videt
1524 773 1701 840 ipsum
1736 774 2014 829 sedentem
2047 791 2112 830 ac

540 853 788 910 vestibus
845 840 1147 926 indutum;
1200 878 1504 930 quemcum
1553 866 1866 928 adorasset.
1896 882 2111 922 coram-

538 960 645 1011 que
693 955 936 1015 pateram
998 956 1372 1021 apposuisset,
1426 958 1511 1013 his
1566 960 1747 1014 verbis
1806 960 2113 1028 interroga-

537 1041 624 1084 tus
658 1044 742 1088 cst
793 1051 823 1089 a
862 1040 1149 1109 principe:
1184 1044 1326 1109 Quid
1356 1045 1454 1098 hoc
1497 1048 1608 1099 sibi
1653 1050 1788 1109 vult,
1822 1048 1963 1102 Lata
1992 1053 2017 1106 7
2046 1068 2109 1104 ac

538 1122 585 1173 si
609 1125 723 1192 quis
756 1136 937 1181 nostro
967 1131 1176 1200 vulgari
1204 1132 1456 1188 idiomate
1487 1137 1651 1197 τατὰ.
1678 1140 1732 1190 id
1764 1151 1844 1193 est
1874 1155 2105 1207 praecep-

540 1222 644 1268 tor.
688 1216 780 1271 Ille
825 1223 1137 1290 respondit,
1184 1224 1430 1291 Domine,
1501 1246 1612 1282 mos
1638 1241 1715 1284 est
1765 1234 2001 1302 satrapis
2058 1243 2108 1288 et

536 1311 864 1375 proceribus,
918 1315 965 1367 si
1017 1318 1231 1385 quando
1314 1319 1445 1373 hora
1538 1323 1852 1393 intempesta
1924 1342 2106 1379 eorum

536 1414 847 1469 quemquam
928 1408 1191 1460 vocaverit
1260 1411 1523 1477 princeps,
1575 1429 1833 1483 nusquam
1913 1432 2106 1473 vacuos

534 1490 707 1557 ipsum
752 1493 922 1549 adire.
1001 1497 1154 1552 Nihil
1219 1502 1461 1571 equidem
1522 1520 1586 1557 ex
1644 1508 1772 1560 meis
1816 1509 1999 1575 opibus
2060 1523 2107 1565 te

536 1584 777 1641 adeundo
836 1591 1018 1655 attuli,
1084 1610 1261 1647 verum
1324 1607 1415 1650 tua
1477 1615 1541 1652 ex
1581 1602 1684 1654 tuis
1752 1602 1845 1654 tibi
1924 1605 2103 1673 oﬂ'ero.

537 1674 845 1747 Respondit
889 1683 1146 1754 princeps
1178 1702 1191 1738 :
1228 1685 1359 1741 Tuis
1423 1690 1568 1742 haud
1627 1692 1833 1762 indigeo
1868 1709 1886 1746 :
1919 1694 2103 1762 plura,

533 1785 694 1834 quam
723 1781 777 1824 tu
812 1776 1072 1841 possides,
1127 1777 1224 1831 tibi
1256 1780 1395 1833 dabo
1428 1796 1447 1835 .‘
1488 1798 1650 1835 unum
1678 1801 1709 1837 a
1742 1795 1791 1837 te
1848 1794 1989 1852 peto,
2050 1798 2107 1842 ut

533 1862 591 1914 in
689 1862 1217 1933 Constantinopoleos
1296 1875 1679 1941 possessionem
1757 1894 1840 1931 me
1901 1881 2107 1936 mittas.

533 1951 630 2010 llis
675 1957 858 2013 verbis
900 1960 1176 2040 Halil,qui
1218 1963 1469 2022 Romaeos
1528 1984 1746 2038 semper
1772 1980 2107 2041 protexerat,

534 2056 587 2101 et
618 2063 726 2117 quo
764 2052 911 2105 velut
957 2070 1120 2109 manu
1153 2058 1345 2111 dextra
1380 2060 1697 2126 utebantur,
1740 2066 1860 2129 ejus
1885 2080 2105 2120 manum

535 2138 698 2193 donis
781 2140 945 2196 etiam
1015 2146 1383 2214 complentes",
1460 2152 1685 2207 territus
1733 2163 1841 2207 est.
1902 2154 1977 2208 De
2042 2169 2109 2208 eo

535 2248 756 2302 quoque
825 2237 921 2293 has
972 2253 1134 2295 voces
1178 2242 1339 2311 vulgo
1369 2244 1672 2311 jactahant,
1734 2245 1915 2301 Cavur
1946 2246 2111 2302 Orta-

535 2326 623 2379 chi
666 2327 742 2397 (id
783 2340 867 2384 est
918 2332 1220 2400 infidelium
1253 2338 1456 2392 sodalis
1488 2338 1640 2410 141
1664 2351 1715 2393 et
1744 2342 2097 2411 auxiliator).

534 2413 841 2485 Respondit
880 2421 1114 2491 principi
1162 2423 1312 2479 hunc
1341 2426 1395 2479 in
1449 2429 1668 2481 modum
1714 2428 1853 2483 llalil
1888 2430 2111 2486 :Domi—

532 2527 617 2576 ne,
652 2511 815 2578 Deus,
860 2515 951 2581 qui
985 2519 1278 2572 maximam
1332 2530 1540 2588 partem
1598 2524 1816 2578 ditionis
1868 2521 2107 2579 Romam-

534 2623 653 2659 rum
691 2609 910 2675 imperio
959 2619 1048 2663 tuo
1079 2612 1321 2680 subjecit,
1370 2612 1550 2667 urbem
1582 2616 1743 2668 etiam
1778 2616 1874 2669 tibi
1909 2619 2104 2673 tradet.

537 2698 610 2755 Ut
671 2702 812 2755 enim
852 2702 982 2756 mihi
1028 2704 1261 2767 videtur.
1319 2705 1413 2760 Dei
1439 2721 1532 2774 ope.
1566 2708 1891 2779 viribusque,
1918 2711 2107 2779 quibus

530 2793 721 2858 polles,
771 2793 1025 2856 admotis,
1082 2811 1274 2849 manus
1324 2804 1444 2850 tuas
1520 2812 1624 2851 non
1698 2799 1936 2867 elfugiet.
1998 2799 2106 2871 Ego

534 2902 816 2955 omnesque
844 2887 979 2940 servi
1010 2887 1107 2949 tui,
1138 2887 1352 2941 collatis
1372 2905 1473 2942 non
1516 2900 1693 2943 solum
1721 2890 1982 2958 pecuniis,
2013 2896 2107 2946 sed

532 2984 582 3026 et
619 2976 879 3046 sanguine
914 2986 1096 3029 nostro
1134 2977 1380 3045 profuso,
1425 2980 1671 3033 certatim
1724 2996 1932 3048 operam
1988 2998 2107 3038 nos-

2214 499 2413 569 καρδίᾳ
2453 502 2620 553 αὑτοῦ
2642 501 2706 555 δι’
2728 503 2907 556 αἰτίαν
2941 506 3037 574 τὴν
3066 506 3130 575 ἢν
3162 507 3431 575 προλαϐὼν
3478 514 3694 582 ἐδήλωσα.

2215 588 2489 643 Εἰσελθὼν
2522 591 2578 644 δὲ
2610 594 2666 645 ὲν
2693 593 2770 662 τῷ
2793 595 3008 647 κοιτῶνι
3034 595 3125 647 τοῦ
3152 599 3422 666 ἡγεμόνος,
3444 598 3537 653 εἶδε
3567 605 3697 674 καθή-

2216 697 2375 749 μενον
2424 682 2520 734 καὶ
2563 682 2907 749 ἐνδεδυμένον
2932 699 2947 715 ·
3010 688 3376 757 προσκυνήσας
3407 689 3458 741 δὲ
3501 694 3579 745 καὶ
3621 695 3699 763 εμ-

2212 772 2445 841 προσθεν
2488 773 2657 843 θήσας
2699 776 2790 828 τὸν
2820 776 3023 838 δίσκον,
3056 781 3083 830 ὁ
3111 780 3323 847 ἡγεμὼν
3350 776 3459 833 εἷπε
3484 798 3495 812 ’
3528 784 3580 837 Τί
3611 788 3701 841 εισι

2210 862 2419 928 ταῦτα,
2458 864 2628 919 Λαλὰ
2670 866 2818 937 (39);
2862 869 2961 939 (ὡς
2992 870 3148 924 εἴποι
3184 888 3271 935 τις
3300 876 3439 925 κατὰ
3480 872 3577 941 τὴν
3596 877 3702 944 ἠμε-

2210 958 2392 1025 τέραν
2415 961 2633 1027 κοινὴν
2660 944 2951 1030 γλῶτταν,
2981 962 3147 1024 uita,
3178 962 3364 1031 ἤγουν
3381 966 3698 1035 naniam-rt).

2220 1048 2281 1101 '0
2325 1049 2381 1102 δὲ
2427 1050 2796 1120 ἁπεκρίνατο·
2833 1053 3031 1119 Κύριε,
3066 1053 3200 1117 ἔθος
3226 1053 3350 1107 ἐστὶ
3383 1054 3492 1120 τοῖς
3533 1058 3702 1123 ampli-

2210 1159 2369 1208 παις,
2406 1143 2551 1196 ὅταν
2580 1146 2612 1196 ὀ
2643 1144 2878 1212 ἡγεμὼν
2907 1144 3163 1212 φωνήσῃ
3194 1148 3323 1199 τινὰ
3352 1147 3459 1198 τῶν
3475 1149 3699 1216 μεγιστά-

2208 1250 2329 1285 νων
2369 1232 2505 1300 παρ’
2536 1232 2714 1300 ὤραν,
2736 1234 2819 1301 μὴ
2855 1235 3237 1302 εὶσέρχεσθιιι
3262 1237 3429 1302 κενὸς
3477 1240 3553 1298 εις
3600 1244 3703 1291 θεω-
3778 1253 3787 1267 ’

2201 1326 2345 1392 ρίαν
2370 1326 2576 1379 αὐτοῦ.
2602 1324 2752 1393 Ἐγὼ
2789 1322 2902 1382 οὖν
2936 1327 3118 1381 οὐδὲν
3166 1328 3233 1380 ἐκ
3270 1327 3385 1379 τῶν
3429 1328 3569 1395 ἐμῶν
3606 1330 3704 1395 ἐρε-

2201 1432 2316 1482 ρον
2348 1416 2435 1482 εις
2460 1416 2768 1484 θεώρετρα,
2791 1416 2928 1471 ἀλλ’
2957 1417 3026 1470 ἐκ
3066 1416 3186 1471 τῶν
3208 1417 3335 1471 σῶν
3357 1417 3425 1471 τὰ
3467 1420 3537 1472 σὰ
3562 1434 3704 1485 πρίσ-

2207 1511 2445 1577 ἐφερον.
2490 1507 2546 1558 Ὁ
2597 1508 2652 1559 δὲ
2710 1508 2934 1577 ἡγεμὼν
2983 1509 3334 1579 ἀπεκρίνατο.
3368 1512 3478 1563 Οὐκ
3522 1509 3593 1562 ἔτι
3629 1526 3703 1578 pri

2208 1599 2377 1666 χρεία
2406 1594 2519 1649 τῶν
2550 1595 2696 1661 σῶν,
2725 1597 2968 1666 μᾶλλον
3003 1598 3101 1651 καὶ
3128 1599 3213 1651 ἔτι
3236 1599 3471 1653 πλείονα
3495 1597 3702 1666 δωρήσο-

2207 1691 2313 1758 μαί
2344 1706 2445 1744 σοι
2470 1705 2481 1717 ·
2547 1691 2617 1744 ἕν
2661 1691 2793 1743 ἐστι
2835 1691 2901 1744 τὸ
2942 1691 3324 1761 ζητούμενον.
3353 1693 3416 1744 τὸ
3444 1691 3544 1755 τὴν
3569 1694 3706 1743 πόλιν

2211 1780 2443 1833 διδόναι
2461 1799 2585 1850 μοι.
2639 1783 2699 1836 ’0
2726 1783 2783 1836 δὲ
2812 1783 2984 1836 Χαλὶλ
3033 1786 3125 1836 ἐπὶ
3172 1784 3249 1853 τῷ
3299 1782 3433 1853 λόγῳ
3474 1782 3705 1851 σύντρομος

2213 1871 2427 1939 γέγονε,
2460 1868 2527 1943 ἦν
2560 1872 2668 1942 γὰρ
2703 1873 2790 1925 ἀεὶ
2840 1872 3235 1942 ὑπερασπίζων
3285 1876 3392 1933 τοῖς
3456 1871 3704 1940 Ῥωμαίοις,

2211 1965 2303 2016 καὶ
2339 1965 2388 2017 οἱ
2434 1965 2693 2035 Ῥωμαῖοι
2722 1964 2911 2017 τοῦτον
2942 1966 3017 2022 ὡς
3063 1963 3243 2030 δεξιὰν
3282 1968 3431 2035 χεῖρα
3457 1966 3704 2028 ἐκέκτηντο,

2212 2056 2305 2110 καὶ
2326 2055 2423 2121 τὴν
2441 2056 2621 2122 δεξιὰν
2649 2057 2815 2110 αὐτοῦ
2835 2056 3030 2127 δώροις
3066 2057 3338 2126 ἐπλήρουν
3362 2075 3378 2090 σ
3406 2052 3470 2127 ἦν
3512 2056 3560 2108 δὲ
3597 2056 3705 2123 napi

2211 2148 2427 2202 πάντων
2465 2149 2524 2202 τὸ
2589 2150 2863 2220 ᾀδόμενον,
2923 2148 3143 2219 Καϐοὺρ
3211 2149 3452 2219 ’(ιρταγὴ,
3491 2145 3584 2200 οἷον
3624 2148 3707 2199 τῶν

2209 2244 2484 2299 ἀπίστων
2513 2246 2545 2297 ό
2569 2245 2931 2313 σύντροφος,
2962 2243 2999 2312 ⁴ἣ
3024 2242 3281 2310 βοηθός.
3313 2244 3437 2297 Τότε
3453 2241 3705 2311 ἀποκριθεὶς

2208 2338 2237 2389 ὁ
2270 2337 2440 2391 Χαλὶλ
2470 2337 2545 2407 τῷ
2574 2338 2804 2408 ἡγεμόνι
2836 2334 2958 2390 εἷπε
2990 2354 3002 2366 ·
3046 2341 3251 2407 Κύριε,
3302 2342 3334 2393 ὀ
3367 2336 3514 2401 Θεὸς,
3547 2338 3574 2389 ὁ
3596 2333 3706 2397 δούς

2208 2441 2306 2480 σοι
2332 2429 2420 2493 εις
2445 2426 2648 2495 χεζοας
2676 2427 2740 2480 τὸ
2778 2428 3128 2483 πολλοστὸν
3152 2429 3332 2498 μέρος
3360 2428 3462 2494 τῆς
3497 2424 3588 2493 γῆς
3625 2422 3710 2474 τῶν

2222 2519 2534 2586 Ῥωμαίων,
2568 2519 2750 2584 αὑτός
2779 2534 2878 2573 σοι
2912 2519 3009 2572 καὶ
3046 2518 3161 2586 τὴν
3211 2521 3388 2573 πόλιν
3423 2515 3707 2584 δωρήσεται.

2221 2606 2315 2671 Ὠς
2336 2607 2443 2675 γὰρ
2478 2607 2603 2676 ἐμοὶ
2637 2607 2819 2671 δοκεῖ,
2855 2608 2923 2661 ἐκ
2944 2607 3064 2661 τῶν
3092 2609 3314 2678 χειρῶν
3337 2624 3445 2663 σου
3460 2609 3521 2660 οὐ
3542 2602 3710 2673 φεύξε-

2210 2715 2301 2752 ται
2334 2699 2431 2752 καὶ
2454 2699 2580 2752 σὺν
2612 2698 2736 2764 Θεῷ
2774 2701 2870 2753 καὶ
2896 2700 2974 2766 τῷ
3008 2701 3214 2769 κράτει
3240 2717 3353 2755 σου
3373 2717 3386 2731 ·
3417 2695 3618 2764 καὶέςὼ
3641 2692 3710 2744 καὶ
3790 2728 3791 2731 η

2211 2796 2433 2857 πάντες
2458 2793 2511 2845 ol
2538 2792 2752 2845 δοῦλοί
2789 2808 2908 2847 σου
2937 2794 3481 2863 συναγωνισάμεθα.
3528 2793 3618 2844 οὐκ
3664 2787 3714 2838 ἐν

2210 2886 2454 2949 πλούτῳ
2472 2885 2687 2954 μόνον,
2720 2885 2880 2940 ἀλλὰ
2910 2885 3032 2940 σὺν
3057 2887 3247 2956 σαρκὶ
3301 2886 3394 2939 καὶ
3432 2885 3619 2952 αἵματι,
3641 2878 3712 2929 και

2212 2979 2348 3045 περὶ
2396 2979 2613 3035 τούτου
2668 2979 2776 3034 τοῦ
2835 2980 3190 3049 σκέμματος
3257 2981 3557 3050 ἁμέριμνος
3592 2975 3711 3028 ἔσο·
3872 3010 3873 3087 ‘

534 3077 675 3119 tram
719 3068 816 3120 tibi
850 3070 1163 3124 navabimus
1194 3085 1213 3123 :
1240 3070 1306 3123 de
1327 3072 1423 3124 hoc
1469 3074 1737 3140 proposito
1775 3086 1957 3128 nostra
1994 3091 2106 3129 cer-

2212 3070 2396 3123 Ταῦτα
2452 3071 2589 3141 πρὸς
2648 3071 2829 3139 ὀλίγον
2858 3072 3156 3141 ἡμέρωσεν
3214 3072 3306 3125 τὸν
3358 3075 3529 3141 ἇγριον
3578 3069 3711 3135 ϐῆμ’

536 3170 622 3213 tus
661 3161 735 3215 sis
779 3177 843 3213 ac
895 3177 1137 3218 securus.
1194 3161 1319 3217 Haec
1358 3163 1422 3216 ad
1476 3172 1690 3232 tempus
1746 3165 1920 3220 ferum
1950 3166 2103 3222 illum

534 3267 600 3308 ac
636 3254 900 3308 immitem
955 3254 1342 3323 placaverunt;
1407 3256 1502 3325 qui
1562 3256 1721 3311 llalili
1762 3257 1897 3312 dixit
1942 3277 1955 3314 :
1997 3260 2108 3313 Hoc

533 3346 756 3401 cervical
806 3348 1071 3416 conspicis
1098 3389 1112 3411 ,
1151 3357 1317 3401 totam
1354 3360 1558 3403 noctem
1586 3349 1823 3419 transegi
1855 3351 1995 3405 illud
2042 3354 2107 3405 ab

534 3454 644 3491 una
690 3440 898 3506 sponda
935 3441 987 3494 in
1013 3440 1181 3493 aliaat
1213 3440 1511 3505 versando;
1551 3444 1854 3497 recumbens
1874 3460 1936 3497 ac
1980 3445 2109 3514 vigi-

535 3530 676 3597 lans,
726 3546 969 3585 somnum
997 3533 1162 3587 oculis
1193 3551 1293 3587 non
1332 3535 1465 3603 cepi.
1513 3534 1628 3589 Hoc
1670 3546 1718 3589 te
1740 3553 1945 3599 moneo.
1975 3554 2108 3593 auro

533 3631 584 3677 et
671 3635 894 3695 argento
923 3636 970 3679 te
1005 3627 1273 3695 corrumpi
1299 3626 1443 3680 haud
1485 3628 1737 3696 patiaris,
1770 3639 1817 3682 et
1868 3632 2109 3698 proposi-

536 3729 589 3773 to
640 3729 727 3775 tuo
781 3739 844 3775 ne
872 3724 1209 3779 dimovearis.
1263 3722 1451 3778 Firmo
1497 3727 1870 3795 constantique
1919 3729 2101 3781 animo

534 3829 652 3867 cum
718 3813 942 3869 Roma‘is
973 3832 1260 3887 pugnemus
1294 3835 1314 3881 ,°
1348 3817 1442 3871 Dei
1463 3818 1694 3877 decreto.
1737 3835 1800 3872 ac
1838 3821 2107 3888 propheta:

535 3905 786 3972 precibus
827 3908 1018 3977 conﬁsi
1059 3909 1241 3963 urbem
1268 3910 1666 3977 occupabimus.
1688 3911 1785 3967 His
1805 3912 2111 3968 similibus-

538 4016 647 4067 que
715 4000 903 4056 verbis
965 4002 1182 4057 blandis
1251 4019 1408 4068 usus,
1466 4005 1616 4059 curis
1675 4005 1852 4070 illum,
1906 4006 2110 4075 quibus

539 4107 751 4148 memor
780 4093 997 4162 sibique
1051 4096 1352 4149 multorum
1402 4096 1662 4152 conscius
1717 4099 1941 4156 animus
2013 4113 2109 4152 an-

537 4186 790 4253 gebatur.
841 4187 1179 4255 sanguisque
1233 4188 1593 4252 adurebatur,
1636 4189 1864 4259 paciﬁce
1922 4189 2110 4246 dimis-

536 4293 657 4332 sum
706 4276 888 4331 solvit.
934 4278 1143 4332 Cuncta
1170 4289 1363 4333 contra
1422 4282 1611 4334 urbem
1667 4282 2016 4338 machinatus
2046 4298 2110 4338 ac

537 4368 781 4432 molitus,
835 4383 1031 4423 omnes
1102 4382 1294 4424 noctes
1340 4371 1465 4426 illas
1536 4373 1819 4427 insomnes
1865 4374 1994 4442 egit.
2049 4374 2106 4429 In

536 4456 726 4510 charta
768 4457 931 4511 etiam
966 4458 1136 4511 situm
1168 4458 1548 4529 ambitumque
1580 4461 1733 4515 urbis
1763 4460 2108 4529 delineabat,

534 4556 591 4601 et
642 4562 765 4601 cum
810 4547 881 4603 iis
927 4548 1400 4619 communicabat,
1440 4552 1533 4622 qui
1568 4554 2111 4622 propugnaculorum

536 4639 908 4708 Intcniumque
975 4641 1129 4695 urbis
1180 4651 1384 4696 statum
1438 4654 1723 4699 noverant.
1756 4644 2114 4717 Consiliaque

535 4728 798 4797 agitabat,
850 4730 939 4783 ubi
973 4738 1027 4783 et
1078 4730 1358 4800 quomodo
1414 4732 1682 4787 machinae
1733 4735 2110 4803 admovendae,

535 4821 702 4889 plutei
745 4822 1057 4893 pangendi,
1120 4823 1293 4876 vineae
1352 4823 1615 4893 agendae,
1650 4836 1707 4880 et
1777 4841 1884 4893 qua
1952 4829 2111 4884 cuni-

534 4916 668 4979 culi,
723 4917 861 4970 utin
925 4917 1127 4972 fossam
1159 4919 1571 4987 perveniretur,
1615 4920 1850 4975 ducendi
1885 4932 2098 4985 essent,

535 5020 642 5073 qua
692 5006 912 5061 tandem
972 5007 1039 5061 ad
1096 5007 1443 5062 subeundum
1476 5023 1691 5061 murum
1725 5009 1888 5064 scala:
1922 5011 2109 5066 admo-

537 5094 774 5149 vendae:
820 5104 874 5149 ct
924 5106 984 5151 ut
1029 5097 1197 5153 verbo
1252 5097 1454 5164 dicam,
1501 5113 1717 5154 onmem
1786 5108 2110 5169 apparatum

538 5195 699 5240 noctu
748 5189 1116 5259 excogitatum
1167 5201 1222 5247 et
1253 5192 1611 5248 delineatum.
1648 5206 1809 5246 mane
1834 5190 2105 5247 labrelieri

536 5287 594 5334 ct
643 5278 828 5348 perﬁci
871 5284 1115 5339 curabat.

2212 3163 2304 3216 καὶ
2333 3161 2483 3229 λέγει
2512 3162 2591 3231 τῷ
2617 3162 2811 3218 Χαλίλ.
2853 3163 3111 3228 Βλέπεις
3168 3164 3242 3216 τὸ
3281 3160 3711 3231 προσκεφάλαιον.

2211 3254 2325 3320 τὴν
2378 3253 2589 3311 πᾶσαν
2644 3257 2846 3309 νύκτα
2906 3256 3225 3310 διεϐίϐασα
3287 3257 3478 3309 ἕλκων
3506 3252 3604 3306 ἀπὸ
3633 3247 3713 3313 τῆς

2208 3346 2351 3417 μιᾶς
2380 3349 2599 3417 γωνίας
2627 3349 2741 3425 τοῦ,
2771 3348 3054 3414 κοιτῶνος
3086 3352 3174 3415 εἰς
3240 3350 3351 3418 τὴν
3413 3348 3602 3411 ἄλλην,
3645 3340 3713 3393 καὶ

2213 3441 2333 3494 ἀπὸ
2362 3439 2471 3507 τῆς
2500 3440 2697 3508 ἄλλης
2726 3444 2814 3507 εις
2858 3440 2973 3508 τὴν
3008 3440 3247 3509 ἑτέρον,
3311 3436 3708 3503 ἀνακλινόμενσ(

2211 3532 2311 3586 καὶ
2358 3533 2827 3603 ἐξεγειρόμενος,
2880 3533 2979 3588 καὶ
3040 3534 3240 3601 ὕπνος
3293 3534 3413 3599 τοῖς
3457 3524 3715 3600 ὀφθαλμοῖς

2206 3640 2326 3691 μου
2358 3626 2469 3678 οὐκ
2495 3624 2817 3691 ἐρχόμενος
2853 3638 2868 3653 ⁸
2899 3624 3055 3694 λέγω
3099 3620 3240 3687 οὖν,
3263 3625 3529 3693 ἀργύριον
3558 3619 3588 3684 ἢ
3612 3630 3714 3683 γρυ·
3872 3632 3873 3697 ι

2211 3716 2352 3768 olor
2395 3714 2481 3783 μή
2537 3731 2612 3768 σε
2672 3713 2965 3774 δελεάζων
3012 3715 3336 3783 ἀπορρίψει
3381 3713 3484 3777 τῆς
3528 3701 3715 3770 ἀποκρί·
3872 3710 3873 3723 ³

2212 3823 2387 3872 σεως,
2413 3802 2491 3875 ἧς
2514 3807 2813 3875 ἀπεκρίνω
2835 3823 2935 3875 μοι
2958 3807 3095 3861 νῦν.
3130 3807 3314 3865 Ἀλλὰ
3344 3800 3619 3868 σταθηρῶς
3641 3795 3717 3847 ἀν’

2213 3901 2662 3967 ταγωνισόμεθα
2705 3898 2831 3964 τοῖς
2884 3899 3217 3967 Ῥωμαίοις,
3275 3898 3372 3952 καὶ
3423 3890 3717 3963 θαρροῦντες

2216 3992 2363 4059 Θεοῦ
2400 3991 2474 4058 τῇ
2512 3992 2739 4055 νεύσει,
2771 3990 2872 4045 καὶ
2902 3989 2977 4059 τῇ
3006 3991 3159 4060 εὐχῇ
3186 3991 3293 4045 τοῦ
3318 3986 3596 4059 προφήτου
3635 3980 3720 4043 τὴν

2213 4084 2397 4137 πόλιν
2417 4085 2754 4153 ληψόμεθα.
2778 4085 2885 4137 Σὺν
2912 4084 3129 4146 τούτοις
3161 4082 3365 4139 οὖνκαὶ
3393 4082 3577 4149 ἑτέροις
3602 4072 3721 4127 κολα·

2213 4178 2484 4239 κευτικοτς
2513 4177 2711 4245 λόγοις,
2744 4176 2972 4247 ἐχούσας
3030 4179 3087 4228 ἐν
3133 4176 3214 4247 τῷ
3253 4176 3401 4247 μέσῳ
3457 4172 3553 4225 τῶν
3600 4167 3721 4219 uola-

2217 4267 2383 4321 κειῶν
2418 4267 2515 4321 καὶ
2539 4268 2640 4331 τὰς
2674 4269 2903 4339 καρδίαν
2927 4267 3258 4336 στυφούσας,
3317 4267 3410 4320 καὶ
3436 4264 3491 4318 τὸ
3515 4256 3629 4330 αἷμα
3657 4254 3726 4323 ξηο

2218 4361 2505 4431 ραινούσας
2553 4360 2846 4425 δακνώδεις
2906 4362 3128 4431 μνήμας
3156 4398 3175 4424 ,
3241 4360 3540 4419 ἀπέλυσεν,
3576 4347 3724 4407 eiad».

2219 4453 2438 4520 ’Υπαγε
2470 4453 2528 4505 ὲν
2560 4453 2773 4525 εἰρήνῃ.
2795 4453 2909 4515 Τὰς
2953 4453 3135 4514 πάσας
3187 4448 3281 4507 οὖν
3334 4451 3521 4510 νύκτας
3540 4442 3727 4502 ὲκείναί

2211 4543 2312 4597 οὐκ
2341 4544 2495 4599 ἔλιπε
2524 4545 2963 4614 διανυκτερεύων
3001 4545 3098 4599 καὶ
3123 4545 3406 4615 μεριμνῶν
3431 4542 3497 4595 τὰ
3521 4534 3640 4591 κατὰ
3655 4529 3730 4594 τῆς

2212 4634 2439 4699 πόλεως,
2498 4635 2792 4703 λαμϐάνων
2849 4636 2909 4688 ὲν
2965 4636 3124 4704 χερσὶ
3156 4636 3366 4705 χάρτην
3396 4635 3487 4687 καὶ
3542 4627 3727 4698 μέλανα,

2213 4725 2309 4777 κα.)⁸
2338 4725 2695 4795 σκιαγρὰφων
2727 4724 2828 4795 τὴν
2853 4724 3115 4797 περιοχὴν
3144 4725 3242 4794 τῆς
3277 4724 3499 4784 πόλεως.
3527 4718 3617 4771 Καὶ
3656 4714 3735 4764 δει-

2212 4817 2391 4869 κνύων
2417 4819 2529 4879 τοῖς
2555 4817 2884 4884 ὲπιστήμοσι
2915 4816 3024 4868 τῶν
3073 4815 3374 4879 ἐπάλξεων,
3413 4812 3508 4864 ποῦ
3555 4808 3736 4858 mimi

2216 4909 2466 4977 μέλλουσι
2498 4908 2671 4960 Θεῖναι
2697 4909 2793 4969 τὰς
2826 4909 3028 4970 σκευὰς
3070 4910 3180 4961 τῶν
3210 4906 3507 4976 προϐόλων,
3555 4900 3634 4952 καὶ
3665 4893 3738 4950 τὰς

2210 5000 2461 5063 ἐπάλξεις
2483 5000 2695 5062 καὶτὰς
2723 5000 3031 5069 κατορυγὰς
3050 5001 3146 5053 καὶ
3170 5003 3271 5068 τῆς
3315 4999 3516 5065 τάφρου
3548 4991 3633 5085 τὴν
3654 4986 3739 5085 εἷς’

2208 5095 2344 5159 οδον,
2370 5092 2575 5157 καὶτὰς
2612 5093 2888 5162 κλίμακας
2939 5096 2997 5146 ὲν
3047 5094 3189 5163 ποίῳ
3220 5092 3391 5161 τείχει
3421 5106 3436 5121 ο
3471 5086 3556 5139 καὶ
3595 5078 3744 5175 αἰξί

2206 5184 2384 5235 εἰπεῖν
2407 5187 2502 5252 τὴν
2533 5184 2714 5235 πᾶσαν
2773 5183 3131 5255 παρασκευὴν
3178 5177 3490 5242 ἀπεικόνιζε
3544 5174 3621 5225 διὰ
3664 5174 3738 5231 τῇ

2208 5272 2424 5337 νυκτὸς,
2461 5276 2555 5325 καὶ
2586 5273 2647 5325 τὸ
2689 5273 2833 5344 πρωϊ
2861 5274 3102 5327 κελεύων
3125 5274 3346 5341 ἐγένετο
3375 5269 3562 5327 πάντα,
3591 5270 3743 5325 στοχιυ

2223 5366 2426 5429 στικῶς
2460 5366 2554 5419 καὶ
2588 5365 2914 5437 πανούργως
2943 5364 3238 5455 ἐπιμελῶν.

1736 5533 2027 5595 Ismaelis
2070 5528 2379 5595 Bullialdi
2415 5536 2600 5591 noue.

622 5684 733 5753 (59)
776 5682 966 5741 Λαλά.
1031 5684 1295 5743 Sultanus
1355 5686 1589 5743 vczirem
1649 5698 1822 5741 suum
1858 5682 1959 5737 hac
2021 5696 2150 5738 voce
2228 5680 2566 5751 compellans
2598 5678 3048 5739 ciadblanditur.
3110 5685 3164 5735 ct
3211 5673 3482 5729 anxietate
3525 5665 3746 5725 metuque

551 5753 747 5810 liberat
763 5797 772 5810 .

1014 5862 1017 5863 ν
1048 5856 1097 5865 ιο.
1136 5858 1269 5871 --—....__
