3968 6194
319 208 445 278 1161

1428 228 1433 243 ·
1498 208 1874 280 lliSTORlA
1918 212 2365 277 BYZANTINA.

3434 198 3566 268 1162

325 333 389 387 '0
409 333 463 384 δὲ
493 329 712 399 ἡγεμὼν
745 331 965 401 ἀπάρας
993 331 1102 386 ἀπὸ
1148 333 1402 396 Βιθυνίας
1434 330 1597 403 ἦλθεν
1646 337 1723 395 εἰς
1753 334 1880 398 Ἀγ-

2002 346 2251 401 Lyrannus
2283 329 2484 383 certior
2526 328 2725 391 factus,
2802 322 3047 380 terrestri
3101 336 3321 391 quoque
3371 321 3570 379 itinere

313 426 489 496 κύραν
512 423 612 490 τῆς
644 423 930 489 Γαλατίας,
994 428 1156 479 κάκεῖ
1214 427 1314 489 τὰς
1360 428 1564 495 σκηνάς
1617 427 1816 493 πήξας,
1854 427 1882 477 ὁ

312 520 410 585 τῆς
458 514 708 583 Σινώπης
739 516 968 585 ἡγεμὼν
998 518 1216 581 στείλας
1271 520 1363 571 τὸν
1396 520 1512 572 υίὸν
1545 517 1712 572 αὐτοῦ
1744 519 1884 588 μετὰ

316 608 577 677 πλείστης
630 608 990 678 δωροφορίας,
1073 610 1167 663 καὶ
1249 615 1677 680 προῦπαντήσας
1734 610 1884 674 αύτῷ

310 696 572 760 δουλικῶς
617 699 1052 767 προσεκύνησεν.
1125 696 1185 755 Ὀ
1216 701 1274 753 δὲ
1335 702 1630 766 ὑπεδέξατο
1691 700 1884 753 τοῦτον

316 786 591 853 ἀσμένως,
650 788 747 839 καὶ
806 787 875 840 τά
915 787 994 857 τῷ
1044 790 1161 859 ἰδίῳ
1219 792 1391 859 πατρὶ
1459 792 1886 860 μηνυθησόμενα

312 874 473 927 τοῦτο
508 877 839 945 ἀπήγγειλε,
876 880 969 931 καὶ
1000 879 1167 932 αὑτὸν
1194 880 1270 943 ὡς
1313 880 1543 948 ἄγγελον
1575 881 1681 933 τῶν
1714 881 1853 951 ρηθη
1874 912 1888 923 -

315 968 563 1034 σομένων
592 970 767 1023 πάντα
802 973 1054 1035 κατεῖπε,
1105 971 1313 1040 λέγων’
1375 972 1771 1041 Ἀνὰγγειλον
1809 973 1887 1037 τῷ

316 1059 496 1123 πατρί
525 1072 664 1123 σου,
693 1058 783 1112 ὅτι
830 1059 946 1127 τὴν
989 1061 1270 1130 Σινώπην
1295 1062 1598 1133 ,βούλομαι
1627 1068 1760 1135 (55)·
1789 1066 1889 1119 καὶ

314 1150 367 1201 ει
393 1148 512 1215 μὲν
536 1150 764 1215 ταύτην
815 1149 1140 1220 ἐλευθέρως
1200 1155 1524 1222 παράσχοι,
1575 1157 1737 1225 κάγὼ
1786 1174 1888 1224 χα-

306 1239 559 1310 ριέντως
598 1241 978 1295 ἀνταποδίὸω
1037 1244 1198 1308 αὐτῷ
1258 1252 1375 1311 τὴν
1428 1247 1731 1317 ἐπαρχίαν
1778 1248 1889 1316 τῆς

314 1333 856 1399 Φιλιππουπόλεως
881 1351 893 1365 ·
919 1337 979 1389 εἰ
1017 1336 1085 1390 δὲ
1101 1337 1195 1404 οὒ,
1245 1337 1493 1407 ἔρχομαι
1521 1342 1696 1409 ταχύ.
1744 1343 1801 1395 Ὀ
1832 1342 1889 1394 δὲ

317 1421 506 1483 στόλος
531 1420 618 1473 διά
638 1422 737 1488 τῆς
776 1421 1056 1491 θαλάσσης
1097 1425 1200 1493 τῆς
1232 1426 1505 1495 Ποντικῆς
1540 1428 1780 1495 ἔφθασεν
1833 1427 1890 1478 ὲν

314 1513 554 1585 Σινώπῃ.
594 1514 657 1570 '0
704 1516 821 1577 υἱὸς
859 1515 915 1568 δὲ
955 1517 1048 1568 τοῦ
1081 1516 1306 1587 Ἰσμαὴλ
1334 1519 1606 1587 ἡγεμόνος
1642 1520 1742 1585 τῆς
1797 1519 1890 1571 Σι-

316 1607 506 1677 νώπης
539 1601 674 1675 ἦλθε
707 1608 843 1677 πρὸς
875 1607 967 1660 τὸν
995 1611 1213 1678 πατέρα
1245 1609 1436 1675 αὑτοῦ,
1478 1610 1577 1662 καὶ
1630 1611 1892 1679 ἀνήγγει-

1985 436 2051 477 eo
2079 420 2385 476 contendit.
2419 418 2613 473 lsmael
2660 417 2827 471 animi
2884 429 3106 483 auceps,
3156 413 3278 482 opis
3339 426 3402 465 ac
3433 426 3571 469 ceu"-

1987 511 2095 565 silii
2128 526 2353 579 egenus,
2385 510 2589 578 Sinope
2651 509 2705 562 in
2762 522 3052 562 occursum
3090 507 3211 574 ejus
3260 506 3566 575 egreditur,

1988 616 2053 656 ac
2076 602 2353 656 submisse
2379 601 2592 655 adorat.
2622 603 2667 651 A
2707 607 2944 670 tyranno
2962 598 3194 655 comiter
3226 598 3568 668 benigneque

1988 706 2294 762 susceptus,
2323 695 2615 764 iussusque
2635 706 2825 747 omnes
2854 691 3142 746 thesauros
3168 705 3301 746 suos
3331 690 3569 753 auferre,

1989 802 2180 855 equos,
2210 786 2406 852 mulos,
2436 785 2677 840 camelos
2703 792 3015 852 caeteraqne
3068 790 3373 852 asportare,
3424 797 3573 852 quae-

1991 894 2209 947 cunque
2241 878 2294 931 in
2330 879 2545 932 horreis
2576 886 2631 931 et
2654 891 2795 945 penu
2854 876 3104 938 habebat,
3154 890 3456 945 omnesque
3505 872 3575 929 de

1990 972 2099 1029 illis
2124 972 2422 1040 quidquam
2459 976 2808 1023 contrectare
2841 968 3020 1021 vetiti.
3042 966 3226 1021 Rebus
3250 981 3379 1034 ergo
3406 966 3570 1054 διῆρε

1994 1064 2416 1133 pensibusrerte
2435 1060 2777 1125 constitutis,
2808 1067 3041 1128 praetore
3063 1058 3186 1112 urbi
3219 1073 3328 1111 uno
3370 1060 3579 1113 manci-

1990 1155 2205 1224 piorum
2239 1164 2460 1207 s‘uorum
2496 1153 2774 1222 imposito,
2815 1135 3090 1203 Armenia:
3123 1150 3389 1205 interiora
3423 1151 3576 1219 petit.

1992 1248 2203 1303 Interea
2239 1248 2536 1317 praedictus
2596 1247 2852 1315 princeps
2908 1243 3275 1299 Usun-Hasan
3332 1244 3574 1301 Persidis

1994 1343 2129 1397 ﬁnes
2165 1350 2458 1395 montanos
2491 1355 2615 1394 cum
2650 1338 2768 1394 suis
2805 1348 3191 1407 occupaverat,
3256 1339 3576 1408 viribusque

1994 1434 2240 1496 inferior,
2273 1447 2434 1500 quam
2476 1439 2538 1486 ut
2595 1432 2715 1485 acie
2778 1446 3113 1486 concurrere
3168 1447 3292 1484 cum
3329 1442 3570 1501 tyranno

1997 1534 2199 1596 posset,
2236 1523 2345 1577 illic
2370 1532 2584 1590 tempus
2603 1523 2951 1589 transigebat.
2977 1525 3269 1594 Peragrata
3317 1522 3577 1577 Armenia

1995 1617 2269 1684 Phasique
2326 1614 2555 1668 ﬂumine
2635 1624 2938 1682 superato,
3002 1614 3257 1685 regiones
3310 1616 3576 1683 quasdam

314 1696 407 1751 λεν
449 1694 598 1765 αύτῷ
628 1696 810 1751 πάντα
839 1698 909 1750 τὰ
937 1699 1242 1768 λαληθέντα
1276 1701 1428 1769 παρὰ
1466 1701 1561 1753 τοῦ
1594 1701 1881 1769 τυράννου.

2002 1707 2281 1763 lebellavit
2327 1706 2442 1775 ille,
2476 1706 2616 1759 alias
2663 1719 2785 1759 cum
2816 1705 3069 1772 subigere
3126 1722 3234 1759 non
3282 1707 3576 1774 potuisset,

314 1789 595 1859 Τύραννος
623 1789 681 1842 δὲ
715 1788 904 1858 μαθὼν
930 1789 1029 1861 τὴν
1064 1790 1332 1845 άνάὸασιν
1360 1792 1457 1846 τοῦ
1507 1795 1700 1847 στόλου
1731 1813 1891 1866 γεγο-

315 1882 475 1933 νυῖαν
528 1881 587 1931 ἐν
626 1880 867 1949 Σινώπῃ,
917 1881 1009 1933 καὶ⁵
1040 1882 1206 1944 αὐτὸς
1239 1882 1328 1937 διὰ
1394 1882 1567 1953 ξηρᾶς
1601 1888 1685 1947 είς
1720 1888 1890 1957 αὐτὴν

317 1970 543 2025 ὥδευεν.
578 1971 638 2025 Ὁ
667 1970 712 2023 δ’
742 1971 972 2041 Ὶσμαὴλ
1005 1973 1293 2043 ἀπορήσας
1335 1974 1534 2043 ἐξῆλθε
1593 1979 1693 2048 τῆς
1726 1980 1893 2033 Σινώ-

322 2078 451 2132 πης,
484 2063 580 2116 καὶ
619 2064 1050 2135 προῦπαντήσας
1082 2066 1233 2133 αύτῷ
1264 2067 1361 2120 καὶ
1407 2068 1673 2133 δουλικῶς
1726 2088 1895 2142 προσ-

319 2156 583 2225 κυνήσας.
630 2157 952 2220 ’Δσπασίως
982 2157 1145 2209 αὑτὸν
1176 2160 1204 2210 ὁ
1232 2160 1499 2230 τύραννος
1576 2163 1893 2228 ὑπεδέξατο,

322 2247 585 2311 κελεύσας
604 2249 814 2311 πάντας
834 2251 958 2312 τοὺς
986 2248 1299 2320 θησαυροὺς
1323 2252 1491 2306 αὐτοῦ
1553 2255 1765 2320 λαϐεῖν,
1797 2259 1895 2310 καὶ

318 2339 543 2405 ῐππους,
578 2341 671 2392 καὶ
703 2340 985 2410 ἡμιόνους,
1014 2342 1106 2394 καὶ
1133 2341 1439 2411 καμήλους,
1471 2347 1564 2399 καὶ
1590 2346 1718 2398 ἄλλο
1766 2348 1820 2399 εί
1845 2365 1897 2400 τι

319 2430 379 2483 ἑν
397 2432 512 2493 τοῖς
544 2431 709 2483 αὑτοῦ
741 2429 992 2500 ταμείοις
1022 2430 1307 2502 ἐκέκτητο,
1355 2432 1449 2486 καὶ
1486 2433 1561 2503 μὴ
1616 2434 1899 2505 προσψαῦι-

330 2522 421 2575 σαί
450 2522 533 2585 τίς
556 2539 609 2575 τι
636 2522 744 2575 τῶν
772 2519 961 2579 αὐτοῦ.
993 2521 1105 2591 Τὴν
1136 2522 1387 2593 Σινώπην
1441 2519 1534 2580 οὖν
1592 2527 1774 2590 καλῶς
1806 2530 1898 2596 ἐγ-

320 2616 701 2682 καταστήσας,
734 2613 832 2667 καὶ
860 2612 1106 2683 ἡγεμόνα
1153 2615 1251 2669 ἕνα
1305 2615 1417 2669 τῶν
1468 2617 1675 2671 δούλων
1731 2621 1897 2673 αὐτοῦ

319 2704 709 2775 χειροτονήσας
735 2702 1021 2770 αὐτὸς,είς
1059 2702 1131 2758 τὰ
1168 2706 1269 2775 τῆς
1320 2706 1614 2777 ’Δρμενίας
1646 2708 1901 2780 ὲνδότερα

320 2798 541 2867 ἐχώρει.
590 2795 651 2852 '0
673 2796 728 2850 δὲ
752 2797 1093 2869 προρῤηθεὶς
1112 2799 1326 2862 Οὑζοῦν
1347 2801 1538 2855 Χασὰν
1563 2802 1793 2872 ἡγεμὼν
1819 2805 1899 2868 εἰς

319 2890 387 2942 τά
416 2888 517 2955 τῆς
552 2888 815 2958 Περσίδος
847 2890 974 2959 ὅρια
1006 2890 1199 2943 ἐπάνω
1223 2890 1394 2960 ὀρέων
1431 2893 1529 2945 σὺν
1573 2895 1687 2956 τοῖς
1729 2894 1899 2947 αὐτοῦ

317 2978 576 3048 διέτρισε,
639 2979 713 3050 μὴ
758 2979 896 3049 ἔχων
946 2980 1104 3049 ἰσχὺν
1158 2983 1661 3051 καταπροσωπίσαι
1706 2986 1785 3055 τῷ
1808 3003 1903 3040 τυ-

2001 1798 2353 1859 transcurrit,
2377 1804 2617 1850 montem
2648 1794 2954 1850 Caucasum
2983 1796 3153 1849 multo
3182 1795 3392 1859 labore,
3422 1799 3577 1851 ciba-

2000 1891 2209 1945 riorum
2238 1897 2293 1943 et
2354 1888 2799 1943 necessariorum
2850 1888 3077 1955 penuria
3108 1895 3321 1943 artatus
3350 1903 3583 1957 supera-

1997 1980 2096 2045 vit,
2129 1980 2474 2046 Colchosque
2502 1978 2742 2032 devenit.
2781 1975 3183 2046 Trapezuntem
3233 1993 3359 2032 cum
3395 1994 3583 2035 acces-

2002 2072 2193 2139 sisset,
2215 2070 2363 2125 illius
2391 2071 2708 2139 imperatori
2730 2085 2826 2139 per
2845 2070 3090 2125 nantium
3114 2072 3307 2125 horum
3327 2073 3582 2140 alterunt,

2002 2159 2149 2231 quod
2178 2161 2370 2215 melius
2401 2160 2504 2214 sibi
2538 2161 2909 2214 mstimatione
2930 2162 3238 2227 metiretur,
3269 2163 3582 2232 eligendum

2005 2250 2267 2321 proponit
2296 2266 2309 2301 :
2337 2251 2416 2302 vel
2444 2263 2502 2303 se
2528 2250 2702 2312 salvo,
2732 2250 2991 2303 omnibus
3032 2251 3308 2306 thesauris
3348 2255 3462 2309 suis
3499 2271 3586 2309 ar-

2007 2343 2175 2411 genti,
2200 2342 2343 2404 auri,
2369 2340 2495 2393 :eris
2533 2349 2973 2408 caeterarumque
2997 2356 3203 2407 rerum,
3225 2346 3399 2400 servis
3416 2348 3582 2401 etiam

2005 2443 2059 2487 et
2089 2432 2305 2487 ancillis
2359 2433 2621 2501 omnique
2653 2431 2758 2484 alia
2788 2432 3130 2501 supellectile
3182 2434 3430 2505 integris,
3486 2439 3588 2492 im-

2006 2521 2219 2591 perium
2246 2529 2481 2590 tyranno
2521 2520 2871 2589 relinquere;
2927 2523 3013 2577 vel
3062 2539 3185 2577 cum
3216 2526 3445 2595 imperio
3480 2531 3587 2584 ista

2005 2614 2191 2668 omnia
2231 2611 2392 2684 194
2418 2627 2545 2667 cum
2576 2600 2688 2666 vita
2710 2611 2979 2666 amittere.
3009 2612 3105 2669 His
3156 2615 3360 2673 auditis
3417 2620 3591 2690 inzpe-

2007 2711 2160 2758 rator
2191 2706 2325 2759 urbe
2349 2704 2483 2771 exit,
2516 2703 2782 2773 illumque
2818 2704 3032 2759 adorat.
3068 2705 3275 2763 Classis
3327 2711 3585 2779 equidem

2008 2796 2198 2850 multis
2222 2796 2332 2865 jam
2356 2796 2552 2851 diebus
2574 2795 2775 2866 Sinope
2802 2798 3060 2864 solverat,
3099 2808 3154 2854 et
3180 2799 3586 2873 Trapezuntem

2008 2884 2234 2953 appulsa
2264 2884 2605 2954 quotidianis
2635 2886 2839 2955 praeliis
2878 2887 3070 2942 urbem
3096 2888 3305 2946 frustra
3343 2903 3592 2950 tentave-

2010 2984 2119 3041 rat,
2142 2977 2317 3031 donec
2338 2985 2606 3044 tyrannus
2643 2980 2898 3035 terrestri
2923 2981 3266 3050 profectione
3297 2997 3364 3040 eo
3409 2988 3593 3042 veniss

322 3071 524 3141 ράννῳ.
572 3073 826 3141 Περάσας
856 3072 1036 3142 δὲτὴν
1080 3074 1401 3143 Ἀρμενίαν,
1439 3077 1534 3129 καὶ¹
1584 3077 1777 3142 διαὸὰς
1802 3078 1895 3132 τὸν

2006 3077 2109 3124 set.
2133 3067 2280 3125 Urbe
2306 3069 2819 3140 itaqueimperator
2856 3089 3027 3129 uxore
3079 3090 3143 3130 ac
3174 3076 3363 3132 liberis
3421 3078 3593 3132 comi-

317 3164 522 3218 Φασιδα
550 3165 795 3233 ποταμὸν
826 3164 963 3235 (56),
996 3162 1182 3235 χώρας
1238 3167 1341 3229 τὰς
1378 3170 1479 3238 μὲν
1534 3162 1671 3236 εἷλε,
1703 3171 1803 3234 τὰς
1838 3171 1895 3223 δὲ

319 3256 381 3307 ού
416 3254 666 3323 δυνηθεὶς
712 3255 1058 3323 παρέδραμε,
1095 3260 1192 3310 καὶ
1214 3258 1282 3310 τὰ
1317 3260 1611 3315 Καυκάσια
1637 3263 1737 3332 ὄρη
1756 3264 1898 3332 μετὰ

323 3343 521 3396 πολλοῦ
559 3344 653 3396 τοῦ
693 3344 865 3396 κόπου
892 3346 1113 3413 καὶτῆς
1163 3348 1513 3416 ὑστερήσεως
1560 3352 1671 3405 τῶν
1725 3356 1899 3421 ἀναγ-

323 3434 497 3487 καίων
524 3433 733 3497 ἀναϐὰς
790 3434 1063 3505 κατῆλθεν
1097 3435 1177 3498 εἰς
1235 3436 1499 3505 Κόλχους.
1548 3441 1659 3493 Καὶ
1705 3442 1770 3512 δὴ
1819 3430 1899 3507 είς

323 3526 717 3596 Τραπεζοῦντα
748 3526 862 3597 (57)
898 3525 1141 3580 ἀνελθὼν
1176 3528 1387 3597 πέμπει
1414 3528 1492 3598 τῷ
1523 3529 1899 3604 βασιλεῖτρα-

326 3620 620 3684 πεζοῦντος
649 3622 712 3673 ὲκ
741 3620 852 3673 τῶν
875 3619 969 3673 δύο
1000 3620 1217 3674 ἑλέσθαι
1268 3621 1329 3674 τὸ
1359 3624 1690 3691 κρεῖττον,ἢ
1720 3642 1901 3694 παρασ-

324 3713 508 3766 δοῦναι
540 3713 639 3784 τὴν
678 3713 962 3783 βασιλείαν
1005 3713 1083 3782 τῷ
1115 3713 1368 3784 τυράννῳ
1410 3716 1540 3769 ἄνευ
1576 3716 1779 3787 ζημίας
1804 3718 1900 3769 αύ-

324 3804 417 3857 τοῦ
484 3820 633 3867 τινος
689 3806 753 3857 ὲκ
788 3804 896 3857 τῶν
952 3805 1313 3875 ὑπαρχόντων
1356 3806 1513 3875 αὐτῷ
1581 3807 1897 3876 θησαυρῶν,

321 3894 568 3967 ἀργύρου
599 3934 615 3959 ,
666 3894 893 3965 χρυσοῦ,
955 3892 1163 3964 χαλκοῦ
1225 3897 1320 3948 καὶ
1378 3896 1638 3948 παντοίου
1720 3896 1897 3959 εἴδους

322 3988 507 4055 ἄλλου,
572 3988 777 4042 δούλων
810 4005 872 4040 τε
925 3989 1020 4041 καὶ
1055 3987 1335 4053 δουλίδων,
1377 3988 1473 4041 καὶ
1522 3990 1705 4058 πάσης
1734 3988 1899 4058 ἄλλης

323 4080 551 4151 κινητῆς
580 4080 937 4143 ὑποστάσεως
960 4095 975 4109 ·
1010 4080 1043 4151 ἥ
1078 4082 1175 4134 σὺν
1214 4082 1282 4150 τῇ
1311 4081 1563 4152 βασιλείᾳ
1595 4082 1691 4134 καὶ
1725 4082 1899 4135 ταῦτα

323 4173 523 4239 πάντα,
550 4173 645 4226 καὶ
696 4172 797 4242 τὴν
856 4172 1004 4242 ζωὴν
1064 4172 1454 4243 ἀφαιρεθῆναι.
1528 4172 1795 4237 Ἀκούσας
1843 4173 1897 4227 δὲ

321 4262 495 4318 ταῦτα
528 4265 556 4316 ὁ
582 4264 858 4334 βασιλεὺς,
892 4262 1131 4326 ἐξελθὼν
1186 4265 1412 4316 πανοικὶ
1462 4265 1895 4334 προσεκύνησεν.

322 4349 431 4406 Ἦν
470 4356 626 4425 γὰρὸ
663 4356 848 4418 στόλος
884 4356 991 4424 πρὸ
1032 4354 1246 4408 πολλῶν
1281 4355 1507 4425 ἡμερῶν
1544 4357 1765 4425 ἀπάρας
1792 4358 1899 4410 ἀπὸ

324 4447 572 4517 Σινώπης
606 4451 686 4509 είς
716 4446 1139 4518 Τραπεζοῦντα,
1173 4448 1311 4499 ἀλλά
1339 4450 1432 4503 καὶ
1463 4448 1720 4518 πολεμῶν
1774 4450 1898 4503 καθ’

322 4537 562 4607 ἑκάστην
595 4536 748 4591 οὐδὲν
806 4538 991 4608 ἡνυεν,
1043 4536 1147 4601 ἓως
1178 4535 1208 4589 ὁ
1261 4537 1525 4607 τύραννος
1580 4538 1671 4591 διὰ
1728 4539 1899 4609 ξηρᾶς

322 4628 690 4698 κατήντησεν.
750 4628 1018 4693 Ἐξελθὼν
1077 4628 1131 4680 δὲ
1170 4630 1198 4680 ὀ
1225 4628 1508 4697 ⁸βασιλεὺς
1542 4629 1640 4681 σὺν
1678 4632 1899 4695 γυναικὶ

320 4718 416 4770 καὶ
472 4722 687 4782 τέκνοις
734 4719 1142 4790 προσεκύνησε.
1190 4716 1297 4771 Ἦν
1341 4719 1397 4771 δὲ
1449 4714 1607 4781 οὗτος
1664 4720 1830 4771 Δαϐὶδ
1871 4721 1897 4770 ὁ

319 4807 631 4877 Κομνηνὸς,
660 4809 778 4871 υίὸς
817 4807 1062 4873 Ἀλεξίου
1092 4805 1186 4859 τοῦ
1240 4804 1554 4874 Κομνηνοῦ,
1592 4806 1687 4857 καὶ
1740 4805 1898 4859 ἀδελ-

2000 3162 2246 3218 tantibus
2282 3163 2547 3226 excessit,
2582 3172 2636 3219 et
2690 3164 2845 3220 illum
2899 3175 3198 3223 veneratus
3258 3180 3363 3223 est.
3419 3168 3591 3225 David

2000 3253 2315 3311 Comnenus
2380 3257 2795 3325 appellabatur,
2867 3259 3046 3315 Alexii
3100 3260 3366 3320 Comneni
3421 3264 3589 3323 ﬁlius,

2000 3344 2231 3400 Joannis
2257 3345 2571 3401 decessoris
2601 3348 2690 3402 sui
2726 3348 2902 3401 frater
2929 3363 2945 3410 ;
3002 3365 3124 3403 cum
3152 3360 3266 3405 tota
3288 3362 3447 3422 gente
3492 3371 3590 3409 sua

2002 3437 2231 3501 soceris,
2268 3437 2553 3492 avunculis
2584 3446 2639 3493 et
2670 3439 2960 3508 nepotibus
3000 3440 3137 3505 suis,
3168 3460 3405 3512 cumque
3447 3448 3596 3516 pala-

2003 3526 2065 3579 tii
2098 3526 2377 3581 nobilibus
2401 3535 2453 3583 et
2489 3529 2810 3597 proceribus
2837 3570 2853 3598 ,
2909 3532 3140 3602 singulis
3196 3537 3590 3602 supellectilem

2003 3631 2161 3671 suam
2195 3632 2383 3672 secum
2409 3620 2809 3682 auferentibus,
2880 3622 3252 3678 immobllibus
3310 3625 3471 3678 bonis
3508 3643 3593 3682 re-

2003 3709 2173 3772 lictis,
2243 3708 2774 3778 Constantinopolim
2844 3712 3158 3766 triremibus
3230 3725 3419 3767 vectus
3482 3725 3589 3771 est.

2003 3797 2337 3854 Mehemetes
2368 3798 2734 3867 Trape‘luntis
2756 3800 2918 3854 rebus
2950 3801 3052 3853 rite
3076 3805 3417 3871 compesitis,
3444 3821 3593 3860 anno

2004 3891 2180 3945 solido
2207 3892 2261 3945 in
2292 3891 2385 3944 illa
2439 3892 2785 3960 expeditione
2814 3902 3122 3957 transacto,
3170 3910 3428 3951 reversus
3486 3910 3589 3954 est.

2003 3983 2165 4036 Anno
2195 3982 2333 4036 6970
2389 3981 2614 4052 (Christi
2660 3983 2819 4044 “62)
2856 3982 3151 4039 Walatltiaa
3198 3986 3443 4042 Vaivodae
3495 4005 3593 4059 per

2005 4071 2421 4141 apocrisiarium
2457 4072 2711 4141 iujungil,
2738 4083 2793 4126 ut
2823 4073 2890 4127 ad
2921 4088 2979 4127 se
3003 4076 3371 4130 venerandum
3405 4094 3591 4145 prom-

2007 4172 2097 4231 pte
2136 4177 2199 4216 ac
2229 4162 2520 4232 diligenter
2548 4164 2790 4230 accedat,
2818 4165 3199 4222 adolescentes
3255 4170 3593 4240 quingentos

2006 4252 2267 4317 adducat,
2306 4269 2662 4325 annuumque
2692 4256 2956 4311 tributum
2992 4272 3282 4313 aureorum
3339 4276 3595 4317 nummo-

2006 4362 2127 4401 rum
2164 4349 2351 4401 decem
2396 4348 2566 4401 millia
2595 4348 2803 4403 aﬂ'eral.
2864 4351 3175 4419 Respondet
3208 4354 3503 4410 Walachus
3535 4372 3594 4411 se

2006 4452 2259 4494 nummos
2294 4453 2494 4493 aureos
2528 4439 2790 4495 solvendo
2822 4448 3046 4510 paratos
3100 4442 3341 4508 habere,
3400 4445 3616 4499 adoles‘

2006 4541 2194 4587 centes
2229 4546 2356 4585 vero
2379 4531 2598 4586 tradere
2629 4548 2734 4585 nun
2798 4548 2996 4600 posse:
3061 4534 3386 4603 impossibli
3431 4550 3596 4605 porro

2007 4625 2233 4692 propius
2262 4640 2410 4687 esse,
2446 4635 2505 4677 ut
2537 4624 2653 4694 ipse
2683 4624 2749 4677 ad
2779 4624 3125 4678 adorandum
3154 4626 3331 4679 abeat.
3374 4626 3469 4679 His
3501 4641 3597 4679 au-

2007 4713 2159 4780 ditis,
2194 4725 2462 4784 tyrannus
2504 4723 2895 4783 exasperatus,
2957 4716 3253 4769 illustrium
3303 4730 3594 4784 procerum

2006 4806 2295 4875 quemdam
2355 4805 2559 4859 comite“
2625 4805 2892 4872 adjuncto
2963 4807 3261 4859 seen-tario
3329 4807 3594 4872 drs'inai,

1549 4969 1839 5030 lsmaelis
1882 4968 2182 5030 Bullialdi
2229 4978 2413 5031 uotae.

398 5124 509 5195 (35)
550 5124 667 5190 Τὴν
700 5124 978 5189 Σινώπην
1000 5124 1320 5192 βούλομαι.
1357 5120 1651 5195 Latinicus,
1819 5131 1893 5180 ix,

318 5186 553 5250 Leuncl.
590 5186 682 5246 lib.
720 5210 807 5251 xv.
839 5186 1119 5248 Phranzes
1153 5186 1247 5247 lib.
1305 5208 1387 5254 ιιι,
1416 5205 1537 5257 οιιρ.
1567 5187 1657 5239 ‘27.
1692 5186 1898 5253 Sinope

320 5267 456 5318 urbs
530 5262 893 5331 llelenoponti
968 5264 1034 5317 ad
1092 5264 1319 5316 Pontum
1416 5260 1688 5312 Euxinum
1749 5260 1897 5320 sita,

317 5335 557 5389 Amasis:
608 5335 968 5401 metropolitae
1010 5335 1139 5387 olim
1168 5334 1405 5401 subdita.

394 5403 506 5471 (56)
538 5397 1109 5471 Φάσιδὼποταμόν.
1143 5404 1333 5455 l‘hasis
1360 5400 1556 5471 ﬂuvius
1603 5397 1907 5471 Culchidis.

398 5469 511 5539 (57)
546 5473 654 5525 Kal
680 5474 756 5538 δὴ
780 5476 866 5537 εἰς
891 5469 1313 5541 Τραπεζοῦντα.
1345 5470 1748 5541 Cumnenorum
1778 5469 1915 5528 Tra.

323 5547 643 5612 pezuntium
672 5540 959 5609 imperium
999 5557 1173 5596 annos
1191 5542 1295 5613 257
1329 5541 1662 5613 duravit._ali
1690 5540 1909 5613 Alexio,

322 5607 418 5677 ξιιιὶ
447 5627 592 5667 anno
651 5607 784 5665 1204
846 5616 1032 5667 urbea
1092 5612 1301 5665 Latinis
1360 5618 1517 5679 capta
1574 5607 1915 5689 Trapezuuﬁ

648 5704 920 5763 Pnnos.
950 5707 1063 5764 Gn.
1108 5702 1339 5765 CLVII.

2009 5117 2209 5183 regiam
2240 5116 2422 5170 sedem
2450 5115 2757 5178 collocavit,
2789 5116 2853 5170 ad
2873 5114 3151 5176 Datidem,
3170 5113 3263 5182 qui
3290 5129 3435 5167 anno
3462 5114 3589 5167 MOI

2012 5202 2040 5238 a
2071 5187 2373 5239 Mehemete
2408 5185 2639 5252 imperio
2667 5187 2937 5251 spoliatus
2974 5195 3077 5239 est.
3120 5184 3403 5249 'l'rapelus
3464 5185 3596 5236 urbs

2018 5257 2227 5309 Lazicm
2254 5255 2598 5323 metropolis,
2632 5256 2780 5309 illius
2813 5256 3054 5323 regionis
3086 5253 3414 5307 iuroheLazi
3438 5253 3597 5307 dicti.

2017 5325 2302 5381 Caucasus
2338 5341 2491 5379 u.ons
2529 5327 2854 5380 notissimus
2881 5335 2965 5379 est
2998 5327 3049 5377 in
3118 5331 3361 5378 veterum
3418 5323 3598 5389 libris,

2023 5397 2170 5449 inter
2198 5395 2464 5447 Euxinum
2491 5396 2724 5450 Pontum
2756 5405 2807 5449 et
2843 5411 2992 5448 mare
3017 5395 3276 5459 Caspium
3301 5409 3600 5449 excurrens

2026 5466 2679 5519 S.irniatiatttAsiaticani
2713 5467 2781 5519 ab
2838 5465 3289 5528 Albania,lbcria
3360 5473 3415 5519 et
3474 5463 3605 5519 Cot-

2025 5536 2183 5593 chide
2212 5535 2583 5589 disterminat.
2618 5537 2811 5589 Culclti
2860 5539 3024 5591 hodie
3064 5534 3216 5598 Lazi,
3245 5536 3384 5590 lberi
3410 5543 3463 5590 et
3512 5536 3603 5589 Αι-

2030 5607 2156 5666 bani
2192 5605 2471 5674 Mengrelii
2497 5608 2859 5677 appellantur.

3161 5696 3239 5758 37
