3968 6194
470 227 609 290 1163

1975 227 2198 290 DUC/‘E

3578 218 3721 282 1164

466 337 802 407 mandatque
864 344 920 390 ut
957 335 1219 390 tributum
1252 333 1499 401 afferant,
1556 334 1766 391 cmteris
1815 350 1873 391 se
1925 349 2033 404 pro-

2158 336 2255 404 φὺς
2312 332 2559 387 Ἰωάννου
2627 330 2914 403 Κομνηνοῦ
2971 328 3065 382 τοῦ
3131 326 3721 398 προϐεϐασιλευκότος⁹

468 438 789 500 aperturum
827 443 969 484 esse.
995 429 1086 483 Isti
1114 444 1235 482 cum
1269 429 1323 482 in
1361 427 1699 483 Walachiam
1760 428 2044 497 pervenis-

465 529 607 582 sent,
639 534 758 589 qua!
790 520 841 571 in
880 520 1147 572 mandatis
1168 519 1457 579 habebant,
1484 519 1726 575 vaivodae
1769 519 2044 573 nuntiant.

465 612 671 664 Atille
730 610 1158 679 comprehensos
1213 611 1406 663 niﬂl‘liS
1467 611 1786 674 inhumano,
1850 607 2047 664 acerbo

466 706 724 773 turpique
758 717 977 772 genere,
1015 703 1138 770 palo
1174 717 1270 769 per
1296 717 1461 755 anum
1501 702 1793 757 transfixus
1837 702 2041 756 aﬂ'ecit.

464 795 733 863 Superato
760 792 957 847 deinde
992 791 1244 845 Danubio
1295 792 1470 860 copiis
1525 807 1711 847 secum
1761 791 1942 847 ductis
1990 792 2045 845 in

473 885 680 955 Dystra:
712 887 984 955 regionem
1022 884 1289 947 excurrit,
1318 882 1643 953 turbamque
1685 884 1881 937 intima:
1937 883 2049 952 ple-

466 977 553 1031 bis
594 976 861 1045 captivam
900 976 952 1028 in
986 973 1324 1027 Walachiam
1376 973 1625 1041 trajecit;
1679 989 1817 1043 quos
1858 989 2048 1029 omnes

462 1067 655 1121 eodem
691 1065 881 1120 mortis
916 1080 1114 1134 genere
1157 1066 1263 1134 pali
1288 1064 1649 1118 transfixione
1677 1064 2045 1133 plectijussit.

464 1160 690 1214 Finibus
721 1160 826 1212 illis
860 1173 889 1211 a
928 1168 1162 1229 tyranno
1197 1158 1418 1226 quidam
1475 1157 1583 1210 dux
1648 1155 2046 1226 praefectusque

466 1252 827 1311 constitutus,
857 1250 1075 1317 egregio
1109 1249 1297 1316 aliquo
1344 1247 1590 1301 facinore
1643 1248 1839 1301 fortem
1876 1262 1935 1302 se
1984 1262 2046 1302 ac

465 1342 785 1395 bellicosum
814 1343 1119 1407 approbare
1148 1339 1395 1405 cupiens,
1417 1339 1598 1393 ductis
1621 1336 1927 1392 Turcorum
1952 1338 2047 1393 de-

469 1448 589 1487 cem
618 1433 859 1486 millibus
892 1434 944 1485 in
977 1430 1316 1485 Walachiam
1339 1431 1584 1500 trajecit:
1619 1446 1741 1485 cum
1774 1431 1891 1487 istis
1918 1431 2047 1485 Wa-

463 1527 660 1580 iacbus
689 1540 882 1579 manus
907 1525 1144 1580 conserit
1176 1539 1239 1579 ac
1271 1533 1497 1594 pugnat,
1535 1535 1589 1579 et
1626 1526 1769 1580 inter
1798 1540 2047 1596 pugnan-

461 1619 592 1673 dum
632 1617 827 1687 partim
857 1617 1232 1670 internecione
1262 1617 1426 1680 delet,
1464 1615 1662 1685 partim
1680 1616 1834 1671 vivos
1868 1616 2042 1687 capit';

463 1725 605 1779 quos
669 1725 861 1763 omnes
911 1722 1213 1775 eorumque
1268 1706 1463 1762 ducem
1528 1707 1786 1763 Hamzam
1848 1710 2043 1763 acerba

464 1804 759 1873 paliptena
814 1802 1102 1855 damnatos
1134 1800 1371 1853 necavit.
1420 1800 1517 1853 His
1577 1802 1869 1869 compertis
1929 1803 2045 1855 ani-

462 1895 534 1947 ηιί
573 1894 837 1962 vertigine
864 1901 916 1947 et
940 1900 1074 1947 aestu
1113 1893 1484 1947 circumactus
1536 1899 1825 1964 tyrannus,
1854 1896 2044 1964 copias

460 1986 820 2053 undequaque
848 1983 914 2037 ad
939 1992 1157 2037 centum
1186 1984 1585 2053 quinquaginta
1635 1986 1869 2041 militum
1921 1989 2045 2043 mil-

455 2076 530 2130 lia
595 2075 901 2130 contrahit:
962 2089 1058 2143 per
1116 2082 1334 2144 tempus
1394 2090 1625 2129 vernum
1685 2077 2042 2149 Adrianopoli

457 2168 736 2238 profectus
770 2167 835 2220 ad
871 2166 1099 2219 Danubii
1120 2167 1290 2235 ripam
1319 2167 1493 2232 venit;
1523 2168 1706 2237 ibique
1731 2172 1930 2225 castris
1949 2186 2047 2240 po-

455 2260 598 2322 sitis,
629 2259 804 2312 donec
826 2259 1093 2312 universae
1117 2257 1288 2326 copiae
1341 2273 1400 2313 se
1434 2258 1875 2327 conjunxissent.
1912 2263 2046 2319 sub-

455 2352 618 2405 stitit.
686 2349 983 2404 Walachus
1042 2349 1251 2403 interea
1336 2364 1527 2405 omnes
1599 2352 1849 2423 subditos
1916 2368 2042 2410 suos

456 2445 513 2498 in
546 2452 695 2498 arcta
721 2444 837 2496 loca
869 2442 1131 2511 silvisque
1173 2442 1348 2497 obsita
1382 2442 1614 2512 migrare
1640 2443 1827 2513 jussit.
1859 2446 2042 2515 Agris-

453 2552 560 2608 que
594 2536 824 2591 vastatis
859 2535 1092 2604 peéudes
1120 2542 1425 2605 ceteraque
1462 2536 1722 2590 animalia
1772 2538 1837 2591 ad
1878 2537 2035 2609 195

457 2638 642 2700 partes
704 2629 1014 2690 interiores,
1066 2629 1368 2682 Alanorum
1426 2626 1863 2699 Hunnorumque
1906 2631 2041 2684 lines

452 2719 631 2790 abegit
667 2733 767 2774 :se
811 2733 940 2772 vero
991 2731 1054 2772 ac
1092 2719 1393 2772 exercitum
1424 2718 1566 2771 intra
1603 2718 1770 2773 silvas
1816 2720 2038 2783 densas.

451 2812 586 2865 tutis
613 2811 749 2865 locis
772 2810 1080 2880 occupatis,
1104 2809 1398 2864 continuit.
1444 2809 1521 2862 At
1572 2819 1804 2881 tyranno
1863 2811 2041 2866 Danu-

454 2904 606 2957 bium
628 2911 944 2957 transvecto
974 2908 1297 2970 septemque
1356 2901 1571 2956 dierum
1633 2902 1833 2958 itinere
1855 2919 2040 2958 emen-

2155 426 2372 489 στείλας
2411 426 2465 478 δὲ
2497 423 2659 477 αὐτὸν
2707 424 2765 476 ὲν
2822 421 3400 476 Κωνσταντινουπό).ει
3457 420 3557 472 σὺν
3606 422 3728 478 ταῖς

2151 520 2404 589 τριήρεσι
2433 518 2702 585 παγγενεὶ
2732 516 2801 585 μὲ
2842 515 3069 584 ἑτέρους
3094 511 3396 584 [ἑκύρους],
3423 511 3603 572 θείους
3634 512 3728 561 καὶ

2151 610 2411 680 ἀνεψιοὺς
2447 609 2635 674 αὐτοῦ,
2657 608 2753 660 καὶ
2782 608 2877 661 σὺν
2908 609 3019 668 τοῖς
3055 606 3287 675 ἄρχουσι
3352 606 3445 657 καὶ
3480 603 3731 667 εὐγενέσι

2150 701 2245 755 τοῦ
2279 701 2545 755 παλατίου
2570 717 2583 731 ο
2612 700 2795 769 φέρων
2828 700 2856 751 ό
2886 698 3072 761 καθεὶς
3112 698 3179 750 τὰ
3214 698 3532 765 ὑπάρχοντα
3559 693 3728 746 αὑτοῦ

2151 794 2281 848 ἄνευ
2308 791 2415 845 τῶν
2451 792 2749 860 ἀκινήτων.
2775 788 2948 850 Αὐτὸς
2980 788 3037 841 δὲ
3085 788 3156 841 τὰ
3174 787 3274 854 τῆς
3309 786 3731 857 Τραπεζοῦντος

2150 882 2331 947 καλῶς
2359 883 2643 949 διοικήσας
2677 864 3068 947 ἐπανεστράφη
3099 878 3289 949 χρόνον
3344 876 3557 929 τέλειον
3591 875 3730 943 πλη-

2153 976 2334 1045 ρώσας
2363 978 2444 1039 είς
2464 976 2563 1045 τὴν
2580 974 2891 1042 ἀποδημίαν
2914 972 3108 1042 αὐτήν.
3125 970 3214 1024 Ἐν
3233 971 3290 1023 δὲ
3318 969 3395 1037 τῷ
3413 969 3563 1033 ,ςιῇω
3587 970 3731 1036 πὲμ-

2151 1084 2244 1121 πει
2287 1068 2425 1137 πρὸς
2474 1068 2567 1120 τὸν
2604 1065 2829 1135 βαῖϐόδα
2863 1066 3099 1134 Βλαχίας
3154 1060 3266 1132 (58)
3306 1060 3730 1130 ἀποκρισιὰριον

2153 1157 2377 1227 μηνύων
2412 1156 2672 1227 αύτῷτοῦ
2696 1157 2872 1211 ἐλθεῖν
2903 1158 2962 1209 ὲν
3007 1155 3163 1225 τάχει
3206 1157 3284 1214 είς
3321 1152 3726 1222 προσκύνησιν,

2150 1249 2290 1318 ἔχων
2321 1250 2415 1303 καὶ
2444 1250 2630 1317 φέρων
2668 1250 2767 1302 σὺν
2795 1247 2944 1318 αὖτῷ
2973 1248 3171 1309 παῖδας
3220 1251 3296 1315 φ’,
3337 1244 3430 1298 καί
3480 1244 3544 1295 τὸ
3590 1242 3730 1317 κατ’

2152 1340 2273 1405 ἔτος
2329 1340 2607 1407 διδόμενον
2659 1339 2834 1405 τέλος,
2898 1340 3067 1409 ἤγουν
3121 1335 3409 1407 χρυσίνους
3483 1334 3729 1404 χιλιάδας

2149 1432 2305 1487 δέκα.
2355 1430 2529 1494 Αὐτὸς
2587 1431 2646 1485 δὲ
2703 1430 3039 1502 ἀπεκρίνατο
3092 1428 3221 1491 τοὺς
3277 1429 3376 1498 μὲν
3432 1425 3727 1496 χρυσίνους

2150 1525 2403 1593 ἑτοίμους
2427 1523 2541 1594 ἔχει
2570 1523 2662 1578 τοῦ
2692 1524 3037 1588 δοῦναι,τοῦς
3058 1522 3116 1576 δὲ
3143 1522 3339 1583 παῖδας
3370 1520 3432 1572 ού
3464 1518 3719 1572 δύναται.⁸

2148 1615 2207 1668 τὸ
2245 1616 2299 1668 δὲ
2323 1616 2485 1677 αὐτὸς
2522 1617 2604 1678 είς
2647 1615 3019 1687 προσκύνησιν
3054 1611 3327 1667 καὶτοῦτο
3384 1610 3730 1665 ἀδυνατώτε-

2151 1725 2264 1779 ρον,
2301 1707 2488 1762 Ταῦτα
2521 1708 2761 1772 ἀκούσας
2793 1710 2820 1762 ό
2847 1708 3112 1777 τύραννος
3136 1705 3408 1777 ὴγριώθη,
3445 1705 3543 1756 καὶ
3579 1704 3725 1756 στεί-

2146 1802 2244 1865 λας
2291 1802 2390 1856 ἕνα
2433 1802 2540 1856 τῶν
2597 1801 2881 1871 ἐπιφανῶν
2916 1801 3014 1854 σὺν
3073 1799 3153 1852 ἐνὶ
3196 1798 3305 1851 τῶν
3344 1798 3725 1868 γραμματέων

2145 1893 2315 1947 αὑτοῦ
2346 1888 2523 1959 εἴπεν,
2575 1893 2840 1961 Ἀγάγετέ
2887 1909 2977 1964 μοι
3036 1892 3161 1955 τοὺς
3201 1890 3422 1960 φόρους,
3458 1890 3553 1940 καὶ
3598 1888 3725 1956 περὶ

2145 1984 2253 2038 τῶν
2275 1984 2480 2039 λοιπῶν
2514 1983 2625 2054 ἐγὼ
2656 1984 2953 2055 σκέψομαι.
2983 1982 3049 2038 Ol
3097 1983 3155 2036 δὲ
3193 1981 3463 2047 ἐλθόντες,
3497 1980 3595 2033 καὶ
3644 1977 3720 2047 τῷ

2146 2076 2339 2148 Βλάχῳ
2378 2076 2447 2130 τὰ
2492 2076 2806 2147 μηνυθέντα
2836 2075 3200 2146 δηλώσαντες,
3254 2075 3472 2146 πρῶτον
3521 2074 3718 2135 αὐτοὺς

2144 2170 2203 2222 ὲν
2239 2169 2432 2233 πάλοις
2459 2169 2707 2239 καθίησι,
2737 2169 2971 2223 θάνατον
3026 2168 3424 2239 ἀπάνθρωπον,
3460 2166 3713 2234 ὀδυνηρὸν

2143 2255 2237 2307 καὶ
2268 2255 2578 2325 ἀσχήμονα*
2610 2252 2729 2310 εἶτα
2762 2257 3007 2327 περάσας
3044 2258 3140 2311 σὺν
3172 2257 3406 2328 δυνάμει
3448 2257 3715 2325 κατέδρα·

2145 2364 2245 2418 μεν
2280 2349 2340 2399 ὲν
2383 2351 2497 2412 τοῖς
2545 2351 2738 2420 μέρεσι
2766 2349 3011 2422 Δύστρας
3045 2350 3180 2421 (59),
3214 2351 3311 2404 καὶ
3364 2349 3558 2402 πολλὸν
3592 2347 3719 2399 λαὸν

2145 2436 2471 2509 συρφετώδη
2498 2438 2680 2495 λαϐὼν
2710 2441 2767 2494 ὲν
2808 2441 3016 2511 Βλαχίᾳ
3054 2443 3324 2513 περάσας,
3355 2440 3567 2497 πάντας
3624 2438 3715 2490 τὸν

2142 2529 2304 2583 αὑτὸν
2359 2528 2589 2583 θάνατον
2641 2532 2750 2586 τῶν
2788 2532 2977 2586 πάλων
3020 2533 3121 2604 τὴν
3184 2532 3329 2603 ζωὴν
3371 2533 3552 2587 αὐτῶν
3604 2531 3720 2595 ἐξε-

2145 2622 2408 2693 μέτρησε.
2462 2624 2572 2677 Καὶ
2642 2624 2750 2678 τῶν
2822 2626 3008 2695 ἄκρων
3060 2626 3286 2680 ἐκείνων
3337 2620 3421 2690 εἷς
3470 2627 3718 2696 ἀρχηγὸς

2140 2713 2234 2767 τοῦ
2260 2716 2551 2784 τυράννου,
2577 2715 2746 2770 θέλων
2777 2715 2950 2781 δεῖξαι
2980 2717 3265 2787 ἀριστείαν
3293 2719 3437 2784 τινὰ,
3463 2721 3721 2789 περάσας

2138 2805 2221 2867 είς
2255 2805 2489 2876 Βλαχίαν
2520 2806 2620 2860 σὺν
2643 2806 2849 2876 χιλιάσι
2882 2808 3019 2861 δέκα
3065 2808 3349 2879 Τούρκων,
3380 2811 3476 2864 καὶ
3508 2812 3717 2881 συμϐα-

2142 2895 2250 2948 λὼν
2278 2897 2466 2959 αὐτοῖς
2492 2896 2520 2948 ό
2551 2896 2782 2967 Βλάχος,
2830 2896 2928 2961 οὒς
2966 2899 3066 2967 μὲν
3122 2898 3182 2951 έν
3217 2898 3444 2969 πολέμῳ
3494 2904 3714 2962 κτείνας

452 3009 536 3059 so,
578 3008 675 3053 nec
702 2991 957 3047 homines
983 3007 1085 3046 nec
1116 3007 1312 3061 pecora
1348 3004 1739 3060 occurrerunt,
1774 2996 1920 3049 nulla
1952 2998 2031 3050 ci-

2142 2986 2375 3052 ἕκτεινε,
2417 2984 2512 3051 οὓς
2564 2987 2622 3040 δὲ
2674 2987 2886 3052 ζῶντας
2923 2989 3185 3059 ἡγρευσε,
3234 2989 3447 3053 πάντας
3492 2990 3572 3059 τῷ
3617 2991 3711 3044 τοῦ

454 3085 633 3149 baria,
663 3099 732 3138 ne
760 3084 1188 3152 potusquidem,
1221 3082 1462 3137 inventa.
1518 3082 1655 3138 Cum
1706 3102 1833 3141 vero
1875 3087 1926 3140 in
1956 3087 2034 3142 lo-

456 3193 582 3232 cum
634 3176 895 3246 irriguum
972 3184 1027 3230 et
1087 3185 1393 3244 opportune
1441 3178 1605 3232 situm
1670 3180 2028 3247 pervenisset,

452 3270 609 3340 palos
669 3267 992 3322 innumeros
1046 3276 1262 3321 erectos
1314 3268 1695 3338 depactosque
1744 3272 2028 3341 coriSpicit,

452 3362 731 3414 fructuum
757 3359 877 3412 vice
898 3358 1261 3414 cadaveribus
1291 3373 1486 3428 graves
1511 3376 1526 3414 :
1565 3360 1618 3414 in
1649 3362 1896 3435 omnium
1915 3378 2030 3419 me-

455 3452 549 3505 dio
590 3451 846 3505 Hamzam
872 3449 1117 3517 byssinis
1150 3464 1217 3504 ac
1266 3440 1539 3506 coccineis
1589 3452 1843 3507 vestitum
1875 3454 2029 3523 palo-

454 3561 563 3616 que
617 3543 969 3600 transfixum.
1031 3540 1146 3596 lioc
1177 3550 1432 3612 portento
1473 3554 1735 3613 tyrannus
1773 3545 2033 3615 obstupe-

450 3636 632 3694 factus
662 3651 724 3690 ac
748 3637 990 3696 territus,
1014 3643 1176 3687 nocte
1232 3633 1506 3702 ipsa,qua
1567 3643 1748 3689 castra
1795 3645 2029 3692 metatus

453 3740 560 3794 est,
594 3728 758 3782 fossis
782 3724 1175 3779 circumductis
1230 3724 1374 3779 intra
1436 3739 1496 3780 se
1518 3726 1809 3781 continuit.
1843 3727 2028 3783 Wala—

451 3821 592 3874 chus
617 3832 834 3873 summo
869 3831 1030 3871 mane
1066 3815 1254 3886 copias
1324 3815 1380 3870 in
1412 3816 1582 3871 aciem
1608 3816 1903 3887 dispositas
1933 3834 2029 3874 an-

450 3919 508 3965 te
544 3908 848 3964 diluculum
887 3906 1115 3960 deduxit
1158 3922 1172 3960 :
1208 3913 1403 3961 etcum
1434 3904 1505 3961 ad
1560 3916 1870 3964 castrorum
1897 3911 2026 3965 dex-

448 4011 595 4057 trum
618 4016 787 4055 cornu
816 4014 945 4054 casu
973 3997 1190 4052 delatus
1219 3998 1437 4063 fuisset,
1501 3999 1682 4055 subito
1714 4000 1851 4056 inea
1882 4001 2026 4057 irru-

2141 3076 2313 3132 πάλου
2330 3078 2574 3146 θανάτῳ,
2607 3080 2699 3132 καὶ
2720 3079 2812 3132 τὸν
2852 3080 3099 3151 ἀρχηγὸν
3131 3081 3312 3134 αὐτῶν
3345 3082 3582 3151 Χαμζᾶν
3625 3102 3710 3136 1::-

2139 3172 2286 3237 κρῶς
2320 3172 2704 3228 κατεδίκασεν.
2757 3172 2978 3228 Τούτων
3015 3175 3194 3238 συνεὶς
3245 3178 3273 3228 ὁ
3320 3175 3585 3246 τύραννος
3618 3179 3709 3229 καὶ

2140 3268 2355 3337 πλήρης
2407 3266 2741 3329 σκοτοδινίας
2799 3268 2896 3321 καὶ
2926 3268 3095 3338 ζάλης
3146 3268 3350 3339 τυχὼν,
3386 3268 3701 3339 ἁπανταχοῦ

2140 3359 2500 3430 συναθροίσας
2550 3360 2783 3429 δύναμιν
2839 3360 2980 3429 ὑπὲρ
3019 3360 3118 3424 τὰς
3175 3359 3252 3429 ρν¹
3306 3360 3589 3430 χιλιάδας,
3628 3361 3703 3430 τῷ

2138 3451 2316 3520 καιρῷ
2345 3452 2439 3503 τοῦ
2471 3450 2631 3520 ἔαρος
2658 3449 2888 3516 ἐξελθὼν
2915 3452 2977 3503 ἐκ
2998 3452 3094 3521 τῆς
3132 3450 3417 3519 Ἀδριανοῦ
3436 3446 3603 3519 ἦλθεν
3629 3453 3706 3511 εἰς

2137 3542 2418 3606 Δάνουδιν,
2472 3544 2637 3595 κάκεῖ
2656 3543 2755 3606 τὰς
2786 3541 2995 3611 σκηνὰς
3039 3541 3237 3612 πήξας,
3302 3541 3434 3613 ἔστη
3475 3541 3582 3604 ἕως
3647 3534 3706 3593 οὗ

2136 3636 2288 3688 πᾶσα
2325 3636 2357 3703 ὴ
2393 3635 2627 3705 δύναμις
2648 3637 2730 3698 εἰς
2767 3635 2825 3688 ἓν
2857 3634 3019 3703 σῶμα
3042 3634 3289 3704 γένηται.
3332 3633 3392 3689 Ὀ
3418 3634 3473 3687 δὲ
3501 3635 3703 3704 Basilo;

2136 3723 2230 3777 καὶ
2254 3724 2419 3787 αὐτὸς
2450 3724 2658 3788 πάντας
2687 3725 2814 3787 τοὺς
2842 3723 2934 3776 ὑπ’
2966 3724 3128 3777 αὑτὸν
3161 3724 3238 3785 είς
3260 3722 3586 3794 κλεισούρας
3613 3723 3706 3775 καὶ

2145 3812 2465 3881 δενδρώδεις
2513 3814 2715 3878 τόπους
2744 3813 3076 3893 μετοικίσας,
3110 3812 3206 3865 καὶ
3266 3813 3391 3875 τοὺς
3450 3814 3704 3881 κάμπους

2135 3906 2373 3975 ἐρήμους
2407 3907 2591 3975 ἀφεὶς,
2622 3909 2718 3961 καὶ
2747 3907 2901 3972 ζώων
2932 3907 3200 3960 παντοίων
3222 3907 3290 3960 τὰ
3316 3907 3447 3976 γένη
3484 3907 3549 3957 ὲν
3589 3910 3700 3969 τοῖς

2131 3996 2432 4068 ὲνδοτέροις
2486 3997 2685 4061 ἐλάσας
2725 4001 2899 4070 ὁρίοις
2942 4001 3054 4061 τοῖς
3101 4000 3239 4069 πρὸς
3280 3998 3539 4063 ’Δλανοὺς
3607 4001 3701 4051 καὶ

446 4093 549 4163 pit,
579 4100 633 4145 et
665 4091 840 4144 donec
872 4090 990 4143 dies
1041 4096 1343 4158 appeteret,
1404 4087 1705 4145 Turcorum
1750 4092 2022 4162 ingentem

2142 4087 2367 4151 θύννους
2401 4088 2535 4159 (40),
2557 4090 2716 4155 αὐτὸς
2745 4092 2803 4143 ὲν
2823 4092 2937 4153 τοῖς
2979 4090 3165 4144 ἄλσεσι
3195 4090 3386 4143 δασέσι
3444 4091 3541 4142 καὶ
3572 4089 3700 4159 ὀχυ-

447 4195 685 4253 stragem
727 4183 884 4238 caesis
909 4181 1214 4236 innumeris
1248 4182 1440 4236 edidit.
1475 4180 1639 4237 Turci
1685 4183 1740 4237 in
1770 4186 2025 4241 tenebra-

450 4294 570 4331 rum
628 4276 861 4342 caligine
903 4274 1124 4341 trepidi,
1187 4288 1288 4327 nec
1341 4274 1552 4327 hostem
1613 4273 2017 4344 dignosceutes,

2132 4184 2246 4252 ροῖς
2303 4181 2493 4243 τόποις
2525 4182 2623 4235 σὺν
2653 4183 2719 4252 τῇ
2752 4181 2845 4233 ὑπ’
2869 4180 3032 4235 αὐτὸν
3084 4183 3317 4251 στρατιᾷ
3349 4180 3697 4251 διημέρευεν.

2141 4271 2199 4325 Ὀ
2232 4272 2287 4324 δὲ
2309 4272 2572 4342 τύραννος
2596 4272 2844 4343 περάσας
2872 4273 2966 4326 τὸν
3015 4274 3278 4327 Δάνουόιν
3311 4276 3407 4327 καὶ
3442 4277 3699 4329 ἐπέκεινα

453 4367 658 4419 mutuis
688 4364 1005 4418 vulneribus
1031 4379 1089 4417 se
1124 4363 1442 4417 confodere.
1491 4364 1595 4419 Ubi
1656 4366 1854 4429 illuxit,
1879 4369 2020 4423 intra

2142 4365 2169 4425 ξ’
2199 4364 2427 4436 ἡμερῶν
2455 4366 2620 4418 τόπον
2652 4364 2881 4432 ἀνύσας,
2905 4366 3002 4434 οὐχ
3027 4360 3157 4436 εὗρε
3203 4368 3263 4418 τὸ
3291 4367 3506 4441 οίονοῦν
3538 4369 3571 4438 ἢ
3601 4369 3693 4421 άν-

448 4470 630 4511 castra
659 4471 755 4508 sua
814 4453 1062 4507 Walacbi
1132 4454 1332 4520 recepti
1381 4456 1448 4508 iis
1475 4468 1534 4508 se
1571 4455 2022 4529 continuere.Ty-

450 4560 660 4603 ranuus
694 4546 890 4598 castris
922 4552 1033 4598 tum
1066 4544 1230 4597 motis
1260 4544 1492 4610 turpiter
1533 4546 1876 4612 recedens,et
1922 4550 1993 4603 Da

456 4647 681 4692 nubium
732 4648 1076 4691 transvectus
1099 4635 1511 4705 Adrianopolim
1548 4639 1876 4706 regreditur.
1904 4640 2017 4695 An-

450 4749 520 4784 no
561 4730 688 4784 697]
723 4726 949 4801 [Christi
986 4727 1147 4799 H62]
1171 4728 1347 4782 classe
1380 4731 1683 4783 triremium
1734 4734 2015 4802 Sexaginta

448 4822 775 4888 naviumque
797 4820 1322 4887 septemiustrueta,
1384 4833 1571 4873 mense
1617 4819 1925 4889 Septembri
1960 4823 2014 4877 in

448 4913 674 4964 insulam
719 4909 953 4963 Lesbum
996 4916 1176 4961 movet
1206 4924 1223 4963 :
1249 4911 1495 4963 terrestri
1534 4914 1675 4964 'vero
1724 4911 2017 4981 profectio-

448 5020 515 5059 ne
551 5005 723 5073 copiis
755 5017 939 5057 secum
973 5002 1149 5056 ductis
1200 5001 1433 5057 accedit.
1501 5001 1742 5057 insulam
1797 5020 1825 5056 a
1859 5003 2022 5059 Nico-

2131 4456 2409 4527 θρωπονῆ
2442 4458 2583 4523 ζῶον
2628 4458 2689 4510 τὸ
2724 4459 2906 4527 τυχὸν,
2955 4458 2988 4528 ἢ
3033 4459 3142 4512 τῶν
3206 4460 3493 4530 τροφίμων
3544 4475 3593 4513 τι
3657 4460 3690 4529 ἢ

2129 4548 2397 4616 ποτίμων.
2426 4550 2642 4610 Φθάσας
2666 4545 2759 4602 οὖν
2803 4548 2860 4600 ιν
2899 4566 3007 4603 τινι
3059 4550 3208 4621 τόπῳ
3260 4551 3545 4621 λιὸαδιαίῳ
3601 4552 3693 4604 καὶ

2128 4641 2354 4710 εὐθέτῳ,
2385 4643 2487 4713 ὁρᾷ
2544 4642 2749 4705 πάλους
2780 4643 3228 4710 πεφυτευμένους
3265 4646 3690 4713 μυριαρίθμοδς,
3720 4627 3759 4709 ⁴,

2129 4732 2415 4802 βρίθοντας
2466 4734 2586 4786 ἀντὶ
2636 4735 2869 4803 καρπῶν
2923 4734 3095 4804 νεκρὰ.
3158 4734 3411 4803 σώματα,
3466 4738 3561 4789 καὶ
3602 4740 3694 4790 τὸν
3756 4732 3771 4745 ”

2125 4824 2380 4893 Χαμζᾶν,
2408 4823 2467 4877 ὃν
2495 4827 2854 4895 προείπομεν,
2879 4828 2935 4878 ὲν
2961 4828 3113 4897 μέσῳ
3136 4829 3275 4898 μετὰ
3306 4830 3575 4899 βυσσίνων
3599 4833 3696 4885 καὶ

2125 4914 2421 4976 κοκκίνων,
2451 4906 2525 4966 ὧν
2554 4913 2763 4984 ἐφόρει,
2801 4932 3078 4987 πεπερονη
3089 4918 3266 4986 μένων
3296 4921 3354 4970 ἐν
3379 4921 3457 4989 τῷ
3513 4924 3689 4990 πάλῳ.

2136 5002 2283 5057 Ἰδὼν
2309 5004 2401 5057 οὖν
2430 5004 2527 5075 τὴν
2557 5006 2788 5079 ἀπειλὴν
2812 5009 3014 5081 ταύτην
3034 5012 3062 5064 ὁ
3084 5012 3350 5082 τύραννος
3387 5011 3690 5085 ἐξεπλάγη,

1668 5190 1956 5254 Ismaelis
1992 5192 2297 5255 Bullialdi
2347 5203 2541 5258 notas.

520 5336 631 5404 (38)
664 5336 1067 5410 ῌέμπεινπρύς
1088 5336 1194 5410 τόν
1208 5337 1467 5410 ,βατσέδα
1504 5339 1784 5410 Βλαχίας.
1818 5344 1868 5396 ls
1896 5351 2015 5397 erat

451 5405 689 5460 Draculii
720 5410 839 5461 sive
873 5406 1118 5460 Dracqu
1151 5407 1319 5472 ﬁlius,
1354 5407 1556 5465 Vladus
1587 5405 1683 5465 seu
1702 5409 2013 5468 Vladislaus

449 5479 772 5597 appetllaltus.
793 5475 1169 5533 Laonicuslib.
1204 5493 1281 5544 ix;
1309 5496 1419 5533 non
1451 5482 1607 5549 longe
1634 5496 1662 5534 a
1690 5484 1812 5537 line.
1840 5482 2013 5536 Lcun-

449 5558 477 5596 (ε
500 5562 584 5597 ειν.
639 5562 710 5597 1).
758 5562 845 5597 ΧΥ.

448 5558 584 5598 (ζων.
619 5558 710 5599 ΙΙΙ).
758 5562 845 5599 ΧΥ.

521 5614 631 5697 (59)
666 5617 953 5683 Δύστίνας.
981 5616 1173 5688 Dystra
1203 5618 1332 5675 olim
1392 5620 1751 5692 Δουρόστολον
1785 5622 2009 5693 ὶεγεὼν,

2123 5340 2508 5410 Durostorum,
2537 5341 2722 5415 Mysia:
2750 5344 3031 5401 inferioris
3091 5349 3223 5402 urbs
3257 5347 3321 5399 ad
3357 5346 3688 5403 Danubium.

2197 5414 2308 5483 (40)
2340 5414 2634 5481 Ἀλάνους
2651 5415 2749 5467 καὶ
2793 5419 3082 5481 Οῠννους.
3116 5418 3270 5470 Alani
3323 5420 3377 5470 in
3412 5419 3686 5472 Sartuatia

2122 5482 2385 5558 Europae
2417 5486 2572 5558 sedes
2589 5488 2917 5558 habuerunt;
2944 5487 3165 5541 l’odolia
3193 5488 3351 5541 hodie
3377 5488 3685 5558 appellatur

2120 5553 2210 5605 illa
2257 5555 2428 5623 regio.
2457 5554 2647 5609 Οῠννοι
2678 5567 2803 5611 sunt
2839 5556 3078 5627 lluugari
3111 5559 3204 5629 qui
3244 5553 3462 5616 Daciam
3506 5572 3684 5612 o:cu-

2121 5634 2338 5692 parum.
