3968 6194
280 318 415 385 1181
1555 324 1996 385 CURONICON
2029 327 2306 387 BREVE.
3392 322 3533 387 “82

275 433 545 498 Γίνωσκε,
580 431 839 485 σουλτᾶνε
875 451 999 502 μου,
1031 436 1111 488 ὅτι
1158 435 1375 506 μέλλεις
1410 438 1749 506 βασιλεῦσαι.
1792 441 1898 492 Καὶ
1931 441 2253 511 ἀποκριθεὶς
2278 444 2306 494 6
2363 439 2593 494 σουλτὰν
2623 440 2937 509 Σουλαιμὰν
2998 438 3151 494 εἶπεν
3214 440 3386 510 αὐτῷ,
3436 438 3528 489 Ἐν

278 520 434 590 πόσῳ
464 520 683 589 καιρῷ;
761 522 819 573 Ὀ
866 523 922 576 δὲ
968 523 1222 594 Ἐϐραῖος
1277 528 1405 595 ἔφη,
1441 528 1583 594 Τρία
1609 530 1850 598 στοιχεῖα
1882 529 2231 598 γραμμάτων
2260 547 2329 598 με
2369 528 2659 583 διδάσκουν
2702 545 2716 559 ·
2751 530 2851 581 οὐκ
2920 529 3038 582 οἶδα
3070 530 3117 581 εἰ
3147 529 3334 599 χρόνοι
3362 526 3526 594 εἰσὶἢ

280 606 449 676 μῆνες
475 606 507 676 ἢ
548 607 641 660 καὶ
661 608 727 661 τὰ
758 609 914 662 ἄλλα.
943 612 1055 664 Καὶ
1079 613 1253 667 ταῦτα
1277 613 1468 679 εἰπὼν,
1502 618 1595 669 καὶ
1632 616 1767 669 ἄλλα
1798 616 1897 667 ὅσα
1918 610 2061 685 ἦσαν
2106 618 2287 687 χρεία,
2320 617 2424 688 ἔφη
2456 617 2483 668 6
2515 615 2748 669 σουλτᾶν
2804 616 3205 686 Σουλαιμάνης,
3238 616 3317 668 ὅτι
3348 633 3366 665 ι
3400 613 3529 665 Ἐὰν

280 698 608 768 βασιλεύσω.
633 700 790 753 δώσω
822 718 903 753 σοι
928 701 1099 771 λοφᾶν
1129 706 1252 758 ὅσον
1284 705 1468 775 θέλῃς.
1510 726 1527 756 ι
1558 706 1667 758 Καὶ
1695 706 1955 773 ἐποίησεν
1988 706 2134 776 αὖτῷ
2167 708 2447 776 ἔγγραφον
2491 706 2808 774 ὁμολογίαν·
2837 707 2932 759 καὶ
2966 706 3107 759 κατὰ
3126 708 3218 757 τὸν
3244 706 3407 766 λόγον
3431 701 3527 755 τοῦ

289 786 547 858 Ἐὄραίου
583 787 960 851 ἐϐασίλευσεν,
995 791 1088 842 καὶ
1114 791 1225 843 τῶν
1258 794 1544 861 στοιχείων
1573 794 1994 862 ἀριθμουμένων
2024 794 2224 864 εὑρέθη
2254 794 2470 857 άληθῶς
2500 796 2525 846 6
2564 794 2837 862 Ἐϐραῖος.
2864 790 3068 845 Ἶνίλθεν
3100 793 3157 845 δὲ
3192 795 3218 845 6
3250 792 3525 859 Ἑϐραῖος,

278 877 374 928 καὶ
412 875 645 945 αίτήσας
700 875 791 928 τὸν
837 876 1011 945 λοφᾶν
1052 879 1195 931 κατὰ
1236 880 1297 931 τὸ
1353 881 1664 949 ἱδιὸγραφον
1699 884 1792 935 τοῦ
1841 882 2094 948 ἀφεντδς,
2138 885 2234 934 καὶ
2261 880 2447 934 λαϐὼν
2510 881 2659 944 αὐτὸ,
2702 882 2797 932 καὶ
2839 879 3007 942 ἄλλας
3040 880 3305 939 πλείστας
3336 878 3525 942 τιμάς.

289 962 604 1033 Ἤρὼτησεν
634 963 690 1016 δὲ
723 964 887 1015 αὐτὸν
918 967 1048 1033 περὶ
1077 967 1177 1033 τῆς
1212 965 1491 1035 βασιλείας
1512 966 1676 1020 αὐτοῦ
1701 967 1753 1019 τί
1786 969 1970 1037 μέλλει
2015 968 2291 1035 γενέσθαι.
2329 969 2386 1021 '0
2418 968 2475 1019 δὲ
2519 966 2770 1036 Ἐϐραῖος
2810 967 2843 1038 ἢ
2907 966 3076 1037 κακία
3118 969 3442 1033 φερόμενος,
3490 964 3524 1031 ἢ

276 1053 372 1104 καὶ
403 1051 620 1120 ἀληθῶς
647 1052 720 1113 ὡς
745 1052 1088 1106 ἐδιδάσκετον
1120 1056 1224 1107 ὑπὸ
1255 1056 1351 1118 τὰς
1382 1057 1643 1122 μαντείας
1675 1056 1862 1120 αὐτοῦ,
1900 1058 2027 1126 ἔφη,
2059 1058 2141 1110 ὅτι
2169 1059 2217 1109 oi
2240 1058 2580 1126 Χριστιανοὶ,
2613 1057 2749 1108 ὅπου
2786 1054 2925 1107 εἶναι
2959 1057 3052 1119 «εἰς
3082 1056 3180 1123 τὴν
3206 1055 3358 1105 πόλιν
3395 1052 3525 1119 μέλ-

276 1138 357 1190 λει
388 1137 512 1190 νοῦν
552 1139 815 1209 ποιήσουν
847 1140 1055 1205 στάσιν,
1093 1144 1185 1194 καὶ
1226 1142 1451 1212 βασιλέα
1485 1146 1633 1205 ὅστις
1662 1145 1745 1197 ἔνε
1776 1146 1873 1213 τὴν
1925 1147 2164 1214 σήμερον
2193 1148 2272 1205 εἰς
2302 1147 2400 1215 τὴν
2429 1146 2580 1197 πόλιν
2600 1162 2614 1176 ο
2659 1146 2750 1197 καὶ
2798 1144 2949 1196 αὐτοὶ
2976 1143 3076 1194 σὺν
3135 1142 3284 1209 αὐτῷ
3314 1141 3379 1191 νὰ
3404 1157 3530 1191 στα-

278 1228 499 1279 σιάσουν
524 1227 664 1279 κατὰ
690 1228 785 1280 τοῦ
814 1227 906 1280 σοῦ
949 1230 1186 1299 κράτους
1216 1233 1310 1284 καὶ
1347 1232 1436 1286 διὰ
1476 1235 1635 1287 τοῦτο
1660 1235 1849 1303 πρόῖδε
1887 1235 1919 1303 ἠ
1962 1235 2211 1299 βασιλεία
2240 1252 2333 1287 σου
2382 1235 2448 1287 vi
2480 1235 2606 1295 τοὺς
2646 1233 2842 1301 κόψης,
2903 1232 2990 1282 ἵνα
3042 1230 3114 1299 μὴ
3152 1229 3407 1281 τελέσονν
3461 1228 3520 1278 τὸ

277 1314 461 1380 ἔργον.
504 1314 563 1367 Ὀ
586 1315 641 1366 δὲ
667 1316 999 1384 συμϐούλιον
1025 1319 1249 1386 ἐποίησε
1304 1323 1445 1389 μετὰ
1482 1322 1591 1373 τῶν
1621 1324 2130 1391 πρωτοσυμὸούλων
2163 1324 2353 1385 αὑτοῦ,
2386 1324 2475 1375 ἵνα
2522 1324 2664 1395 κόψῃ
2696 1324 2825 1383 τοὺς
2863 1319 3246 1391 Χριστιανούς.
3302 1317 3407 1368 Καί
3440 1332 3527 1376 τις

275 1405 339 1454 ὲκ
370 1405 480 1453 τῶν
523 1406 868 1470 μεγιστάνων
888 1407 1052 1459 αὐτοῦ
1080 1408 1307 1477 ὀνόματι
1358 1411 1499 1479 Πυρὶ
1554 1411 1816 1474 Μπασιᾶς
1850 1413 2128 1482 ἀπέκοψεν
2160 1415 2322 1466 αὐτὸν
2350 1413 2451 1481 τῆς
2482 1413 2651 1479 αὐτῆς
2676 1410 2917 1476 ἀθέσμου
2943 1409 3037 1461 καὶ
3074 1408 3262 1458 ἀδίκου
3322 1403 3524 1471 ὁρμῆς.

276 1490 447 1541 εἰπὼν
472 1492 620 1561 αὐτῷ
641 1504 653 1520 ⁸
691 1511 708 1543 ι
741 1494 1007 1547 Σουλτάνε
1046 1514 1167 1565 μου,
1195 1497 1263 1550 τὰ
1300 1499 1527 1551 τοιαῦτα
1561 1497 1771 1568 μεγάλα
1796 1499 2101 1569 πράγματα
2126 1494 2233 1554 ἀπὸ
2270 1499 2403 1553 Θεοῦ
2435 1501 2591 1551 εἰσινο
2629 1503 2722 1554 καὶ
2749 1500 2797 1550 εί
2822 1500 2920 1564 μέν
2955 1497 3092 1547 εἰσιν
3132 1496 3237 1545 ἀπὸ
3274 1492 3432 1552 Θεοῦ,
3464 1489 3525 1542 οὗ

277 1577 559 1645 δυνάμεθα
594 1582 1012 1652 ἐναντιωθῆναι,
1049 1584 1134 1637 ἵνα
1165 1586 1237 1654 μὴ
1257 1586 1573 1656 εὑρεθῶμεν
1599 1586 1691 1637 καὶ
1721 1586 1981 1657 θεομάχοι
2005 1605 2018 1619 ·
2054 1589 2102 1640 εί
2124 1588 2180 1641 δέ
2212 1590 2350 1641 εἰσιν
2378 1588 2435 1651 ἐξ
2466 1586 2794 1656 ἀνθρώπων,
2826 1587 2959 1652 ἄφες
2985 1582 3275 1652 meme;
3310 1578 3527 1640 δούλους

278 1686 397 1728 σου,
432 1669 520 1721 ἵνα
557 1675 876 1741 ποιήσωμεν
909 1674 1009 1743 τὴν
1042 1676 1344 1745 ἐκδίκησιν.
1392 1697 1411 1729 ι

347 1756 535 1827 Τούτῳ
568 1758 644 1828 τῷ
670 1759 781 1812 ἔτει
809 1760 1009 1826 ἔδειξεν
1042 1765 1069 1816 6
1096 1765 1231 1827 Θεὸς
1260 1768 1484 1834 σημεῖον
1517 1764 1719 1817 τοιόνδε
1758 1766 1813 1816 ὲν
1854 1766 1919 1834 τῇ
1952 1764 2366 1817 Κωισταντίνου
2390 1764 2542 1814 πόλει
2570 1764 2635 1833 τῇ
2677 1760 2887 1831 μεγάλῃ
2924 1758 3176 1827 κυριακῇ
3201 1752 3293 1807 τοῦ
3317 1752 3526 1819 Πάσχαο

278 1842 351 1896 Τὸ
397 1845 754 1911 μεσονύκτιον
786 1850 1106 1920 ἠγέρθησαν
1141 1854 1190 1905 οί
1224 1854 1582 1924 Τερϐήσιδες,
1617 1855 1713 1907 καὶ
1739 1854 1958 1922 ὑπῆγαν
1987 1854 2065 1915 είς
2093 1852 2191 1921 τὴν
2224 1852 2388 1917 ἁγίαν
2433 1850 2657 1918 Σοφίαν,
2713 1849 2778 1900 νὰ
2824 1845 3223 1899 σαλαῦατίσουν
3279 1839 3423 1893 κατὰ
3470 1838 3531 1889 τὸ

279 1930 456 1983 αὐτῶν
485 1931 625 1995 ἔθος.
663 1935 770 1988 Καὶ
800 1935 1053 2000 ἐλθόντες
1086 1942 1165 2003 είς
1201 1942 1267 1993 τὰ
1294 1942 1571 2010 προαύλια
1597 1940 1692 1994 τοῦ
1717 1940 1846 1993 ναοῦ
1871 1942 2115 2010 ἥκουσαν
2135 1936 2480 2007 ψαλμῳδίαν,
2512 1937 2609 1989 καὶ
2647 1931 2787 1987 εἶδον
2837 1934 2931 1987 καὶ
2991 1933 3104 1999 φῶς
3168 1932 3308 1996 μέγα
3348 1929 3404 1979 ἐν
3450 1926 3531 1992 τῷ

280 2018 415 2086 ναῷ,
438 2020 534 2071 καὶ
565 2022 967 2090 πλησιάσαντες
1004 2026 1162 2096 εὖρον
1198 2032 1295 2090 τὰς
1328 2030 1505 2089 πύλας
1546 2028 1923 2098 ἀνεῳγμένας,
1960 2024 2055 2076 καὶ
2089 2023 2274 2089 φωνὰς
2326 2019 2679 2089 ψαλμῳδίαςτ
2713 2018 2774 2070 τδ
2823 2015 3082 2082 Χριστὸς
3128 2012 3374 2098 ἀνέσῖψ
3419 2010 3532 2062 Καὶ

279 2106 529 2170 ἀκούσας
563 2111 872 2174 σπουδαίως
922 2113 1117 2166 ἔδοσαν
1149 2116 1393 2182 γνωστὸν
1448 2116 1544 2168 τοῦ
1610 2096 1866 2183 ἁιρεντός.
1911 2115 2105 2175 Ὅστις
2129 2109 2294 2181 ἦλθεν
2323 2109 2684 2179 σωματικῶς,
2712 2107 2806 2159 καὶ
2832 2108 3086 2166 ἄκουσεν,
3143 2102 3240 2152 καὶ
3277 2096 3416 2151 εἶδεν
3473 2098 3531 2148 ὲν

282 2194 607 2265 ὀφθαλμοῖς,
678 2199 947 2263 κελεύσας
991 2203 1080 2255 ἵνα
1107 2204 1343 2256 ἁναόοῦν
1381 2206 1463 2267 εἰς
1492 2204 1563 2256 τὰ
1604 2203 1976 2273 ἀνηχούμενα.
2020 2200 2107 2253 Νὰ
2161 2200 2509 2253 σκοπεύσουν
2552 2196 2764 2267 μήποτέ
2818 2197 2966 2248 ἐστιν
3006 2192 3066 2255 ἐξ
3115 2188 3448 2259 ἀνθρώπων,
3495 2185 3529 2254 ἢ

280 2283 506 2337 τοιαῦτα
526 2285 744 2354 ὲνέργα.
772 2288 884 2339 Καὶ
910 2290 1073 2351 εὐθὺς
1095 2291 1371 2355 ὲξέλοιπεν
1404 2292 1501 2343 καὶ
1530 2291 1589 2342 τὸ
1620 2291 1738 2359 φῶς
1792 2290 1945 2358 καὶὴ
1987 2287 2301 2357 ψαλμῳδία.
2356 2286 2463 2337 Καὶ
2504 2284 2669 2337 πάλιν
2715 2282 2999 2352 ὥρμησεν,
3064 2278 3150 2330 ἵνα
3206 2276 3347 2345 κὸψῃ
3406 2273 3534 2333 τοὺς

283 2367 650 2440 Χριστιανούς
674 2388 689 2402 ⁸
730 2373 780 2425 εἰ
817 2375 892 2443 μὴ
929 2375 1091 2428 πάλιν
1115 2379 1143 2427 6
1172 2377 1333 2437 αὐτὸς
1365 2379 1718 2446 Πυριπασιᾶς
1749 2376 2032 2444 ἀπέκοψεν
2066 2375 2232 2428 αὑτοῦ
2260 2373 2359 2442 τὴν
2392 2374 2597 2441 ὁρμήν.

353 2458 445 2520 Είς
471 2459 538 2512 τὰ
576 2461 754 2531 ,αφκβν
786 2440 997 2529 Ἰουλίῳ
1023 2465 1236 2533 ἐπῆρεν
1268 2466 1295 2516 6
1323 2440 1565 2528 Σπανίας
1596 2464 1709 2535 (89)
1746 2464 1843 2535 τὴν
1869 2440 2143 2515 Γένουὸαν
2175 2460 2283 2511 ἀπὸ
2308 2440 2566 2522 σπαθίου,
2594 2457 2690 2510 καὶ
2718 2455 2914 2526 ἔκοψεν
2953 2456 3011 2507 ὲν
3043 2453 3179 2522 αὐτῇ
3240 2449 3417 2518 ψυχὰς
3451 2440 3538 2497 λε’

281 2546 554 2615 χιλιάδας.

357 2635 452 2695 Εἰς
508 2635 574 2686 τὰ
619 2632 786 2700 αφκγ¹
821 2632 1102 2699 ἀπεστάλη
1140 2636 1168 2687 6
1203 2635 1458 2704 Αἰχμάτη
1493 2637 1754 2699 Μπασιᾶς
1785 2637 1892 2690 ὑπὸ
1929 2637 2022 2691 τοῦ
2071 2634 2315 2706 Ἀμηροῦ
2352 2633 2663 2689 σουλτάνου
2699 2631 3048 2701 Σουλαιμάνη
3098 2629 3179 2689 εἱς
3228 2626 3287 2678 τδ
3324 2626 3533 2691 Κάεροξ

281 2720 371 2774 ἵνα
398 2720 555 2792 ὁρίζῃ
591 2721 740 2775 αὑτό.
775 2720 965 2783 Ὅστις
995 2722 1082 2774 διὰ
1110 2721 1306 2789 φθόνον
1347 2723 1480 2775 διότι
1536 2725 1726 2793 ηγάπα
1772 2727 1799 2777 6
1829 2724 2016 2795 ὸηθεὶς
2047 2725 2295 2794 Ἀμηρᾶς
2352 2725 2440 2775 τὸν
2482 2722 2943 2793 Πραιρῖιὶπάσιαν,
2991 2715 3413 2775 ἁνυποστάσετι,
3440 2710 3537 2763 καὶ

283 2833 350 2884 Δ.
382 2830 454 2884 Μ.
532 2831 598 2883 Α.
622 2829 685 2885 C.

286 2917 425 2972 7950
542 2917 680 2972 1522
758 2932 816 2974 re
873 2927 1054 2983 erant,
1085 2918 1270 2986 dictis,
1302 2921 1555 2976 sultanus
1583 2919 1927 2977 Suleimancs
1958 2922 2074 2978 haec
2101 2923 2148 2977 ei
2188 2923 2360 2979 dixit:
2396 2941 2414 2974 ι
2451 2922 2505 2979 Si
2539 2922 2827 2992 imperium
2867 2921 3095 2990 adeptus
3123 2916 3295 2980 fuero,
3326 2924 3537 2967 merce-

751 3006 898 3071 dem,
937 3017 1200 3077 quantam
1235 3009 1779 3075 volueris,solvam,i
1815 3013 1919 3066 scri
1964 3019 2130 3080 teque
2160 3012 2227 3066 de
2257 3013 2360 3081 ipsi
2387 3011 2693 3082 prmstanda
2719 3009 2972 3065 mercede
3003 3006 3170 3061 cavit.
3198 3004 3397 3057 Fasces
3429 3000 3533 3053 ita-

744 3109 852 3164 que
882 3094 1098 3162 imperii
1136 3096 1440 3150 secundum
1472 3096 1686 3152 Hebraei
1718 3100 2040 3155 vaticinium
2072 3103 2339 3172 suscepit,
2374 3101 2518 3171 quod
2554 3117 2783 3155 numero
2811 3100 3119 3153 litterarum
3159 3096 3316 3155 inilu,
3345 3104 3531 3145 rerum

744 3183 919 3236 fuisse
955 3184 1157 3251 patuit.
1190 3182 1494 3238 Mercedem
1522 3184 1708 3253 itaque
1734 3201 1797 3240 ex
1826 3187 2192 3244 instrumento
2232 3190 2438 3259 scripto
2472 3205 2499 3240 a
2544 3190 2790 3258 principe
2824 3187 3086 3242 Hebrzeus
3122 3184 3339 3253 repetiit
3370 3199 3381 3231 :
3414 3192 3533 3231 eam

753 3271 985 3336 accepit,
1021 3271 1317 3339 multisque
1347 3273 1647 3328 honoribus
1677 3273 1903 3330 allectus
1929 3284 2033 3332 est.
2067 3277 2431 3347 lnterrOgavit
2463 3292 2627 3346 porro
2670 3279 2923 3332 sultanus
2965 3275 3276 3333 Hebraeum,
3313 3268 3535 3335 quinam

751 3369 941 3419 casus,
981 3356 1112 3408 dum
1150 3357 1266 3423 ipse
1298 3367 1574 3425 regnaret,
1608 3361 1777 3411 futuri
1806 3371 1983 3415 erant.
2020 3362 2159 3415 Tum
2195 3363 2457 3416 Hebraeus
2488 3374 2583 3415 aut
2623 3367 2809 3416 animo
2840 3363 2983 3415 malo
3020 3361 3235 3431 pulsus,
3257 3358 3364 3423 vel,
3390 3355 3537 3423 quod

749 3441 957 3507 verius,
995 3448 1114 3495 arte
1143 3456 1242 3495 sua
1272 3443 1599 3498 divinatriee
1628 3445 1858 3501 edoctus
1891 3449 2193 3515 respondit,
2243 3448 2615 3514 Christianos,
2657 3449 2900 3518 quandiu
2939 3449 2992 3501 in
3048 3448 3183 3501 urbe
3220 3447 3447 3504 fuerint,
3476 3444 3533 3495 in

741 3544 811 3586 eo
842 3529 1192 3585 laboraturos
1224 3540 1281 3584 ut
1312 3530 1635 3586 seditionem
1668 3532 1930 3599 excitent,
1967 3534 2468 3604 imperatoremque
2498 3539 2843 3590 constituant
2879 3535 3204 3605 quemlibet,
3230 3547 3343 3601 quo
3396 3530 3538 3583 dure

746 3615 1013 3670 adversus
1044 3616 1345 3685 potentiam
1379 3626 1525 3671 tuam
1550 3616 1818 3671 rebellent
1844 3635 1858 3671 :
1892 3629 2182 3688 propterea
2219 3622 2377 3687 tales,
2420 3638 2453 3676 ο
2480 3623 2715 3688 sultane,
2751 3624 3062 3677 rescindere
3093 3630 3148 3674 et
3178 3619 3413 3671 avellere
3442 3621 3540 3669 de-

750 3705 870 3769 bes,
904 3703 1229 3773 priusquam
1255 3705 1310 3758 in
1345 3705 1448 3758 hoe
1472 3703 1654 3759 scelus
1681 3718 2060 3775 prornmpant.
2100 3709 2221 3778 Ipse
2249 3725 2382 3780 ergo
2415 3725 2539 3765 cum
2573 3712 2689 3765 suis
2722 3708 3151 3779 protosymbulis
3195 3721 3292 3759 seu
3342 3703 3540 3757 veziris

751 3793 821 3847 de
850 3792 1183 3847 Christianis
1210 3792 1504 3861 perdendis
1544 3793 1833 3848 deliberat.
1872 3792 2025 3849 Unus
2065 3796 2330 3864 ipsorum,
2367 3796 2973 3865 l’yri'Bassavocatus,
3005 3809 3033 3846 a
3089 3802 3198 3845 tam
3252 3791 3443 3860 iniquo
3475 3803 3540 3842 ac

752 3879 967 3934 nefario
1006 3879 1212 3948 impetu
1245 3890 1299 3935 et
1326 3881 1608 3950 proposito
1636 3883 1885 3948 retraxit,
1914 3897 2150 3952 eumque
2184 3885 2265 3937 sic
2296 3883 2491 3936 allatus
2516 3891 2629 3937 est;
2663 3901 2682 3935 ι
2716 3881 2782 3936 Mi
2814 3882 3055 3945 sultane,
3089 3888 3200 3933 tam
3237 3893 3445 3947 magnae
3477 3893 3541 3931 ac

750 3968 934 4021 ardua:
963 3982 1053 4021 res
1084 3967 1305 4021 nonnisi
1328 3981 1357 4020 a
1396 3967 1504 4021 Deo
1534 3969 1717 4035 perfici
1752 3978 2004 4039 possunt.
2036 3970 2092 4023 Si
2125 3985 2362 4039 namque
2390 3970 2481 4024 isti
2510 3986 2539 4023 a
2564 3968 2674 4024 Deo
2703 3978 2855 4030 sunt,
2890 3984 2999 4022 non
3036 3982 3328 4037 possumus
3353 3966 3544 4018 adver-

748 4055 881 4119 sari,
908 4056 1041 4122 quin
1073 4061 1128 4108 et
1164 4055 1427 4108 adversus
1459 4055 1627 4109 Deum
1656 4072 1899 4125 pugnare
1930 4058 2427 4127 deprehendantur.
2467 4058 2622 4123 Quod
2649 4058 2694 4111 si
2718 4059 2787 4113 ab
2816 4056 3132 4110 hominibus
3178 4053 3400 4117 fuerint,
3424 4053 3543 4106 sine

746 4157 847 4197 nos
879 4155 1070 4197 servos
1107 4151 1231 4197 tuos
1258 4142 1555 4196 vindictam
1593 4144 1661 4198 de
1698 4145 1765 4199 iis
1797 4161 2038 4200 sumere.
2074 4164 2094 4198 ι

821 4232 936 4285 Hoc
963 4230 1154 4283 eodem
1192 4244 1336 4283 anno
1375 4233 1485 4283 tale
1538 4232 1751 4300 signum
1784 4233 2255 4303 Constantinopoli
2288 4249 2483 4303 magna
2506 4232 2814 4288 Paschalis
2847 4229 3137 4283 Dominica
3189 4227 3331 4281 Deus
3354 4235 3543 4280 osten-

750 4319 849 4372 dit.
882 4318 1016 4371 Cum
1054 4317 1286 4372 Dervisii
1323 4319 1499 4372 media
1531 4320 1714 4385 necte,
1748 4330 1805 4374 ut
1841 4322 1977 4390 ipsis
2003 4336 2120 4376 mos
2152 4334 2237 4377 est
2271 4360 2289 4385 ,
2318 4325 2710 4382 surrexissent,
2747 4331 2798 4373 et
2832 4319 2897 4372 ad
2928 4320 2985 4371 S.
3024 4316 3242 4385 Sephiae
3275 4316 3540 4383 templum

752 4408 1051 4471 venissent,
1075 4407 1227 4475 juxta
1255 4407 1392 4460 ritus
1431 4422 1562 4463 suos
1589 4408 1739 4477 orgia
1764 4410 2128 4475 celebraturi;
2165 4410 2494 4464 vestibulum
2536 4409 2771 4485 ingressi
2823 4405 3188 4477 psalmodiam
3225 4403 3542 4461 audierunt.

753 4497 1051 4565 lumenque
1092 4511 1349 4566 magnum
1407 4498 1461 4551 in
1496 4498 1701 4567 templo
1736 4499 1994 4553 viderunt
2029 4516 2042 4552 :
2077 4500 2300 4568 propius
2334 4498 2532 4552 deinde
2565 4497 2889 4552 accedentes
2924 4505 3171 4561 patentes
3204 4500 3390 4560 portas
3414 4506 3549 4544 con-

752 4600 1006 4654 spexere,
1033 4585 1432 4652 audieruntque
1458 4600 1620 4639 voces
1658 4587 1973 4641 canentium
2010 4588 2295 4656 hymnum,
2355 4588 2603 4641 Christus
2633 4586 2941 4640 resurrexit.
2977 4585 3133 4650 Quod
3168 4582 3234 4636 ad
3264 4582 3541 4636 sultanum

757 4680 1017 4725 accurate
1049 4672 1379 4733 retulerunt,
1435 4672 1664 4741 ipseque
1712 4675 1971 4737 accessit,
2003 4676 2207 4729 audivit
2237 4686 2287 4730 et
2320 4670 2457 4728 vidit
2491 4675 2666 4728 oculis
2717 4674 2855 4733 suis,
2886 4672 3161 4740 jnssitqne
3213 4678 3269 4720 ut
3298 4668 3548 4721 attende-

760 4767 879 4811 rent
903 4758 968 4810 ad
1004 4764 1329 4810 resonantes
1358 4758 1496 4811 istos
1524 4769 1720 4811 cantus
1747 4799 1761 4821 ,
1788 4761 2316 4829 perpenderentque,
2360 4775 2486 4812 num
2520 4761 2589 4812 ab
2620 4761 2859 4811 humana
2893 4771 3026 4809 voce
3068 4756 3387 4808 ederentur.
3423 4754 3545 4805 Sta-

759 4845 854 4895 tim
890 4844 1055 4897 simul
1084 4858 1207 4896 cum
1231 4844 1535 4911 psalmodia
1563 4847 1744 4898 lumen
1778 4846 1999 4899 defecit.
2026 4844 2342 4915 lteruinque
2403 4847 2656 4901 sultanus
2684 4846 2751 4897 de
2789 4843 3115 4897 Christianis
3150 4839 3547 4895 interficiendis

761 4930 1139 4984 vehementius
1166 4932 1297 4996 agit,
1334 4946 1360 4982 a
1385 4947 1494 4999 quo
1524 4932 1759 4985 violento
1791 4933 2020 4988 consilio
2053 4933 2173 5004 Pyz'i
2199 4934 2363 4987 Bassa
2396 4948 2521 4985 cum
2556 4932 2805 4984 retraxit.

820 5021 1005 5075 Mense
1050 5020 1193 5075 Julio
1226 5020 1471 5077 Genuam
1509 5023 1558 5076 vi
1593 5023 1883 5093 occupavit
1925 5020 2200 5092 Hispania:
2229 5036 2346 5083 rex,
2387 5020 2781 5087 hominumque
2831 5016 3057 5087 triginta
3094 5015 3333 5084 quinque
3380 5015 3548 5069 millia

759 5112 939 5166 occisa
961 5120 1109 5163 sunt.

818 5199 1076 5250 Altmetes
1101 5196 1265 5250 Bassa
1292 5196 1513 5249 Cairum
1547 5196 1603 5250 in
1652 5195 1913 5266 Egypto,
1946 5206 2005 5249 ut
2040 5195 2382 5264 provinciam
2423 5201 2659 5261 regeret,
2690 5208 2716 5245 a
2749 5194 2969 5246 sultano
3002 5192 3318 5249 Suleimane
3347 5191 3551 5244 missus

760 5293 864 5339 est.
895 5284 1113 5337 Invidia:
1138 5299 1266 5337 vero
1299 5284 1537 5338 stimulis
1569 5285 1619 5338 in
1645 5286 2017 5338 Ahrahamum
2052 5284 2273 5336 Bassam
2311 5284 2572 5351 percitus,
2592 5280 2734 5349 quod
2762 5281 2903 5349 apud
2938 5281 3216 5333 Sullanum
3242 5278 3414 5346 gratia
3438 5294 3549 5346 prae

762 5373 973 5426 caeteris
1006 5373 1233 5436 valeret,
1256 5388 1284 5425 a
1321 5371 1635 5429 Suleimane
1662 5374 1867 5438 deficit,
1904 5383 1956 5428 et
1995 5380 2183 5427 contra
2216 5386 2341 5424 eum
2373 5369 2603 5423 rebellat
2638 5385 2652 5421 :
2684 5383 3008 5435 omnesque,
3038 5369 3131 5436 qui
3169 5368 3221 5421 in
3249 5368 3350 5419 fide
3374 5374 3426 5419 et
3456 5366 3551 5417 nh-

760 5462 952 5530 sequio
980 5476 1103 5528 erga
1145 5462 1398 5513 Amcram
1439 5460 1757 5528 pra:dictum
1796 5472 1940 5515 stare
1970 5462 2284 5529 voluerunt,
2318 5460 2385 5514 de
2416 5459 2599 5513 medio
2628 5458 2790 5513 tollit.
2828 5459 3203 5514 Provinciales
3232 5457 3549 5510 Achmctem

1517 5586 1793 5647 Ismaelis
1828 5584 2111 5647 Bullialdi
2153 5594 2341 5647 nota).

380 5708 497 5779 (89)
564 5713 605 5763 0
647 5708 931 5774 Σπανίιις.
1002 5707 1440 5781 Ducel‘rospero
1492 5709 1755 5765 Columna
1791 5717 1947 5780 capta
1982 5707 2078 5763 fuit
2113 5710 2297 5764 Genua
2327 5723 2387 5766 ac
2423 5708 2637 5777 direpta
