3968 6194
334 728 365 746 κ.

437 297 579 363 1Ξ59

490 415 568 465 D0
586 414 855 463 Adiabeno.
1914 404 2005 453 £73

428 497 567 617 cpi);
602 501 774 559 signis,
809 500 985 548 statuis
1027 502 1077 547 et
1121 497 1233 547 aliis
1284 496 1516 558 spectatu
1575 493 1738 554 dignis
1780 492 1830 540 in
1878 489 2005 598 υἱξὲ

492 640 566 690 De
592 640 807 690 aediliciis
828 639 1110 702 Cpolitanis.
1914 631 2009 682 515

495 725 565 771 De
589 730 832 777 structura
858 724 1029 788 templi
1052 725 1244 774 Sancte
1276 723 1487 786 Sophia.

490 829 563 877 De
588 830 730 876 annis
751 828 810 875 ab
831 829 951 877 orbe
974 829 1170 877 condito
1206 840 1363 889 usque
1388 828 1445 875 ad
1470 827 1731 885 imperium
1762 823 2005 889 Constan-

430 889 516 937 tini
548 890 732 949 Masmi;
769 897 821 938 et
853 891 917 938 de
939 889 1001 938 iis
1032 894 1114 952 qui
1138 882 1294 951 Cpoli'
1315 882 1585 951 regnarunt
1626 898 1784 948 usque
1806 882 2003 952 d‘umjb

432 952 674 1011 Agaronis
695 944 834 1013 capta
862 958 958 1001 est.
1048 944 1061 952 ’
1178 944 1193 951 ’
1374 944 1401 951 ⁷
1703 944 1718 948 ”
1910 944 2006 994 655

489 1101 680 1147 incnnrt
706 1113 930 1147 ancronrs
950 1113 1125 1147 naeus
1150 1098 1521 1146 Enannsrronns
1539 1108 2003 1152 cnnoxonnavmcm,

428 1161 617 1209 editore
640 1167 689 1209 et
711 1160 989 1222 interprete
1017 1162 1251 1209 Anselmo
1278 1159 1541 1217 Bandurio,
1560 1160 1619 1208 Ο.
1651 1158 1700 1206 S.
1725 1160 1782 1208 Β.
1913 1155 1998 1205 651

496 1266 573 1329 De
595 1266 781 1321 templo
831 1266 992 1314 Sancti
1034 1265 1198 1324 Mocii,
1242 1266 1395 1326 ac_de
1420 1266 1615 1316 Arianis
1647 1266 1735 1327 qui
1768 1262 1835 1312 ibi
1867 1274 2003 1329 eam:

428 1324 767 1374 morabantur.
1316 1323 1323 1326 ⁷
1663 1323 1680 1327 ’
1911 1323 2000 1372 651

487 1430 561 1477 De
594 1431 780 1493 templo
816 1430 977 1480 Sancti
1004 1433 1313 1493 Agathonici,
1339 1435 1388 1480 in
1427 1446 1525 1493 quo
1556 1432 1674 1480 olim
1698 1431 2003 1493 patriarchae

425 1492 855 1541 commorabautur
881 1506 936 1541 ac
958 1492 1711 1555 imperatorescoronabantur.7
1900 1492 2003 1541 655

489 1576 563 1623 De
586 1573 741 1622 muris
771 1575 1046 1633 maritimis,
1081 1589 1137 1625 ac
1158 1577 1219 1625 de
1242 1589 1381 1625 muro
1398 1576 1720 1625 occidentali.
1909 1574 2003 1622 655

486 1660 560 1708 De
573 1664 731 1707 statua
754 1659 1123 1719 Piiidalim,quas
1144 1661 1307 1709 stabat
1325 1663 1375 1709 in
1397 1666 1536 1722 porta
1555 1658 1893 1708 subterranea.
1910 1657 2003 1707 655

486 1743 560 1793 De
588 1745 696 1792 loco
719 1740 906 1791 Neolea
929 1743 1242 1804 cognomine,
1268 1754 1325 1791 ac
1369 1743 1551 1791 statuis
1591 1739 1774 1791 ibidem
1797 1739 2003 1850 (ει-εοὲίἕὲ

486 1910 561 1958 De
595 1910 763 1958 Castra
805 1909 1062 1969 Panormo,
1093 1920 1149 1958 ac
1190 1912 1353 1957 statua
1383 1920 1495 1969 quae
1534 1910 1583 1957 in
1612 1914 1754 1968 porta
1790 1911 1999 1969 septen:

426 1971 621 2020 trionali
644 1971 867 2031 ejusdem
889 1966 1248 2020 Castri'stabat.
1399 1966 1410 1969 ⁷
1616 1966 1627 1968 ⁷
1854 1966 1861 1967 ⁷
1909 1966 2002 2015 655

484 2076 560 2126 De
587 2075 697 2124 loco
727 2074 1069 2135 cognominata
1110 2072 1411 2135 Smyrnium,
1465 2086 1521 2122 ac
1565 2074 1627 2122 de
1656 2075 1867 2135 statuis,
1889 2086 2001 2135 qua:

426 2136 605 2184 ibidem
629 2131 810 2186 erectae
834 2143 988 2184 erant.
1197 2131 1211 2134 ⁷
1398 2131 1407 2135 ’
1656 2131 1661 2135 ’
1908 2131 1997 2181 657

489 2238 562 2288 De
597 2241 771 2301 statuis
791 2251 900 2301 qum
926 2237 974 2287 in
999 2241 1176 2288 senatu
1210 2244 1401 2289 erecte
1442 2243 1600 2299 erant,
1638 2241 1692 2285 et
1719 2236 1783 2286 de
1803 2236 2000 2301 auriga:

424 2313 532 2348 rum
554 2298 821 2349 curribus.‘
1588 2298 1591 2299 ⁷
1900 2298 1993 2346 657

486 2407 562 2455 De
597 2405 771 2452 decem
806 2402 1046 2465 cophinis,
1089 2404 1176 2464 qui
1210 2404 1258 2451 in
1307 2414 1434 2451 novo
1475 2409 1677 2451 senatus
1702 2402 1882 2463 palatio
1906 2403 1999 2465 de-

421 2469 573 2532 positi
606 2473 767 2515 erant.
869 2463 880 2465 ⁷
1111 2463 1119 2464 ⁷
1236 2484 1239 2489 λ
1903 2463 1996 2513 659

482 2576 558 2624 De
592 2574 888 2637 imaginibus
917 2572 1276 2637 Metrophanis,
1336 2572 1606 2623 Alexandri
1665 2579 1719 2622 et
1776 2572 1931 2637 Pauli
1962 2589 1988 2637 a

421 2634 735 2687 Constantino
767 2638 830 2691 li.
854 2635 903 2684 in
934 2636 1041 2685 foro
1070 2637 1268 2684 erectis.
1906 2634 1999 2684 639

422 2740 429 2743 ’
480 2739 557 2788 Dc
597 2739 773 2789 statuis
815 2754 928 2802 qum
959 2739 1079 2802 olim
1130 2738 1178 2786 in
1195 2737 1381 2802 Sancta
1409 2737 1589 2796 Saphia
1623 2742 1806 2785 erectae
1831 2743 1993 2802 erant2

421 2806 474 2850 et
505 2815 530 2849 a
561 2797 843 2851 Justlniand
870 2815 960 2863 per
979 2800 1149 2850 urbem
1176 2797 1468 2848 distributas.
1906 2797 1997 2845 659

482 2883 557 2931 De
593 2883 723 2931 Oreo
749 2895 842 2931 seu
880 2881 1041 2931 Modio
1067 2893 1123 2928 ac
1146 2882 1208 2928 de
1240 2879 1418 2927 statuis
1441 2877 1621 2927 ibidem
1647 2875 1838 2937 positis.
1905 2877 1993 2926 661

481 2963 557 3011 De
579 2970 738 3013 statua
772 2961 1026 3013 Menandri
1060 2966 1202 3025 vatis,
1243 2973 1357 3023 qua
1401 2962 1460 3011 ad
1497 2958 1833 3022 Artotyrianas
1863 2962 1997 3025 aedes

421 3031 591 3073 erecta
626 3032 751 3074 erat.
1189 3022 1196 3025 ⁷
1262 3022 1275 3023 ⁷
1905 3022 1997 3071 663

484 3111 555 3160 De
587 3110 855 3160 Herodiani
909 3115 1071 3159 statua
1130 3109 1189 3158 ab
1225 3108 1499 3160 Ardaburio
1539 3110 1666 3157 duce
1709 3111 1758 3157 in
1790 3109 1996 3159 Thracia

419 3179 619 3232 reperta
651 3186 707 3222 ac
738 3171 1003 3221 confracta.
1905 3172 1996 3219 663

483 3279 556 3328 De
577 3276 735 3340 signis
772 3291 827 3326 ac
866 3278 1063 3336 statuis,
1102 3290 1214 3341 qua
1236 3279 1284 3327 in
1312 3278 1418 3328 faro
1440 3279 1502 3327 ad
1534 3276 1795 3328 dexteram
1825 3278 1995 3329 orien-

425 3339 490 3388 tis
512 3339 698 3401 partem
720 3344 903 3387 erecta
938 3346 1099 3390 erant.
1120 3339 1131 3341 ⁷
1898 3341 1990 3389 665

482 3423 557 3471 De
572 3434 739 3483 cruce,
757 3419 805 3470 in
828 3425 966 3484 cujus
991 3421 1154 3471 medio
1178 3423 1379 3472 Sanctus
1412 3421 1703 3484 inscriptum
1724 3428 1849 3472 erat.
1903 3420 1997 3471 665

479 3506 557 3555 De
589 3506 905 3567 equestribus
937 3520 1046 3567 quas
1069 3508 1118 3555 in
1142 3504 1337 3568 porticu
1370 3512 1554 3555 erectas
1575 3513 1734 3555 erant.
1899 3502 1996 3552 665

480 3589 557 3639 De
593 3587 879 3650 elephantis
901 3595 1082 3647 statua,
1113 3601 1225 3650 quin
1250 3587 1300 3635 in
1322 3588 1427 3637 foro
1450 3595 1620 3637 erecta
1649 3594 1776 3637 erat.
1901 3586 1996 3636 665

478 3675 552 3724 De
583 3671 853 3722 Theodosii
900 3671 1122 3731 equestri
1153 3675 1316 3721 statua
1345 3682 1456 3731 quas
1480 3669 1532 3719 in
1566 3669 1793 3719 miliario
1815 3669 1996 3781 aurigas:3

481 3816 558 3866 De
593 3816 897 3877 Xerolap‘ua,
921 3820 974 3865 et
998 3816 1155 3878 signis
1178 3814 1360 3864 ibidem
1393 3813 1595 3863 erectis.
1903 3814 1994 3863 667

480 3904 555 3954 De
582 3903 738 3966 signis
761 3909 911 3964 atque
942 3900 1122 3951 statuis
1154 3900 1204 3949 in
1224 3900 1498 3950 Exocionio
1523 3903 1727 3950 erectis.
1905 3899 1994 3950 667

473 3988 552 4036 De
600 3994 748 4047 ponte
796 3987 923 4047 apud
977 3991 1197 4035 sanctum
1243 3983 1555 4046 Mamantem,
1579 3991 1633 4034 et
1664 3985 1728 4034 de
1782 3985 1995 4035 dracone

417 4060 549 4096 areo
574 4047 756 4097 ibidem
779 4051 984 4096 erecto.’

480 4130 550 4179 De
580 4130 809 4178 crucibus
840 4142 895 4178 ac
920 4128 1031 4179 aliis
1053 4129 1206 4179 sacris
1227 4126 1589 4187 monumentis,
1610 4140 1725 4189 quas
1761 4127 1885 4179 infra
1907 4142 1993 4177 ca-

415 4193 630 4241 lumnam
662 4192 775 4240 Furi
800 4190 1026 4252 deposita
1059 4196 1220 4239 erant.
1352 4220 1355 4225 ν
1902 4190 1995 4239 669

475 4274 549 4334 De
584 4284 760 4334 magno
786 4271 1034 4334 Strategio
1064 4284 1121 4322 ac
1159 4273 1495 4322 monumentis
1537 4284 1648 4333 quae
1680 4268 1865 4321 ibidem
1898 4283 1992 4334 ex-

414 4332 629 4383 stabant.
670 4332 687 4334 ⁷
958 4332 976 4334 “
1554 4332 1557 4333 ⁷
1892 4332 1990 4382 669

475 4417 549 4465 De
574 4414 827 4476 gigantum
841 4415 1034 4463 ossibus
1045 4413 1170 4476 apud
1185 4415 1415 4463 Sanctum
1432 4414 1621 4462 Menam
1646 4419 1877 4475 repertis.
1902 4414 1993 4464 669

474 4495 550 4544 De.
574 4500 737 4542 statua
760 4495 976 4543 Platonis
989 4494 1225 4555 eunuchi,
1248 4507 1358 4555 quas
1385 4497 1432 4542 in
1459 4493 1645 4555 templo
1683 4496 1850 4545 Sancti
1869 4497 1992 4545 Pro-

412 4560 540 4619 copii
573 4558 622 4606 in
645 4556 865 4606 Chelone
888 4555 1200 4617 erigebatur.
1896 4557 1991 4607 669

471 4641 719 4692 Theodori
748 4641 969 4690 Lectoris
990 4638 1152 4688 brevis
1188 4643 1424 4688 tractatus
1444 4640 1506 4688 de
1538 4640 1849 4689 mulieribus.
1898 4641 1990 4690 675

474 4728 548 4777 De
579 4734 738 4776 statua
780 4724 1067 4787 Euphemia
1098 4727 1353 4787 Augustas,
1382 4737 1495 4785 quas
1551 4730 1598 4775 in
1654 4732 1816 4775 tractu
1866 4727 1987 4785 Oly-

409 4790 506 4840 brii
539 4797 709 4838 erecta
739 4794 865 4837 erat.
1897 4787 1990 4836 675

472 4876 545 4924 De
567 4876 744 4924 statuis
762 4874 1020 4934 argenteis
1048 4872 1288 4922 Eudoxias
1311 4877 1363 4921 et
1380 4872 1491 4934 ejus
1525 4872 1762 4922 ﬁliarum.
1891 4871 1983 4920 675

472 4957 549 5007 De
580 4963 739 5005 statua
786 4956 1006 5004 Arcadia
1030 4958 1265 5015 Augusta
1304 4953 1361 5000 ad
1384 4952 1547 5014 Topos
1570 4962 1765 5012 erecta,
1788 4964 1987 5015 necnon

410 5020 519 5070 aliis
550 5020 779 5068 Ariadnae
812 5025 864 5066 et
894 5014 1188 5065 Zenonis’ad
1217 5016 1426 5065 Chalces
1447 5022 1638 5075 portam
1676 5016 1869 5075 positis.
1894 5014 1989 5063 675

470 5108 545 5157 De
570 5113 729 5155 statua
754 5102 1032 5153 Pulcheriai
1062 5115 1173 5161 qua
1195 5103 1242 5151 in
1274 5100 1451 5151 Chalce
1476 5100 1748 5150 visebatur.
1895 5099 1989 5149 675

470 5192 542 5239 De
574 5190 748 5238 statuis
770 5185 1077 5237 Constantini
1123 5190 1176 5233 et
1201 5183 1408 5233 Helenae
1439 5195 1593 5246 super
1633 5182 1849 5232 Milliarii
1878 5182 1982 5246 fur:

406 5253 572 5303 uicem
596 5249 797 5299 erectis.
1503 5243 1515 5246 ⁷
1896 5243 1991 5291 675

468 5358 542 5406 De
566 5353 679 5403 aliis
701 5356 876 5403 statuis
896 5364 1007 5413 quas
1033 5354 1083 5400 in
1108 5350 1343 5399 milliaria
1378 5352 1553 5412 posita
1574 5356 1737 5398 erant.
1894 5347 1987 5396 677

464 5441 539 5490 De
582 5439 757 5487 statuis
779 5450 888 5497 quia
909 5438 956 5485 in
993 5432 1219 5484 tribunali
1248 5435 1413 5496 palatii
1439 5442 1623 5483 erectae
1649 5441 1812 5483 erant.
1881 5432 1971 5481 677

470 5582 556 5634 DE
589 5580 1026 5632 SPECTACULIS.
1896 5576 1989 5626 677

466 5705 805 5757 Bracmani.th
828 5707 865 5756 Ι.
892 5731 951 5744 -—
985 5704 1059 5755 De
1084 5704 1345 5754 simulacro
1382 5716 1500 5752 auro
1525 5703 1737 5752 obducto
1762 5704 1809 5750 in
1841 5700 1981 5750 Basi-

1786 294 1994 355 ORDO
2033 294 2311 355 RERUM

1913 715 2006 765 613

1902 4047 2087 4096 667-

3548 299 3683 362 1260

2118 401 2211 470 lica
2240 400 2658 470 _Cisterna_aura_
2680 401 2910 470 laqueata
2937 402 3068 455 virili
3086 404 3253 467 specie
3288 403 3338 455 in
3373 418 3539 469 genus
3562 421 3680 470 pra-

2117 462 2304 523 voluto,
2328 464 2459 526 quod
2480 462 2860 514 Justiniani'est.
3112 462 3127 467 “
3373 462 3401 469 ⁷
3563 462 3579 470 ’
3595 467 3685 517 677

2179 543 2347 592 szcr.
2377 544 2442 594 li.
2464 570 2521 581 —
2546 546 2617 595 De
2639 547 2701 594 iis
2728 558 2839 606 quas
2865 544 2915 594 in
2939 546 3107 595 Aurea
3139 545 3368 595 Milliaria
3399 552 3563 596 erant.
3596 546 3681 596 681

2176 622 2347 674 Spscr.
2381 625 2468 674 Ili.
2501 651 2560 661 —
2594 626 2667 676 De
2696 625 2758 676 iis
2786 639 2897 687 quas
2919 630 2971 675 in
2995 627 3126 675 Fara
3159 633 3371 676 exstant.
3588 627 3672 676 681

2175 709 2344 755 Spscr.
2376 707 2459 757 IV.
2483 732 2542 743 -
2572 708 2645 757 De
2674 706 2736 756 iis
2764 721 2876 769 quas
2901 706 2953 757 in
2985 708 3259 771 Artopoliis
3293 713 3511 759 exstant.
3592 711 3680 760 685

2173 785 2341 834 Spnc-r.
2368 787 2424 835 V.
2449 812 2509 824 -
2531 788 2605 837 Ad
2631 787 2926 838 Amastriani
2957 789 3218 840 Caracalls
3250 792 3523 853 praepositi.
3586 792 3668 839 687

2174 867 2342 918 Sesc'r.
2366 869 2446 919 VI.
2468 896 2527 907 -
2550 869 2627 919 De
2648 870 2775 919 Foro
2800 870 2962 920 Bovis.
3588 870 3673 922 687

2172 950 2341 1015 secer.
2377 952 2481 1001 VII.
2508 978 2569 988 —
2595 951 2666 1001 Ex
2686 951 2922 1015 Milliario
2951 950 3226 1015 spectaculi
3258 951 3407 1003 officii
3437 952 3680 1015 Dioscori,

2114 1025 2173 1061 ex
2200 1014 2422 1063 Mauricii
2448 1015 2655 1077 Augusti
2680 1014 2869 1064 Diario.
2979 1013 2988 1015 ⁷
3587 1013 3681 1062 689

2170 1143 2240 1191 Ex
2269 1141 2435 1203 Papia.
3580 1138 3671 1187 691

2172 1223 2249 1271 De
2295 1221 2512 1287 imagine
2539 1222 2833 1287 ‘Pulcherim
2876 1223 3146 1287 Augustin;
3195 1232 3385 1272 necnon
3408 1221 3471 1270 de
3494 1222 3671 1287 statuis

2111 1284 2341 1335 Marciani
2375 1282 2425 1336 et
2461 1285 2758 1334 Pulcheria.
2956 1282 2980 1287 ⁷
3126 1282 3131 1283 ⁷
3581 1282 3675 1331 693

2109 1393 2247 1504 stall):
2270 1393 2452 1445 Juliani
2471 1397 2667 1445 moneta
2692 1406 2717 1442 a
2742 1391 3022 1445 Theodosio
3042 1390 3250 1453 abolita;
3283 1404 3337 1442 ac
3366 1390 3429 1441 de
3454 1391 3685 1503 ejusdeegrg

2245 1470 2287 1504 3.

2175 1554 2246 1605 De
2291 1555 2533 1605 idolorum
2591 1558 2768 1606 statuis
2818 1557 3176 1618 imperatorum
3220 1557 3390 1617 specie
3424 1568 3453 1606 a
3486 1556 3686 1606 Juliano

2111 1616 2306 1667 eﬂictis.
2893 1616 2904 1618 ⁷
3250 1616 3259 1617 ⁷
3588 1618 3682 1667 695

2175 1724 2247 1773 De
2280 1728 2439 1773 statua
2470 1724 2587 1772 Jesu
2618 1736 2675 1772 ac
2697 1723 3095 1774 Haemorrhoissm
3128 1738 3156 1773 a
3176 1723 3373 1774 Iuliano
3408 1725 3460 1774 in
3482 1725 3675 1776 Pansa-

2110 1784 2185 1834 dis
2208 1784 2428 1846 partibus
2449 1793 2649 1846 reperta
2671 1798 2726 1834 ac
2758 1785 3021 1834 confracta.
3584 1786 3675 1836 695

2172 1889 2246 1937 De
2278 1894 2439 1937 statua
2463 1888 2649 1939 Juliani
2672 1890 2982 1951 imperatoris
3004 1904 3032 1939 a
3056 1890 3347 1953 DemOphilo
3371 1893 3499 1943 duce
3524 1904 3675 2001 anger

2174 1948 2338 1997 iumna
2362 1952 2704 2001 porphyretica
2728 1958 2915 2001 erecta.
3613 1954 3671 2001 97

2110 1948 2338 1997 columna
2362 1952 2704 2013 porphyretica
2728 1948 2915 2001 erecta.
3213 1948 3226 1953 ’
3580 1948 3671 2001 697

2109 2054 2453 2163 "atiislaluis
2503 2054 2757 2119 argenteis
2791 2055 3009 2107 Gratiani
3061 2061 3113 2105 et
3169 2057 3278 2118 ejus
3309 2058 3480 2106 uxoris
3506 2057 3678 2163 R0393;

2267 2130 2307 2162 s.

2267 2130 2307 2162 s.

2172 2217 2243 2282 De
2266 2216 2599 2282 Valentiniani
2640 2218 2859 2268 Junioris
2905 2223 3088 2281 statua,
3116 2233 3227 2282 quae
3250 2220 3299 2269 in
3328 2219 3520 2270 Leontii
3560 2233 3679 2282 per:

2111 2279 2287 2325 ticibus
2313 2278 2576 2328 visebatur.
3074 2278 3082 2281 ⁷
3134 2278 3149 2282 ⁷
3564 2278 3681 2328 ⁷692)

2172 2385 2241 2432 De
2272 2396 2417 2431 cruce
2452 2392 2691 2444 argentea
2728 2386 2780 2435 in
2813 2387 2948 2437 Bora
2984 2393 3175 2447 erecta,
3215 2401 3241 2435 a
3284 2386 3605 2436 Constantino
3631 2392 3685 2435 et

2107 2443 2297 2492 Helena
2322 2452 2615 2495 sustentata.
3163 2443 3172 2447 ⁷
3589 2448 3680 2497 699

2170 2548 2243 2612 De
2280 2550 2541 2608 Contariis,
2573 2563 2629 2599 ac
2667 2550 2910 2600 idolorum
2953 2550 3167 2598 delubro
3208 2548 3389 2599 ibidem
3426 2557 3683 2612 exstante,

2104 2610 2236 2672 quod
2258 2613 2570 2672 postmodum
2592 2614 2642 2660 in
2662 2612 2889 2675 Deiparai
2910 2613 3069 2663 adem
3090 2624 3384 2663 conversum
3407 2613 3519 2662 fuit.
3582 2610 3679 2663 699

2165 2715 2239 2764 De
2262 2715 2370 2764 loco
2400 2714 2648 2779 Viglentia
2668 2723 2966 2779 nuncupata.
3584 2717 3680 2766 699

2163 2799 2237 2849 De
2268 2804 2430 2849 statua
2464 2799 2697 2850 Fortunas
2717 2800 2850 2850 urbis
2874 2802 2925 2849 in
2959 2800 3086 2849 Foro
3113 2802 3281 2862 posita.
3591 2801 3677 2850 701

2165 2881 2241 2931 De
2262 2881 2566 2933 habitatione
2585 2885 2755 2933 sativa
2779 2883 3085 2933 Constantini
3102 2884 3324 2945 proxime
3344 2882 3682 2933 Taurum.l701

2164 2966 2251 3029 De
2284 2972 2423 3028 porta
2470 2967 2765 3029 cognomine
2809 2967 3157 3029 Philadelpbii,
3182 2980 3239 3017 ac
3283 2970 3459 3017 statuis
3483 2980 3510 3017 a
3544 2968 3682 3019 Ocn-

2103 3027 2325 3077 stantino
2348 3027 2554 3079 erectis:
3041 3027 3053 3029 ⁷
3586 3030 3678 3079 705

2164 3132 2239 3181 De
2264 3133 2440 3181 statuis
2472 3145 2498 3181 a
2523 3133 2838 3182 Constantino
2875 3132 2926 3179 in
2957 3129 3087 3181 Foro
3126 3133 3322 3193 positis,
3358 3139 3410 3180 et
3435 3132 3496 3179 de
3517 3129 3675 3193 Callia

2101 3194 2243 3244 strati
2263 3195 2546 3243 consulatu.
3128 3192 3137 3193 ⁷
3580 3192 3675 3241 705

2103 3298 2240 3409 wish
2264 3296 2442 3347 statuis
2487 3296 2642 3374 Roma
2678 3297 2969 3358 expartatis,
2993 3297 3047 3344 et
3097 3297 3147 3345 in
3194 3295 3529 3357 Hippodroma
3557 3306 3691 3405 εἱεέ

2163 3466 2241 3516 De
2264 3462 2378 3514 aliis
2398 3464 2581 3513 statuis
2600 3476 2713 3523 quae
2734 3462 2784 3511 in
2814 3462 3147 3525 Hippadromo
3169 3461 3476 3510 visebantur.
3579 3459 3669 3509 ’705
3704 3522 3709 3529 ε

2167 3546 2242 3596 De
2284 3545 2514 3595 draconis
2557 3549 2719 3595 statua
2764 3557 2877 3606 qum
2898 3543 3160 3594 Arcadium
3185 3540 3604 3606 reprmsentabatL
3619 3547 3675 3606 et

2102 3609 2168 3658 de
2191 3610 2383 3669 hyaena.
2780 3600 2797 3606 ’
3245 3600 3259 3602 “
3583 3600 3678 3652 707

2165 3712 2240 3761 De
2265 3713 2401 3761 crede
2434 3712 2680 3762 Anastasii
2713 3709 2938 3760 Monachi
2972 3708 3024 3759 in
3048 3708 3382 3772 Hippodromo
3405 3708 3552 3768 facta,
3581 3706 3667 3772 tibi

2104 3782 2156 3825 et
2180 3777 2351 3823 multa
2376 3776 2484 3823 alim
2506 3774 2670 3822 caedes
2692 3778 2987 3835 perpetratae
3009 3768 3163 3821 sunt.
3581 3768 3676 3818 707

2164 3886 2240 3949 De
2282 3891 2475 3947 septem
2522 3885 2839 3949 Philosophia
2875 3886 2959 3949 qui
2994 3882 3261 3949 Eudociam
3306 3883 3671 3949 Atheniensem

2105 3944 2482 3997 comitali'sunt
2521 3944 3013 4007 Constantinopolim,
3066 3959 3124 3996 ac
3173 3947 3237 3994 de
3293 3957 3465 3994 eorum
3512 3944 3675 4007 dictis!

2103 4010 2221 4059 dum
2254 4008 2315 4059 Hi
2322 4008 2572 4071 ppodromi
2596 4009 2735 4070 signa
2754 4004 3043 4057 lustrarent.
3587 4004 3680 4055 707

2168 4111 2242 4161 De
2262 4114 2396 4162 dicto
2421 4110 2783 4175 Asclepiodori,
2805 4112 2922 4161 dum
2966 4112 3161 4174 signum
3201 4110 3355 4172 majus
3398 4108 3447 4159 in
3487 4109 3679 4175 Hippo:

2107 4175 2282 4224 dromo
2317 4172 2586 4225 lustraret.‘
3016 4172 3035 4174 ⁷
3558 4172 3563 4173 ⁷
3588 4172 3677 4219 711

2165 4281 2240 4330 De
2266 4285 2431 4328 statua
2455 4277 2723 4327 Theodosii
2747 4283 2988 4340 argentea
3011 4275 3059 4324 in
3083 4275 3247 4326 Tauro
3269 4279 3453 4323 erecta.
3581 4272 3670 4322 7L1

2163 4363 2240 4412 De
2260 4367 2423 4411 statua
2455 4359 2640 4410 Leonis
2673 4361 2873 4410 Macelm
2899 4361 3115 4409 Pittacas
3147 4360 3295 4407 dicta.
3584 4356 3669 4404 711

2165 4444 2241 4495 De
2268 4445 2443 4492 statuis
2465 4457 2580 4505 quae
2613 4444 2659 4491 in
2690 4445 2948 4505 Augusteo
2984 4448 3169 4491 erecta
3191 4448 3353 4491 erant.
3583 4441 3667 4489 711
3728 4488 3733 4491 .

2164 4527 2237 4577 De
2260 4528 2471 4588 tripode,
2498 4526 2581 4588 qui
2616 4528 2666 4575 1ιι
2707 4539 2886 4587 magno
2918 4524 3169 4586 Strategio
3202 4530 3391 4588 positus
3412 4530 3535 4574 erat.
3580 4524 3678 4573 715

2164 4612 2239 4662 De
2276 4609 2616 4671 Philadelphia
2637 4622 2692 4658 ac
2718 4609 2891 4659 statuis
2919 4609 3101 4659 ibidem
3139 4613 3343 4659 erectis.
3581 4608 3680 4657 713

2167 4695 2237 4744 De
2259 4700 2415 4743 statua
2437 4692 2702 4742 Theodosii
2734 4692 2974 4751 iunioris,
3005 4706 3061 4741 ac
3089 4692 3198 4740 aliis
3224 4693 3408 4740 statuis
3434 4693 3487 4739 in
3517 4691 3679 4751 Xero-

2101 4756 2247 4818 lopho
2280 4757 2478 4804 erectis.
2962 4750 2966 4751 ⁷
3586 4750 3679 4798 713

2159 4858 2235 4909 De
2267 4865 2409 4920 portu
2438 4857 2642 4917 Nearia,
2666 4870 2815 4920 quem
2839 4859 3004 4907 Conon
3027 4856 3218 4919 magice
3239 4855 3674 4904 consecravit.715

2102 4944 2244 5053 uagi:
2258 4941 2441 4990 Balnea
2462 4939 2729 5004 Zeuxippi,
2752 4939 3088 5002 Hlppodromo
3113 4950 3169 4988 ac
3193 4937 3422 4988 Themis
3439 4936 3682 5046 (Σουσιςῖιὲ

2163 5108 2237 5157 De
2262 5107 2570 5164 Aquaductu
2598 5105 2836 5155 Valentis.
2889 5106 2963 5154 De
3000 5102 3205 5155 Basilica
3243 5103 3496 5164 Cisterna;
3531 5115 3585 5151 ac
3616 5103 3679 5164 de.

2100 5175 2265 5219 statua
2290 5163 2466 5217 Phocm
2496 5180 2626 5229 pone
2657 5167 2989 5228 Magnauram.
3485 5163 3490 5164 ⁷
3585 5163 3681 5212 715

2163 5276 2235 5385 ile
2268 5279 2426 5323 statua
2453 5270 2784 5324 Valentiniani
2840 5269 3061 5321 Junioris
3101 5271 3152 5320 in
3198 5276 3357 5321 traclu
3404 5265 3681 5374 Martinatii‘zi

2163 5351 2272 5385 818.
3597 5354 3607 5373 α

2100 5351 2272 5399 posita.
3597 5354 3607 5373 .

2161 5430 2241 5489 De
2262 5443 2421 5487 statua
2450 5436 2744 5487 Diocletiani
2774 5433 3057 5486 Nicomedia
3089 5433 3313 5491 advecta,
3338 5436 3392 5480 et
3420 5433 3469 5479 in
3493 5429 3533 5477 Ii
3544 5433 3657 5491 ippo

2097 5499 2251 5549 dromi
2279 5500 2455 5548 throno
2484 5504 2668 5548 erecta.
3298 5489 3306 5491 ⁷
3588 5489 3678 5537 717

2160 5606 2233 5656 De
2268 5609 2425 5652 statua
2462 5603 2737 5651 Maximiani
2764 5615 2819 5650 ac
2839 5601 2950 5650 aliis
2972 5603 3022 5649 in
3057 5598 3238 5651 Cbalce
3263 5601 3459 5658 positis.
3587 5595 3676 5642 'll7

2166 5696 2237 5744 De
2263 5692 2545 5755 Garganum
2576 5692 2733 5754 signis
2763 5688 2811 5737 in
2835 5688 3021 5750 templo
3045 5687 3250 5739 Cbalces
3270 5683 3475 5734 erectis.
3577 5680 3665 5729 717
