3992 6352
242 312 317 369 ιο
1829 338 1839 375 ι

1939 340 2009 397 Δ.
3462 344 3538 401 ω

246 435 928 534 Burcltartlostﬁo/fridos,
956 441 1210 534 Joannes.
1242 443 1497 518 Hugones
1522 457 1572 507 et
1624 449 1761 507 alios
1786 466 1807 506 :
1835 454 1928 509 sed
1957 470 2228 526 nunquam
2260 470 2425 526 neque
2454 454 2758 520 nobiliores,
2792 471 2956 527 neque
2994 470 3264 512 armorum
3293 465 3388 511 ast
3422 459 3534 525 ptes

246 530 377 587 tatis
405 530 576 601 gloria
596 530 939 596 illustriores,
966 549 1126 602 quant
1155 533 1449 595 Borbonios
1477 554 1498 593 :
1529 550 1587 598 ut
1613 551 1764 598 tanto
1796 544 1995 600 scilicet
2037 546 2241 601 cteteris
2270 545 2521 600 laudibus
2546 542 2924 615 praecellerent,
2951 557 3149 617 quanto
3179 547 3309 617 regii
3335 563 3537 616 pravo.

250 627 430 694 galina
454 627 729 697 sanguinis
756 627 1053 685 anteibant.
1083 627 1234 686 Unde
1264 649 1369 688 non
1417 636 1530 690 sine
1557 637 1737 693 divino
1763 639 1996 709 quodam
2025 639 2250 695 consilio
2280 639 2479 710 factum
2529 640 2753 700 videtur.
2802 648 2857 692 ut
2901 635 3295 691 Vindouinensis
3338 639 3528 710 honor,

250 721 409 787 regia-
433 722 704 790 quondam
732 720 1062 775 Iutreditatis
1086 725 1279 791 portio.
1311 742 1430 781 cum
1479 728 1723 785 dominos
1768 740 1927 785 antea
1963 749 2100 801 sa'pe
2130 741 2406 797 mutasset,
2439 750 2502 787 ac
2528 748 2623 802 per
2649 730 2858 801 singula
2886 731 2996 799 fere
3022 732 3268 785 comitum
3312 748 3530 786 suorum

247 810 423 875 capita
455 808 693 878 familias
735 811 1078 875 alteraasset,
1110 815 1166 868 in
1206 819 1305 870 hac
1330 817 1540 872 tamlem
1580 831 1637 877 ut
1667 822 1765 876 sibi
1809 822 2104 892 honoriﬁca
2142 833 2189 878 et
2238 825 2509 893 fortunata
2538 823 2705 892 regali
2747 824 2911 891 stirpe
2951 823 3236 893 conquierit
3263 836 3282 875 :
3310 840 3426 878 cum
3467 825 3531 877 ab

247 899 466 956 Joanne
498 900 767 957 Borbonio
798 902 1058 958 Marchiae
1080 907 1289 970 comite,
1319 909 1412 978 qui
1435 909 1590 964 abavi
1618 912 1696 965 tui
1724 912 1921 967 abavus
1949 913 2088 984 fuit,
2134 931 2227 984 per
2255 929 2408 984 quem
2456 912 2704 967 comitum
2742 909 3212 966 Viudocinensium
3242 912 3348 980 fam
3375 913 3447 966 lia
3478 916 3529 979 in

246 989 569 1044 Borboniam
601 991 802 1046 inserta
822 1002 924 1056 est,
948 993 1020 1047 ad
1048 993 1339 1051 Henricum
1369 1015 1532 1069 usque
1557 998 1665 1069 IV,
1696 1013 1898 1071 patrem
1927 1015 2102 1068 tuum,
2140 1021 2318 1076 regum
2356 1004 2705 1075 fortissimum
2745 1013 2793 1057 et
2826 999 3309 1059 clementissimum.
3339 1000 3533 1055 Borbo-
3590 1052 3591 1055 η

248 1086 458 1138 niorum
499 1085 783 1141 Vindocini
823 1087 1124 1157 principum
1152 1098 1374 1144 stemma
1408 1102 1551 1147 recta
1582 1103 1630 1146 et
1665 1110 1922 1166 nusquam
1968 1096 2261 1167 interrupta
2287 1101 2419 1151 sen'e
2447 1096 2735 1150 decurrat:
2773 1108 2907 1161 quos
2935 1107 3115 1147 omnes
3147 1103 3238 1145 aut
3260 1094 3450 1147 summi
3480 1096 3531 1145 in

249 1168 429 1228 Gallia
456 1175 589 1243 gesti
630 1179 997 1246 magistratus,
1041 1175 1538 1248 administratwque
1573 1183 1881 1251 prouinciae,
1913 1193 2004 1237 aut
2036 1182 2384 1253 triumphales
2411 1183 2630 1237 deuictis
2675 1182 2912 1236 hostibus
2953 1187 3188 1245 adorem,
3241 1192 3331 1236 aut
3380 1199 3534 1250 para

251 1263 475 1332 denique
514 1264 591 1320 uel
615 1278 827 1327 externa
850 1267 928 1322 vel
948 1270 1087 1325 avita
1120 1287 1281 1341 regna
1312 1272 1679 1328 nobilitarunt.
1723 1274 1808 1329 Ea:
1836 1292 1939 1345 quo
1966 1274 2176 1347 quidem
2204 1292 2445 1347 prtrsaga
2480 1274 2602 1349 jam
2645 1285 2813 1331 mente
2855 1276 3085 1329 sentiunt
3122 1272 3533 1327 Viudocinenses

251 1357 357 1417 tui,
386 1371 490 1423 quo
508 1367 555 1411 te
581 1358 842 1427 majorunt
872 1371 1084 1415 tuorum
1104 1363 1298 1417 decora
1324 1374 1501 1419 uocent
1528 1378 1548 1416 :
1574 1366 1702 1435 quid
1732 1367 1833 1422 sibi
1856 1384 1920 1423 ea:
1937 1379 2159 1437 paterno
2184 1368 2250 1422 de
2277 1376 2327 1422 te
2347 1367 2559 1438 judicio
2579 1369 2839 1438 spondere
2868 1369 3124 1432 debeant;
3155 1367 3280 1432 quid
3310 1369 3536 1437 posteris

250 1448 358 1500 tuis
399 1444 678 1502 l’mdociui
697 1451 893 1520 futuris
922 1455 1145 1514 ducibus
1168 1474 1187 1512 :
1220 1459 1410 1529 quibus
1440 1471 1497 1515 ut
1535 1478 1723 1517 tteuam
1751 1463 2016 1530 familiam
2047 1462 2223 1527 ducis,
2253 1479 2443 1518 novum
2470 1463 2651 1529 etiam,
2675 1463 2817 1531 quod
2843 1462 3038 1516 eximia
3066 1461 3180 1515 lta'c
3211 1460 3414 1516 indoles
3437 1472 3534 1516 tua

245 1537 545 1608 pollicetur,
579 1543 650 1596 ad
675 1545 1025 1604 immortalem
1062 1552 1289 1606 nominis
1319 1551 1523 1622 famam
1552 1553 1654 1608 iter
1672 1554 1934 1610 ostendes.
1961 1551 2237 1625 Goﬂ'ridus
2267 1571 2388 1611 uero
2417 1565 2611 1618 noster,
2636 1556 2682 1609 si
2697 1555 2767 1608 ad
2789 1553 2947 1608 vitam
2975 1552 3189 1616 rediret,
3219 1562 3536 1625 quantopere

244 1631 345 1684 sibi
366 1633 709 1706 operibusque
734 1640 845 1693 suis
865 1650 917 1695 te
939 1642 1272 1710 potissimum
1316 1643 1450 1697 duce
1485 1642 1655 1697 lucem
1699 1645 1965 1701 redditam
2005 1644 2416 1716 gratularetur?
2448 1655 2539 1702 aut
2569 1645 2725 1716 cujus
2771 1642 2865 1698 illa
2892 1643 3145 1711 auspiciis
3180 1643 3233 1695 in
3262 1642 3533 1712 publicum

242 1722 389 1776 exire
417 1723 621 1791 mallet,
665 1743 825 1797 quam
855 1730 982 1791 tuis,
1039 1733 1094 1785 in
1128 1732 1280 1802 cujus
1329 1733 1439 1801 ipse
1485 1731 1651 1787 tutela
1677 1742 1725 1787 et
1761 1732 2082 1804 patrocinio,
2116 1734 2163 1788 si
2206 1734 2413 1797 viveret,
2457 1736 2801 1790 versaretur?
2835 1737 2943 1792 Sed
2966 1738 3061 1790 tibi
3085 1747 3343 1806 prauerea
3372 1737 3530 1792 debe-

243 1810 456 1868 buntur.
488 1815 629 1874 Nam
659 1818 706 1871 si
733 1818 886 1887 [undi
921 1820 1191 1876 dominum
1212 1822 1419 1890 fructus
1439 1835 1752 1893 sequuntur,
1776 1822 1894 1893 quis
1927 1840 2031 1878 non
2065 1823 2345 1894 intelligat,
2372 1824 2516 1895 quod
2542 1826 2597 1879 in
2632 1823 3004 1882 Vindocincusi
3029 1829 3156 1882 olim
3179 1842 3309 1897 agro
3333 1838 3533 1890 satum.

245 1912 540 1975 nutumque
569 1908 663 1970 sit,
695 1908 789 1962 tibi
815 1910 911 1966 uni
934 1911 1129 1975 deberi,
1161 1913 1231 1969 ad
1259 1930 1415 1982 quem
1446 1913 1652 1985 integra
1685 1912 1969 1969 Vindocini
2007 1916 2267 1984 possessio
2294 1914 2448 1984 pleno
2476 1933 2538 1970 ac
2582 1917 2753 1972 solido
2786 1918 2912 1987 jure
2955 1915 3233 1986 transfusa
3265 1917 3382 1972 est?
3417 1915 3535 1971 Hoc

248 2005 375 2059 ergo
401 1994 609 2065 majore
623 1995 742 2065 jam
770 1998 995 2065 ﬁducia,
1022 2017 1126 2071 quo
1149 2002 1381 2071 justiore
1405 2004 1679 2073 obsequio,
1729 2005 1798 2058 ad
1830 2015 1880 2060 te
1934 2022 2055 2059 cum
2107 2017 2392 2075 proxeneta
2435 2024 2532 2061 suo
2564 2024 2703 2064 nunc
2732 2011 2872 2064 venit
2901 2021 2921 2064 :
2969 2019 3260 2080 rogantque
3292 2009 3491 2076 pariter
3508 2026 3532 2075 ;

248 2083 382 2154 ipse,
411 2095 467 2137 ut
492 2087 632 2141 hunc
660 2088 777 2157 ejus
803 2090 1000 2161 ingenii
1030 2093 1197 2161 fetum
1236 2094 1405 2161 ipsius
1436 2097 1549 2149 uice
1575 2096 1770 2163 foveas,
1795 2106 1842 2150 et
1872 2096 2015 2167 quod
2036 2098 2210 2166 jurati
2238 2097 2361 2151 olim
2397 2099 2619 2152 comites
2661 2097 3072 2154 Vindociuenses
3089 2100 3406 2154 monasterio
3430 2116 3530 2157 suo

248 2173 562 2241 prtusidium
590 2178 1005 2246 spoponderunt,
1033 2180 1088 2235 id
1114 2189 1290 2234 ratum
1318 2198 1380 2236 ac
1404 2196 1715 2253 perpetuum
1750 2200 1862 2237 esse
1892 2184 2054 2250 velis;
2086 2201 2206 2255 ego,
2237 2195 2293 2239 ut
2321 2196 2477 2240 tenue
2500 2185 2599 2240 hoc
2638 2189 2898 2256 specimen
2927 2190 3101 2259 oﬂicii.
3134 2194 3201 2243 ad
3230 2189 3538 2244 deditissimi

246 2260 416 2355 animi
445 2275 898 2355 auctoramentum
927 2267 1172 2351 placidus
1198 2270 1465 2337 excipias;
1508 2272 1876 2343 familiamque
1927 2274 2133 2330 ordinis
2164 2276 2335 2331 nostri
2370 2277 2690 2344 uniuersam,
2727 2282 2932 2340 paterni
2964 2280 3132 2334 lta'res
3159 2281 3405 2353 exempli,
3431 2295 3538 2355 qua

243 2354 415 2424 ipsum
447 2353 605 2415 vides,
639 2356 984 2426 benignitate,
1019 2359 1405 2433 clementiaque
1430 2371 1638 2419 tueare.

602 2444 989 2507 lllustrissima:
1019 2450 1086 2510 Δ.
1119 2450 1182 2510 Τ.

1967 2525 2099 2582 Dedi
2108 2526 2351 2584 tissimus
2364 2572 2379 2599 ,

2162 2619 2401 2679 Jacobus
2426 2621 2775 2684 Sirmondus.
2807 2622 3099 2683 Societatis
3126 2624 3275 2699 Jesu.

248 2812 2388 2846 Μ

2386 2815 3526 2857 7W

1593 2981 2162 3074 LECTORI.

1730 3174 2118 3190 Ψ

315 3280 543 3343 Godridi
568 3280 803 3346 abbatis,
830 3280 974 3352 quod
1001 3279 1127 3348 jure
1172 3280 1412 3344 mireris,
1465 3295 1645 3350 neque
1699 3279 1842 3350 apud
1871 3281 1919 3339 Α
1948 3290 2052 3336 tur.
2091 3278 2360 3349 Epistolas
2384 3278 2453 3334 ab
2475 3277 2752 3351 opusculis
2793 3287 2849 3335 et
2898 3279 3244 3338 sermonibus
3292 3279 3539 3352 seiunxi-

244 3373 462 3433 lllorum
494 3382 797 3444 temporum
842 3371 1151 3439 historicos,
1196 3386 1374 3442 neque
1402 3373 1544 3444 apud
1603 3386 1699 3427 eos
1742 3371 1833 3442 qui

244 3476 430 3523 nostra
459 3464 544 3521 vel
571 3480 800 3520 avorum
850 3465 1114 3520 memoria
1164 3463 1454 3519 illustrium
1506 3464 1836 3534 scriptorum

246 3562 456 3617 iudices
479 3570 790 3625 texuerunt,
817 3560 924 3615 ulla
953 3575 1179 3631 usquam
1203 3568 1287 3615 est
1310 3560 1532 3615 mentio.
1580 3557 1716 3615 Huic
1738 3573 1838 3615 nos

243 3651 463 3708 silentio
486 3660 547 3707 ut
571 3652 752 3719 aliqua
784 3665 851 3706 ex
873 3660 1027 3721 parte
1054 3652 1421 3714 mederentur,
1455 3650 1579 3705 vitae
1625 3650 1840 3709 brevia-

243 3741 389 3799 rium
418 3757 484 3796 ex
512 3742 632 3812 ejus
654 3742 825 3810 ipsius
844 3739 1087 3809 epistolis
1118 3738 1470 3808 collegimus:
1497 3746 1611 3792 tum
1634 3737 1840 3807 aliquot

242 3832 507 3903 deinceps
528 3831 771 3899 ejusdem
794 3831 893 3884 aevi
917 3831 984 3883 de
1007 3829 1097 3884 illo
1121 3828 1451 3893 testimonia,
1481 3827 1652 3881 indito
1674 3828 1838 3883 etiam

248 3919 850 3980 Francisci'l‘orreusis
880 3919 1050 3973 nostri
1089 3916 1305 3990 elogio;
1352 3915 1507 3985 cujus
1552 3916 1844 3987 diligentia:

243 4016 588 4093 πολυστορίαν
612 4009 838 4071 Goﬂ‘ridi
869 4010 1070 4080 Opera,
1129 4024 1250 4079 qua:
1281 4019 1506 4064 caeteros
1536 4006 1740 4078 fugisse
1767 4008 1844 4062 vi-

245 4108 537 4171 debantur,
566 4105 792 4160 minime
817 4102 1112 4158 latuerunt.
1150 4100 1205 4157 in
1230 4099 1468 4156 editione
1488 4114 1656 4170 porro
1677 4100 1840 4155 ador-

246 4198 422 4254 nanda
452 4198 592 4253 binis
618 4197 1018 4267 exemplaribus
1049 4195 1289 4263 antiqua:
1312 4202 1368 4249 et
1395 4193 1582 4263 proba:
1609 4201 1842 4264 utroque

246 4301 389 4345 noue
419 4291 500 4344 usi
525 4304 732 4349 smnus.
760 4286 896 4346 Nam
928 4295 1120 4356 praeter
1160 4285 1647 4351 Cenomannicum,
1694 4287 1841 4356 quod

247 4397 280 4434 (ι
305 4380 365 4435 S.
398 4378 545 4435 Petri
572 4380 645 4432 de
679 4377 902 4437 Cultura
957 4376 1208 4433 rtetiobio
1250 4376 1392 4432 nacti
1443 4375 1557 4445 jam
1599 4391 1834 4440 eramus,

246 4473 477 4528 alterum
503 4472 658 4526 nobis
693 4485 724 4526 e
753 4470 1083 4525 monasterio
1110 4484 1212 4525 suo
1234 4467 1599 4539 suppeditavit
1629 4466 1840 4536 prolixa

244 4574 301 4619 et
329 4563 622 4635 singularis
644 4563 706 4619 D.
742 4560 1017 4616 Michaelis
1060 4558 1269 4615 Subleti
1320 4559 1534 4615 abbatis
1586 4558 1840 4615 Vindnci-

242 4653 797 4721 nensis'hnmanitas,
848 4650 949 4708 Cui
992 4652 1217 4723 quidem
1257 4650 1515 4722 opuscula
1566 4649 1699 4714 duo,
1739 4666 1834 4705 xm
1870 4634 1914 4693 Ii

242 4760 463 4816 nempe,
487 4761 554 4802 ac
574 4759 705 4799 svnt
729 4743 1010 4807 debemus,
1040 4759 1161 4814 qua:
1188 4743 1244 4798 in
1273 4743 1445 4799 uitem
1466 4742 1842 4799 desideraban-

1939 3386 2079 3426 mus.
2111 3368 2377 3426 Permista
2415 3369 2560 3424 enim
2613 3378 2669 3425 et
2716 3368 2940 3425 confusa
2988 3370 3043 3424 iu
3100 3380 3330 3440 utroque
3383 3383 3541 3429 erant

1936 3460 2142 3517 omnia.
2173 3460 2280 3516 Sed
2304 3461 2357 3516 iu
2380 3459 2641 3530 epistolis,
2691 3460 2817 3530 quia
2846 3460 2900 3515 in
2925 3459 3113 3518 codice
3160 3461 3539 3522 Vindocinensl

1938 3569 2225 3627 perpauca:
2265 3563 2422 3610 erant
2450 3594 2468 3620 ,
2513 3554 3014 3611 Cenomannensem
3073 3557 3244 3612 secuti
3303 3572 3535 3626 stunus;

1937 3647 2133 3703 ordine
2160 3645 2326 3701 etiam
2378 3644 2605 3712 intacto,
2662 3644 2764 3699 nisi
2812 3646 2957 3716 quod
3004 3646 3263 3718 epistolas
3309 3646 3536 3719 aliquot.

1938 3750 2063 3809 qum
2098 3746 2255 3793 extra
2312 3735 2582 3801 ordinem,
2608 3743 2796 3807 utpote
2852 3746 2976 3806 post
3021 3738 3276 3808 primum,
3324 3738 3536 3810 opinor.

1941 3830 2316 3886 collectionem
2349 3845 2379 3885 a
2404 3827 2648 3887 Goﬂ'rido
2669 3828 2912 3900 scriptae,
2936 3828 3082 3885 inter
3104 3828 3241 3886 alios
3272 3838 3541 3886 tractatus

1942 3927 1999 3975 et
2027 3934 2308 3978 sermones
2340 3936 2545 3994 sparsae
2567 3920 2884 3992 legebantur
2917 3919 3138 3991 (quibus
3162 3930 3219 3977 et
3248 3921 3540 3978 asterisco:

1945 4012 2001 4068 in
2028 4010 2227 4078 indice,
2256 4024 2316 4070 ut
2366 4017 2438 4071 tui
2491 4027 2711 4086 quoque
2762 4014 2873 4069 sint
2913 4010 3131 4083 iudicii,
3183 4015 3539 4085 prtulisimus)

1944 4104 2058 4160 suis
2086 4118 2329 4174 quasque
2356 4105 2488 4159 locis
2515 4105 2582 4159 ad
2603 4112 2830 4157 caeteras
2882 4102 3181 4172 adiecimus
3210 4120 3225 4157 :
3259 4112 3541 4175 totumque

1944 4204 2304 4262 utrarumque
2327 4206 2522 4261 corpus
2552 4190 2765 4245 levandi
2797 4189 3002 4244 fastidii
3028 4191 3203 4261 gratia
3266 4191 3320 4247 in
3372 4191 3540 4249 libros

1942 4289 2185 4360 quinque
2213 4284 2400 4357 partiti
2449 4296 2638 4339 sumus
2669 4300 2682 4336 :
2717 4298 2841 4338 cum
2893 4280 3183 4338 lectoribus
3224 4282 3541 4354 plerumque

1943 4378 2087 4435 idem
2112 4375 2256 4447 quod
2285 4375 2392 4431 iter
2420 4371 2753 4430 facientibus
2799 4371 3021 4429 evenire
3078 4368 3272 4439 soleat,
3320 4372 3538 4444 quibus,

1941 4480 2001 4525 ut
2024 4466 2381 4526 Numatianus
2414 4465 2491 4522 ait
2515 4484 2530 4521 :

2083 4646 2383 4707 Intervalla
2418 4645 2513 4703 uite
2533 4646 2684 4711 fessis
2712 4655 2963 4715 prtestare
2980 4644 3199 4711 videtur,

2167 4738 2270 4805 Qui
2300 4744 2449 4791 notat
2477 4735 2759 4805 inscriptus
2777 4731 2946 4789 millia
2972 4732 3138 4789 multa
3164 4732 3325 4805 lapis.

1878 4917 3506 4945 Μ

1264 5053 1938 5172 GOFFBIDI
2005 5049 2406 5168 VITA.

315 5367 564 5429 (solrido
590 5371 761 5438 patria
786 5368 887 5424 fuit
916 5370 969 5423 in
1018 5370 1371 5441 Antlrgavis:
1408 5385 1580 5440 genus
1628 5368 1837 5422 clarum

240 5465 297 5521 in
323 5463 519 5535 primis
545 5478 609 5518 ac
633 5460 832 5524 nobile,
868 5461 1010 5530 quod
1042 5462 1246 5519 iudicat
1293 5460 1411 5530 ejus
1460 5459 1684 5532 epistola
1716 5461 1752 5515 2
1787 5468 1844 5516 et

236 5556 387 5624 alite,
421 5557 696 5628 inquibus
743 5555 1070 5612 Bainaldum
1120 5553 1386 5611 Credonis
1440 5553 1736 5619 dominum,
1789 5562 1844 5611 et

238 5649 566 5707 Mauricium
600 5646 717 5717 eius
766 5649 933 5705 lilium
990 5646 1427 5716 consanguineos
1476 5658 1606 5699 suos
1663 5653 1838 5700 vocat.

238 5743 520 5805 Educatus
563 5755 594 5797 a
649 5738 953 5798 Guarnerio
1002 5737 1389 5800 arcltidiacono
1447 5732 1837 5809 Audcgat‘ensi,

1950 5367 2327 5438 magistroque
2346 5384 2476 5425 usus
2497 5365 2807 5434 Guillelmo,
2829 5367 2897 5423 ad
2927 5380 3088 5440 quem
3114 5363 3254 5419 libro
3310 5374 3368 5414 Iv
3401 5360 3543 5419 scrlo

1949 5460 2061 5527 bit;
2100 5458 2274 5529 prima
2304 5467 2466 5513 aetate
2496 5459 2638 5514 inter
2667 5458 2962 5515 monachos
2994 5450 3407 5513 Vludocluensis
3428 5464 3544 5511 meo

1948 5551 2175 5610 nasterii
2205 5591 2222 5617 ,
2273 5552 2416 5623 quod
2470 5550 2746 5609 Gon‘ridus
2793 5548 3070 5607 Martellus
3114 5555 3297 5601 comes
3352 5545 3546 5617 paucis

1948 5652 2075 5700 ante
2111 5643 2272 5699 annis
2314 5643 2367 5698 in
2414 5641 2714 5698 Carnutum
2764 5641 2963 5698 finibus
3008 5635 3283 5697 fundarat,
3344 5650 3543 5694 nomen

1949 5734 2117 5794 dedit.
2155 5731 2265 5791 Nec
2285 5733 2455 5788 multo
2481 5742 2626 5804 post,
2661 5730 2896 5787 novitius
2938 5727 3114 5784 adhuc
3143 5732 3192 5779 et
3218 5721 3456 5797 juvenis,
3479 5741 3543 5786 ac
