3990 6458
503 380 568 439 8⁵1
1524 371 1848 430 οοιηηιιοι
1889 365 2182 423 ABBATIS
2225 363 2338 420 VIN
2355 363 2759 421 DOCINENSIS
3733 357 3799 412 S2

504 496 767 552 diaconus
790 501 1020 553 tantum.
1057 490 1304 546 Bernone
1339 497 1577 548 mortuo,
1607 488 1828 556 quintus
1849 483 2088 552 ejusdem
2123 489 2162 545 Α
2198 482 2430 537 arbitros
2458 481 2862 544 controversia,
2887 497 3007 551 quae
3030 482 3096 536 de
3129 482 3392 550 majoratn
3423 490 3477 534 et
3529 482 3802 534 senescat-

503 589 739 641 cumobii
762 588 928 640 abbas
959 582 1297 636 renuntiatus
1319 589 1420 633 est.
1456 578 1594 632 Tum
1624 579 1691 632 ab
1715 577 1873 632 lvone
1895 576 2103 630 Carno-

505 681 642 731 teusi
678 679 932 747 episcopo
958 676 1333 740 inauguratus,
1367 669 1446 724 Ro
1471 686 1704 740 namque
1729 668 1794 722 ad
1824 665 2101 723 Urbanum

504 769 567 826 ll.
593 769 924 822 Guibertinze
958 763 1212 817 factionis
1240 771 1385 816 metu
1428 761 1748 824 latitantem,
1805 761 2097 830 profectus.

505 859 799 914 iznmortali
853 854 1162 925 pontiﬁcem
1230 851 1495 905 hcnelicio
1543 851 1802 913 devinxit,
1871 850 2098 919 pecunia

506 951 648 1003 unde
678 949 1022 1005 Lateranum,
1048 953 1103 997 et
1133 943 1321 996 turrim
1367 941 1734 996 Crescentiam
1790 941 2096 1004 redimeret,

507 1043 709 1096 :ill‘azim
735 1041 954 1097 collata.
979 1039 1098 1106 Quo
1131 1038 1348 1092 nomine
1373 1037 1582 1105 primus
1611 1035 1851 1088 omnium
1909 1034 2097 1102 pedem

504 1131 724 1189 Urbano
755 1132 808 1186 in
857 1133 984 1185 sede
1028 1128 1302 1200 pontificia
1359 1143 1480 1180 rutn
1533 1126 1804 1180 Laterano
1849 1125 2095 1178 restituta

496 1224 771 1279 escnlatns
803 1232 906 1277 est.
939 1224 976 1277 Α
1007 1238 1116 1292 quo
1146 1231 1202 1276 et
1249 1221 1538 1289 presbyter
1584 1225 1852 1275 sacratus.
1905 1214 2090 1269 Eccle-

498 1319 636 1372 siatn
665 1317 828 1371 etiam
860 1315 918 1370 Β.
962 1315 1182 1376 l’risme,
1204 1313 1343 1367 unde
1365 1313 1414 1365 vi
1447 1328 1476 1365 a
1509 1311 1870 1366 Guitbertinis
1898 1308 2092 1374 dejecti

500 1408 711 1463 fuerant
743 1407 1188 1469 Virulocinenses,
1217 1419 1338 1460 cum
1363 1419 1579 1458 annexa
1607 1399 1900 1455 cardinalis
1920 1399 2095 1469 digni-

497 1509 610 1556 tate
633 1499 966 1572 postliminio
997 1499 1215 1568 recepit.
1256 1497 1526 1552 lieversns
1559 1497 1610 1550 in
1641 1495 1842 1552 Gallias
1877 1494 2093 1548 Saltttu-

499 1606 616 1644 rum
651 1591 717 1644 ad
754 1589 988 1661 Ligerim
1027 1591 1215 1642 eodem
1255 1589 1369 1657 ipso
1401 1603 1565 1649 anno,
1623 1586 1712 1653 qui
1742 1583 1843 1637 fuit
1887 1583 2089 1637 Christi

497 1682 658 1744 {095,
694 1683 762 1737 ab
785 1681 1009 1752 "agone
1031 1679 1207 1749 legato
1232 1680 1298 1733 ad
1329 1677 1581 1733 Fulconis
1619 1675 1844 1731 Rechini
1875 1673 2090 1727 comitis

495 1772 1094 1843 cxpiationemaccitns
1117 1779 1221 1824 est.
1276 1769 1412 1822 Tum
1469 1767 1713 1836 sequenti
1773 1781 1894 1818 mox
1945 1777 2087 1818 anno

2207 580 2289 634 cia
2340 579 2584 634 Francite
2620 579 2688 632 ab
2738 579 3154 648 Andegavormn
3207 579 3406 633 cernite
3459 579 3794 632 movebatur.

2208 668 2594 724 Mouasterium
2630 684 2841 724 summa
2876 685 3007 724 cura
3041 678 3094 722 et
3132 670 3408 738 vigilantia
3445 667 3606 732 rexit,
3643 669 3712 721 ita
3743 679 3796 723 ut

2206 761 2409 814 nullum
2449 761 2539 814 illo
2571 770 2678 814 tota
2709 761 2807 816 Gal
2835 761 2901 823 ia,
2942 761 3083 829 quod
3116 777 3219 813 non
3248 777 3353 812 uno
3379 760 3499 814 loco
3521 761 3794 829 prtedicat,

2203 869 2264 907 ea
2296 862 2454 908 :etate
2487 853 2791 906 ordinatius
2819 853 3136 914 haberetur;
3193 862 3243 906 et
3301 870 3612 922 quanquam
3669 870 3792 905 non-

2203 945 2364 998 nullis
2389 946 2630 1012 aspzarior
2662 946 2961 1003 videbatur,
3007 946 3118 1012 ipse
3162 955 3343 996 tamen
3392 960 3450 996 se
3503 945 3569 995 ad
3625 945 3770 996 in-lnl

2202 1036 2436 1103 gentiam
2469 1045 2659 1089 natura
2685 1035 2993 1104 proniorem
3029 1033 3194 1087 fuisse
3236 1034 3444 1086 scribit.
3497 1033 3794 1088 Prcventus

2201 1140 2332 1178 vero
2362 1135 2524 1194 atque
2549 1142 2681 1195 opes
2709 1135 2968 1178 externas
3005 1125 3082 1177 sie
3116 1122 3490 1193 amplificavit,
3516 1135 3572 1175 nt
3610 1140 3795 1178 mona-

2199 1217 2603 1286 stcritundnpln
2630 1235 2792 1287 quam
2818 1227 3122 1286 acceperat,
3156 1218 3476 1287 locupletius
3497 1219 3790 1288 copiosius-

2198 1321 2304 1375 que
2336 1306 2638 1376 reliquerit.
2676 1307 2781 1362 Sed
2812 1307 2994 1362 multte
3040 1307 3156 1371 illi,
3210 1317 3267 1360 ut
3321 1324 3438 1362 mos
3483 1318 3565 1362 est
3596 1349 3611 1371 ,
3668 1309 3791 1363 dum

2197 1397 2381 1466 autiqu
2405 1429 2412 1440 -
2435 1397 2710 1467 illinsjura
2727 1408 2776 1452 et
2795 1399 3162 1468 possessiones
3182 1408 3445 1462 tueretur,
3462 1415 3584 1453 eum
3604 1398 3794 1456 vicinis

2193 1489 2485 1558 episcopis,
2509 1490 2793 1544 abbatibus
2842 1500 2898 1544 et
2945 1490 3278 1561 principibus
3323 1493 3452 1546 viris
3499 1492 3793 1546 subeunda:

2195 1581 2455 1636 molestia:
2480 1592 2534 1634 et
2560 1583 2936 1636 contentiones
2986 1583 3226 1636 fuerunt.
3276 1583 3492 1653 ingenio
3532 1583 3632 1637 fuit
3682 1585 3790 1638 acri

2195 1681 2244 1725 et
2278 1672 2488 1734 vivido;
2525 1659 2667 1740 quod
2693 1673 2744 1724 in
2769 1673 2945 1727 sacris
2993 1675 3264 1743 prtm'ipttc
3322 1674 3516 1728 litteris
3569 1674 3794 1728 canoni-

2191 1763 2398 1832 busque
2414 1765 2774 1818 exercitatum
2795 1765 2974 1818 omnia
2995 1766 3194 1833 passim
3215 1779 3376 1836 opera
3399 1781 3521 1821 cum
3546 1765 3790 1834 singula-

494 1838 997 1918 ad'celebcrrimum
1028 1861 1168 1929 apud
1218 1860 1488 1913 Arvernos
1532 1855 1817 1912 cont-ilimn
1863 1855 1930 1908 ab
1989 1853 2087 1908 l’r-
2120 1838 2162 1898 Β
2194 1855 2237 1908 ri
2287 1853 2404 1920 ejus
2441 1855 2638 1923 pietate
2698 1863 2965 1908 testantur
3002 1872 3014 1908 :
3051 1855 3352 1908 libertatem
3399 1854 3483 1908 vel
3529 1856 3692 1909 unica
3725 1855 3791 1908 ad

495 1954 634 2009 Ιιειιιο
667 1965 887 2008 vocatus
917 1954 1180 2019 interfuit,
1211 1953 1496 2007 adfuturus
1522 1951 1686 2005 etiam
1731 1947 2083 2027 Laterancnsi

496 2045 769 2100 Paschalis
799 2045 860 2109 ll,
889 2056 943 2100 et
977 2045 1376 2099 llomanoitem
1432 2043 1636 2098 Callisti
1698 2041 1760 2108 ll,
1806 2057 1834 2094 a
1888 2039 2086 2110 quibus

490 2138 700 2207 pariter
724 2139 1077 2203 avocabatur,
1111 2137 1211 2190 nisi
1241 2138 1470 2190 alterum
1518 2136 1620 2189 iter
1663 2134 1905 2189 brevitas
1949 2142 2084 2186 tem-

491 2234 658 2300 poris,
689 2230 921 2284 alterum
956 2229 1149 2283 hiemis
1187 2229 1452 2294 asperitas
1486 2225 1826 2281 exclusisset.
1866 2222 2083 2277 Urbano

490 2337 644 2386 sane,
670 2320 845 2388 quoad
872 2319 1026 2382 vixit,
1046 2318 1189 2372 unici
1218 2317 1307 2370 lilii
1340 2318 1512 2370 instar
1542 2316 1740 2369 Charus
1773 2314 2081 2383 fuitzqnetn

491 2410 657 2463 etiam
717 2407 997 2463 Vindociai
1031 2449 1045 2470 ,
1107 2422 1172 2460 ac
1217 2415 1400 2476 postea
1458 2405 1772 2460 Pasrltalcnt
1813 2405 2083 2458 nndenum

491 2499 700 2553 dierum
723 2499 898 2566 spatio
931 2497 1196 2565 hospitem
1232 2496 1437 2551 habuit.
1462 2496 1682 2549 Callisto
1713 2503 1892 2548 autem
1919 2495 2082 2547 veteri

491 2591 894 2645 necessitudine
923 2591 1262 2660 conjunetus,
1288 2599 1361 2653 et,
1393 2589 1534 2658 quod
1557 2589 1840 2656 utriusque
1883 2595 2082 2640 mutua:

491 2681 733 2751 epistolae
766 2683 1081 2749 ostendunt,
1118 2682 1337 2735 intimus
1367 2680 1486 2734 fuit.
1549 2678 1666 2746 Quo
1722 2681 1988 2746 praeterea
2026 2679 2080 2732 in

492 2778 718 2825 nuiuero
747 2773 886 2841 apud
927 2773 1250 2827 Ludovicum
1278 2772 1339 2826 Vl
1374 2786 1551 2841 regem
1603 2768 1826 2823 Goll‘ridi
1885 2784 2078 2823 nomen

489 2860 677 2928 fuerit,
712 2865 810 2918 hoc
837 2863 1102 2929 declarat,
1133 2862 1275 2932 quod
1303 2878 1331 2916 a
1367 2877 1491 2934 rege
1521 2859 1763 2915 delectus
1803 2868 1888 2914 est
1943 2859 2085 2914 inter

501 3059 2632 3095 mw

2192 1947 2508 2002 Paschalem
2548 1963 2615 2003 ne
2647 1948 2982 2001 iuvestituris
3004 1948 3072 2000 ab
3110 1963 3173 2001 co
3195 1947 3468 2002 concessis
3518 1945 3747 2017 cpistola
3774 1965 3788 2002 :

2195 2044 2352 2098 fidem
2386 2058 2451 2096 ac
2501 2043 2740 2096 studium
2789 2059 2916 2112 erga
2971 2045 3154 2118 sedem
3209 2043 3583 2113 apostolicam,
3637 2042 3794 2112 cujus

2191 2134 2472 2203 speciatim
2506 2133 2598 2188 lilii
2629 2143 2755 2188 sunt
2784 2134 3012 2188 abbates
3045 2134 3488 2201 Vindoeiiiemes,
3519 2144 3632 2188 tum
3688 2136 3795 2188 im.

2190 2239 2394 2295 pensne,
2423 2240 2560 2293 quas
2581 2239 2678 2295 pro
2703 2241 2764 2279 ea
2801 2225 3064 2279 maximas
3101 2224 3250 2288 fecit,
3278 2234 3387 2278 tum
3411 2235 3794 2294 susceptorum

2192 2316 2448 2371 itinertnn
2479 2317 2693 2372 labores
2723 2335 2735 2370 :
2769 2317 2820 2370 iu
2851 2318 3050 2386 quibus
3084 2317 3246 2384 Alpes
3276 2333 3372 2384 pro
3395 2315 3652 2370 Ecclesim
3682 2315 3796 2368 Rn-

2192 2425 2364 2464 mamc
2389 2409 2624 2464 utilitate
2648 2409 2938 2464 duodecies
2970 2408 3326 2471 transcendit,
3379 2416 3460 2460 ter
3511 2407 3676 2460 etiam
3722 2407 3795 2461 ab

2190 2497 2307 2566 ejus
2343 2499 2667 2554 adversariis
2695 2511 2882 2568 captus
2913 2511 3014 2552 est.
3044 2498 3116 2552 De
3153 2499 3303 2551 obitu
3363 2496 3495 2552 nihil
3541 2513 3796 2568 comper-

2191 2601 2328 2657 tnm,
2359 2592 2426 2646 ad
2461 2603 2706 2646 extrema
2754 2590 2976 2645 llonorii
3039 2591 3076 2644 ll
3134 2600 3372 2658 tempora
3426 2590 3744 2658 pervenisse
3777 2627 3795 2654 ,

2193 2681 2414 2737 Honorii
2459 2683 2626 2752 ipsius
2653 2683 2718 2736 ad
2742 2680 3044 2738 Goli'ridum
3068 2680 3283 2746 litteras,
3315 2695 3456 2732 anno
3486 2679 3623 2734 H29
3653 2677 3792 2732 scri-

2190 2782 2294 2842 pta:
2318 2771 2476 2826 fidem
2507 2770 2728 2826 faciunt.

2617 3049 3788 3092 τιμῇ-ξ

1773 3242 2531 3337 TESTIMONIA

611 3439 914 3504 Veterum
954 3441 1199 3522 aliquot
1230 3439 1522 3521 ejusdem
1549 3439 1756 3504 aetatis
1785 3438 2202 3576 scri‘p'tosum,
2243 3442 2304 3496 et
2345 3410 2655 3523 neoterici
2698 3431 2900 3494 unius
2947 3431 3027 3495 de
3074 3427 3364 3492 Goffrido
3415 3427 3647 3491 abbate

1953 3533 2017 3576 ιιι
2070 3529 2388 3576 ocmenst.

1953 3529 2388 3577 moocmensu

491 3967 732 4040 Hugouis
761 3970 1135 4040 ore/tiepismpi
1169 3969 1554 4039 Lugdunensis,
1606 3971 1745 4024 sedis
1780 3969 2080 4036 apostolica:

560 4039 739 4108 legati,
773 4040 958 4093 (illene
987 4043 1051 4094 de
1085 4039 1336 4094 Fulconis
1375 4040 1587 4095 Rerltini
1615 4043 1819 4096 comitis
1861 4041 2078 4095 absolu-

557 4112 719 4174 tione,
745 4112 828 4163 cui
851 4108 1122 4179 Go/fridus
1149 4111 1414 4179 interfuit.

559 4201 712 4268 llogo
774 4201 1152 4269 Lugdunensis
1216 4203 1699 4272 archiepiscopus,
1763 4203 2078 4271 apostolica:

489 4273 634 4325 sedis
664 4273 893 4340 legatus.
929 4273 1300 4326 dilectissimis
1338 4275 1390 4326 in
1433 4274 1652 4327 Christo
1699 4273 1960 4328 fratribus
1990 4292 2078 4327 ar-

485 4342 870 4409 chiepiscopis.
891 4343 1178 4411 episcopis.
1197 4343 1502 4400 abbatibus.
1527 4354 1582 4396 et
1601 4345 1854 4399 omnibus
1874 4361 1929 4398 sa
1942 4353 2079 4397 uela:

487 4412 578 4466 Dei
602 4412 854 4466 Ecclesia:
875 4413 1139 4478 ﬁdelibus,
1164 4412 1412 4466 salutem.
1429 4413 1714 4465 Communi
1740 4416 2074 4466 orthodoxe-

486 4499 604 4536 rttm
645 4484 888 4536 omnimn
931 4483 1134 4537 notitia:
1173 4483 1388 4536 tradere
1430 4482 1650 4550 dignum
1688 4482 2075 4550 jndicavimus,

483 4551 719 4621 qualiter
767 4567 831 4606 ex
880 4564 1150 4622 prmcepto
1199 4552 1400 4604 domini
1446 4550 1622 4622 nostri
1673 4566 1823 4618 papa:
1873 4552 2074 4606 Urbani

484 4639 584 4690 pro
616 4638 778 4676 causa
803 4621 1552 4686 Fulconis'Andegavtmsinm
1580 4623 1796 4675 comitis
1819 4636 1988 4690 usque
2009 4623 2075 4676 ad

486 4692 623 4746 fines
666 4694 1080 4764 Andegavornm
1130 4691 1378 4764 veniendi
1417 4691 1784 4764 obedientiam
1836 4693 2075 4764 suscepi-

485 4779 626 4824 mus,
672 4773 724 4817 ut
775 4760 899 4817 etim
946 4779 976 4817 a
1031 4762 1248 4818 vinculo
1292 4760 1657 4814 anatltematis
1704 4777 1812 4831 quo
1865 4762 2075 4816 diutino

487 4840 731 4901 tempore
785 4834 1078 4888 innodatus
1143 4841 1262 4885 erat
1312 4846 1411 4900 pro
1460 4831 1709 4898 captione
1766 4832 1951 4886 fratris
1992 4833 2072 4886 sui

485 4901 752 4965 Ganl‘ridi,
785 4918 944 4973 quem
970 4905 1020 4956 in
1053 4902 1193 4957 bello
1239 4901 1454 4970 publico
1484 4909 1726 4973 ceperat,
1767 4903 2073 4958 absolvere-

485 4988 606 5025 tnns
635 4992 647 5025 :
682 4971 1017 5027 cumtamen
1050 4973 1165 5039 ipse
1192 4987 1376 5026 comes
1409 4971 1675 5024 rationem
1706 4973 1953 5038 reddere,
1979 4981 2074 5027 aut

483 5043 822 5100 satisfacere.
856 5042 1229 5106 autjndicium
1261 5041 1446 5095 subire
1491 5056 1594 5112 non
1627 5042 2025 5112 subterfugeret
2055 5061 2068 5097 :

486 5112 595 5182 imo
627 5127 844 5180 seraper
875 5122 1099 5182 paratus
1129 5120 1276 5182 esset
1304 5128 1317 5164 :
1348 5121 1402 5164 et
1445 5119 1505 5182 ut
1538 5111 1784 5182 Vvirornm
1819 5111 2073 5182 probabi-

2105 3837 2150 3900 C
2185 3852 2347 3916 igitur
2392 3851 2496 3906 hac
2543 3859 2796 3921 suscepta
2844 3851 3142 3920 legatione,
3185 3859 3241 3905 nt
3280 3851 3432 3920 vigor
3463 3853 3782 3921 apostolica

2179 3923 2510 3977 obedientize
2560 3920 2750 3988 majori
2796 3939 2824 3974 a
2874 3922 3029 3976 nobis
3060 3930 3388 3974 tractaretur
3420 3920 3778 3989 anetoritate,

2180 3991 2546 4047 venerabilem
2588 3992 2814 4043 fratrem
2856 4001 3102 4044 nostrum
3150 3991 3541 4046 Bituricensem
3585 3997 3778 4050 arebi-

2181 4062 2496 4131 episcopum
2532 4061 2904 4131 exsecntionis
2943 4059 3098 4126 lmjus
3145 4061 3488 4115 adhibuimus
3515 4065 3725 4119 socium
3763 4083 3778 4121 :

2180 4129 2234 4188 et
2265 4133 2344 4185 sic
2372 4129 2552 4184 _sinml
2600 4130 2772 4201 positi
2812 4130 3036 4182 fratrem
3085 4132 3318 4195 comitis,
3357 4148 3516 4200 quem
3555 4146 3780 4201 captum

2179 4201 2556 4263 audiebamus,
2590 4199 2838 4254 consulto
2869 4201 3155 4259 adivimus.
3189 4217 3347 4270 quem
3389 4205 3458 4255 ita
3495 4199 3778 4271 tlesipien-

2182 4282 2333 4344 tem,‘
2355 4271 2684 4344 invenimus,
2720 4280 2774 4323 ut
2800 4271 3077 4344 ferebatur
3104 4271 3171 4324 ab
3197 4273 3482 4336 omnibus;
3524 4285 3578 4344 ut
3612 4292 3778 4344 [ιι-ογ-

2179 4356 2272 4395 sus
2323 4340 2512 4414 inutile
2547 4349 2601 4392 et
2630 4356 2840 4414 _var_mm
2887 4341 3437 4414 videreturregeudze
3484 4343 3530 4396 ei
3585 4340 3779 4414 patria:

2177 4412 2528 4463 committere
2561 4411 2944 4479 principatum,
2998 4412 3086 4479 qui
3123 4412 3222 4465 sibi
3264 4411 3317 4466 et
3348 4411 3601 4467 omnibus
3634 4418 3776 4469 stul-

2182 4481 2294 4534 titia
2328 4495 2426 4534 sua
2467 4479 2642 4534 factus
2676 4481 2866 4536 fuisset
2914 4482 3117 4534 inutilis
3146 4499 3156 4533 :
3188 4497 3356 4549 usque
3386 4485 3540 4546 adeo,
3575 4496 3632 4538 ut
3673 4503 3778 4542 nec

2179 4567 2275 4619 per
2312 4566 2502 4623 manus
2539 4561 2756 4604 nostras
2782 4567 2810 4604 a
2842 4552 3089 4623 captione
3123 4551 3282 4606 vellet
3315 4554 3468 4623 eripi.
3508 4555 3778 4612 Venimus

2178 4624 2364 4688 itaque
2403 4622 2470 4673 ad
2502 4623 2809 4674 cmuohinm
2855 4622 2914 4676 S.
2950 4621 3228 4683 Florentii,
3259 4632 3307 4674 et
3348 4621 3409 4676 in
3442 4625 3528 4675 die
3574 4628 3779 4680 nativi-

2178 4693 2305 4764 tatis
2361 4689 2419 4744 S.
2472 4689 3039 4764 JoannisiBaptistm,
3082 4693 3332 4764 virorum
3392 4693 3774 4764 religiosorum

2173 4761 2554 4829 episc0porum
2585 4771 2640 4814 et
2682 4763 2961 4823 abbatum,
3003 4763 3091 4830 qtti
3143 4763 3353 4816 invitati
3402 4761 3773 4830 advenerant,

2177 4831 2468 4885 Fulcouem
2493 4833 2744 4886 comitem
2771 4844 3015 4902 paratum
3043 4833 3358 4887 satisfacere
3381 4844 3468 4886 aut
3501 4836 3772 4890 rationem

2179 4903 2429 4959 reddere.
2455 4903 2962 4958 unanimi-numinm
2991 4913 3116 4957 voto
3144 4912 3196 4956 et
3218 4903 3373 4958 laude
3395 4905 3730 4960 absolvimus
3759 4925 3773 4960 :

2177 4972 2418 5042 acceptis
2445 4973 2512 5026 ab
2542 4989 2606 5026 eo
2631 4974 3034 5040 securitatibus,
3079 4985 3135 5026 nt
3157 4974 3200 5027 si
3236 4975 3404 5028 frater
3433 4974 3549 5040 ejus
3571 4976 3770 5028 melio-

2177 5044 2393 5097 ritatetu
2417 5058 2610 5098 sensus
2641 5044 2940 5112 reciperet,
2960 5061 3022 5098 ex
3059 5053 3328 5113 praecepto
3361 5045 3562 5098 domini
3595 5047 3771 5098 nostri

2174 5127 2350 5182 paptc,
2391 5113 2472 5166 vel
2509 5123 2716 5178 nostro,
2761 5123 2854 5166 attt
2883 5115 3230 5168 concordiam
3279 5113 3482 5168 faceret
3514 5131 3639 5168 cum
3677 5132 3769 5180 eo,

483 5181 626 5254 lium_
645 5182 968 5254 clericorum
997 5189 1050 5254 et
1081 5180 1342 5234 laicorum
1393 5180 1655 5234 relatione
1694 5180 2068 5254 cognovimus,
2105 5180 2268 5246 Dant
2309 5181 2572 5254 judicium
2622 5184 2806 5237 subire
2855 5194 3077 5252 paratus
3125 5195 3274 5239 esset
3313 5201 3331 5254 :7
3381 5199 3480 5239 nec
3537 5201 3770 5240 uxorem

483 5247 744 5320 prmfalus
774 5248 944 5320 frater
989 5247 1129 5320 ejus.
1180 5259 1425 5320 tempore
1472 5265 1581 5319 quo
1617 5247 1808 5320 captus
1852 5253 1972 5311 fuit.
2035 5247 2065 5309 τι

483 5318 765 5391 Stephano
792 5318 1069 5391 cardinaie
1097 5318 1356 5391 Romana:
1387 5318 1530 5375 solis
1557 5318 1733 5390 legato
1761 5339 1858 5391 pro
1887 5324 2069 5378 multi-

483 5390 651 5458 moda
689 5389 919 5458 injuria,
942 5402 1105 5455 quam
1155 5389 1417 5445 inferebat
1446 5389 2064 5456 Turonensi‘lﬂcclesim,

480 5469 537 5514 et
568 5455 753 5510 abbati
783 5456 840 5508 S.
872 5455 1090 5526 Martini
1123 5458 1338 5526 Majoris
1371 5461 1708 5523 Monasterii.
1750 5455 2059 5520 escomtnué

480 5529 699 5603 meatus
727 5534 866 5603 erat,
913 5535 966 5578 et
1009 5525 1406 5603 F_nl_coni_hnic
1434 5532 1772 5602 principatus
1817 5536 2065 5603 Andega-

477 5596 668 5674 vensis
694 5595 984 5674 comitatus
1014 5597 1082 5651 ab
1105 5599 1219 5669 ipso
1242 5595 1518 5674 legato'ex
1552 5595 1706 5674 parte
1729 5605 1896 5659 sancti
1925 5595 2062 5657 Ptitri

477 5665 727 5739 donatus
761 5673 898 5726 erat,
948 5665 1381 5739 quem'quidétn
1427 5682 1481 5727 et
1530 5665 1599 5728 ab
1645 5675 1913 5727 avunculo
1963 5689 2062 5728 suo

476 5730 762 5816 Ga_tri.l_‘t_'ido
791 5730 1110 5816 concessum
1135 5730 1322 5816 fuisse,
1352 5742 1589 5816 virorum
1617 5743 1976 5816 probabilium
1987 5744 2065 5816 _de

476 5800 752 5858 nobilibus
813 5805 926 5860 suis
986 5811 1159 5866 veraci
1214 5800 1567 5882 cognovimus
1617 5800 1899 5870 ieiutioue.
1958 5813 2065 5870 st

2138 5295 2140 5297 μ
2175 5253 2421 5315 (luceret,
2455 5253 2521 5305 de
2567 5268 2796 5324 quarum
2835 5254 3221 5324 numerositate
3253 5253 3597 5324 culpabatur,
3627 5255 3764 5308 abs-

2174 5337 2280 5388 que
2341 5331 2544 5393 nostro
2576 5323 2823 5393 consilio,
2857 5323 3010 5393 citius
3041 5324 3116 5376 rei
3158 5334 3323 5393 gesta:
3346 5323 3562 5380 seriem
3611 5325 3772 5381 vobis

2174 5393 2411 5464 pandere
2434 5391 2815 5464 judicavimns.
2866 5391 3260 5462 Religiosor‘mn
3294 5403 3499 5457 autem,
3535 5397 3625 5464 qui
3657 5396 3768 5449 ad-

2175 5463 2410 5522 fuerunt,
2451 5461 2667 5516 nomina
2712 5462 2825 5516 hare
2867 5461 3033 5517 sunt:
3069 5464 3394 5519 Aldebcrtns
3433 5461 3770 5522 venerabilis

2174 5530 2593 5602 Bitnriecnsium
2647 5533 3108 5602 archiepiscopus.
3170 5533 3442 5589 Onveldns
3493 5536 3770 5590 Cenoma-

2180 5601 2367 5655 nensis
2414 5603 2722 5670 episcopus.
2775 5601 3094 5657 Gnillclmns
3140 5603 3309 5657 abbas
3363 5606 3421 5658 ὃ.
3473 5605 3762 5660 Florentii.

2170 5671 2476 5726 Bernartius
2545 5673 2711 5727 abbas
2783 5673 3000 5741 Majoris
3051 5672 3384 5728 Monasterii.
3448 5675 3770 5731 Bernartius

2171 5742 2463 5811 aliliasSS.
2494 5742 2668 5811 Sergii
2705 5752 2761 5798 et
2805 5743 3022 5798 Bacchi.
3055 5743 3320 5799 Girardus
3357 5745 3527 5801 abbas
3565 5743 3624 5801 S.
3657 5745 3766 5799 Al-

2173 5811 2300 5868 bini.
2328 5810 2459 5865 Naal
2486 5814 2565 5869 lus
2593 5810 2758 5868 abbas
2790 5813 2846 5869 S.
2881 5813 3103 5869 Nicolai.
3137 5812 3413 5869 Baldricus
3439 5815 3604 5871 abbas
3625 5814 3768 5870 Bur-
