3992 6352
433 374 508 432 58
1480 366 1801 423 GOFFRIDI
1838 362 2129 419 ABBATIS
2175 353 2587 417 VINDOCINEN
2607 361 2696 416 ~‘lS
3650 366 3726 422 36

451 489 782 549 monlacum,
821 486 893 539 ita
925 492 981 539 et
1014 475 1343 552 neopbytum
1383 493 1414 532 a
1449 485 1638 532 sancta
1663 471 1903 533 Ecclesia
1943 475 2036 529 de-
2064 479 2111 537 Α
2142 473 2415 541 inopinata
2450 473 2747 527 necessitas
2777 487 2882 526 non
2913 473 3108 542 defult,
3139 491 3260 546 qtae
3301 492 3436 532 mea:
3461 476 3737 536 voluntati

440 579 571 632 bere
604 576 849 646 separari
898 575 1056 630 docet
1101 583 1159 627 et
1203 570 1467 641 praecipit.
1525 569 1649 624 Hzec
1691 577 1872 622 autem
1913 581 2033 622 sen-

445 669 616 724 tentia
659 677 840 722 utrum
895 667 1036 720 inter
1085 664 1378 719 canonicas
1432 662 1595 731 recipi
1640 661 1858 724 debeat,
1901 659 2036 714 satis

448 775 556 814 non
584 760 765 814 video.
816 757 920 813 Sed
964 755 1105 827 quod
1151 755 1331 810 minus
1383 754 1504 807 imle
1549 752 1808 823 percipio,
1855 761 2037 820 pater-

447 853 618 907 nitate
648 863 828 906 vestra
876 851 1142 906 edocente
1175 847 1321 904 scire
1349 847 1620 902 desidero.
1659 844 1847 900 Valeat
1873 843 2042 912 maje-

449 955 565 999 BIIS
593 953 795 998 νθειη.

1026 1031 1362 1090 EPISTOLA
1402 1031 1465 1086 ll.

449 1149 805 1206 Dilectissimo
853 1151 1067 1204 domino
1109 1167 1170 1203 ac
1239 1147 1522 1203 venerabili
1574 1162 1724 1215 papa:
1773 1142 2046 1211 Paschali,

523 1241 796 1314 Goﬂ’ridus
839 1260 931 1314 per
961 1243 1137 1298 omnia
1183 1258 1331 1308 suus,
1362 1257 1478 1294 cum
1509 1239 1785 1292 dilectione
1823 1237 2048 1292 debitam

527 1338 827 1389 servitutem
839 1374 852 1389 .

530 1426 612 1481 Ad
655 1442 751 1480 vos
777 1426 983 1493 venire,
1024 1427 1226 1492 optime
1255 1424 1430 1486 Pater,
1486 1436 1805 1494 paraveram
1853 1441 1865 1475 :
1910 1420 2053 1490 quod

461 1527 668 1588 quanto
701 1517 970 1572 desiderio
999 1517 1221 1587 explere
1245 1517 1556 1586 cupiebam,
1589 1515 1632 1569 si
1661 1514 1827 1567 etiam
1874 1512 2054 1584 lingua

463 1626 583 1666 mea
615 1610 821 1676 sileret,
853 1610 1008 1666 testis
1043 1620 1124 1665 est
1162 1611 1292 1664 mihi
1330 1618 1552 1678 paratus
1584 1607 1698 1676 ipse
1728 1621 1886 1676 quem
1916 1605 2057 1660 fece-

466 1718 605 1757 ram.
663 1703 770 1757 Sed
825 1704 951 1758 dum
1006 1711 1251 1774 prompta
1291 1701 1538 1755 voluntas
1584 1699 1830 1754 veniendi
1863 1699 2056 1764 adfuit,

469 1836 656 1915 lﬁdita
692 1838 882 1915 deinde
913 1849 1037 1915 tom.
1085 1836 1144 1890 ΙΙ
1178 1835 1339 1915 Cone.
1383 1835 1570 1915 Gallia:
1594 1851 1646 1903 p.
1674 1834 1830 1915 589),
1876 1834 2052 1915 Auro-
2087 1855 2129 1915 Β

469 1908 769 1962 lianensem
810 1923 840 1959 v
872 1910 1097 1971 imitata,
1147 1907 1305 1976 paulo
1357 1917 1482 1959 ante
1514 1904 1759 1975 Gregorii
1813 1913 2048 1968 aetatem,

469 1977 633 2031 unius
682 1977 808 2031 anni
861 1979 1094 2048 spatium
1148 1978 1432 2048 neOphytis
1488 1978 1809 2048 prrelixeratr
1842 1990 1962 2029 can.
1998 1977 2052 2039 9,

473 2048 556 2101 his
593 2048 772 2102 verbis
803 2086 815 2098 .
868 2045 931 2100 Ut
967 2047 1143 2100 nullus
1181 2045 1428 2100 ex'laicis
1461 2047 1655 2116 absque
1685 2047 1810 2098 anni
1842 2059 2052 2097 conver-

467 2121 670 2170 satione
714 2121 984 2186 praemissa
1039 2118 1306 2186 episcopus
1353 2115 1644 2186 ordinetur,
1693 2115 1767 2186 ita
1815 2125 1881 2186 ut;
1915 2116 2055 2186 intra

469 2188 597 2241 anui
632 2184 858 2256 spatium
895 2207 924 2239 a
961 2184 1126 2240 doctis
1161 2199 1208 2240 et
1245 2188 1478 2256 probatis
1523 2185 1650 2239 viris
1678 2184 1972 2256 disciplinis
2005 2195 2053 2256 et

471 2254 667 2324 regulis
698 2257 1062 2325 spiritualibus
1108 2254 1309 2326 plenius
1354 2258 1666 2309 instruatur.
1712 2255 1782 2306 At
1809 2254 2056 2326 Gregorii

473 2322 798 2379 sententiam
827 2337 879 2379 et
913 2328 1073 2378 verba
1106 2322 1322 2379 secutus
1347 2337 1429 2378 est
1459 2341 1556 2377 suo
1587 2337 1795 2378 canone
1826 2322 2058 2377 Pascha-

475 2395 562 2448 lis.
605 2394 712 2448 Sed
745 2396 887 2462 quod
930 2396 984 2448 itt
1020 2411 1082 2448 eo
1116 2397 1378 2464 scriptum
1420 2405 1502 2448 est
1557 2394 1854 2463 necphytos
1905 2395 2058 2456 istos,

475 2464 520 2519 si
546 2466 780 2535 epingpi
809 2467 962 2528 liant,
991 2466 1272 2518 hereticos
1297 2464 1605 2535 arGrrgorio
1627 2465 1909 2535 appellari,
1936 2478 2060 2535 cum

477 2533 619 2604 apud
650 2533 970 2604 Gregorium
1020 2550 1283 2602 nusquam
1329 2533 1557 2603 legatur,
1600 2534 1942 2604 subdititium
1983 2534 2063 2604 vi-

479 2602 655 2658 detur.
687 2602 816 2669 Qua:
851 2621 1012 2657 causa
1049 2608 1276 2658 fortasse
1310 2602 1408 2658 cur
1435 2606 1500 2658 de
1530 2618 1735 2657 canone
1773 2603 1862 2656 illo
1893 2602 2064 2656 ambi-

479 2685 573 2743 gat
598 2673 890 2729 Goll'ridus.
932 2675 1336 2745 Neophytorum
1388 2685 1568 2728 tamen
1621 2674 1852 2728 haeresin
1901 2674 2064 2728 etiam

483 2747 571 2800 lvo
599 2757 873 2813 nuncupat
901 2747 1061 2814 epist.
1092 2745 1214 2799 I49.

555 2813 632 2886 (4)
666 2811 892 2886 Quidam
920 2811 1047 2869 satis
1075 2814 1290 2868 nobiles.
1317 2813 1598 2886 Praepositi
1627 2811 1898 2886 Olarionis
1930 2811 2068 2868 San-

485 2883 670 2938 touu'nt
726 2885 946 2946 insula},
1002 2887 1092 2940 ttbi
1146 2888 1242 2939 has
1285 2883 1702 2955 consuetudines
1755 2885 2065 2955 exigebant.

481 2954 600 3009 Lib.
620 2971 706 3024 ut,
729 2958 886 3024 epist.
916 2955 1006 3019 38,
1034 2967 1083 3009 et
1115 2955 1202 3010 lib.
1233 2971 1286 3018 ν,
1313 2957 1468 3023 epist.
1496 2954 1586 3008 20.

555 3024 633 3093 (5)
681 3023 938 3093 Principis
975 3037 1306 3094 po‘estatem.
1343 3024 1610 3080 Guillelmi
1639 3024 1942 3094 Aquitaniae
1971 3024 2071 3078 du-

483 3097 566 3150 cis
595 3096 689 3148 lib.
731 3111 780 3158 v,
809 3097 944 3164 epist
981 3097 1050 3150 9.0
1079 3105 1133 3150 et
1169 3096 1258 3149 2|.
1312 3094 1710 3151 Vitttlocineuse
1761 3094 2069 3149 cceuobium

487 3165 788 3258 fundarunt
819 3167 1035 3258 quidem
1066 3165 1337 3247 Golft'idus
1364 3165 1640 3221 Martelltts
1683 3179 1867 3258 eomes
1893 3165 2072 3258 Atttle-
2099 3197 2146 3258 ο

487 3237 764 3304 gavensis,
810 3239 1074 3308 etAgnes
1105 3236 1220 3306 ejus
1253 3253 1424 3291 uxor:
1469 3237 1864 3308 Veruntitgtres
1915 3246 2072 3308 antea

489 3318 746 3373 nupserat
791 3304 1078 3362 Guillelmo
1113 3304 1297 3362 comiti
1335 3307 1631 3376 Aquitauo,
1664 3304 1937 3376 ϐιιίΙΙεΙηιξ
1970 3304 2076 3376 Ca-

487 3384 816 3448 put-stuppa:
846 3379 975 3443 lilio,
1005 3394 1071 3433 ex
1098 3393 1274 3448 eoque
1301 3373 1561 3448 eoojugio
1581 3387 1878 3447 prognattts
1901 3373 2075 3448 Guido

486 3445 760 3518 Cuilleltni
791 3448 1012 3517 hujusce
1041 3445 1300 3518 principis
1328 3445 1483 3502 avus;
1508 3446 1634 3513 Ejus
1663 3445 2074 3518 igiturnproavia

490 3517 666 3570 fuerat
692 3519 874 3587 Agnes
926 3517 1229 3572 fundati-ixi
1271 3518 1582 3572 Monasterii
1625 3532 1790 3586 porro
1818 3517 2075 3570 Viudoci-

491 3587 680 3641 uensis
703 3589 1016 3642 deft-.nsores
1051 3600 1206 3641 erant
1233 3603 1416 3641 comes
1446 3587 1780 3640 Pictavensis
1813 3601 1918 3640 una
1955 3601 2078 3639 eum

492 3657 874 3726 Andegavensi
914 3667 968 3710 et
1001 3657 1401 3726 Vindociuensi.
1447 3657 1698 3712 Urbanus
1734 3656 1794 3720 ll,
1829 3657 1880 3710 itt
1911 3654 2083 3724 diplo-

497 3725 799 3794 mateauui
831 3727 1001 3781 l098:
1039 3725 1306 3780 Pra'terea
1347 3726 1631 3780 statuimus
1663 3736 1716 3779 ut
1743 3726 2081 3794 Andeguvett—

492 3796 587 3860 sis,
621 3793 964 3861 Pictaoensis,
991 3815 1052 3852 ac
1085 3796 1502 3858 Vindocinensis,
1531 3797 1741 3850 comites
1771 3793 1910 3849 omni
1955 3807 2079 3850 tent-

493 3882 620 3935 pore
644 3867 746 3918 sint
772 3865 1066 3936 defensores
1100 3877 1146 3920 et
1171 3867 1439 3937 adjutores
1467 3867 1702 3937 ejusdem
1740 3866 1843 3919 loci
1878 3865 1948 3919 ad
1986 3867 2082 3919 Ito-

498 3951 676 3989 norem
703 3939 1004 4004 apostolica:
1025 3937 1182 3994 sedis.

572 4006 649 4076 (6)
689 4005 757 4059 In
785 4009 1164 4075 patrimonium
1196 4017 1244 4062 et
1280 4007 1536 4062 alodium.
1580 4006 1695 4063 Hoc
1727 4007 1912 4063 multis
1951 4009 2086 4064 locis

495 4077 764 4148 repetitur
815 4077 1152 4148 aColfritlo.
1200 4077 1407 4134 Passim
1455 4081 1621 4133 etiam
1673 4079 1725 4132 in
1776 4079 2086 4148 diplontatis

500 4146 794 4216 pontificis,
825 4147 1055 4219 aliisque
1089 4149 1502 4205 Vindoeinensis
1547 4146 1862 4204 monasterii
1913 4150 2087 4204 moui-

500 4219 719 4290 mentis,
767 4227 824 4271 ut
867 4221 919 4274 in
969 4223 1163 4276 tabulis
1209 4219 1563 4284 fundationis,
1607 4230 1662 4275 et
1705 4223 1756 4274 itt
1792 4221 1859 4275 iis
1891 4221 2088 4290 quibus

497 4285 772 4343 Golfridus
800 4306 984 4345 comes
1015 4291 1266 4344 fundator
1310 4299 1538 4344 testatur
1562 4305 1640 4357 se,
1673 4307 1794 4346 cum
1831 4285 2088 4345 Vindoci-

499 4373 719 4413 nensetn
748 4363 1061 4414 comitatum
1091 4359 1309 4414 Fulconi
1341 4362 1544 4414 sororis
1569 4377 1679 4415 suae
1705 4359 1816 4415 lilio
1841 4361 2086 4424 donaret,

501 4429 568 4483 de
602 4431 931 4484 monasterio
971 4430 1280 4497 excepisse,
1319 4430 1637 4498 cavisseque
1669 4445 1735 4484 ne
1764 4447 1793 4482 a
1823 4437 2092 4498 potestate

501 4499 974 4568 Audegaveusium
1007 4500 1264 4554 comitum
1296 4501 1711 4552 subtraheretur
1751 4515 1766 4554 :
1805 4513 1944 4566 quas
1972 4500 2090 4569 qui-

502 4569 902 4639 deurnttegras
937 4570 1117 4638 potius
1158 4571 1262 4622 hoc
1303 4570 1422 4623 loco
1475 4569 1780 4639 subjiciam,
1826 4581 1937 4622 tum
1967 4571 2092 4638 quia

503 4637 795 4692 breviores
821 4637 975 4704 sunt,
1023 4648 1134 4692 tum
1166 4641 1288 4708 quia
1323 4637 1588 4708 originem
1635 4639 1880 4692 indicant
1907 4637 2096 4708 paucis

507 4711 666 4834 ἶνιιῇςο
717 4718 900 4770 notam
945 4709 1204 4764 comitum
1251 4708 1754 4776 Vitulocitteusium;
1808 4709 1888 4764 sic
1934 4709 2097 4780 igitur

529 4794 576 4831 tu
619 4789 732 4834 ent.

529 4789 732 4834 tabent.

510 4887 739 4960 Colridi
775 4891 1003 4948 Μαι-ζειιὶ
1045 4896 1247 4967 comitis
1287 4905 1600 4967 praeceptum
1631 4895 1695 4950 de
1721 4895 1882 4949 Infela
1915 4911 2098 4951 mona-

993 4969 1140 5020 sterii
1197 4966 1616 5021 Vindecinensis.

589 5069 608 5104 ι
657 5052 714 5107 ln
743 5055 961 5111 nomine
987 5056 1286 5114 Salvatoris
1312 5057 1428 5124 Dei,
1456 5067 1511 5113 et
1539 5057 1748 5112 Domini
1780 5055 1946 5111 nostri
1971 5054 2098 5112 Jesu

512 5122 734 5179 Christi.
767 5124 879 5195 Ego
907 5126 1178 5183 Golfridtts
1207 5129 1389 5183 divina
1413 5122 1764 5183 miseratione
1789 5129 2102 5195 Andegavo~

516 5209 635 5248 rum
659 5211 864 5258 comes,
891 5209 1075 5251 notum
1103 5198 1240 5254 facio
1266 5199 1518 5254 omnibus
1539 5208 1741 5252 sanctae
1764 5197 2016 5252 Ecclesia:
2045 5197 2101 5251 ll-

513 5265 746 5331 delibus,
772 5268 914 5331 quod
941 5270 1324 5324 monasterium
1351 5271 1405 5324 itt
1435 5271 1692 5326 honorem
1719 5278 1920 5322 sancta:
1945 5277 1998 5322 et
2023 5269 2104 5321 itt-

515 5337 750 5410 dividua:
773 5337 1057 5410 Trinitatis
1103 5341 1155 5394 in
1183 5343 1416 5410 quadam
1446 5339 1786 5406 possessione
1817 5353 1956 5410 mea,
1984 5352 2102 5406 qua;

509 5405 633 5476 jure
655 5407 1001 5463 ltzet'cditat‘io
1023 5410 1163 5479 apud
1183 5405 1432 5465 Castrum
1448 5405 1802 5463 Yindoeiuum
1827 5409 1955 5462 mihi
1979 5405 2105 5463 eou-

518 5479 779 5548 tingebat,
813 5494 909 5549 pro
940 5480 1116 5535 salute
1146 5483 1341 5535 anima:
1371 5496 1503 5535 mea:
1533 5489 1926 5551 parentumque
1963 5495 2106 5534 tneo-

517 5563 636 5602 runt
687 5558 906 5620 sumpto
953 5567 1072 5607 meo
1120 5553 1360 5617 fundavi,
1401 5563 1455 5606 et
1482 5551 1637 5622 juxta
1691 5551 2103 5619 possibilitatem

518 5623 882 5694 meanrrehus
903 5623 1136 5694 propriis
1157 5623 1398 5680 exsu'uxi
1418 5662 1433 5689 ,
1464 5621 2108 5694 tnonachorutnquecon-

517 5690 1020 5766 gregationen_tsuti
1060 5695 1239 5766 regula
1277 5704 1334 5749 et
1367 5695 1562 5766 abbate
1591 5691 1884 5766 vivent-ium
1921 5691 2104 5747 divina

519 5769 779 5838 operante
827 5762 1460 5838 elementia'eoustitui._
1495 5762 1877 5838 Monasterium
1923 5773 2104 5838 autem

517 5831 694 5897 ipsum
723 5843 773 5884 et
807 5847 892 5887 res
923 5835 1060 5890 illitis
1090 5840 1368 5892 universas
1415 5834 1481 5889 ab
1511 5834 1656 5890 omni
1687 5831 2102 5898 (cusuc-tudine,

2135 567 2352 635 penitus
2400 565 2452 636 3
2497 565 2726 619 obstitit.
2783 563 2921 619 Sunt
2967 566 3112 621 enim
3156 568 3208 621 in
3237 570 3482 638 partibus
3530 575 3738 628 nostris

2139 658 2358 727 quidam
2387 658 2522 712 satis
2565 657 2772 710 nobiles
2803 656 2880 728 (4)
2907 673 3126 728 genere,
3176 661 3271 716 sed
3305 663 3532 717 multum
3581 664 3738 734 igno-

2140 745 2275 801 biles
2326 747 2574 809 actione,
2623 746 2751 799 mihi
2798 747 3017 815 quidem
3073 765 3240 804 carne
3295 752 3618 821 propinqui,
3676 761 3743 809 at

2145 836 2385 890 moribus
2419 846 2472 890 et
2505 837 2614 890 vita
2638 836 2938 906 longinqui.
2997 837 3059 892 lli
3094 842 3160 894 de
3193 840 3352 895 rebus
3394 847 3737 909 tttottastt-rii,

2145 925 2322 994 cujus,
2350 925 2474 981 licet
2502 926 2771 996 indignus,
2795 944 2981 982 curam
3011 946 3199 1001 gerere
3221 931 3427 995 videor,
3453 951 3742 1004 pet-versas

2147 1018 2410 1086 quasdam
2457 1017 2769 1072 exactiones
2797 1019 2912 1072 sive
2942 1023 3364 1077 consuetudines
3408 1034 3744 1094 extorquere

2149 1107 2419 1172 laborant,
2452 1125 2586 1179 quas
2611 1113 3042 1178 prtetlecessores
3071 1129 3258 1168 eorum
3298 1114 3455 1184 Ion-ge
3485 1128 3611 1170 ante
3637 1133 3746 1188 per

2151 1203 2461 1260 violentiam
2503 1205 2663 1260 rebus
2695 1207 2826 1274 ipsis
2861 1208 3270 1278 impresserant.
3303 1209 3447 1278 Quos
3481 1229 3602 1266 runt
3641 1229 3746 1282 per

2151 1294 2590 1350 ecclesiasticam
2643 1310 2984 1350 censurama
3031 1314 3127 1352 sua
3161 1299 3436 1369 impietate
3484 1316 3747 1356 revecre

2153 1387 2375 1441 minime
2398 1387 2714 1457 potuissem,
2743 1388 2882 1455 ccepi
2909 1387 3178 1456 laborare,
3201 1393 3244 1444 si
3275 1408 3382 1460 quo
3411 1393 3568 1449 modo
3596 1393 3745 1450 ﬂet-ti

2154 1479 2455 1551 potuissent
2486 1493 2584 1549 per
2611 1479 2870 1548 principis
2905 1491 3225 1550 potestatem
3260 1483 3337 1554 (ὅ)
3365 1502 3381 1538 :
3415 1483 3568 1552 cujus
3595 1485 3752 1540 vide-

2159 1571 2285 1626 licet
2342 1581 2716 1626 antet-essores
2771 1574 3154 1626 monasterium
3225 1574 3589 1630 fundaverunt
3621 1617 3634 1640 ,
3689 1587 3753 1631 et

2157 1661 2318 1716 beato
2347 1659 2510 1714 Petro
2566 1659 2620 1714 in
2672 1662 3056 1729 patrimonium
3107 1673 3160 1718 et
3211 1664 3452 1719 alodium
3486 1665 3562 1737 (6)
3611 1682 3748 1737 pro-

2160 1797 2581 1880 sivecxactione
2611 1798 2822 1883 quietas
2865 1799 3187 1883 auctoritate
3223 1803 3612 1883 etassertione
3643 1803 3750 1883 do-

2159 1869 2288 1922 mini
2321 1869 2420 1920 mei
2445 1869 2588 1937 regis
2611 1867 2946 1922 Francorum
2973 1868 3211 1934 l‘lenriei,
3237 1869 3558 1926 Theoderici
3584 1873 3749 1926 etiam

2157 1938 2512 2024 Carttotensis
2551 1937 2790 2024 episcopi
2837 1939 3090 2018 consilio,
3137 1941 3297 2024 beato
3339 1943 3570 2024 principi
3618 1958 3750 2024 ψει-

2157 2013 2418 2064 stolorum
2443 2007 2620 2075 Petro,
2648 2017 2703 2062 et
2726 2008 2982 2064 Remanze
3007 2007 3124 2076 ejus
3149 2007 3402 2065 Ecclesia:
3433 2014 3484 2064 in
3512 2007 3750 2066 alodium

2157 2078 2328 2134 obtuli
2360 2087 2416 2132 et
2442 2079 2846 2148 patrimonimn.
2875 2078 3224 2134 Solttntmodo
3249 2080 3350 2136 loci
3379 2082 3750 2136 defensionem

2163 2151 2294 2222 mihi
2322 2158 2410 2222 get
2450 2149 2584 2202 meis
2630 2150 3037 2222 successoribus
3095 2150 3506 2222 Autlegavensis
3559 2155 3753 2220 patria:

2161 2219 2500 2289 principibus
2555 2218 2819 2280 retinens,
2857 2221 2922 2273 ad
2954 2218 3279 2290 apostolica?
3302 2221 3442 2275 sedis
3485 2218 3750 2274 honorent

2161 2289 2388 2353 scilicet,
2413 2298 2467 2344 et
2493 2291 2560 2342 ad
2588 2298 2898 2358 perpetuam
2925 2289 3118 2344 anima:
3144 2303 3273 2342 meae
3291 2301 3344 2343 et
3369 2303 3753 2358 successorum

2167 2375 2421 2428 meorum
2441 2357 2694 2414 salutem.
2723 2358 2856 2414 Cum
2891 2375 3018 2414 vero
3047 2359 3220 2428 nepoti
3253 2374 3372 2428 meo
3401 2357 3618 2411 Fulconi
3649 2358 3756 2412 ho-

2166 2444 2354 2499 norem
2387 2427 2837 2484 Vindoeinensem
2859 2471 2874 2494 ,
2901 2445 3056 2499 quem
3082 2429 3225 2499 Patri
3259 2427 3374 2496 rjus
3403 2428 3605 2481 Bodoni
3635 2429 3760 2483 cui-

2167 2500 2289 2553 dam
2340 2497 2703 2568 Burgundioni
2754 2497 3104 2568 pater—meus
3127 2498 3295 2554 Fulco
3327 2513 3450 2552 eum
3499 2498 3606 2558 lilia
3657 2511 3753 2551 sua

2167 2584 2356 2624 sorore
2394 2584 2510 2623 mea
2541 2569 2708 2624 Adela
2741 2572 2858 2623 sine
2891 2584 3007 2625 mea
3056 2569 3408 2624 concessione
3443 2578 3500 2622 et
3531 2583 3757 2623 assensu

2168 2650 2295 2695 ante
2319 2638 2642 2703 contulerat,
2686 2641 3066 2703 donavissem;
3110 2640 3381 2693 abbatiant
3412 2653 3536 2693 eum
3581 2639 3761 2693 omni-

2168 2711 2270 2765 bus
2295 2725 2414 2779 qute
2447 2719 2575 2763 ttmc
2602 2711 2836 2764 habebat
2878 2720 2932 2764 et
2974 2710 3223 2764 habitura
3258 2719 3377 2763 erat
3409 2713 3524 2779 ipso
3564 2716 3766 2778 nepote

2172 2796 2292 2834 meo
2321 2780 2652 2850 concedente
2683 2781 2908 2843 retinui,
2969 2789 3024 2834 et
3067 2789 3124 2832 ttt
3167 2780 3442 2834 ahbatiant
3487 2781 3656 2850 ipsam
3707 2790 3768 2833 et

2170 2865 2363 2906 omnes
2393 2864 2481 2904 res
2507 2849 2642 2917 ejus,
2675 2866 2771 2920 pro
2803 2850 2892 2920 Dei
2935 2865 3140 2912 amore,
3183 2858 3238 2903 et
3279 2861 3467 2904 nostro
3501 2849 3770 2918 deligeret

2171 2931 2222 2975 et
2265 2932 2634 2990 conservaret,
2676 2919 2788 2976 nec
2829 2919 3009 2990 aliquo
3055 2920 3107 2974 in
3154 2929 3396 2990 tempore
3436 2937 3464 2972 a
3496 2928 3770 2990 potestate

2173 2991 2584 3073 Andegavgruut
2635 2993 2896 3073 comitum
2922 2989 3300 3073 subtraheret,
3347 2989 3640 3073 diligenter
3665 2989 3768 3073 ad:

2175 3060 2381 3115 monui.
2433 3060 2584 3127 Quod
2635 3061 2721 3115 ille
2769 3062 2996 3116 multum
3043 3060 3356 3129 suppliciter
3406 3061 3667 3130 suscepit,
3705 3067 3771 3112 et

2177 3141 2470 3200 spontanca
2505 3131 2781 3186 voluntate
2823 3133 2922 3185 hoc
2947 3146 3006 3186 se
3037 3131 3164 3184 mihi
3204 3129 3397 3186 obtulit
3431 3129 3768 3198 juratnrum.

2181 3203 2334 3257 Unde
2373 3202 2556 3256 habito
2605 3218 2726 3257 cum
2751 3201 3053 3256 Baronibus
3087 3203 3220 3256 tne°is
3258 3202 3504 3265 consilio,
3533 3215 3620 3254 me
3646 3213 3773 3253 sus-

2174 3280 2456 3341 cepturum
2503 3282 2902 3327 sacramentum
2971 3271 3244 3341 respondi.
3281 3269 3538 3326 Venimus
3581 3271 3771 3336 itaque

2178 3340 2250 3396 ad
2283 3342 2569 3396 ecclesiam
2601 3343 2780 3398 Beata:
2803 3341 3108 3405 Trinitatis,
3134 3340 3316 3410 ibique
3355 3357 3518 3410 super
3560 3351 3770 3395 textum

2179 3412 2595 3482 Evangeliorum
2644 3414 2988 3468 extrinsecus
3036 3413 3102 3466 de
3134 3427 3284 3482 auro
3347 3412 3666 3466 fabricatum
3706 3421 3770 3465 et

2179 3481 2349 3552 super
2379 3484 2551 3551 ipsum
2595 3484 2765 3538 altare
2805 3484 2935 3538 mihi
2968 3481 3190 3553 juravit,
3234 3483 3377 3551 quod
3410 3481 3684 3553 abbatiam
3713 3491 3774 3534 et

2179 3551 2406 3607 cunt-tas
2459 3568 2546 3608 res
2593 3555 2711 3624 ejus
2752 3555 2819 3607 ad
2872 3551 3133 3607 honorem
3187 3554 3276 3606 Dei
3335 3562 3389 3605 et
3424 3553 3572 3624 beati
3623 3551 3771 3624 Petri

2181 3631 2382 3695 quanto
2413 3625 2604 3678 melius
2627 3622 2813 3695 posset
2855 3633 3231 3695 conservaret;
3263 3638 3364 3678 nec
3387 3622 3636 3695 abbatem
3662 3622 3764 3695 laci

2182 3691 2266 3748 vel
2307 3695 2599 3748 monachos
2629 3691 2697 3748 'se
2735 3694 2940 3750 sciente
2981 3691 3222 3762 qualibet
3277 3693 3564 3747 occa.ione
3613 3692 3774 3745 mole-

2184 3773 2388 3828 staret;
2435 3779 2535 3819 nec
2571 3764 2808 3834 aliquam
2856 3761 3302 3818 consuetudinem
3335 3765 3416 3816 Vel
3462 3761 3773 3834 vio'cﬁntiant

2186 3836 2348 3888 rebus
2371 3849 2559 3888 eorum
2608 3831 2835 3890 inferret
2861 3852 2874 3889 :
2904 3849 3004 3888 nec
3034 3849 3269 3902 unquam
3311 3835 3380 3888 ab
3429 3834 3541 3902 ipsa
3572 3831 3776 3886 Vindo-

2185 3905 2390 3958 ciueusi
2425 3904 2638 3976 abbatia
2668 3904 3070 3976 Andegavensis
3115 3903 3328 3976 comitis
3357 3902 3651 3976 expelleret
3683 3916 3782 3976 po-

2189 3984 2461 4046 testatem,
2491 3975 2703 4046 etiamsi
2737 3973 2841 4046 pro
2872 3975 3143 4043 aliquibus
3181 3973 3340 4046 rebus
3384 3973 3780 4046 comesAnde-

2188 4045 2449 4116 gavensi’s»
2468 4044 2569 4116 sibi
2608 4043 2859 4116 guerram
2901 4051 3162 4116 moveret.
3194 4044 3476 4100 Concessit
3513 4043 3678 4116 etiam
3721 4052 3783 4095 ut

2187 4113 2452 4185 quidquid
2501 4115 2570 4169 ab
2613 4113 2924 4170 hominibus
2971 4115 3083 4170 suis
3135 4116 3350 4185 inloto
3388 4113 3650 4168 comitatu
3679 4125 3782 4166 suo

2191 4184 2576 4240 monasterium
2623 4187 2898 4240 venditum
2946 4196 3090 4240 esset
3135 4184 3218 4239 vel
3265 4187 3471 4248 datum,
3511 4191 3783 4252 quatenus

2191 4254 2319 4308 illttd
2351 4256 2601 4310 monachi
2637 4255 3061 4312 Vindoeittenses
3091 4258 3292 4324 absque
3329 4270 3424 4310 sua
3456 4253 3537 4308 vel
3567 4266 3786 4309 succes-

2193 4340 2375 4379 sorqu
2407 4341 2628 4380 suorum
2680 4326 3108 4384 contradictione
3133 4342 3227 4380 seu
3266 4326 3657 4380 consuetudine
3685 4337 3784 4391 pa-

2194 4396 2348 4450 citice
2394 4398 2760 4468 possiderent,
2813 4408 2869 4452 et
2917 4397 3178 4468 quidquid
3229 4398 3353 4468 inde
3401 4411 3500 4464 pro
3549 4392 3786 4468 utilitate

2195 4463 2509 4520 monasterii
2549 4482 2712 4537 agere
2740 4463 2960 4531 vellent,
2992 4463 3215 4522 liberam
3257 4463 3569 4537 facultatem
3605 4463 3784 4537 habe-

2121 4543 2170 4602 D
2198 4546 2336 4608 rent.
2370 4534 2675 4608 AetunLest
2701 4542 2841 4608 apud
2863 4539 3116 4593 Castrum
3142 4538 3496 4608 \‘iindocinum
3526 4534 3791 4608 in_lj3ccle_-

2198 4607 2276 4662 sia
2319 4617 2522 4661 sanctae
2549 4603 2852 4676 Trinitatis,
2888 4624 3030 4662 anno
3076 4609 3143 4662 ab
3169 4607 3549 4662 incarnatione
3574 4603 3786 4676 Christi

2199 4676 2485 4752 millesimo
2517 4672 2986 4752 quinquagesimo,
3021 4678 3618 4752 indict.‘ttt,‘regnante
3639 4672 3791 4752 lien-

2197 4749 2314 4820 rico
2341 4744 2842 4820 Francorum-rege,
2867 4765 3011 4804 anno
3041 4748 3248 4819 imperii
3272 4747 3354 4802 sui
3380 4744 3524 4801 nono
3547 4744 3787 4799 decimo.

2199 4817 2288 4873 Isti
2312 4826 2437 4872 sunt
2458 4820 2548 4888 qui
2581 4817 2898 4878 adfuerunt:

2276 4907 2294 4940 ι
2341 4885 2742 4961 EgoGolfridus
2765 4885 3596 4961 Autlegavoruntcomcs,_Fttlco
3624 4899 3792 4961 nepos

2200 4973 2374 5022 meus,
2391 4956 2555 5014 'Eblo
2587 4963 2652 5016 de
2675 4956 2947 5029 Blasone;
2973 4959 3265 5014 ltainaldus
3295 4959 3362 5011 de
3387 4956 3792 5029 Malolebrario,

2200 5029 2504 5084 Nichardus
2551 5033 2618 5086 de
2661 5044 2842 5088 monte
2868 5026 3073 5095 Aurea,
3120 5029 3420 5084 Landrie-ts
3457 5030 3524 5080 de
3557 5026 3792 5096 Balgen-

2204 5103 2365 5166 liaco,
2404 5099 2674 5158 Hubertus
2707 5105 2774 5159 de
2801 5104 3118 5166 Munitioue,
3150 5098 3469 5153 Fttlclteritts
3499 5099 3566 5151 de
3592 5096 3791 5159 Turre,

2205 5165 2472 5224 Robertus
2509 5176 2574 5227 de
2595 5173 2775 5228 Monte
2805 5175 3084 5238 Cantorio,
3109 5170 3378 5224 ltobertus
3407 5171 3472 5222 de
3501 5165 3794 5238 Burgodio,

2203 5240 2475 5296 Golfridus
2505 5245 2572 5298 de
2600 5244 2866 5311 Pruliaco,
2891 5237 3194 5300 Adelardus
3215 5239 3281 5294 de
3303 5239 3498 5311 castro
3521 5237 3796 5311 Goutct'tl.

2206 5311 2515 5385 llarduinus
2568 5316 2634 5368 de
2661 5307 2924 5385 Rupibus,
2973 5316 3230 5385 Salomon
3257 5312 3323 5385 t_l_e
3344 5310 3664 5385 Lavarziuo,
3703 5307 3796 5385 ῐξέἰ·

2203 5383 2324 5458 ξζυιρ
2358 5382 2435 5458 tle
2473 5379 2837 5458 fractavalle,
2883 5379 3228 5458 lngelbaldus
3269 5380 3441 5446 Brito,
3486 5379 3802 5434 Gotltardns

2203 5452 2476 5519 Budellus,
2503 5464 2557 5510 et
2581 5457 2671 5510 alii
2699 5458 2876 5514 multi.

2283 5541 2301 5574 ‹
2350 5525 2574 5596 Signum
2616 5526 2657 5596 ἰ’
2695 5527 2920 5585 Goll‘ridi
2953 5525 3170 5586 comitis
3192 5520 3616 5596 Andegavensis.

2282 5613 2316 5668 ε
2345 5592 2572 5668 Signum
2690 5599 2945 5658 Fulconis
2978 5597 3195 5655 comitis
3223 5592 3656 5668 Yindoeittet'tsis.
3705 5609 3723 5639 ι

2277 5661 2547 5723 Groli‘rido
2569 5661 2815 5728 Mirtello
2841 5683 3060 5727 sorores
3089 5669 3208 5722 dua:
3233 5665 3489 5720 fuerunt:
3517 5661 3804 5731 llildegar—

2209 5736 2292 5808 dis
2316 5750 2378 5808 ex
2403 5754 2506 5808 «tua
2528 5751 2579 5797 et
2604 5743 2855 5800 Alberieo
2880 5738 3283 5796 Vastinensiutn
3309 5734 3506 5808 comite
3533 5731 3641 5786 orti
3673 5739 3805 5784 sunt

2208 5806 2509 5867 Groﬂ'ridus
2540 5819 2590 5870 et
2614 5811 2777 5871 Falco
2805 5812 3098 5878 “echinus,
3127 5806 3442 5882 posterique
3487 5818 3678 5859 eorum
3709 5819 3806 5856 co-
