3990 6448
191 388 258 445 :7
1505 380 1896 438 EPISTOLA-Z.
1937 411 2004 420 —
2041 378 2168 434 LIB.
2213 378 2252 432 ι.
3453 385 3526 439 3.

196 500 399 573 prium,
443 512 571 551 cum
618 497 807 553 rebus
853 500 924 554 ab
971 500 1136 569 ipsum
1176 494 1563 566 pertinentibus
1610 495 1818 550 obtulc-
1849 497 1892 552 Α
1918 494 1974 548 1η
2016 493 2331 564 episcopatu
2379 492 2753 563 Andegavensi
2797 493 3087 563 quamdam
3131 496 3418 553 ecclesiam
3467 503 3520 555 in

201 587 459 656 runtl‘t).
509 585 562 638 In
622 585 724 640 his
779 588 974 658 itaque
1017 587 1165 642 valde
1201 601 1490 654 suspensus
1541 585 1818 650 detineor;

207 681 303 732 sed
352 693 468 731 mox
518 687 579 729 ut
632 679 885 743 veritas,
925 692 1024 749 pro
1067 693 1168 748 qua
1216 677 1421 740 laboro,
1451 691 1546 746 per
1589 679 1820 748 gratiam

209 785 358 825 suam
404 767 473 820 ab
500 769 609 822 hac
667 771 1046 838 suspensione
1096 784 1179 823 me
1209 769 1492 822 liberatum
1548 768 1822 834 habuerit,

206 863 557 917 sanctitatem
612 871 914 924 vestram,
966 870 1125 930 prout
1165 859 1388 927 dignum
1445 867 1548 922 est,
1601 859 1822 914 visitare

205 971 306 1008 non
337 953 681 1024 pigritabor.
715 953 948 1006 Interim
977 962 1174 1014 tamen,
1205 952 1443 1019 piissime
1467 950 1650 1014 Pater,
1681 952 1821 1022 apud

205 1047 600 1116 paternitatetn
634 1055 892 1098 vestram
926 1045 1163 1098 obtineat
1192 1059 1380 1098 servus
1411 1053 1592 1097 vester
1619 1044 1825 1098 littera-

213 1153 323 1192 tum
373 1145 711 1190 vestrarum
765 1136 978 1190 visione
1023 1134 1244 1188 salutari
1293 1135 1496 1204 pariter
1536 1143 1590 1189 ct
1621 1134 1820 1189 lsetari:

216 1244 432 1296 quarum
512 1231 866 1280 auctoritate
934 1237 1283 1297 tyrannorum
1350 1226 1821 1288 inliumauitatem,

224 1322 325 1373 imo
357 1317 658 1371 bestialctn
707 1317 986 1372 saevitiam
1022 1315 1384 1381 refrenemus,
1422 1332 1581 1386 quam
1613 1317 1699 1371 vix
1732 1326 1826 1371 aut

230 1426 485 1480 nunquam
519 1411 697 1464 aliter
725 1408 1013 1464 refrenare
1047 1409 1363 1477 poterimus.

795 1496 1131 1554 EPISTOLA
1184 1496 1267 1550 ΙΙΙ.

221 1591 555 1646 Dilectissino
602 1607 668 1644 ac
713 1590 1002 1644 venerabili
1049 1588 1199 1642 f’atri
1229 1604 1325 1642 suo
1358 1586 1604 1642 Pascltali
1651 1606 1822 1657 papae,

286 1682 566 1751 Goﬂ'mlus
607 1681 1009 1734 Vintlocinensis
1047 1679 1263 1733 canobii
1293 1680 1527 1733 minister
1556 1680 1820 1748 indignus,

285 1773 518 1826 debitam
557 1787 680 1824 cum
709 1771 992 1822 dilectione
1021 1769 1394 1823 obedientiam.

1932 599 2036 638 una
2081 581 2460 653 parochiarum
2502 582 2615 651 llO)
2653 593 3000 648 nostrarum,
3043 583 3199 640 nobis
3239 589 3521 642 contradi-

1930 675 2203 739 centibus,
2238 676 2441 731 scimus
2469 688 2589 729 esse
2627 673 2924 742 plautatam
2958 691 2970 726 :
3001 689 3108 728 non
3155 689 3319 744 quam
3359 676 3525 733 Pater

1931 765 2168 820 caelestis
2196 767 2479 836 plantavit,
2528 765 2621 819 sed
2650 780 2812 834 quam
2847 766 2918 820 ibi
2960 765 3128 821 laicus
3167 768 3388 836 quidam
3439 777 3521 823 Ie-

1933 857 2165 911 meraria
2207 857 2448 926 potentia
2489 855 2783 925 impressit.
2813 854 2980 925 Cujus
3026 856 3257 912 actionis
3305 859 3520 927 episco-

1932 963 2056 1015 pum
2096 948 2359 1003 sentimus
2387 956 2740 1013 assertorem,
2785 962 2946 1016 quem
2979 956 3141 1002 tantae
3169 947 3378 1016 injuria:
3405 949 3525 1005 vin—

1932 1039 2104 1092 dicem
2153 1039 2352 1093 habere
2385 1037 2670 1092 debuimus
2703 1046 2759 1092 et
2803 1046 3195 1092 correctorem.
3230 1039 3526 1110 Episcopus

1931 1142 2061 1182 vero
2093 1127 2454 1184 Sautonensis
2483 1128 2596 1198 (11)
2618 1168 2633 1191 ,
2671 1127 2814 1196 quod
2839 1127 3234 1182 monasterium
3278 1139 3522 1184 nostrum

1933 1233 2030 1288 per
2078 1219 2294 1290 triginta
2345 1231 2401 1274 et
2468 1233 2534 1274 eo
2592 1218 2824 1288 amplius
2876 1233 3048 1272 annos
3111 1217 3322 1287 absque
3373 1220 3523 1274 omni

1931 1310 2318 1366 reclamatiune
2355 1311 2693 1380 possederat,
2726 1309 2777 1380 5
2814 1309 2972 1363 nobis
3011 1310 3325 1366 absentibus
3351 1351 3367 1376 ,
3415 1312 3526 1366 imo

1930 1404 2328 1467 nescientibus,
2359 1403 2681 1472 quibusdam
2727 1400 2936 1456 mmulis
2983 1402 3182 1456 nostris
3211 1411 3269 1454 ut
3318 1403 3524 1473 accipe-

1930 1505 2051 1550 rent
2080 1495 2353 1548 licentiam
2405 1494 2581 1558 dedit;
2637 1507 2737 1547 nos
2786 1493 3020 1561 denique
3072 1502 3268 1546 vestra:
3316 1505 3525 1549 sanctze

1930 1584 2275 1654 patet-uitatis
2335 1583 2672 1636 audientiam
2734 1582 3072 1650 appellantes
3133 1583 3360 1636 audivit.
3415 1583 3522 1637 Sed

1930 1676 2069 1747 apud
2120 1692 2238 1744 vos,
2289 1676 2470 1740 Pater,
2526 1677 2715 1746 prosit,
2759 1677 2902 1745 quod
2950 1677 3091 1746 apud
3124 1675 3268 1728 illum
3312 1677 3528 1744 penitus

1931 1767 2121 1822 obfuit.
2156 1768 2421 1836 Quoniam
2460 1783 2556 1822 vos
2585 1768 2676 1821 diu
2723 1778 2827 1835 est,
2876 1767 3255 1821 amantissime
3286 1766 3524 1829 domine,

288 1863 548 1916 Alodium
594 1861 738 1916 beati
780 1859 949 1925 Petri,
998 1860 1396 1914 Vindociuense
1425 1860 1674 1916 videlicet
1706 1877 1818 1915 mo-
1853 1845 1892 1902 η
1923 1875 2028 1914 non
2074 1861 2436 1925 visitavimus,
2464 1859 2782 1930 suppliciter
2819 1867 2873 1914 et
2911 1859 3109 1913 obnixe
3142 1875 3430 1929 precamur
3458 1875 3526 1913 ne

226 1952 562 2014 nasterium,
596 1951 750 2021 cujus
795 1951 1162 2022 gubernandis
1212 1951 1372 2004 rebus
1413 1949 1691 2004 humilitas
1725 1967 1818 2005 no~

233 2052 354 2097 stra
381 2042 439 2114 ﬁ,
467 2058 697 2112 praeesse
719 2041 1069 2112 dignoscitur,
1102 2041 1154 2094 in
1183 2043 1284 2096 hoc
1315 2043 1537 2105 mundo,
1568 2044 1720 2111 quasi
1767 2045 1818 2097 in

235 2136 412 2188 maris
453 2135 651 2196 medio,
695 2134 843 2203 gravi
903 2133 1062 2186 nimis
1110 2142 1433 2202 tempestate
1479 2145 1816 2204 perurgetur.

233 2226 356 2281 Non
400 2228 621 2296 quidem
654 2227 792 2296 jam,
829 2235 881 2278 ut
909 2225 1115 2289 assolet,
1148 2226 1396 2280 saeculari
1429 2228 1680 2282 violentia
1723 2230 1818 2281 dc-

228 2329 517 2382 vastatur;
567 2319 667 2372 sed
706 2315 1007 2370 Lesionibus
1032 2316 1238 2384 pariter
1280 2325 1334 2371 et
1369 2318 1563 2388 injuria
1608 2318 1823 2388 poutili-

219 2421 368 2470 eum,
412 2407 509 2475 qui
540 2407 798 2461 Ecclesiae
828 2403 1140 2462 defensores
1172 2423 1295 2463 esse
1330 2409 1651 2470 debuerant,
1687 2408 1822 2463 assi-

220 2502 328 2552 due
374 2498 710 2552 molestatur.
765 2498 871 2567 Ipsi
918 2513 1153 2568 namque
1193 2500 1348 2555 nobis
1407 2499 1546 2554 mala
1596 2499 1819 2564 faciunt,

223 2598 286 2642 et
325 2603 447 2658 quae
481 2590 549 2642 ab
592 2589 710 2643 aliis
751 2588 899 2640 illata
935 2586 1138 2643 fuerint
1176 2588 1312 2643 satis
1341 2588 1571 2642 libenter
1595 2603 1823 2642 consen-

233 2681 399 2732 tiunt.
456 2680 509 2732 ln
551 2680 950 2737 Cenomanensi
999 2681 1182 2751 itaque
1225 2680 1536 2748 episcopatu
1574 2680 1825 2734 Viudoci-

226 2772 414 2825 nensis
443 2774 711 2827 comitissa
745 2776 847 2840 ('8),
878 2775 949 2828 ob
972 2774 1176 2829 scelera
1209 2788 1303 2828 sua
1332 2773 1400 2826 de
1422 2773 1679 2827 comitatu
1712 2773 1818 2841 eje-

226 2872 332 2924 cta,
358 2863 653 2918 Ecclesiam
686 2865 982 2935 quamdam
1023 2865 1179 2920 nobis
1203 2863 1399 2929 aufert,
1426 2873 1479 2918 et
1505 2865 1610 2917 alia
1636 2865 1822 2917 multa.

226 2951 526 3022 Episcopus
558 2956 729 3019 videt,
761 2966 816 3011 et
859 2957 1087 3010 inultam
1137 2956 1381 3026 rapinam
1415 2957 1621 3024 patitur
1645 2973 1658 3008 :
1685 2972 1824 3026 saepe

222 3045 450 3112 quesita
481 3043 717 3113 jusxitia:
740 3047 864 3116 jura
895 3062 1001 3101 non
1027 3056 1263 3101 exercet.
1302 3046 1418 3116 lp~e
1443 3049 1607 3102 etiam
1637 3064 1824 3117 quem-

222 3135 342 3189 dam
378 3137 713 3190 monachum
759 3137 838 3207 (9)
883 3145 1126 3190 nostrum
1175 3135 1480 3206 fugitivum,
1532 3148 1822 3192 carmenta-

225 3227 359 3280 rium
389 3229 647 3297 quidem,
699 3243 808 3282 non
856 3238 1036 3282 tamen
1080 3228 1364 3282 habentem
1401 3228 1682 3282 cbaritatis
1713 3243 1819 3282 ete-

224 3325 486 3379 mentum,
511 3332 624 3385 quo
660 3317 786 3369 vivo
811 3315 974 3385 lapidi
1001 3316 1215 3370 Christo
1240 3315 1520 3386 jungatur,
1548 3318 1700 3371 nobis
1733 3333 1818 3370 rc-

223 3402 614 3467 elamautibus,
644 3403 716 3458 ob
743 3404 1032 3458 utilitatem
1065 3420 1174 3458 sure
1203 3405 1336 3459 artis
1368 3420 1553 3460 secum
1597 3406 1820 3459 detinet.

222 3497 294 3552 ibi
316 3499 434 3569 ipso
452 3501 688 3566 sciente,
709 3509 899 3554 contra
920 3500 1254 3569 propositum
1278 3499 1549 3566 monachi,
1567 3501 1822 3554 carnibus

224 3591 491 3653 vescitur,
515 3601 573 3645 et
591 3592 818 3645 omnino
841 3591 1036 3662 regula:
1056 3601 1256 3645 sancta!
1281 3593 1610 3655 contrarius,
1640 3593 1821 3660 perni-

225 3678 360 3732 ciem
387 3680 588 3734 anima
615 3694 729 3735 suae
751 3694 873 3734 cum
899 3680 1143 3749 corporis
1173 3681 1507 3750 turpitudine
1539 3694 1816 3750 operatur.

223 3831 834 3902 mitcsAAndcgavenses
856 3849 887 3902 κε(
906 3833 1047 3902 quod
1075 3832 1253 3902 prodit
1283 3833 1423 3886 inter
1447 3832 1583 3887 alios
1604 3832 1823 3888 Ordcri-

224 3917 330 3955 cus
357 3900 596 3962 ‘V'italis’
620 3901 710 3955 lib.
753 3919 804 3957 IV
850 3900 1105 3956 Historia:
1157 3903 1486 3966 ecclesiast.;
1525 3915 1581 3957 et
1633 3905 1816 3966 Adela,

223 3987 398 4039 quam
448 3970 619 4026 Fulco
656 3970 820 4025 Narra
855 3982 1029 4040 pater,
1073 3983 1130 4026 ut
1173 3973 1253 4026 lue
1293 3973 1486 4026 tabulm
1516 3973 1818 4039 declaran',

224 4041 464 4113 Bodoni,
494 4056 612 4104 seu,
646 4043 996 4113 quod_verius
1025 4052 1228 4113 putem,
1259 4042 1431 4113 Odoni
1474 4057 1696 4096 uxorem
1728 4047 1822 4098 de-

227 4112 312 4164 dit
340 4127 463 4164 cum
498 4115 759 4182 comitatu
795 4111 1200 4168 Vindocinensi.
1249 4113 1325 4168 Ex
1353 4112 1539 4168 Otlone
1572 4130 1732 4182 porro
1768 4126 1822 4168 et

229 4181 404 4254 μειβ
443 4191 592 4236 satus
633 4181 811 4254 Hugo,
853 4183 974 4238 fons
1015 4193 1069 4238 et
1105 4192 1263 4253 caput
1304 4184 1517 4238 familiae
1561 4181 1818 4238 Comitum

232 4250 741 4307 Viudociuensiuml

305 4323 382 4390 (7)
426 4323 494 4374 Et
521 4325 760 4376 clodium
787 4323 1102 4378 obtulerunt.
1133 4323 1381 4378 Alodiuin
1413 4324 1538 4378 olim
1568 4326 1817 4381 dicebant

230 4391 455 4445 fundum
488 4393 720 4447 liberum
751 4395 953 4448 nullius
979 4395 1086 4464 jur-i
1117 4396 1430 4448 obnoxium.
1464 4395 1612 4450 Unde
1640 4406 1694 4450 et
1722 4413 1820 4449 nos

230 4464 492 4529 praedium
528 4464 684 4518 liberi
713 4463 874 4517 alodii
906 4463 1047 4519 nunc
1075 4466 1239 4519 etiam
1272 4465 1520 4528 dicimus,
1550 4468 1690 4534 quod
1721 4481 1819 4520 nec

229 4534 389 4604 fidem
448 4549 550 4587 nec
599 4535 1017 4604 pensitationein
1074 4535 1252 4600 debet,
1314 4536 1365 4587 in
1411 4551 1517 4604 quo
1564 4535 1742 4590 dill‘ert
1789 4552 1819 4589 a
1853 4543 1978 4601 Det

228 4602 409 4665 fetido,
439 4602 776 4671 quodlidcm
807 4613 862 4657 et
889 4605 1186 4658 dominium
1230 4606 1408 4659 debet.
1431 4602 1439 4604 ⁷
1460 4605 1548 4660 lvo
1571 4606 1773 4661 Carnot
1803 4649 1816 4671 ,

229 4676 389 4740 epist.
417 4675 568 4745 A168:
598 4673 740 4726 Emit
771 4691 942 4729 comes
969 4674 1223 4729 flotrorns
1255 4686 1454 4745 partem
1495 4677 1636 4730 illius
1668 4679 1819 4745 [undi

228 4759 346 4815 qui:
371 4743 614 4815 clodium
633 4754 780 4815 erat,
813 4746 861 4797 id
892 4756 976 4799 est
1001 4761 1120 4813 qua:
1159 4746 1312 4800 liberi
1338 4743 1478 4812 juris
1512 4757 1631 4800 erat
1656 4743 1677 4798 τ’
1698 4761 1822 4815 pars

231 4814 374 4884 enim
410 4814 588 4867 altera
622 4814 772 4868 fundi
816 4815 981 4868 libera
1015 4831 1118 4868 non
1150 4824 1289 4876 erat,
1323 4825 1381 4868 ut
1417 4825 1538 4884 pote
1578 4819 1629 4870 in
1660 4814 1821 4870 bene-

233 4882 414 4935 ficium
455 4886 607 4936 data.
651 4885 787 4940 Dare
829 4886 992 4952 igitur
1030 4886 1081 4938 in
1110 4886 1365 4950 alndiutn,
1397 4882 1477 4939 est
1521 4886 1816 4941 transferre

235 4953 285 5025 in
312 4954 400 5025 jus
425 4957 731 5023 proprium.
773 4957 836 5008 At
872 4956 1002 5010 dare
1045 4955 1098 5009 in
1131 4957 1344 5010 feudum
1376 4971 1480 5009 non
1516 4957 1664 5019 item,
1696 4959 1820 5025 quia

237 5021 382 5096 fundi
429 5021 670 5079 l'eudalis
704 5027 1006 5096 proprietas
1053 5036 1235 5080 manet
1272 5039 1456 5092 penes.
1483 5021 1817 5096 superiorem

237 5094 545 5158 dominum;
588 5094 928 5150 usquructus
965 5105 1172 5150 tantum
1203 5096 1437 5149 vassallo
1469 5094 1816 5152 conceditur:

237 5165 586 5287 gigdplroinde
613 5165 757 5235 quod
790 5174 873 5220 est
915 5168 1150 5232 l'eudum,
1184 5168 1236 5222 id
1277 5165 1451 5236 ipsum
1489 5165 1708 5223 domino
1737 5177 1822 5222 est

360 5251 371 5285 ι
419 5251 493 5287 ιιι.

237 5247 371 5287 81001
381 5250 493 5288 [1111.

313 5303 575 5376 lietinent
603 5305 874 5375 hodieque
908 5309 1143 5376 priscum
1174 5306 1335 5362 alodii
1367 5308 1685 5363 vocabulum
1719 5310 1820 5363 vici

244 5371 441 5446 aliqum
469 5376 522 5428 in
543 5375 738 5442 Gallia,
767 5371 1052 5446 quos'quia
1082 5379 1265 5432 liberae
1290 5379 1615 5434 conditionis
1645 5391 1818 5435 erant.

247 5442 414 5497 alodia
453 5456 508 5498 ct
539 5447 728 5502 alodos
766 5442 1129 5517 appellabant.
1157 5447 1288 5501 Nam
1319 5449 1503 5503 alodos
1529 5452 1824 5504 etiamnum

247 5524 438 5587 vocant
482 5518 780 5587 Andegavi,
833 5532 970 5586 quos
1010 5518 1176 5570 Adcla
1225 5519 1501 5572 comitissa
1550 5521 1608 5574 S.
1636 5519 1828 5572 Albino

249 5585 406 5650 dedit,
435 5597 490 5640 et
518 5585 729 5642 Pictavi
765 5585 1154 5643 monasterium
1200 5587 1256 5643 S.
1295 5588 1473 5644 Maria:
1504 5591 1569 5644 dc
1596 5590 1825 5654 Alodiis,

247 5660 384 5722 quod
421 5657 471 5710 in
501 5659 620 5726 ejus
652 5658 890 5712 nominis
920 5660 1040 5711 vico
1072 5658 1232 5711 silum
1264 5670 1366 5714 est.

316 5728 391 5795 (8)
426 5726 832 5784 Vindvciuensis
857 5727 1143 5780 comitissa.
1179 5729 1250 5782 De
1278 5743 1339 5784 ea
1378 5746 1482 5784 non
1515 5731 1702 5799 liquet,
1735 5728 1828 5783 scd

245 5799 502 5874 ειξςιςδῂπ,
529 5815 693 5879 quam
724 5800 1020 5863 invaserat.
1051 5812 1243 5853 nomen
1273 5800 1592 5857 Saviuiacus
1623 5801 1712 5856 lib.
1745 5817 1828 5866 ιιι,

1919 1953 1988 2007 ob
2033 1953 2133 2006 hoc
2171 1953 2344 2006 servis
2373 1952 2485 2007 suis
2517 1951 2830 2006 misericors
2858 1961 3038 2006 vestra
3077 1951 3383 2007 sublimitas
3439 1953 3524 2005 in-

1920 2043 2189 2112 dignetur.
2224 2041 2337 2097 Non
2389 2042 2534 2097 enim
2569 2042 2672 2096 alia
2706 2044 2772 2098 de
2799 2056 2961 2097 causa
3013 2041 3321 2096 distulimus
3344 2079 3361 2106 ,
3413 2040 3514 2095 nisi

1921 2135 2044 2202 quia
2077 2148 2202 2197 eos,
2235 2134 2278 2189 si
2323 2149 2428 2188 nou
2476 2148 2696 2197 omnes,
2747 2149 2813 2188 ex
2863 2133 2991 2203 ipsis
3033 2133 3284 2204 aliquos,
3327 2131 3524 2201 quib:.s

1925 2223 2126 2292 injuste
2171 2225 2490 2292 premimur,
2526 2224 2577 2277 in
2611 2232 2793 2278 vestro
2826 2221 2974 2292 justo
3001 2225 3250 2278 examine
3275 2237 3520 2292 praesen-

1927 2323 2005 2368 tes
2037 2315 2238 2369 habere
2267 2315 2659 2370 desideramus.
2695 2314 2845 2370 Unde
2871 2325 3065 2370 vestra:
3099 2315 3372 2370 sanctitati
3412 2325 3525 2368 toto

1922 2406 2106 2469 corde,
2147 2415 2258 2460 tota
2305 2407 2506 2470 anima,
2538 2414 2646 2460 tota
2679 2407 2878 2461 virtute
2913 2406 3302 2476 supplicamus,
3333 2417 3525 2477 quatec

1925 2515 2026 2554 nus
2056 2501 2264 2554 viscera
2317 2499 2627 2569 apostolica:
2671 2499 2911 2569 pictatis,
2941 2515 3062 2569 qua:
3090 2500 3364 2567 oppressis
3400 2515 3522 2551 om-

1925 2590 2085 2646 nibus
2137 2605 2462 2646 succurrere
2509 2592 3006 2660 consuevit,.juxta
3043 2591 3372 2646 desiderium
3418 2607 3521 2645 no-

1925 2691 2096 2736 strum
2125 2684 2446 2747 sentiamus,
2477 2693 2536 2738 ut
2557 2683 2638 2738 vel
2667 2684 2745 2738 sic
2769 2685 2960 2738 saevire
2986 2685 3197 2738 desinat
3226 2693 3524 2754 tempestas

1925 2788 2086 2841 quam
2140 2774 2396 2843 patimur,
2431 2782 2524 2838 et,
2584 2775 2726 2843 quod
2765 2773 2924 2828 decet
2973 2773 3288 2840 monachos,
3337 2784 3521 2845 op:ata

1924 2863 2106 2931 quiete
2145 2862 2517 2934 perfruamur.

2476 2951 2808 3007 EPISTOLA
2863 2952 2950 3006 IV.

1927 3042 2238 3098 Beatissimo
2281 3059 2432 3113 papae
2488 3041 2765 3109 Paschult',
2811 3046 3117 3098 charissima
3163 3045 3377 3100 domino
3423 3064 3522 3100 suo

1997 3144 2044 3188 et
2095 3132 2276 3201 Patri,
2333 3135 2499 3188 omnis
2563 3138 2897 3205 congregatio
2961 3134 3356 3191 Vindocinensis
3408 3154 3522 3191 mo-

1998 3229 2212 3282 nasterii
2237 3269 2251 3292 ,
2279 3244 2558 3298 eorumque
2601 3229 2844 3296 indignus
2890 3225 3054 3280 Pater
3083 3225 3355 3297 Co/fridus
3375 3269 3391 3293 ,
3421 3230 3515 3283 de-

1997 3320 2157 3374 bitam
2184 3337 2301 3374 cum
2348 3320 2506 3388 ﬁlioli
2543 3321 2729 3374 timore
2773 3320 3145 3387 subjectionent
3176 3333 3222 3374 et
3267 3321 3519 3375 obedien»

1997 3413 2147 3465 tiam.

2013 3502 2230 3572 lnjuriis
2286 3511 2340 3556 et
2397 3502 2911 3573 persecutiouibus,
2971 3518 3109 3574 quas
3165 3501 3517 3558 Carnotensis

1923 3597 2210 3666 episcopus
2253 3596 2368 3664 (12)
2399 3595 2554 3650 nobis
2592 3596 2922 3658 suscitavit,
2957 3605 3012 3649 et
3065 3595 3313 3650 suscitari
3365 3595 3514 3659 fecit,

1924 3690 2076 3744 valde
2116 3687 2346 3760 fatigati,
2379 3691 2446 3744 ad
2476 3689 2652 3744 sinum
2686 3689 2874 3744 matris
2919 3697 3118 3743 nostrzn
3165 3694 3368 3742 sanctae
3401 3685 3512 3741 Ro-

1927 3843 2086 3896 euist.
2115 3842 2202 3896 15.

1960 3858 2073 3978 pii):
2115 3858 2416 3978 I(ilitemdnm
2451 3913 2781 3966 monac/mut.
2810 3911 3093 3970 Joannem.
3133 3909 3284 3977 cujus
3323 3909 3518 3964 crebra

1926 3983 2128 4035 mentio
2157 3985 2205 4050 in
2231 3983 2473 4050 epistolis
2497 3983 2563 4034 ad
2591 3981 2912 4036 lldcbertum
2939 3979 3280 4050 episcopum.
3307 3980 3401 4034 lib.
3429 3995 3511 4032 ιιι.

1997 4052 2108 4120 (l0)
2151 4049 2437 4105 Ecclesium
2481 4053 2535 4104 in
2584 4069 2690 4104 una
2731 4049 3125 4118 parur/tiaram.
3178 4051 3399 4118 Antiqui
3447 4067 3511 4102 ac

1924 4125 2165 4191 perpetui
2203 4120 2345 4188 juris
2386 4121 2505 4191 fuit,
2540 4137 2733 4174 novam
2781 4120 3066 4191 ecclesiam
3095 4121 3213 4173 sine
3247 4121 3509 4191 episcopi.

1924 4189 2078 4258 cujus
2105 4193 2155 4243 in
2180 4192 2398 4245 tlimcesi
2432 4190 2602 4241 solum
2627 4198 2766 4258 erat,
2796 4189 3061 4258 permissu
3100 4202 3206 4242 non
3231 4189 3513 4242 :ctlilicari.

1927 4256 2640 4324 SvuodusClialceilou.can.
2657 4257 2936 4323 αιεέδοξιν
2957 4256 3146 4329 μηδένα
3167 4261 3256 4327 μὲν
3276 4258 3514 4330 μηδαμοῦ

1925 4331 2206 4405 οἰκοδομεῖν
2232 4330 2355 4400 μηδέ
2382 4317 3012 4406 σννιστᾷν-μοναστήριᾷν,
3039 4331 3067 4388 ἦ
3093 4317 3354 4406 εὐΛκτήρὶογ
3375 4317 3516 4382 οθκον

1923 4406 2066 4479 παρὰ
2093 4397 2294 4475 ﬁdem
2324 4407 2411 4479 rufi
2442 4410 2532 4459 τῆς
2560 4397 2755 4460 nam
2794 4397 3094 4479 ὶτξιξτκόπου.
3129 4397 3280 4478 Quo'tl
3323 4397 3412 4479 jus
3444 4402 3514 4452 ita

1925 4467 2171 4527 sulatum
2200 4467 2352 4540 apud
2387 4486 2536 4539 regvs
2577 4480 2789 4524 nustros
2829 4470 2949 4531 fuit,
2981 4481 3034 4540 ut
3070 4469 3358 4540 suaetiam
3394 4467 3511 4536 lege

2021 4538 2258 4612 parendi
2286 4538 2532 4612 exemplo
2576 4539 3124 4612 lirinarint,capitul.
3173 4538 3344 4612 lib._v,
3386 4555 3506 4606 Cap.

1927 4608 2048 4666 £821
2084 4611 2290 4664 Placuit
2323 4608 2466 4663 nobis
2509 4626 2571 4663 ne
2615 4609 2828 4678 capellte
2865 4610 2916 4662 in
2959 4619 3138 4661 nostro
3180 4608 3400 4676 palatio,
3439 4609 3515 4661 rel

1925 4684 2053 4736 alibi
2089 4683 2199 4736 sine
2223 4687 2479 4751 permissu
2503 4677 2750 4747 episcopi,
2781 4679 2933 4748 cujus
2960 4696 3031 4732 est
3054 4680 3329 4751 parocltia,
3355 4677 3511 4746 ﬁant.

1925 4754 2080 4820 Quod
2130 4749 2261 4821 ergo
2314 4753 2693 4820 episcoporum
2757 4752 2857 4803 hac
2905 4752 2956 4803 in
2988 4765 3046 4803 re
3084 4749 3330 4821 jusjl'uit,
3378 4751 3516 4821 idem

1927 4819 2084 4876 suum
2133 4819 2253 4876 esse
2285 4819 2507 4875 abbates
2541 4822 2826 4875 voluerunt
2873 4821 2924 4872 in
2978 4819 3272 4886 parocbiis,
3301 4835 3420 4887 qua:
3461 4819 3514 4872 iu

1928 4893 2166 4963 ipsorum
2189 4902 2347 4963 erant
2379 4889 2828 4963 potestaterfl‘ale
2858 4899 3038 4963 autem
3060 4889 3512 4963 _C|uniace_rmiu_rn

1924 4959 2013 5031 jus
2055 4961 2155 5015 fuit
2185 4978 2250 5016 ex
2283 4959 2433 5014 Lucii
2463 4961 2518 5014 'll
2549 4960 2868 5031 privilegio:
2909 4959 3276 5021 l’rohibemus,
3321 4961 3512 5031 inquit,

1930 5029 1984 5086 ut
2041 5032 2183 5100 infra
2239 5031 2631 5101 parochiasrad
2664 5029 2759 5099 jus
2811 5029 3172 5101 (Iluniacensis
3215 5029 3517 5082 monasterii

1928 5099 2247 5172 pertinentes
2272 5102 2464 5169 absque
2487 5100 2856 5172 (ἰίιιιιὶαεεηδῇεΔ
2874 5099 3078 5153 abbatis
3113 5116 3367 5172 consensu
3394 5103 3512 5150 »ιη’-

1930 5170 2011 5224 lus
2041 5172 2310 5226 ecclesiam
2341 5171 2415 5224 rel
2437 5170 2691 5240 capellam
2717 5170 2982 5238 a’diﬁcare
3002 5179 3306 5239 prmumat.
3337 5171 3517 5222 llumm

1931 5259 2074 5296 anno
2114 5242 2266 5295 1154.

2003 5312 2112 5383 (ll)
2148 5311 2435 5383 EpiscOpus
2477 5326 2592 5364 vero
2644 5309 3006 5383 Santonensis.
3043 5308 3320 5383 Ranulfus
3347 5307 3512 5369 idem,

1933 5399 1961 5436 a
1991 5378 2347 5452 qtioitistilani
2381 5381 2568 5440 Flaici.
2602 5383 2668 5434 de
2695 5397 2802 5450 qua
2829 5381 2915 5434 hic
2937 5393 3133 5440 sermo,
3151 5378 3510 5452 scutelalque

1934 5445 2127 5507 iterum
2157 5453 2484 5507 monasterio
2519 5466 2618 5504 suo
2648 5445 2980 5505 subtractam
3013 5447 3259 5519 queritur
3293 5445 3384 5499 lib.
3433 5460 3512 5510 III,

1933 5524 2090 5592 epist.
2122 5523 2212 5592 57.

2004 5595 2119 5662 (i2)
2145 5591 2482 5646 Carnotensis
2505 5593 2792 5662 episcopus.
2819 5590 2928 5654 lvo,
2953 5600 3210 5662 quocum
3257 5585 3326 5662 de
3346 5599 3513 5662 vexa-

1938 5655 2174 5736 tionibus
2201 5665 2317 5718 istis
2349 5663 2510 5736 multa
2533 5655 2684 5736 saepe
2727 5655 3031 5736 expostulat
3060 5658 3170 5736 liba
3201 5669 3260 5708 ιι.
3295 5655 3508 5736 Scripta

1935 5735 2151 5801 quidem
2201 5732 2426 5804 cpistola
2469 5728 2633 5804 totius
2677 5728 2995 5804 monasterii
3030 5728 3285 5804 nomine,
3343 5728 3445 5804 sed
3481 5741 3509 5775 ιι

1935 5795 2174 5860 Ουίΐιὶιῑο
2223 5795 2443 5868 dictata,
2491 5802 2824 5874 Romamque
2859 5799 2926 5852 ad
2962 5795 3278 5851 Paschalem
3326 5795 3508 5860 allata,
