3990 6482
432 446 504 503 59
1469 434 1793 508 GOFFRIDI
1835 440 2130 494 ABBATIS
2176 439 2698 496 \‘lNDOCINENSIS
3655 444 3726 499 ω

435 578 613 629 mana:
644 556 1224 634 Ecclesiceunamillant
1252 555 1481 625 justitia:
1507 556 1753 611 sitientes
1773 555 2019 626 cuufugi-
2057 558 2099 613 Α

438 667 599 718 mus;
630 669 729 723 pro
764 653 1122 722 cujusamore
1152 661 1215 700 ac
1260 644 1520 701 ﬁdelitate
1545 645 1890 699 multitnodas
1916 645 2028 715 epi-

436 745 586 815 scopi
616 744 991 799 infcstatiuncs
1017 739 1074 809 6
1105 738 1194 791 ditt
1225 737 1581 806 portavimus.
1611 737 1691 791 Ad
1723 736 2023 791 Romanam

440 834 626 902 itaque
644 832 987 900 confugimus
1016 826 1316 882 Ecclesium
1340 845 1352 881 :
1377 827 1533 896 cujus
1554 825 1656 880 sub
1681 826 1796 880 alas
1824 837 2027 880 mater-

438 922 625 975 tutatis
654 924 779 974 dum
805 917 1125 988 congregari
1153 926 1209 971 et
1244 915 1442 981 foveri,
1479 926 1638 985 prout
1660 917 1867 986 justum
1917 927 2022 982 est,

436 1010 830 1073 desideramus,
883 1022 982 1061 nos
1031 1007 1347 1076 disgregare
1389 1015 1445 1059 et
1497 1004 1904 1061 tribulationum
1936 1004 2023 1059 [ιι-

434 1111 593 1166 nibus
637 1110 887 1182 alligatos
926 1108 1052 1163 inde
1091 1108 1416 1165 abstrahere
1468 1106 1691 1161 molitur
1736 1105 2026 1177 praedictus

432 1200 755 1269 episcopus;
779 1208 836 1255 et
874 1199 1210 1269 contemptis
1260 1206 1467 1254 sancta:
1497 1195 1780 1254 catholicae
1814 1205 1872 1250 et
1897 1210 2027 1266 apo-

432 1291 637 1351 stolicae
685 1291 831 1347 sedis
890 1290 1234 1361 privilegiis,
1290 1303 1429 1359 quos
1482 1287 1550 1342 ab
1612 1285 1767 1341 initio
1829 1296 2025 1340 nostra!

433 1383 731 1441 creatiouis
775 1390 949 1436 mater
975 1382 1217 1435 omnium
1262 1377 1618 1434 ecclesiarum
1652 1375 1894 1430 Romana
1925 1374 2028 1429 Ec-

431 1472 595 1528 clesia
625 1472 873 1543 proprios
912 1482 968 1526 et
1005 1470 1271 1542 speciales
1311 1469 1451 1523 filios
1480 1468 1669 1524 habuit
1699 1475 1864 1536 atque
1886 1465 2027 1521 lacte

432 1580 547 1620 sua:
570 1563 878 1619 dilectionis
913 1562 1161 1629 nutrivit,
1205 1561 1334 1632 quia
1360 1559 1461 1614 sibi
1491 1560 1769 1615 vindicare
1798 1574 1905 1612 non
1934 1573 2027 1612 va-

431 1654 506 1710 let
534 1655 677 1726 (£3);
713 1656 1060 1725 exsecrandis
1109 1653 1488 1709 vexationihus
1537 1661 1769 1708 conatur
1822 1651 2029 1706 exstin-

430 1759 616 1819 guere.
650 1743 822 1810 Unde,
876 1745 1097 1814 optimas
1135 1754 1190 1821 et
1238 1742 1639 1800 honestissima:
1683 1732 1806 1797 vita:
1844 1742 2024 1809 Pater,

429 1847 667 1892 vestram
699 1837 956 1908 pietatem
1001 1836 1278 1891 humiliter
1331 1835 1706 1905 imploramus,
1756 1843 2027 1905 quatenus

2700 552 3031 610 EPISTOLA
3080 554 3145 611 Υ.

2129 641 2385 696 Gloriosa:
2405 660 2467 695 ac
2494 643 2800 696 venerabilis
2826 644 2945 699 rita:
2976 643 3131 699 Patri
3153 656 3201 701 ιι
3239 647 3455 702 domino
3475 648 3725 704 Prisc/tali

2198 743 2392 786 sanctre
2440 744 2489 786 et
2534 734 2809 789 catholica:
2858 733 3110 790 Romamn
3163 735 3415 793 Ecclesia:
3462 741 3724 809 pontiﬁci,

2201 826 2369 894 frater
2407 823 2682 895 Co/I‘ridns
2734 837 2982 897 peccator
3028 830 3199 884 dictus
3249 831 3409 886 abbas
3476 817 3756 891 Vindoci-i

2199 915 2399 980 nensis,
2425 919 2563 986 quod
2598 918 2738 985 patri
2767 917 2912 986 [ilius
2951 929 3000 973 et
3033 919 3248 974 domino
3286 938 3485 977 servus.

2199 1006 2434 1061 Litteras
2461 1007 2768 1063 sanctitatis
2798 1018 2991 1064 vestrae
3018 1024 3143 1063 cum
3171 1012 3368 1080 gaudio
3393 1021 3451 1067 et
3473 1026 3725 1071 reveren-

2131 1096 2202 1150 tia
2241 1110 2347 1166 qua
2375 1094 2664 1152 debuimus
2692 1097 3036 1167 suscepimus
3054 1139 3068 1163 ,
3095 1099 3286 1169 eisque
3314 1101 3552 1156 debitam
3596 1106 3727 1160 obe-

2127 1188 2409 1250 dientiam,
2440 1198 2600 1256 prout
2648 1190 2871 1261 dignum
2924 1200 3079 1257 erat,
3130 1192 3390 1250 exhibere
3418 1195 3721 1260 voluimus;

2128 1291 2184 1336 et
2231 1282 2493 1351 quidquid
2527 1295 2554 1335 a
2587 1281 2929 1355 beatitudine
2962 1291 3163 1363 .vcstra
3217 1285 3374 1340 nobis
3432 1287 3484 1340 itt
3529 1285 3725 1344 litteris

2130 1383 2457 1444 praeceptum
2507 1375 2731 1442 fuerat,
2780 1374 3109 1445 completum
3167 1377 3357 1445 utique
3400 1375 3633 1442 fuisset.
3677 1381 3720 1435 si

2132 1463 2497 1518 inobedieutia
2543 1463 2927 1519 Archembaldi
2967 1465 3099 1520 dicti
3151 1466 3505 1538 abl.atis(l4)
3535 1467 3723 1525 Sancti

2129 1555 2308 1612 Albini
2352 1566 2406 1610 et
2436 1557 2798 1626 quorumdam
2841 1559 3235 1614 monachorum
3279 1560 3380 1616 sibi
3427 1561 3723 1618 faventium

2129 1664 2238 1704 non
2268 1649 2593 1703 obstitisset.
2621 1648 2884 1705 Sanctum
2908 1650 3127 1720 quidem
3158 1661 3211 1706 et
3238 1651 3445 1721 justnnt
3479 1665 3721 1711 vestrum

2132 1739 2446 1793 mandatum
2489 1738 2696 1804 fuerat;
2732 1738 2825 1793 sed
2874 1742 2965 1809 qui
2992 1739 3333 1809 8justitiam
3360 1752 3417 1797 et
3460 1744 3725 1799 santtita-

2132 1837 2240 1884 tem
2270 1830 2448 1884 minus
2469 1828 2718 1900 diligunt,
2736 1845 2803 1885 ex
2833 1830 3088 1887 omnibus
3108 1848 3229 1901 quae
3259 1835 3596 1903 praecepistis
3633 1835 3721 1890 ni-

431 1927 629 1984 educto
676 1900 744 1982 ἆυ
788 1928 981 1999 vagina
1033 1927 1179 1983 beati
1213 1926 1359 1982 perri
1392 1900 1593 1998 gladio,
1640 1900 1925 1995 cpiscopus
1973 1935 2030 1979 οι
2061 1900 2102 1959 Β
2133 1919 2206 1974 hil
2235 1918 2458 1974 onmiuo
2492 1917 2760 1973 fecerunt.
2803 1918 2939 1974 lliuc
2973 1900 3135 1991 igitur
3160 1900 3360 1979 vestrae
3405 1900 3720 1981 discretioui

429 2020 521 2089 qui
550 2020 653 2075 sibi
684 2020 737 2075 in
780 2020 997 2090 injuriis
1022 2020 1227 2075 nostris
1251 2020 1769 2089 obtemperaverunt
1798 2019 1877 2073 sic
1904 2032 2029 2072 cor-

433 2111 681 2181 rigantur
704 2121 763 2166 ut
790 2111 972 2167 caeteri
1008 2112 1259 2178 timeant,
1287 2119 1342 2166 et
1363 2126 1392 2163 a
1430 2121 1615 2165 nostra
1646 2108 2027 2180 persecutione

430 2204 719 2259 retrahant
747 2218 964 2268 manus,
992 2211 1047 2259 et
1076 2203 1178 2258 sub
1222 2200 1476 2273 praesidio
1519 2201 1829 2272 apostolica:
1858 2200 2027 2254 virtu-

432 2294 525 2356 tis,
556 2310 676 2364 quze
704 2295 999 2350 monachos
1032 2294 1207 2355 det-et,
1236 2293 1473 2362 quietem
1500 2291 1699 2346 habere
1730 2291 2023 2346 valeamus.

430 2381 783 2447 Mementote,
814 2384 1168 2441 dilectissime
1199 2383 1381 2448 Pater,
1416 2382 1805 2437 venerabilium
1827 2383 2026 2451 praede-

429 2490 708 2534 ccssorum
738 2487 1037 2532 vestrorum
1067 2477 1160 2547 qui
1189 2491 1286 2532 vos
1312 2476 1381 2532 ad
1407 2477 1673 2532 mthereas
1714 2476 2026 2532 mansiones

432 2577 834 2639 praecesserunt
860 2586 873 2623 :
900 2582 1131 2638 quorum
1160 2580 1353 2623 sancta
1384 2568 1603 2632 astutia,
1642 2566 1769 2622 licet
1798 2566 1850 2621 in
1887 2567 2030 2621 mul-

433 2659 502 2714 tis
527 2660 699 2714 divisa
732 2661 912 2715 minor
952 2671 1099 2716 esset
1126 2661 1180 2715 in
1219 2660 1484 2731 singulis,
1532 2660 1583 2714 in
1625 2660 1807 2715 causis
1845 2669 2025 2716 tamen

434 2748 750 2803 monasterii
775 2748 966 2814 nostri,
996 2748 1308 2819 patrimonii
1350 2747 1560 2803 scilicet
1588 2749 1730 2803 beati
1774 2748 1942 2816 Petri,
1966 2765 2027 2806 se

431 2844 623 2903 totam,
657 2847 818 2906 prout
846 2837 1153 2905 videbatur,
1182 2838 1485 2909 colligebat.
1516 2839 1590 2894 Illi
1621 2839 1856 2909 quidem,
1885 2842 2027 2897 sicut

434 2945 621 2986 eorum
646 2929 991 2985 honorabiles
1034 2931 1277 3001 epistola:
1307 2946 1444 3001 quas
1475 2940 1729 3000 tauquam
1770 2931 2025 3001 reliquias

435 3035 805 3086 reservamus,
835 3021 1103 3077 veraciter
1136 3022 1531 3088 testificantur;
1583 3021 2025 3081 benefactoribus

435 3113 640 3179 nostris
688 3112 1013 3183 multiplices
1062 3114 1270 3185 gratias
1321 3113 1666 3179 referebant,
1698 3124 1755 3170 et
1798 3131 1892 3171 eos
1930 3118 2022 3187 qui

436 3220 536 3265 nos
573 3203 977 3275 impugnabant,
1006 3205 1352 3259 severissima
1378 3205 1680 3265 invectione
1702 3208 2019 3279 arguebant.

434 3293 546 3351 Illis
586 3295 917 3365 temporibus
963 3310 1152 3363 pacem
1206 3295 1257 3366 7
1300 3296 1591 3352 habuimus
1641 3305 1696 3351 et
1740 3300 2021 3368 quietem;

432 3395 488 3440 et
511 3385 742 3440 militare
765 3386 875 3440 Deo
895 3384 1064 3450 licuit,
1080 3401 1184 3440 non
1204 3386 1469 3457 implicari
1498 3387 1756 3444 mundiali
1786 3390 2023 3462 negotio.

436 3476 572 3532 Nam
594 3519 610 3534 .
639 3478 684 3532 si
711 3479 832 3547 quis
859 3492 958 3532 nos
994 3476 1286 3534 molestare
1310 3479 1602 3549 cogitabat,
1634 3480 1706 3535 ibi
1749 3483 2027 3538 morieba-

436 3580 526 3647 tur
567 3570 653 3623 ubi
685 3579 803 3624 orta
834 3582 955 3625 erat
986 3570 1169 3641 iniqua
1196 3571 1474 3643 cogitatio.
1509 3571 1664 3629 Nunc
1705 3583 1888 3629 autem
1927 3575 2026 3630 tri-

436 3660 801 3717 bulationibus
850 3662 1176 3729 atterimur,
1230 3663 1520 3736 fatigamur
1559 3663 1800 3733 injuriis,
1863 3681 2024 3721 vexa-

437 3752 693 3816 tiouibus,
716 3762 771 3806 et
794 3754 1025 3808 maxime
1046 3755 1393 3811 Carnoteusis
1408 3757 1668 3827 episcopi,
1692 3757 2022 3816 laboramus.

435 3849 536 3908 At,
568 3843 635 3898 de
683 3852 862 3897 vestra
913 3843 1195 3911 bonitate,
1246 3844 1673 3902 clementissime
1717 3845 1919 3914 Pater,
1971 3859 2026 3905 et

435 3932 710 4008 aquitatis
758 3936 1068 4009 integritate
1121 3940 1347 3994 omnino
1404 3941 1777 4007 confidentes,
1825 3945 1892 3999 ab
1940 3945 2025 4001 his

438 4027 690 4082 omnibus
718 4025 932 4082 liberari
959 4043 1058 4083 nos
1078 4030 1372 4084 credimus.
1395 4026 1746 4100 Gravamina,
1773 4034 1970 4104 quibus
1993 4051 2023 4091 a

441 4118 747 4175 memorato.
767 4122 1023 4191 episcopo
1063 4122 1381 4190 premimur,
1431 4130 1487 4177 et
1517 4121 1617 4177 sub
1647 4134 1852 4192 quanto
1883 4126 2026 4182 illius

439 4225 605 4266 onere
628 4213 920 4280 gemimus,
950 4219 1173 4283 propter
1206 4212 1428 4266 nimiam
1454 4215 1825 4270 morositatem
1857 4217 2027 4271 tacui-

440 4323 584 4374 mus,
611 4318 666 4364 et
694 4308 876 4363 domui
907 4305 1120 4361 abbatis
1159 4304 1339 4375 lingua
1392 4305 1585 4361 n.elius
1611 4308 1796 4363 omnia
1832 4308 2025 4381 loquo-

441 4411 550 4470 tur,
579 4420 741 4475 quam
778 4404 1023 4459 indicare
1050 4403 1222 4472 possit
1256 4401 1506 4473 epistola.

2131 2010 2393 2066 incumbit
2436 2011 2581 2081 quod
2637 2010 3013 2067 inobedicnter
3046 2024 3230 2068 aetum
3272 2024 3358 2070 est
3407 2017 3720 2088 corrigere;

2129 2111 2187 2157 ut
2233 2101 2317 2157 vel
2361 2103 2442 2157 sic
2491 2102 2729 2158 universi
2804 2113 3137 2174 cognoscant
3215 2120 3377 2176 quam
3427 2123 3593 2178 grave
3651 2108 3725 2162 sit

2127 2195 2425 2265 apostolica
2474 2206 2743 2266 prazcepta
2798 2209 3169 2253 contemnere.
3214 2198 3356 2255 Utile
3406 2210 3487 2256 est
3546 2200 3720 2266 enim,

2129 2284 2240 2340 imo
2271 2285 2662 2354 necessarium,
2688 2301 2753 2341 ne
2801 2286 2915 2343 haec
2943 2297 3093 2343 tanta
3134 2292 3485 2360 prtesumptio
3535 2308 3605 2344 ιιι(
3627 2306 3728 2345 na-

2128 2377 2352 2434 chorum
2381 2377 2555 2432 inulta
2586 2390 2887 2445 remaneat,
2932 2380 3072 2435 forte
3096 2382 3163 2435 de
3193 2382 3478 2436 monachis
3504 2394 3723 2453 sumpta

2128 2470 2414 2525 occasione
2437 2469 2489 2524 in
2519 2470 2686 2542 gradu
2719 2470 2899 2526 altiori
2945 2473 3115 2541 pestis
3144 2472 3525 2528 inohedientia:
3555 2482 3726 2542 caput

2128 2565 2338 2633 erigere
2388 2573 2698 2635 praesumat.
2733 2563 2844 2619 [loc
2898 2565 2950 2619 in
2989 2570 3160 2636 anno,
3211 2563 3566 2620 dilectissime
3617 2564 3728 2618 Pa-

2132 2665 2241 2719 ter,
2301 2656 2369 2710 ad
2408 2671 2504 2710 vos
2541 2655 2728 2711 venire
2770 2656 3047 2711 desiderio
3104 2656 3443 2720 desideravi;
3489 2658 3584 2711 sed
3640 2657 3728 2710 itt-

2130 2745 2388 2802 lirmitate
2431 2757 2487 2801 et
2537 2747 2823 2818 multiplici
2891 2750 3213 2803 monasterii
3269 2748 3440 2803 nostri
3494 2747 3730 2804 necessi-

2129 2850 2239 2895 tate
2273 2841 2526 2896 detentus
2558 2842 2747 2897 venire
2797 2857 2901 2896 non
2934 2842 3107 2910 potui.
3158 2840 3299 2905 Sed,
3335 2840 3446 2896 Deo
3485 2840 3728 2905 volente,

2128 2948 2290 3003 quam
2338 2935 2503 2990 citius
2534 2943 2726 3005 potero
2773 2934 2839 2988 ad
2883 2950 2982 2990 vos
3012 2935 3224 2995 veniam
3258 2934 3471 2989 beatam
3526 2933 3731 2987 faciem

2128 3034 2364 3080 vestram
2396 3025 2649 3088 visurus;
2697 3033 2753 3080 et
2804 3023 2865 3078 Β.
2897 3024 3099 3080 Prisca:
3145 3023 3435 3081 ecclesiam
3465 3023 3611 3095 (15),
3640 3021 3730 3077 vel

2127 3115 2193 3168 de
2218 3116 2453 3172 ecclesia
2481 3116 2751 3187 justitiam
2772 3159 2787 3184 ,
2827 3117 2871 3171 si
2915 3115 3145 3172 bonitati
3179 3125 3373 3170 vestrm
3399 3129 3505 3168 nou
3534 3113 3729 3184 displi-

2125 3216 2235 3274 cet,
2267 3207 2411 3278 qnod
2449 3207 2669 3264 minimc
2700 3208 2987 3279 displicere
3021 3207 3202 3274 debet,
3230 3215 3583 3277 recepturus.

2699 3320 3034 3377 EPISTOLA
3070 3319 3159 3375 Vl.

2129 3412 2442 3469 Beatissimo
2472 3430 2623 3484 papa:
2646 3412 2921 3479 Post-Itali,
2959 3412 3271 3468 charissima
3295 3411 3511 3468 domino
3534 3421 3583 3466 et
3625 3408 3730 3465 Pa-

2198 3506 2308 3569 tri,
2349 3505 2517 3575 frater
2567 3501 2872 3573 Go/fridus,
2903 3502 2964 3558 S.
3017 3502 3272 3559 Romam:
3315 3504 3456 3558 sedis
3507 3505 3727 3559 humilis

2196 3613 2399 3662 servus,
2425 3595 2653 3651 debitam
2679 3612 2797 3650 cum
2832 3596 3111 3651 dilectione
3136 3596 3509 3653 obedientiam.

2200 3686 2464 3741 Damnum
2515 3684 2799 3756 Paganum
2846 3686 2994 3743 beati
3043 3686 3225 3743 Albini
3277 3687 3514 3743 electum
3558 3687 3677 3756 (l6)
3704 3726 3723 3750 ,

2126 3791 2290 3846 quem
2342 3775 2472 3830 mihi
2530 3776 2756 3832 minimo
2824 3791 3108 3832 servorum
3155 3788 3465 3832 vestrorum
3523 3788 3726 3833 vestra:

2128 3867 2476 3924 auctoritatis
2504 3867 2725 3923 decreto
2762 3867 3208 3934 commendastis,
3229 3868 3425 3923 scitote
3456 3868 3729 3924 veraciter

2126 3957 2295 4013 multa
2336 3957 2654 4029 gravamina
2686 3973 2925 4028 passum.
2957 3954 3121 4013 Prius
3148 3958 3367 4029 quidem
3403 3957 3597 4012 electio
3626 3974 3726 4013 sua

2127 4047 2243 4103 sine
2266 4047 2473 4117 judicio
2502 4055 2559 4101 et
2589 4047 2869 4102 audientia
2910 4047 2960 4101 ei
2992 4046 3176 4103 ablata
3224 4056 3330 4102 est.
3380 4046 3576 4101 Postea
3628 4063 3730 4117 per

2128 4139 2385 4194 invidiam
2418 4138 2473 4192 in
2521 4138 2723 4205 locum,
2774 4153 2938 4208 quem
2975 4154 3072 4210 per
3117 4139 3440 4196 electionem
3490 4138 3725 4195 fratrum

2127 4245 2351 4287 suorum
2406 4230 2754 4294 obtinuerat,
2806 4230 3241 4286 Archembaldus
3292 4230 3623 4300 subrogatus
3667 4229 3729 4301 θ

2127 4331 2231 4377 cst.
2264 4321 2389 4389 Qui,
2422 4338 2507 4376 tne
2537 4332 2829 4391 prtesente,
2862 4322 2915 4377 in
2942 4322 3182 4393 capitulo
3206 4338 3304 4378 suo
3346 4323 3486 4377 inter
3519 4337 3718 4377 manus

2129 4413 2535 4484 Andcgaveusis
2561 4415 2802 4486 episcopi
2832 4430 2955 4471 cum
2984 4416 3171 4488 regula
3214 4414 3273 4471 S.
3300 4413 3578 4471 Benedicti
3604 4414 3726 4487 (I7)

511 4590 623 4663 (I5)
661 4587 941 4663 Vindicarc
963 4605 1063 4643 non
1101 4587 1254 4643 valet.
1308 4588 1431 4643 Ideo
1463 4603 1567 4642 non
1610 4595 1846 4656 poterat,
1895 4589 2019 4663 quia
2055 4599 2098 4654 D
2124 4591 2482 4663 degavensem
2515 4604 2703 4663 preces
2721 4588 3066 4663 profuerunt,
3099 4603 3209 4660 quo
3232 4590 3414 4644 minus
3445 4587 3724 4646 abbatiant

439 4660 813 4714 Theudoricus
838 4661 1122 4728 episcopus
1150 4674 1251 4714 suo
1278 4669 1331 4714 et
1361 4673 1742 4713 successorqu
1780 4660 2020 4724 nomine,

439 4730 831 4784 monasterium
879 4728 1270 4783 Viudociucnse
1314 4731 1380 4783 ab
1416 4730 1789 4796 episcoporum
1820 4730 2024 4783 Carno-

441 4800 673 4854 tensium
706 4810 973 4869 potestate
1028 4801 1252 4870 liberum
1289 4799 1493 4853 fecerat
1540 4799 1850 4869 privilegio,
1880 4802 2025 4870 quod

441 4873 506 4925 ad
544 4871 745 4923 eali-ent
780 4886 1001 4939 operum
1049 4868 1271 4923 Goll'ridi
1305 4870 1593 4939 edidimus.

514 4941 620 5007 (Μ)
650 4941 1045 5012 Arcltcmlmldi.
1070 4940 1198 4993 dicti
1233 4940 1454 5012 abbatis.
1492 4938 1605 4994 lloc
1647 4949 2024 5012 argumentum

441 5019 711 5078 tractatur
737 5011 788 5064 in
814 5009 1039 5078 cpistola
1067 5011 1339 5077 sequenti.

461 5076 469 5083 ’
509 5080 622 5151 (l3)
651 5076 1066 5151 Beatw‘Prisrte
1099 5081 1392 5151 ecclesiam.
1447 5076 1513 5135 Et
1561 5081 1665 5137 hoc
1717 5081 1883 5138 etiam
1915 5081 2023 5151 peti

436 5148 690 5209 debet'ex
722 5148 1015 5220 epistolai9
1046 5148 1206 5218 hujus
1243 5150 1389 5204 libri.

506 5221 622 5293 (16)
650 5216 910 5293 Πωίιηιιιιι
949 5216 1226 5293 Pagauttm
1268 5220 1400 5293 beati
1429 5216 1892 5293 Albinirelectum.
1925 5222 2027 5276 Ve-

441 5287 525 5361 tus
563 5287 619 5347 et
649 5292 827 5347 nobile
851 5292 912 5345 S.
945 5287 1126 5344 Albini
1181 5290 1490 5361 ctenubiutn
1532 5287 1818 5361 Jttliotttagi
1849 5292 2030 5346 Ande-

437 5358 713 5432 gavorttm,
761 5363 813 5417 in
859 5376 966 5430 quo
1015 5370 1136 5432 post
1183 5358 1473 5432 Girardum
1509 5358 1550 5412 ιι
1605 5358 1825 5416 creatus
1858 5361 2026 5417 abbas

435 5426 894 5487 lrchembaldus'
916 5426 1061 5485 anno
1098 5430 1300 5485 Christi
1332 5426 1492 5489 “06.
1541 5444 1665 5483 cum
1693 5445 1792 5484 sua
1837 5443 2030 5489 sponte

437 5503 761 5563 abdicasset,
790 5497 1158 5577 sulfectusque
1187 5500 1240 5553 in
1274 5498 1393 5577 ejus
1435 5496 1625 5577 locum
1669 5509 1815 5555 easet
1848 5496 2030 5577 Baga-

437 5587 558 5635 nus,
588 5581 796 5628 mutata
826 5586 951 5624 mox
984 5565 1261 5623 voluntate
1287 5565 1559 5635 abbatiam
1588 5568 1781 5623 iterum
1806 5565 2031 5626 affecta-

437 5633 556 5710 vit,
623 5641 971 5710 obtinuitque
1016 5649 1075 5691 ut
1107 5635 1315 5710 _Paga_u_i
1339 5633 1585 5710 _elec_tio__
1617 5637 2029 5710 infringeretur.

435 5709 540 5764 Pro
567 5711 783 5782 Pagano
811 5703 1024 5782 litteras
1054 5707 1121 5782 ad
1146 5703 1938 5782 Goll'ridutn.dedit_i’aschalis,
1964 5715 2029 5782 de

435 5771 1458 5864 quibuscpistola.przecetlepti‘isetlfi
1485 5789 1592 5864 nec
1621 5776 1814 5857 littera:
1852 5771 2031 5864 ponti-

438 5842 592 5916 lic’ia',
627 5842 726 5905 ue'e
758 5842 1012 5902 adhibitae
1040 5842 1177 5913 apud
1204 5842 1439 5910 legatum
1481 5851 1536 5897 ct
1572 5842 1886 5918 episcopum
1915 5848 2030 5905 Au-

2129 4659 2392 4717 retineret
2421 4659 2868 4715 Archembaldus.

2199 4732 2311 4803 (Π)
2368 4730 2499 4803 Cum
2533 4730 2712 4803 regula
2747 4728 3133 4803 S.gBe_ued-icti_.
3164 4729 3299 4803 illoc
3348 4740 3471 4803 est,
3524 4728 3725 4785 librum

2126 4799 2411 4875 porrigens
2465 4800 2703 4870 Regulae,
2749 4799 3019 4852 abbatiam
3073 4800 3378 4875 abdicarat.
3432 4800 3664 4875 Ductutn
3695 4817 3729 4854 e

2127 4869 2303 4944 prisca
2334 4869 2877 4944 ιιιφτιιιιιιεςιιιροινιιιιι
2907 4872 3324 4944 consuetudine,
3356 4886 3466 4944 qua
3493 4869 3561 4923 ad
3593 4870 3727 4923 San-

2127 4940 2349 4997 cicadas
2391 4940 2794 5007 lirtuandasque
2832 4940 3139 4995 cessionum
3173 4951 3224 4995 et
3277 4940 3724 4997 investiturarum

2129 5014 2375 5067 actiones
2436 5009 2729 5081 baculum,
2793 5009 3111 5075 cultellum,
3173 5011 3388 5067 aliudve
3443 5009 3727 5081 quidpiam

2130 5082 2396 5151 ejusmodi
2448 5080 2808 5151 adhibebant;
2863 5081 3135 5136 interdum
3179 5082 3344 5137 etiatn
3387 5080 3585 5151 librum
3622 5080 3722 5151 Be-

2130 5150 2275 5225 gulze
2298 5154 2381 5225 Sa
2405 5150 2878 5225 Beuediclitapud
2908 5153 3203 5225 monachos
3237 5154 3521 5207 nimirum.
3556 5150 3728 5222 Cujus

2132 5220 2208 5278 rei
2266 5222 2486 5293 inripso
2523 5220 2593 5293 AS.
2624 5221 2831 5293 ⁸Διιάίιιῑ
2892 5221 3161 5293 tabulario
3213 5224 3366 5278 varia
3423 5220 3725 5293 suppetunt

2130 5290 2402 5362 exempla,
2435 5299 2493 5345 ut
2521 5291 2588 5362 in
2606 5291 2896 5346 donatione
2945 5292 3200 5349 Adelardi
3237 5294 3305 5349 de
3352 5290 3549 5348 Castio
3575 5290 3735 5362 (ἔθυέ

2132 5359 2485 5435 ιᾳτίἰζιιιιιιιιι
2536 5359 2629 5435 lib.
2657 5362 2921 5435 v,_epist.
2961 5361 3057 5435 A257
3089 5363 3448 5435 proferemus.
3475 5365 3621 5435 gltetu
3668 5361 3727 5435 ζη

2131 5433 2300 5490 altera
2333 5430 2688 5488 Concessioue
2724 5430 3005 5488 Samsonis
3036 5430 3375 5490 Passavantii
3415 5434 3624 5497 militis,
3673 5432 3728 5488 in

2133 5510 2411 5575 qtta_p98t
2453 5516 2643 5555 eorum
2694 5505 3184 5572 enumerationem,
3236 5502 3731 5575 quaemonasterio

2135 5571 2276 5641 apud
2309 5571 2793 5641 Curtumcatnpum
2825 5574 3052 5628 donarat
3097 5571 3423 5631 atuto'tl58
3472 5576 3553 5630 sic
3592 5590 3731 5629 con-

2135 5587 2276 5694 apua
2309 5587 2793 5641 uurtumcatnpum
2825 5587 3052 5628 donarat
3097 5590 3241 5631 anno
3286 5587 3423 5630 non
3472 5590 3553 5630 sm
3592 5590 3731 5629 con—

2135 5648 2175 5716 ς
2189 5641 2334 5716 udit:
2361 5642 2432 5716 ρο
2451 5643 2550 5716 ltac
2575 5641 2737 5716 igitur
2758 5643 3084 5713 ele'emosyna
3112 5662 3206 5715 ego
3230 5649 3338 5716 ipse
3355 5644 3580 5710 Samson
3609 5660 3732 5716 cunt

2135 5711 2334 5784 Regula
2362 5712 2736 5784 Sallenedicti,
2763 5730 2880 5766 cum
2906 5711 3010 5783 qua
3036 5711 3269 5771 ecclesia}
3312 5716 3621 5784 bene/icium
3660 5712 3727 5767 ab

2135 5726 2334 5833 (tegula
2362 5726 2422 5768 δ.
2450 5726 2736 5774 uetteatctt,
2763 5730 2880 5766 cum
2906 5731 3010 5783 qua
3036 5726 3269 5771 ecclesia:
3312 5726 3621 5784 beneﬁcium
3660 5726 3727 5767 ao

2134 5782 2199 5855 ab
2237 5791 2322 5855 ate
2342 5792 2390 5855 et
2419 5783 2674 5855 fratribus
2717 5785 3019 5838 memoratis
3051 5802 3378 5855 acceperam,
3405 5794 3731 5855 memoratos

2135 5851 2368 5909 intestini
2398 5851 2635 5907 abbatem
2663 5862 2710 5909 et
2743 5863 3081 5922 renuentum;
3118 5851 3431 5911 et'eamdcm
3472 5854 3731 5928 Regulam
