3990 6452
236 371 298 422 lt
1519 369 1899 427 EPISTOLE.
1940 401 1983 413 -
2002 402 2011 412 -
2051 372 2168 431 Hii.

3474 383 3544 440 η

241 485 512 538 abhattam
556 486 805 554 penitus
857 497 985 543 ante
1028 488 1324 550 dimiserat;
1357 486 1503 553 quia,
1534 487 1674 540 sicut
1710 486 1843 556 ipsi-
1874 491 1924 548 Α
1955 496 2063 541 tttr.
2099 488 2253 556 Quod
2292 489 2337 543 si
2371 488 2627 545 violentia
2657 489 2942 547 Teutonici
2990 494 3141 563 regis
3182 493 3296 564 (90)
3338 495 3546 569 aliquid

247 589 359 632 inet
402 591 456 632 et
480 580 664 634 omnis
695 582 1068 651 congregatio
1095 596 1215 634 cum
1263 595 1331 633 eo
1378 578 1591 646 publice
1625 578 1857 633 conﬁtc-

244 671 549 738 loatur,pr.e
571 672 853 727 animiet
881 672 1117 742 corporis
1144 670 1457 724 inlirtnitate
1481 681 1690 725 tantum
1718 686 1857 726 onus

246 764 385 814 ferre
411 777 518 814 non
559 772 822 832 poterat.
858 766 1104 832 Paganus
1125 778 1253 818 vero
1281 778 1402 818 cum
1450 777 1511 819 se
1558 779 1660 820 nec
1705 766 1859 818 audi-

245 865 379 916 tnm,
412 869 515 907 nec
546 866 831 911 vocatum
861 859 1015 928 quasi
1040 858 1351 912 damnatum
1391 858 1756 926 conspiceret,
1790 873 1857 914 ne

238 958 336 1014 per
362 945 519 1003 lianc.
548 962 730 1015 quam
772 950 1050 1004 immerito
1079 948 1404 1017 patiebatur,
1441 949 1737 1018 repulsam,
1765 948 1854 1002 iit-

241 1034 400 1088 l’amia
432 1039 806 1105 postmodum
853 1050 1149 1106 notaretur,
1181 1053 1266 1095 me
1289 1039 1560 1100 audiente.
1598 1041 1852 1096 domitum

236 1125 551 1194 episcopum
594 1127 1056 1199 Andegavensem
1110 1127 1226 1197 (l8)
1273 1135 1329 1181 et
1373 1128 1631 1182 domuum
1679 1128 1849 1199 Engo-

243 1216 548 1271 lisntenscm
602 1218 861 1288 legatum
905 1222 1016 1291 (l9)
1065 1231 1305 1276 vestrum
1345 1220 1606 1277 convenit
1652 1238 1664 1274 :
1689 1218 1852 1289 justi-

249 1312 363 1363 tiant
417 1318 477 1364 et
535 1311 892 1366 audientiam
936 1314 1003 1366 ab
1043 1314 1124 1368 eis
1173 1313 1468 1382 qamsivit;
1524 1312 1655 1377 sed,
1710 1313 1851 1369 sicut

252 1411 463 1472 utraque
520 1404 766 1472 qtttesita
815 1413 923 1467 est,
976 1412 1202 1474 utraque
1246 1404 1315 1460 ab
1378 1416 1608 1473 utroque
1657 1413 1848 1474 negata

246 1492 358 1546 fuit.
393 1490 667 1547 Salomon
734 1502 920 1549 tamen
976 1509 1068 1549 rex
1097 1534 1113 1557 ,
1172 1502 1227 1549 et
1274 1494 1624 1565 evangelicus
1683 1493 1848 1562 judett

245 1597 338 1636 nec
389 1582 473 1638 sic
526 1591 816 1653 egerunt,
889 1598 993 1639 nec
1040 1585 1121 1639 sic
1176 1599 1337 1654 agere
1390 1583 1604 1653 indices
1666 1584 1850 1640 Eccle-

243 1672 332 1725 sizc
376 1673 711 1728 docuerunt.
744 1672 991 1740 Quorum
1041 1689 1179 1728 unus
1226 1675 1542 1731 meretrices
1574 1674 1849 1747 litigantes

238 1764 429 1820 audire
457 1765 691 1820 minime
728 1765 1094 1836 contempsit;
1127 1766 1220 1821 sed
1265 1781 1454 1822 carum
1501 1783 1695 1823 causas
1724 1767 1845 1822 dili-

243 1866 436 1924 genter
476 1856 781 1912 discutiens
824 1856 1122 1926 prudenter
1152 1856 1484 1912 terminavit.
1526 1856 1680 1913 Alter
1717 1872 1846 1911 vero

248 1946 306 2000 in
332 1946 610 2002 adulterio
636 1948 1038 2017 deprehensam
1081 1954 1136 1999 et
1161 1947 1303 2015 apud
1334 1962 1393 2002 sc
1418 1956 1726 2003 accusatam
1758 1962 1847 2002 sa—

256 2035 474 2105 pienter
503 2022 581 2089 et.
606 2035 1031 2090 misericorditer
1081 2033 1350 2090 liberavit.
1382 2034 1478 2090 llis
1517 2051 1640 2105 qua:
1684 2051 1845 2106 supra

258 2127 545 2188 diximus,
600 2136 655 2180 et
704 2127 823 2182 aliis
872 2127 1274 2198 gravantinibus
1324 2127 1618 2198 praedictus
1680 2125 1848 2181 frater

254 2218 623 2271 veiententer
654 2230 954 2286 oppressus,
978 2227 1222 2271 sanctam
1258 2214 1611 2286 apostolicam
1635 2216 1843 2279 sedem,

244 2323 378 2378 qua:
421 2309 623 2363 matris
671 2308 869 2377 pietate
910 2308 1184 2378 oppressis
1236 2306 1489 2363 omnibus
1549 2307 1844 2362 subvenire

238 2400 555 2460 consuevit,
586 2398 912 2468 appellavit;
940 2411 996 2454 et
1038 2399 1104 2455 ad
1131 2414 1272 2463 eam,
1310 2399 1455 2455 sicut
1500 2402 1568 2453 ad
1617 2409 1843 2456 matrem

247 2489 418 2556 titius,
449 2490 742 2545 consilium
773 2500 831 2545 et
856 2492 1124 2546 auxilium
1149 2492 1422 2563 petiturus
1442 2491 1708 2564 confugit.
1736 2490 1843 2548 Sed

246 2597 355 2637 nec
399 2599 499 2637 sua
525 2582 739 2649 electio,
773 2599 879 2640 nec
926 2594 1128 2640 sancta:
1156 2586 1303 2641 sedis
1354 2584 1645 2656 appellatio
1667 2627 1683 2652 ,
1723 2602 1843 2657 qua:

252 2672 530 2741 quondam
559 2673 816 2743 prodesse
858 2674 1092 2739 solebat,
1126 2677 1306 2733 adhuc
1331 2676 1435 2732 sibi
1461 2676 1720 2748 prodesse
1750 2692 1842 2748 po-

251 2764 376 2817 tuit.
394 2763 460 2819 Et
480 2766 609 2836 quia
632 2767 819 2821 matris
839 2765 1092 2835 ittjnriam
1116 2768 1280 2824 silere
1300 2786 1405 2825 non
1429 2772 1685 2827 convenit
1706 2772 1838 2836 lilio,

246 2867 451 2911 sancta:
463 2859 658 2913 matris
681 2857 943 2915 Romanae
964 2859 1219 2916 Ecclesia:
1238 2860 1511 2931 iniuriam,
1528 2863 1682 2934 cujus
1700 2864 1841 2921 lilius

232 2962 339 3018 ego
368 2947 477 3019 ιο
507 2964 652 3014 sunt,
685 2949 810 3005 licet
853 2950 1127 3019 indignus,
1161 2952 1437 3008 occultare
1471 2969 1573 3009 nec
1594 2970 1836 3025 possunt,

230 3056 340 3096 nec
369 3040 569 3096 debeo.
600 3041 1035 3097 Archemhaldus
1064 3052 1119 3098 et
1163 3045 1411 3101 monachi
1451 3047 1542 3117 qui
1565 3048 1836 3103 sustinent

236 3144 419 3201 partes
452 3133 620 3204 ejus,
666 3136 849 3191 omnia
897 3152 1021 3207 qua:
1071 3138 1139 3193 de
1184 3137 1405 3210 Pagano
1442 3140 1525 3196 eis
1580 3144 1838 3213 praecepit

232 3222 485 3279 itaniana
516 3225 760 3282 Ecclesia
803 3228 876 3281 ita
904 3239 1368 3299 contempserunt,
1392 3232 1533 3300 quod
1562 3247 1630 3289 es
1658 3236 1834 3289 omni-

227 3316 333 3374 ims
370 3320 608 3375 omnino
641 3321 773 3376 nihil
806 3322 1073 3378 iecerunt.
1125 3321 1261 3379 lluic
1311 3332 1493 3380 tamen
1543 3326 1831 3382 universali

231 3410 479 3465 nomium
513 3410 951 3468 Christianorum
983 3413 1143 3468 matri
1193 3415 1416 3471 obedire
1462 3426 1548 3472 est
1597 3418 1746 3481 utile,
1780 3429 1835 3474 ct

222 3500 626 3571 honoriﬁcum,
658 3514 715 3559 et
755 3520 863 3558 non
887 3503 1112 3560 obedire
1132 3505 1509 3561 criminosum.
1543 3506 1669 3563 llaec
1706 3511 1833 3565 ohe-

232 3597 516 3654 dientibus
566 3598 919 3653 dilemiouem
973 3613 1197 3654 servare
1250 3614 1468 3669 sctttper
1517 3602 1747 3667 studuit,
1776 3613 1833 3656 et

228 3690 677 3749 inobedicntibus
709 3692 934 3748 reddere
979 3692 1259 3748 ultionem.
1310 3691 1462 3749 Unde
1512 3695 1828 3763 przecerdia-

232 3783 448 3837 lissime
472 3782 660 3847 Pater,
686 3791 927 3852 paterna:
946 3782 1162 3851 pietatis
1188 3782 1395 3837 viscera
1439 3784 1832 3854 qualiscunque

234 3872 393 3926 lilius
417 3880 600 3926 vester
635 3872 907 3925 humiliter
931 3881 1220 3942 precatur;
1270 3882 1539 3941 quatenus
1576 3873 1629 3926 in
1658 3885 1832 3931 mauu

223 3974 434 4018 nostra
467 3963 709 4018 Romana
735 3964 977 4020 Ecclesia
1008 3965 1087 4020 sic
1112 3974 1167 4019 et
1193 3963 1422 4033 iustitia:
1453 3974 1628 4022 status
1653 3976 1830 4037 vigeat

231 4063 292 4109 et
325 4054 641 4110 dilectionis
660 4055 907 4118 allectus,
938 4071 1007 4110 ne
1036 4070 1243 4126 pauper
1264 4054 1524 4111 innocens
1550 4058 1829 4126 opprima-

224 4156 353 4213 tur,
393 4163 496 4203 nec
524 4149 793 4219 superbus
843 4148 998 4204 dives
1027 4148 1271 4218 qualibet
1299 4148 1585 4203 occasione
1636 4147 1832 4218 glorie-

229 4342 398 4393 super
414 4325 593 4397 altare,
614 4325 684 4381 Β.
714 4327 890 4382 Albini
928 4327 1096 4382 detuli
1125 4330 1188 4380 ob
1218 4326 1522 4380 memoriam
1550 4336 1829 4397 νικψειαω

230 4396 624 4469 ﬁrmitatisJJ't
641 4400 693 4452 in
721 4399 805 4453 liis
832 4399 1026 4453 librum
1044 4397 1283 4469 Regulae,
1300 4397 1380 4452 sic.
1407 4397 1459 4451 in
1486 4396 1608 4452 aliis
1631 4396 1831 4469 tabulis

230 4466 538 4532 cultellum,
567 4469 840 4532 baculum,
870 4466 1216 4523 cltit'otltccas
1252 4467 1304 4521 iti
1347 4482 1565 4520 manum
1608 4466 1825 4527 missas.

1958 579 2227 649 :equitatis
2279 581 2459 635 minus
2495 597 2524 635 a
2555 580 2712 636 vobis
2736 583 2991 647 extorsit,
3042 593 3098 639 et
3138 585 3304 639 timor
3355 590 3548 643 mortis

1959 666 2190 723 ﬁliorum
2234 682 2541 725 vestrorum
2599 671 2666 725 ad
2714 672 2817 728 hoc
2870 689 3091 729 carnem
3139 685 3401 743 vestram,
3437 693 3543 731 non

1957 758 2216 823 animam,
2265 759 2580 825 inclinavit;
2627 772 2833 830 quanto
2866 763 3046 819 minus
3087 763 3316 834 iustitiae
3347 766 3399 819 in
3447 767 3549 820 hoc.

1956 857 2080 903 actu
2121 849 2474 920 dignoscitur,
2507 860 2657 904 tanto
2678 850 2739 906 in
2766 853 2946 910 causis
2997 852 3120 910 aliis
3150 856 3382 925 amplius
3421 871 3548 927 per-

1955 947 2168 1008 agatur.
2211 938 2371 993 l’ater
2407 940 2460 993 itt
2499 938 2719 994 Christo
2741 942 3086 1010 charissime,
3128 961 3235 1001 non
3269 961 3367 1004 vos
3397 948 3542 1001 ultra

1954 1042 2172 1087 mouunt
2216 1030 2431 1098 amciat,
2471 1032 2517 1087 si
2547 1047 2654 1101 qua
2686 1030 2787 1088 fuit
2831 1035 3050 1092 sinistra
3094 1039 3382 1108 operatio;
3436 1056 3545 1095 non

1950 1124 2235 1194 perturbet
2257 1123 2474 1179 oculum
2507 1123 2707 1180 tuentis
2728 1136 2923 1181 vestra:
2963 1129 3105 1199 regis
3128 1132 3346 1187 exactio
3377 1149 3391 1187 :
3422 1134 3543 1194 sed,

1946 1223 2159 1283 quanto
2204 1214 2399 1271 fortius
2443 1212 2688 1286 potestis,
2712 1213 2839 1283 jura
2866 1215 3091 1285 iustitia:
3139 1220 3191 1274 itt
3235 1222 3398 1277 rebus
3420 1221 3545 1277 aliis

1954 1309 2184 1362 teneatis
2214 1324 2358 1364 nunc
2388 1325 2455 1364 ex
2499 1310 2925 1378 deliberatione,
2959 1321 3039 1377 ιιι,
3069 1313 3213 1382 quod
3258 1315 3367 1383 tegi
3415 1314 3544 1368 nscit

1952 1410 2129 1455 vestra
2159 1402 2489 1466 humanitas.
2517 1402 2711 1459 fecisse
2744 1404 3002 1460 credatur
3041 1420 3138 1475 pro
3163 1405 3277 1460 vita
3309 1407 3540 1463 liliornm

1949 1503 2173 1564 paterna
2206 1496 2618 1567 compassione.

2363 1610 2467 1681 ιι
2513 1609 2851 1667 Ειιιδτοω
2874 1611 2967 1667 VII
2995 1611 3130 1684 (2i).

1946 1720 2264 1779 Beatissimo
2313 1739 2465 1795 papa:
2523 1722 2811 1791 Paschali,
2863 1726 3175 1780 charissima
3215 1726 3430 1781 domino
3485 1738 3537 1782 et

1880 1837 1923 1895 Β
2024 1813 2197 1881 Patri,
2222 1816 2389 1886 frater
2410 1815 2684 1886 (Io/friatis
2703 1857 2717 1881 ,
2764 1817 3064 1885 apostolica:
3101 1818 3240 1873 sedis
3268 1835 3540 1875 scworttnt

2020 1908 2287 1972 minimus,
2299 1925 2438 1973 eam,
2449 1925 2565 1979 quo:
2578 1909 2862 1964 secundum
2882 1908 3153 1973 Deumcst,
3171 1911 3536 1971 obedientiam.

2020 2018 2236 2088 Optime
2263 2020 2458 2084 nostis,
2484 2019 2646 2074 Pater
2679 2021 2904 2091 optime,
2937 2025 3117 2075 navtnt
3144 2019 3286 2076 Petri
3316 2021 3536 2077 Petrum

1955 2112 2117 2167 simul
2178 2122 2233 2166 et
2286 2111 2482 2167 ludam
2536 2103 2812 2177 habuisse,
2864 2121 2920 2166 et
2964 2112 3124 2176 sicut,
3168 2111 3359 2169 beatus
3405 2116 3541 2168 Am-

1942 2207 2161 2264 brosius
2197 2207 2328 2262 dicit
2358 2204 2471 2278 (ἓξ)
2502 2225 2515 2260 ;
2550 2224 2571 2258 t
2611 2205 2860 2273 Qttantliu
2893 2205 2945 2259 in
2973 2221 3036 2259 ca
3063 2204 3228 2260 indas
3251 2204 3371 2269 fuit,
3395 2221 3540 2262 sent-

1947 2315 2045 2370 per
2072 2313 2237 2369 passa
2258 2309 2343 2353 cst
2368 2306 2775 2369 tempestatem;
2807 2297 2927 2363 sed,
2964 2297 3055 2352 illo
3080 2296 3192 2353 tilio
3217 2297 3551 2368 perditionis-

1947 2392 2095 2448 .‘oras
2130 2390 2389 2460 expulso,
2422 2388 2869 2460 tranquillitatem
2900 2387 3087 2443 habuit
3121 2397 3176 2444 et
3203 2390 3464 2457 quietem.
3513 2409 3532 2439 ι

1942 2486 2096 2543 Judte
2122 2485 2388 2555 siquidem
2439 2482 2768 2554 perversitas
2814 2480 3065 2552 exigebat
3092 2492 3157 2537 ut
3219 2481 3372 2548 navi,
3413 2495 3538 2551 qui:

1946 2590 2268 2650 utrumque,
2302 2575 2521 2631 Petrum
2554 2573 2762 2629 scilicet
2784 2583 2837 2627 et
2865 2572 3039 2642 ipsum
3067 2571 3327 2634 vehebat,
3363 2575 3537 2626 susci~

1946 2682 2087 2729 taret
2116 2677 2524 2741 tempestatem;
2556 2665 2650 2721 sed
2683 2666 2818 2721 fides
2846 2674 2900 2720 et
2928 2663 3102 2733 pietas
3131 2663 3192 2718 Β.
3215 2662 3362 2720 Petri
3392 2665 3534 2734 apud

1946 2765 2229 2822 Dominum
2253 2761 2567 2826 obtinebat,
2610 2774 2677 2815 ne
2708 2758 3044 2815 collisiuttetn
3101 2758 3404 2812 incurreret
3445 2755 3533 2811 vel

1942 2854 2391 2913 subntersionem.
2426 2853 2495 2909 Et
2522 2852 2649 2924 quia
2674 2851 2876 2907 nostris
2907 2849 3239 2920 temporibus
3265 2847 3405 2903 alter
3438 2847 3533 2903 Ju-

1941 2952 2039 3007 das
2057 2991 2072 3016 ,
2101 2948 2439 3020 parturientc
2463 2943 2710 3008 diabolo,
2737 2953 2925 2999 contra
2957 2952 3201 2998 sanctam
3229 2940 3530 2996 Ecclesia":

1943 3053 2101 3097 natus
2124 3049 2470 3112 agnoscuttr,
2499 3037 2589 3107 qtti
2623 3035 2948 3091 catholicam
2974 3032 3164 3096 iidem,
3221 3032 3529 3089 libertatem

1938 3143 1995 3188 et
2019 3136 2231 3187 beatam
2252 3129 2372 3199 ejus
2401 3128 2707 3184 castitatem
2738 3126 2911 3181 tttodis
2936 3124 3190 3180 omnibus
3210 3122 3526 3180 detestanda

1932 3224 2359 3298 pnestnnptione
2409 3221 2509 3278 sibi
2543 3218 2760 3275 auferre
2800 3227 3070 3274 conatur:
3098 3217 3253 3273 valde
3303 3232 3530 3273 necesse

1934 3328 2098 3376 estut
2127 3316 2456 3372 nuncetiam
2489 3313 2623 3369 fides
2648 3312 2708 3366 ΒΖ
2737 3311 2880 3366 Porri
2914 3312 2965 3365 in
2996 3327 3093 3366 sua
3123 3310 3342 3380 speciali
3374 3311 3524 3369 sedc.

1934 3428 2055 3483 qtae
2084 3424 2358 3480 nunquam
2381 3421 2567 3462 errare
2587 3405 2901 3469 consuevit,
2925 3411 3126 3457 tantum
3156 3404 3359 3473 vigeat;
3391 3417 3525 3472 qus-

1938 3516 2093 3558 tenus
2123 3502 2174 3556 in
2200 3499 2391 3571 primis
2411 3514 2523 3552 sua:
2560 3508 2764 3552 sancta:
2818 3495 3075 3549 Romana:
3107 3492 3362 3549 Ecclesiae
3406 3506 3461 3547 et
3491 3510 3524 3547 ει

1936 3596 2211 3652 collisione
2240 3592 2548 3665 provideat,
2574 3598 2627 3643 et
2651 3604 2769 3643 eam
2798 3603 2827 3642 a
2850 3585 3223 3643 submersione
3247 3583 3522 3648 deieosim,

1936 3704 2002 3744 ne
2049 3687 2219 3750 forte,
2252 3684 2404 3756 quod
2426 3682 2598 3738 absit!
2648 3681 2851 3736 Salaria
2894 3679 3289 3749 triumphante.
3315 3677 3524 3731 erroris

1934 3779 2184 3835 lluctihus
2234 3772 2651 3833 intolerabiliter
2689 3786 2945 3843 oppressa
2971 3769 3319 3834 succumbat;
3353 3779 3410 3825 et
3438 3770 3521 3826 sic

1933 3870 2265 3927 credentium
2288 3868 2527 3926 omnium
2543 3865 2833 3922 multitudo
2859 3864 3093 3936 Scyllam
3112 3873 3170 3918 et
3190 3862 3518 3938 Charybdim

1925 3978 2056 4018 cum
2087 3961 2177 4016 illo
2203 3960 2441 4032 patiatur
2466 3970 2523 4015 et
2552 3966 2767 4030 pereat,
2820 3966 2876 4011 et
2902 3954 2963 4009 B.
2998 3954 3194 4009 Petrus
3231 3956 3332 4009 sub
3357 3957 3517 4010 undis

1934 4056 2102 4111 iatere
2126 4053 2382 4109 credatur
2401 4092 2417 4115 ,
2446 4050 2539 4122 qui
2583 4049 2712 4106 olim
2740 4063 2905 4118 super
2932 4049 3102 4101 undas
3131 4045 3235 4117 12
3278 4047 3519 4100 ainhuta-

1936 4149 2043 4202 bat.
2090 4145 2345 4200 Firmiter
2403 4143 2700 4207 crclimus,
2758 4154 2858 4195 nec
2907 4155 3181 4204 erramus,
3231 4138 3515 4193 Dominum

1923 4342 2053 4381 cum
2104 4338 2200 4377 eas
2248 4320 2481 4404 limi-rice
2530 4321 2647 4391 ejus
2664 4320 2834 4404 __patri
2886 4328 2944 4374 ut
2983 4318 3342 4402 concederent
3374 4318 3513 4374 Gre-

1933 4396 2118 4467 gorius
2174 4403 2231 4448 et
2271 4391 2530 4467 _Urbanus
2587 4391 2747 4446 nullis
2785 4407 3061 4467 _nnt_i_u:utt_
3089 4391 3277 4467 minis,
3338 4406 3515 4467 neque

1935 4461 2359 4523 Blattdimentis.
2400 4478 2574 4532 neque
2625 4462 2999 4518 vexationibus
3048 4461 3244 4516 inﬂecti
3303 4463 3514 4529 potuis-

218 4536 511 4618 {sltarique
543 4540 826 4618 obpositae
854 4538 1110 4618 legimus;
1149 4537 1532 4618 quiec-astant
1562 4537 1828 4618 hodieque
1853 4534 1904 4588 ὓ
1929 4546 2069 4591 sent.
2102 4535 2256 4618 Quod
2286 4534 2487 4618 factum
2513 4533 2786 4618 Paschalis
2810 4533 2917 4618 etsi
2940 4546 3204 4618 excusate
3234 4534 3355 4618 vide
3376 4543 3514 4618 ann:

220 4608 285 4661 in
322 4610 522 4662 eodem
552 4608 612 4663 S.
648 4610 826 4665 Albini
881 4607 1241 4674 cienobio,‘et
1290 4608 1343 4662 in
1387 4608 1509 4663 aliis
1556 4607 1829 4678 plerisque

224 4678 437 4732 veteris
464 4680 638 4735 ntoris
655 4689 1000 4736 monumenta
1028 4699 1040 4734 :
1074 4680 1272 4746 baculi,
1301 4679 1541 4748 inquam,
1572 4687 1627 4733 et
1648 4678 1829 4733 chiro-

231 4750 409 4802 thcca:
450 4759 506 4803 et
536 4751 643 4805 alia
674 4751 1138 4816 investiturarum,
1177 4749 1659 4819 traditionumquc,
1691 4763 1827 4818 quas

216 4819 545 4890 signarant,
571 4821 742 4878 titulis
764 4822 1047 4890 inscripta.

301 4890 427 4958 (ιὸ)
474 4889 795 4962 Episcopum
837 4892 1279 4963 Audegavenseiu.
1338 4889 1661 4945 ltainaldum
1690 4928 1705 4955 ,
1757 4889 1825 4945 ad

216 4977 398 5031 «quem
429 4964 622 5017 scribit
647 4963 736 5018 lib.
767 4978 847 5020 tu.

304 5032 423 5101 (ιθ)
470 5034 919 5105 Eugnlismcnsem
958 5033 1205 5104 legatum.
1250 5032 1566 5092 Girardunt,
1596 5032 1662 5085 de
1716 5047 1824 5099 quo

223 5106 575 5175 cpistoiaAll)
602 5106 761 5175 hujus
796 5105 938 5160 libri.

294 5173 423 5244 (ἐῢ)
455 5170 718 5229 Violtmtia
747 5175 1016 5230 Teutonici
1039 5177 1193 5246 regis.
1225 5174 1440 5246 licurici
1478 5170 1542 5226 IV
1580 5182 1825 5246 posuim-

223 5243 368 5299 dum
397 5243 771 5316 imperatoris;
821 5246 889 5300 de
918 5263 979 5301 ca
1006 5263 1071 5302 re
1096 5243 1244 5301 'tnox
1300 5245 1511 5298 dicetur
1549 5245 1617 5297 ad
1651 5245 1819 5313 epist.

225 5328 576 5382 sequentem.

306 5386 395 5452 (τις
412 5394 424 5452 )
446 5385 683 5455 Epistola
710 5388 764 5441 7.
784 5386 953 5458 Hujus
986 5387 1225 5458 epistola:
1255 5396 1633 5458 argumentum
1649 5384 1711 5458 in
1734 5383 1822 5458 ln-

232 5454 365 5509 dioc
383 5453 582 5513 codicis
609 5453 1034 5515 Cenomanensis
1061 5460 1133 5514 ita
1165 5453 1569 5526 concipiebatur
1594 5473 1607 5509 :
1636 5453 1819 5509 Ratio—

231 5526 487 5600 aiurbilitcr
526 5531 755 5583 ostendit
780 5541 985 5597 pactum
1014 5530 1153 5600 quod
1216 5525 1335 5600 cum
1379 5525 1674 5600 Teutonico
1703 5541 1818 5600 rege

227 5595 434 5663 fecerat
459 5616 561 5653 non
587 5595 888 5654 tenendum.
916 5595 1135 5655 l’aeiunt
1160 5598 1367 5653 scilicet
1394 5597 1461 5650 dc
1486 5595 1818 5650 investituris

229 5666 619 5736 episcoporum
651 5680 709 5723 et
731 5670 1008 5737 abbatum,
1033 5686 1171 5740 quas
1207 5666 1473 5740 Henricus
1496 5681 1526 5718 a
1570 5666 1813 5720 Paschali

230 5748 450 5793 armata
466 5740 693 5795 militum
723 5756 884 5794 manu
913 5743 977 5795 ad
1000 5739 1189 5795 urbem
1233 5739 1608 5799 circumsesso,
1631 5748 1815 5805 capto-

230 5822 355 5874 que
380 5823 467 5876 per
495 5811 599 5864 vim
626 5821 933 5865 extorserat
964 5828 1019 5865 Ill
1052 5812 1183 5867 Idib.
1240 5808 1434 5878 Aprilis
1486 5824 1626 5861 anno
1678 5807 1804 5861 tlll

450 5906 717 5967 l’ATRUL.
756 5906 991 5969 ηινη

1933 4609 2228 4661 necessitas
2254 4648 2270 4672 ,
2316 4604 2461 4675 quod
2513 4603 2747 4673 alioqui,
2806 4613 2863 4658 nt
2905 4604 3018 4673 ipse
3057 4601 3111 4675 in
3162 4602 3388 4675 epistola
3425 4604 3511 4675 ad

1928 4677 2233 4733 Guitlonent
2267 4672 2625 4730 Viénttensetn
2644 4672 2933 4738 causatur,
2959 4673 3199 4727 servitus
3229 4672 3509 4733 Ecclrsim.

1928 4748 2160 4817 captivis
2190 4747 2462 4809 interitus,
2486 4744 2757 4817 excidium
2786 4744 2904 4798 urbi
2929 4754 2997 4817 et
3030 4742 3196 4817 Italia:
3222 4743 3512 4817 imminere

1928 4813 2222 4885 videretur,
2256 4832 2426 4887 usque
2449 4815 2586 4871 adeo
2618 4825 2795 4870 tamen
2830 4814 3087 4870 omnibus
3130 4813 3264 4868 locis
3304 4815 3510 4887 impro-

1929 4888 2112 4943 batunt
2137 4900 2242 4955 est,
2274 4885 2607 4956 ut‘apertum
2633 4887 2871 4941 schisma
2905 4895 3113 4956 tantum
3160 4899 3267 4939 non
3313 4885 3511 4956 eiicitu-

1930 4960 2022 5030 rit.
2046 4954 2242 5030 Itaque
2289 4954 2581 5030 prudentes
2606 4967 2667 5012 et
2688 4956 2904 5030 cut-dati
2959 4955 3084 5020 viri,
3136 4971 3274 5030 quos
3309 4954 3515 5030 viol‘t't

1930 5023 2182 5101 Ercclcsite
2206 5023 2329 5101 jura
2364 5028 2501 5101 male
2553 5028 2847 5093 habebant,
2887 5025 2942 5081 in
2995 5023 3191 5101 quibus
3233 5023 3509 5101 Qiilft'iiltts

1926 5099 2016 5153 hic
2040 5095 2240 5162 noster,
2269 5109 2327 5154 et
2353 5099 2463 5161 siii,
2491 5113 2721 5168 quorum
2750 5104 2967 5152 exstant
2985 5097 3243 5165 cpistolm,
3268 5095 3508 5151 Pascha-

1925 5169 2027 5225 lem
2058 5171 2260 5225 hortari
2287 5181 2450 5239 atque
2478 5184 2673 5240 urgere
2694 5183 2799 5223 non
2827 5168 3151 5240 destiterunt
3181 5181 3237 5220 ut
3265 5177 3506 5240 pactum,

1923 5241 2067 5315 quod
2114 5242 2313 5315 invitus
2362 5237 2582 5315 fecerat,
2617 5255 2673 5315 et.
2724 5237 3139 5315 ipseittet_ttltro
3188 5237 3504 5315 damnabat,

1924 5308 2140 5376 publico
2183 5312 2402 5386 decreto
2426 5308 2776 5386 resrinderet.
2823 5308 2977 5377 Quod
3008 5309 3224 5386 quidem
3251 5308 3508 5386 prmatitit

1923 5396 2065 5435 anno
2109 5382 2355 5453 sequenti
2387 5383 2439 5435 in
2486 5381 2695 5453 synodo
2727 5381 3110 5453 Lateranensi,
3163 5379 3213 5431 ia
3258 5390 3369 5445 qua
3419 5379 3507 5428 tuo.

1924 5450 2217 5507 vestitnras
2248 5451 2481 5507 llenrico
2510 5450 2710 5507 iterum
2743 5450 3050 5521 abrogavit.

1993 5523 2105 5593 (εἰ)
2134 5521 2327 5578 Beatus
2353 5521 2653 5593 Ambrosius
2695 5522 2822 5576 dicit
2844 5515 2952 5583 gli‘b.
2982 5536 3036 5575 tv
3069 5520 3122 5574 in
3148 5515 3347 5593 laticum
3376 5527 3502 5582 cap.

1920 5592 1954 5647 4
1992 5589 2011 5646 ξ
2055 5593 2183 5648 "tu
2201 5603 2310 5657 est,
2358 5593 2557 5662 inquit,
2599 5592 2689 5647 illa
2717 5594 2897 5656 nauis,
2948 5606 3066 5662 quia
3104 5589 3276 5640 att/suc
3315 5596 3504 5662 secuti-

1919 5665 2043 5717 dum
2087 5662 2395 5718 Manlia-urit

1917 5734 2163 5800 piscibus.
2195 5734 2262 5790 Et
2283 5751 2333 5805 pi

1914 5807 2066 5859 habet
2087 5846 2100 5870 ,
2130 5800 2370 5860 turbaiur
2394 5804 2485 5857 illo
2514 5818 2630 5871 qtta'
2650 5801 2843 5854 Judam
2865 5800 3038 5852 habet.

2425 5657 2671 5733 ﬂuctuat,
2723 5657 3005 5733 secundum
3035 5657 3229 5733 Lucam
3273 5657 3503 5733 repletur

2336 5745 2402 5790 ist
2425 5723 2528 5787 alia
2562 5750 2574 5784 :
2613 5723 2733 5786 Non
2762 5730 3005 5783 turbatur
3027 5732 3125 5783 ista
3142 5742 3257 5795 qua:
3280 5723 3497 5778 Patruus

2985 5894 3026 5953 2
