3990 6480
498 402 566 456 45
1524 396 1842 452 (ῖοιίιτιὶιῡι
1878 390 2168 448 ΑΒΒΛΤΙΞ
2211 391 2730 450 VINDOCINENSIS
3685 392 3751 448 Μ

475 527 720 572 nostrum
752 516 960 572 duobus
1005 511 1304 584 discipulis,
1332 510 1420 564 Pet
1435 522 1492 562 re
1522 509 1773 565 videlicet
1799 516 1853 563 et
1873 506 2057 571 Paulo,
2087 509 2138 567 Λ
2168 507 2508 575 nccjnstitiae
2535 520 2636 561 nec
2680 500 3065 558 misericordia:
3115 499 3282 556 fuisse
3334 499 3616 557 consiiium
3667 517 3754 555 ve-

471 611 728 666 Ecclesize
783 610 993 664 dedisse
1027 606 1412 677 principatum.
1464 601 1687 656 Petrum
1715 600 1835 655 ﬁdei
1865 602 2055 655 catho-

456 700 588 770 lica:
637 700 932 770 principem
986 696 1139 760 fecit;
1193 693 1418 749 Paulum
1484 693 1765 748 doctrinm.
1817 690 2056 759 Quorum

468 808 635 845 unum
660 789 819 860 elegit
872 788 1047 841 adhuc
1098 785 1148 838 in
1205 792 1346 838 terra
1403 781 1761 851 corporaliter
1803 796 2055 844 manens;

471 883 636 937 alium
685 895 812 933 vero
841 880 909 932 in
938 876 1078 931 cmlo
1110 876 1222 947 jam
1277 874 1540 929 residens.
1568 873 1625 928 ln
1664 882 1805 927 terra
1844 872 2058 942 quidem

465 972 686 1029 Petrum
719 968 914 1039 elegit,
945 981 1005 1022 ut
1026 967 1327 1022 Ecclesium
1359 982 1512 1020 suam
1545 963 1665 1032 ejus
1710 963 1834 1019 ﬁdei
1868 963 2062 1018 robore

468 1066 740 1125 ﬁrmaret;
771 1059 1003 1115 Paulum
1056 1069 1240 1131 postea
1295 1060 1361 1135 de
1408 1057 1575 1124 caelo,
1625 1067 1891 1127 quatenus
1946 1055 2063 1124 ejus

468 1162 653 1209 sancta
681 1153 928 1207 doctrina
961 1152 1068 1206 ﬁde
1100 1150 1370 1206 ﬁrmatam
1418 1148 1711 1205 Ecclesium
1752 1156 2061 1203 exornaret.

465 1242 560 1298 lsti
593 1243 814 1314 gloriosi
869 1243 1291 1312 trimnphatores
1344 1241 1603 1310 operibus
1648 1239 1869 1294 veritati
1905 1238 2062 1293 ﬁdem

470 1345 755 1390 servantes
786 1350 891 1390 non
920 1334 1206 1406 sanguini,
1247 1332 1556 1387 maluerunt
1583 1331 1721 1387 alter
1748 1331 2065 1387 obedienter

469 1427 656 1481 subire
686 1425 985 1497 patibulum
1023 1425 1207 1480 crucis
1226 1465 1240 1491 ,
1274 1423 1413 1479 alter
1433 1436 1619 1479 ensem
1644 1422 1920 1494 suscipere
1941 1422 2062 1477 dili-

466 1531 661 1591 genter
697 1518 965 1574 suhtnissa
994 1518 1236 1580 cervice;
1275 1517 1416 1572 unde
1448 1516 1679 1587 amplius
1708 1515 1866 1570 lactis
1897 1515 2067 1570 exivit

468 1626 632 1679 quam
667 1608 976 1679 sanguinis;
1011 1623 1175 1678 qttam
1197 1606 1455 1662 Ecclesia:
1485 1606 1588 1662 sibi
1616 1606 1923 1661 commissa:
1954 1607 2067 1660 vir-

470 1710 636 1755 tutem
664 1701 786 1755 ﬁdei
815 1708 871 1755 et
905 1699 1234 1761 libertatem,
1265 1714 1427 1767 quam
1476 1703 1651 1752 bonus
1677 1712 1864 1753 eorum
1900 1696 2068 1793 magi'

466 1805 582 1851 stcr
609 1804 664 1849 et
696 1794 954 1850 Dominus
999 1793 1119 1849 fuso
1142 1792 1407 1863 sanguine
1440 1793 1524 1848 sui
1555 1791 1914 1847 sacratissimi
1937 1791 2063 1845 cor-

465 1887 619 1955 poris
644 1895 1089 1956 comparaverat,
1122 1895 1440 1955 paterentur
1484 1884 1710 1939 auferri.
1749 1883 1841 1939 lsti
1863 1892 2066 1939 sanctm

467 1979 749 2033 memoria!
801 1986 856 2030 et
903 1976 1231 2032 venerabilis
1272 1976 1397 2030 vitae
1436 1983 1705 2034 martvres
1744 1989 1843 2028 suo
1901 1972 2064 2041 capiti

466 2069 688 2124 Christo
732 2067 961 2122 ﬁdeliter
1010 2068 1368 2130 inhaerentes,
1416 2081 1579 2135 quam
1632 2064 1903 2119 veraciter
1951 2065 2066 2134 eius

474 2161 716 2216 membra
749 2159 999 2221 fuerunt,
1050 2159 1186 2213 mori
1231 2157 1410 2227 potius
1436 2171 1539 2227 pro
1570 2156 1660 2210 illo
1686 2172 1845 2227 quam
1874 2166 2064 2210 contra

456 2251 613 2306 illum
642 2251 823 2306 vivere
871 2251 1163 2321 eligentes,
1201 2246 1360 2302 factis
1408 2247 1642 2317 amplius
1695 2262 1857 2316 quam
1886 2246 2066 2299 verbis

456 2342 856 2397 rclamaverunt.
906 2340 1148 2407 Quorum
1183 2337 1478 2392 victoriuso
1527 2336 1793 2407 sanguine
1823 2335 2064 2390 laureata

469 2444 655 2487 sancta
704 2432 947 2487 Romana
1003 2429 1245 2485 Ecclesia
1302 2428 1431 2483 olim
1490 2427 1759 2497 superatis
1817 2426 2067 2481 hostibus

466 2524 858 2593 triumphavit;
910 2537 1032 2591 quae
1081 2521 1135 2574 in
1168 2519 1283 2574 suis
1335 2519 1647 2574 doctoribus
1694 2528 1749 2572 et
1797 2518 1932 2572 mori
1966 2533 2065 2587 pro

463 2616 688 2670 Christo
715 2629 933 2685 semper
961 2613 1203 2684 Optavit,
1233 2621 1287 2666 et
1315 2611 1418 2666 sibi
1450 2611 1630 2667 vivere
1672 2612 1960 2665 recusavit.
2000 2610 2060 2665 lli

467 2710 641 2763 sancti
674 2707 774 2762 viri
804 2708 856 2761 in
880 2706 1138 2761 arthereis
1168 2704 1538 2758 mansionibus
1563 2718 1683 2758 cum
1713 2717 1814 2757 suo
1837 2702 2063 2758 Domino

463 2797 575 2866 jam
607 2799 919 2863 exsultant,
951 2798 1039 2851 ubi
1065 2811 1167 2868 pro
1196 2805 1371 2850 morte
1403 2794 1681 2865 temporali
1713 2795 1928 2849 beatam
1958 2794 2061 2848 im-

467 2893 854 2948 mortalitatem
889 2891 1104 2962 adepti,
1162 2904 1290 2944 suos
1322 2889 1416 2943 sed
1465 2904 1571 2943 non
1620 2888 1913 2960 degeneres
1943 2901 2063 2943 suc-

468 2998 721 3040 cessores
777 2990 1117 3051 exspectant.
1170 2979 1320 3047 Quod
1350 2980 1392 3033 si
1425 2979 1579 3034 alicui
1609 2978 1794 3034 eorum
1834 2978 1935 3049 13
1985 2979 2061 3032 vi-

465 3075 637 3130 ctoria
670 3088 776 3128 non
806 3071 983 3127 adfuit
1009 3070 1303 3142 passionis,
1326 3085 1432 3125 non
1464 3069 1593 3124 illud
1624 3070 1784 3124 timur
1812 3070 2056 3137 negavit;

2165 602 2366 656 raciter
2391 598 2736 670 agnoscitur,
2789 594 2884 649 scd
2917 593 3132 649 Satanae
3159 593 3609 658 incitamentum,
3658 610 3751 651 eos

2162 693 2499 748 subtraxisse
2525 689 2724 755 morti,
2760 703 2882 757 quae
2911 686 3002 741 diu
3040 685 3231 741 deesse
3261 702 3368 741 non
3398 696 3579 755 potest
3616 702 3755 740 mor-

2164 786 2364 839 talibus
2382 827 2395 848 ,
2427 784 2517 853 qui
2546 798 2670 838 cum
2697 780 2934 835 utilitate
2956 779 3124 835 totius
3148 778 3406 834 Ecclesia:
3430 783 3552 832 vitzc
3578 784 3751 833 statui

2164 876 2358 930 sociari
2391 874 2696 944 potuissent
2735 879 2974 927 aeternae.
3022 870 3067 926 Ο
3107 884 3268 940 quam
3319 869 3675 932 venerabilis.
3703 881 3755 926 et

2164 984 2326 1039 quam
2389 967 2626 1037 pretiosa
2673 974 2825 1020 esset
2864 964 2919 1018 iu
2962 973 3254 1033 conspectu
3308 963 3525 1018 Domini
3581 979 3752 1025 mors,

2167 1059 2278 1113 imo
2299 1057 2409 1112 vita
2437 1057 2680 1116 illorum,
2708 1054 2907 1124 quibus
2931 1055 2977 1110 si
3001 1055 3110 1123 pati
3141 1068 3240 1124 pro
3284 1053 3387 1107 ﬁde
3414 1055 3601 1107 datum
3632 1054 3702 1106 fui
3732 1083 3757 1096 -ι

2167 1162 2249 1207 set
2276 1152 2530 1221 desuper,
2562 1150 2647 1206 vel
2676 1150 2727 1206 in
2757 1159 2902 1205 terra
2934 1149 3260 1220 permissum
3288 1192 3302 1213 ,
3341 1160 3529 1204 saneta
3574 1150 3754 1203 Eccle-

2166 1244 2247 1300 sia
2275 1243 2525 1298 hazretica
2550 1240 2818 1312 pravitate
2845 1248 3099 1311 superata
3118 1281 3133 1302 ,
3167 1254 3265 1295 suo
3293 1255 3521 1310 sponso,
3550 1241 3638 1309 qui
3664 1257 3757 1308 pm

2167 1352 2230 1390 ea
2256 1346 2502 1391 mortuus
2530 1345 2617 1391 est
2642 1344 2696 1390 et
2726 1334 3063 1397 resurrexit,
3093 1347 3267 1403 usque
3306 1333 3358 1386 in
3391 1332 3554 1386 ﬁnem
3583 1333 3755 1387 δωρειῐὶ

2169 1427 2354 1483 ﬁdeles
2384 1427 2522 1482 ﬁlios
2550 1435 2919 1497 procreasset,
2952 1440 3050 1480 nec
3086 1425 3279 1495 frangi,
3321 1438 3421 1480 nec
3444 1424 3587 1480 ﬂecti
3615 1425 3758 1480 dein-

2170 1534 2295 1590 eeps
2326 1518 2456 1574 ﬁdes
2482 1517 2750 1573 catholica
2782 1518 3078 1587 potuisset!
3112 1516 3168 1571 Si
3192 1517 3477 1584 objicitur,
3510 1518 3652 1588 quod
3683 1517 3761 1570 in-

2169 1612 2265 1665 viti
2320 1610 2549 1664 forsitan
2600 1616 2957 1678 paterentur,
3002 1618 3057 1662 et
3106 1608 3311 1665 idcirco
3346 1623 3536 1663 eorum
3585 1605 3763 1677 passio

2170 1704 2483 1759 crederetur
2510 1702 2878 1765 infructuosa,
2911 1702 3053 1772 quod
3085 1713 3383 1770 spontanea
3424 1701 3650 1755 minime
3683 1701 3758 1755 vi-

2171 1794 2419 1859 deretur;
2472 1801 2526 1848 et
2582 1793 2780 1848 iterum
2810 1791 2980 1864 (Anc.
3022 1809 3105 1862 ep.
3155 1792 3217 1847 (il
3266 1792 3335 1846 ad
3386 1791 3759 1863 Dulcitium):

2097 1852 2140 1910 η
2175 1884 2335 1939 Pmna
2362 1895 2648 1956 ntarlgrem
2691 1901 2797 1939 non
2823 1886 2980 1954 facit,
3018 1885 3108 1939 sed
3147 1900 3343 1949 causa,
3383 1899 3548 1939 causa
3580 1885 3764 1954 utique

2171 1977 2362 2029 idonea
2389 1985 2441 2031 et
2470 1974 2698 2029 multum
2724 1975 2915 2028 idonea
2941 1984 3093 2038 erat,
3124 1976 3248 2043 quia
3277 1988 3442 2030 causa
3474 1975 3594 2029 lidei
3614 2016 3628 2037 ,
3658 1991 3760 2044 qua

2170 2065 2362 2120 melior
2398 2081 2501 2121 non
2537 2074 2748 2134 poterat
2796 2064 3046 2119 inveniri.
3080 2066 3181 2118 Pro
3210 2065 3311 2119 hac
3360 2066 3560 2130 etiam,
3594 2067 3638 2121 si
3669 2066 3762 2120 ali-

2169 2165 2253 2211 ter
2281 2173 2387 2211 non
2415 2168 2670 2228 possent,
2703 2168 2889 2212 contra
2930 2174 3081 2212 suam
3126 2158 3458 2212 voluntatem
3494 2159 3630 2213 mori
3666 2164 3762 2212 de-

2168 2248 2450 2314 buissent;
2485 2249 2609 2320 quia
2643 2264 2742 2304 nec
2769 2249 2849 2303 sic
2877 2250 3124 2319 martyrii
3160 2249 3333 2318 palma
3387 2249 3632 2304 fraudari
3669 2265 3765 2320 po-

2169 2339 2420 2394 tuissent.
2450 2339 2771 2396 lnnocentcs
2793 2339 2992 2394 etenim
3022 2340 3224 2403 sancti,
3250 2340 3343 2410 qui
3371 2355 3469 2395 nec
3498 2356 3634 2395 voce
3663 2356 3768 2395 nec

2167 2429 2445 2485 voluntate
2485 2430 2805 2501 martyrium
2845 2429 3125 2498 qumsiisse
3174 2428 3418 2501 leguntur
3442 2472 3456 2495 ,
3499 2432 3766 2501 quoniam

2165 2537 2263 2585 pro
2290 2521 2524 2577 Domino
2572 2521 2939 2592 pertulerunt,
2971 2535 3168 2575 corona
3215 2522 3461 2592 martyrii
3494 2537 3603 2576 non
3642 2523 3763 2594 pri-

2166 2621 2381 2668 vantur.
2427 2612 2535 2669 Hos
2586 2621 2774 2669 sancta
2823 2613 3063 2668 Ecclesia
3116 2628 3220 2667 non
3267 2613 3440 2668 solum
3489 2623 3767 2686 martyres

2166 2720 2316 2768 esse,
2347 2721 2535 2760 verum
2557 2706 2724 2760 etiam
2757 2713 3057 2775 martyrum
3083 2703 3242 2759 ﬁnres
3264 2704 3579 2760 conﬁtetur.
3613 2704 3769 2761 Unde

2166 2797 2396 2850 ﬁrmiter
2440 2797 2769 2852 credendum
2820 2806 2903 2851 est
2951 2806 3007 2851 et
3052 2796 3356 2851 nullatenus
3400 2796 3768 2853 dubitandum

2164 2888 2306 2954 quod
2338 2887 2653 2957 supplieimn
2683 2886 2875 2940 mortis
2899 2902 2995 2956 pro
3027 2886 3129 2939 ﬁde
3172 2885 3371 2940 Christi
3405 2887 3615 2941 homini
3656 2891 3767 2942 col-

2165 2979 2367 3041 latum,
2412 2982 2575 3035 etiam
2605 2981 2651 3034 si
2680 2995 2779 3050 pro
2804 2979 2987 3033 carnis
3024 2978 3125 3049 15
3152 2978 3470 3032 inﬁrmitate
3500 2979 3768 3043 noluerit,

2163 3081 2215 3124 et
2246 3081 2423 3125 tmuen
2451 3086 2554 3124 non
2584 3070 2893 3142 negaverit,
2925 3071 3179 3141 martyris
3209 3070 3446 3125 vindicat
3486 3086 3691 3125 nomen
3717 3069 3772 3125 ei

467 3185 568 3224 nec.
603 3178 710 3222 tam
742 3167 923 3238 passio
946 3165 1113 3220 defuit
1140 3180 1302 3234 quant
1327 3164 1444 3218 dies
1466 3164 1803 3219 certaminis.
1842 3161 2060 3216 Talibus
2089 3197 2133 3258 Ο
2164 3164 2465 3233 praemium.
2510 3162 2566 3217 Si
2622 3172 2800 3217 autem
2849 3164 2985 3217 adeo
3023 3163 3253 3216 fuissent
3290 3164 3597 3235 degeneres
3640 3163 3769 3231 ﬁlii,

466 3262 712 3332 patronis
757 3270 899 3315 terra
951 3258 1185 3321 laetatur,
1254 3256 1451 3312 C(Blllm
1511 3256 1787 3312 exsultat:
1830 3264 1908 3319 et,
1936 3257 2059 3324 quia

466 3354 592 3408 felix
645 3368 834 3407 eorum
889 3351 999 3405 vita
1035 3359 1265 3404 mortem
1316 3350 1515 3403 meruit
1560 3348 1881 3419 gloriosam,
1939 3348 2064 3402 hinc

469 3456 658 3499 sancta
690 3458 876 3500 eorum
908 3441 1169 3497 solemnia
1205 3440 1354 3512 plebs
1382 3440 1691 3495 Christiana
1740 3439 2063 3494 celebrando

468 3536 823 3609 frequentat,
860 3544 914 3590 et
944 3550 1041 3607 per
1084 3533 1464 3605 supplicabiles
1508 3532 1744 3603 ipsorum
1794 3547 1979 3603 preces
2004 3547 2064 3587 se

471 3639 580 3683 tota
615 3629 906 3684 devotione
928 3642 1026 3681 suo
1048 3626 1291 3681 Creatori
1318 3625 1678 3681 commendat.
1717 3624 1914 3679 llormn
1957 3626 2058 3678 ila-

469 3735 577 3789 qne
624 3719 885 3774 solemnia
935 3717 1214 3774 celebrare
1245 3728 1328 3773 est
1356 3715 1489 3772 utile
1524 3725 1580 3773 et
1625 3716 1963 3789 religiosum;
2003 3733 2060 3772 se

466 3811 575 3881 piis
600 3825 791 3864 eorum
820 3808 1068 3879 precibus
1097 3807 1480 3883 commendare
1510 3806 1640 3863 utile
1664 3808 1866 3877 pariter
1889 3816 1942 3861 et
1970 3823 2060 3863 ne-

468 3902 789 3956 cessarium.
822 3901 864 3953 A
898 3914 1127 3971 quorum
1158 3909 1304 3954 sorte
1326 3900 1489 3955 beata
1521 3900 1612 3970 qui
1638 3900 1690 3953 in
1716 3913 1901 3954 eorum
1934 3899 2062 3955 sede

472 3993 724 4047 residens
765 4000 820 4046 et
862 3991 1021 4045 aliter
1051 4006 1217 4062 agens
1251 4006 1308 4045 se
1353 3991 1613 4060 privavit,
1664 3990 1864 4045 factum
1904 4007 2058 4046 suum

468 4085 584 4153 ipse
634 4082 930 4145 dissolvat,
985 4093 1041 4136 et
1093 4081 1237 4135 velut
1287 4080 1424 4135 alter
1468 4079 1664 4135 Petrus
1714 4080 2060 4152 lacrymando

466 4174 705 4244 corrigat
735 4173 877 4243 quod
911 4172 1060 4227 fecit.
1091 4171 1146 4226 Si
1178 4181 1320 4227 metu
1355 4173 1551 4228 mortis
1585 4162 1836 4228 titubavit
1867 4174 1931 4228 ad
1961 4174 2057 4227 bo-

471 4284 584 4323 ram
617 4270 798 4323 carnis
829 4266 1152 4330 inﬁrmitas,
1194 4264 1246 4317 in
1295 4264 1632 4334 corrigendis
1672 4266 1853 4321 carnis
1878 4268 2059 4336 operi-

468 4360 570 4416 bus
608 4360 806 4415 mentis
849 4359 1135 4428 integritas
1180 4366 1520 4425 perseveret,
1553 4365 1601 4411 et
1636 4357 1925 4413 emendare
1954 4373 2058 4412 non

464 4453 785 4517 erubescat,
813 4464 1052 4506 causans
1079 4451 1146 4502 de
1171 4460 1365 4512 carne,
1409 4448 1540 4502 velit
1567 4448 1730 4513 nolit,
1760 4450 2055 4513 moritura,

2166 3255 2357 3322 quoda
2384 3268 2537 3323 porta
2582 3253 2847 3324 paradisi,
2896 3254 2983 3308 cui
3033 3268 3138 3308 non
3175 3252 3454 3308 Teutonici
3484 3254 3635 3325 regis
3661 3256 3767 3310 im-

2166 3344 2401 3412 pietate,
2443 3346 2535 3398 sed
2567 3343 2658 3413 qui
2709 3344 2846 3397 bene
2878 3342 3032 3397 malis
3065 3344 3141 3396 uti
3191 3344 3508 3410 consuevit,
3545 3345 3768 3401 Domini

2165 3437 2364 3505 pietate
2382 3436 2494 3505 jam
2525 3435 3018 3505 pr0pinquaverant
3036 3475 3051 3498 ,
3079 3444 3225 3489 retro
3250 3433 3442 3505 pedem
3491 3436 3627 3493 dare
3657 3452 3757 3492 ne-

2165 3529 2338 3597 ganilo
2370 3526 2667 3581 voluissent
2697 3545 2711 3581 :
2744 3528 3047 3583 constantia
3076 3528 3246 3598 patris
3273 3537 3329 3584 et
3365 3529 3511 3584 ratio
3548 3532 3764 3602 spiritui

2156 3620 2457 3690 propitiare
2496 3620 2676 3691 potius
2706 3619 2967 3675 debuerat.
3018 3637 3177 3690 quam
3216 3621 3398 3684 carni,
3452 3637 3664 3694 eosque
3711 3625 3767 3679 in

2165 3712 2268 3768 ﬁde
2295 3724 2480 3769 sancta
2528 3715 2908 3771 exhortatione
2942 3716 3157 3771 ﬁrmare
3187 3734 3200 3769 :
3249 3716 3292 3770 si
3325 3717 3633 3773 necessitas
3685 3719 3768 3772 in-

2164 3805 2468 3873 cumberet,
2503 3807 2708 3876 primus
2735 3823 2833 3878 pro
2864 3809 3091 3863 veritate
3116 3810 3511 3878 succumbere;
3543 3822 3601 3868 et
3628 3813 3772 3867 sicut

2164 3894 2224 3950 ll.
2262 3895 2448 3951 Sixtus
2492 3897 2708 3952 beatum
2761 3897 3112 3953 Laurentium
3162 3899 3228 3954 ad
3281 3900 3459 3954 vitam
3500 3903 3773 3970 praevenit

2162 3998 2417 4045 teternam
2438 4030 2453 4054 ,
2480 3991 2551 4044 ita
2578 3999 2633 4044 et
2663 3991 2779 4058 ipse
2805 4004 2899 4044 eos
2928 3992 3255 4059 przeveuire,
3299 4006 3364 4046 ne
3388 3992 3622 4047 illorum
3667 3994 3775 4048 im.

2164 4085 2494 4153 perfectione
2522 4084 2843 4138 universalis
2894 4084 3130 4139 Ecclesia
3161 4087 3407 4139 chartam
3458 4086 3623 4151 ﬁdei,
3681 4103 3775 4144 ea-

2164 4176 2365 4229 stitatis
2392 4191 2452 4229 ac
2481 4174 2743 4226 libertatis
2774 4175 3044 4241 perderet,
3077 4190 3236 4244 quam
3268 4173 3535 4232 Salvator
3556 4193 3657 4233 ore
3672 4193 3774 4234 suo

2162 4267 2419 4320 dictatam
2469 4275 2523 4317 et
2575 4265 2867 4334 sigillatum
2921 4267 2972 4318 in
3006 4281 3166 4321 cruce
3218 4266 3475 4324 manibus
3526 4271 3770 4340 propriis

2162 4356 2493 4411 Christianis
2539 4355 2790 4412 omnibus
2820 4358 3041 4412 tradidit
3092 4358 3143 4412 in
3171 4360 3365 4430 pignus
3413 4370 3473 4416 et
3519 4371 3769 4418 tenorem

2163 4449 2483 4504 dilectionis.
2537 4449 2624 4515 Et,
2678 4450 2931 4518 quoniam
2990 4450 3144 4521 culpa
3194 4451 3308 4506 haec
3369 4453 3774 4510 inexcusabilis

464 4545 610 4617 quod
663 4542 930 4613 acquisita
980 4538 1388 4595 immortalitate
1436 4541 1610 4593 vitare
1657 4541 1943 4608 potuisset.
2002 4539 2060 4593 Si
2093 4543 2137 4596 Il
2165 4540 2470 4595 nullatenus
2512 4540 2823 4604 dubitatur,
2878 4549 2931 4597 et
2970 4543 3287 4599 excusando
3329 4548 3523 4616 augeri
3551 4556 3769 4617 potest,

462 4652 598 4692 vero
616 4635 810 4690 timore
834 4633 1023 4687 mortis
1046 4630 1276 4685 ﬁliorum
1296 4645 1514 4685 suorum
1541 4630 1720 4699 potius
1744 4645 1904 4698 quam
1925 4646 2055 4692 suae,

464 4744 531 4782 ea
563 4726 760 4781 fecisse
807 4725 889 4779 vel
924 4722 1249 4779 facientibus
1280 4735 1563 4776 assensum
1595 4719 1808 4775 dedisse
1831 4720 2056 4774 convin-

464 4821 640 4884 citur,
687 4832 808 4890 quze
833 4817 1083 4871 Christus
1109 4828 1206 4882 per
1233 4814 1584 4881 semetipsum
1612 4821 1880 4877 correxit,
1909 4820 1966 4865 et
1996 4812 2056 4868 Β.

463 4914 662 4970 Petrus
687 4913 1033 4968 abominatus
1058 4918 1171 4972 est,
1203 4917 1366 4977 atque
1411 4908 1554 4962 sacri
1583 4922 1818 4961 canones
1844 4908 2057 4976 penitus

462 5011 846 5077 exsecrantur,
875 5001 1024 5055 nullo
1063 4998 1330 5051 velamine
1380 4996 1483 5064 tegi
1530 5005 1703 5067 potest
1734 4996 2055 5052 vulnustam

463 5095 813 5151 manifestum
840 5111 855 5157 ;
892 5093 1016 5160 quia
1051 5097 1204 5159 pater
1226 5088 1304 5141 sic
1338 5086 1462 5140 ﬁliis
1490 5086 1786 5155 propitiare
1825 5101 1929 5141 non
1958 5104 2054 5158 pn-

462 5189 599 5252 tnit,
633 5186 723 5253 sed
768 5184 994 5239 salutem
1048 5178 1315 5247 impedire
1351 5175 1604 5231 ﬁliorum.
1641 5175 1860 5231 Mortem
1892 5178 2057 5248 siqni-

432 5282 616 5344 ‘dem,
659 5292 779 5347 qua:
827 5274 1062 5328 fructum
1111 5267 1241 5320 facit
1289 5266 1570 5320 meliorem
1615 5265 1833 5323 diﬁ‘erre
1879 5272 2057 5324 subito

462 5369 774 5428 morituris,
804 5374 859 5418 et
886 5366 937 5417 in
969 5371 1229 5415 alternum
1263 5356 1487 5411 victuris
1519 5354 1683 5437 vitam
1711 5376 1739 5413 a
1767 5359 1874 5415 Deo
1899 5378 2053 5432 para.

465 5472 573 5516 tam
613 5460 858 5518 auferre,
892 5453 1036 5508 nulla
1087 5464 1184 5502 nos
1227 5450 1418 5501 docent
1448 5453 1695 5521 exempla
1724 5465 2053 5510 sanctorum.

462 5555 632 5618 Nam,
667 5553 710 5606 si
727 5547 934 5610 Paulus
961 5545 1027 5597 ad
1062 5542 1252 5595 horam
1280 5540 1471 5596 vitavit
1504 5558 1764 5613 inertem,
1797 5548 1848 5603 in
1876 5550 2055 5619 aliquo

460 5649 622 5700 fidem
649 5659 756 5698 non
781 5640 947 5698 laesit.
1000 5648 1179 5702 neque
1225 5633 1466 5688 deseruit
1512 5637 1617 5710 14
1658 5641 1973 5707 veritatem;
2002 5652 2054 5695 et

460 5754 519 5791 se
553 5735 710 5788 morti
756 5727 931 5797 magis
962 5739 1271 5780 reservasse
1326 5728 1600 5793 creditur,
1632 5746 1792 5799 quam
1841 5734 2053 5785 subtra-

461 5830 639 5885 xisse,
673 5833 730 5876 ttt
759 5822 996 5875 fruetmn
1045 5817 1296 5881 deinceps
1326 5816 1532 5873 faceret
1566 5823 1849 5891 potiorem.
1900 5823 2051 5878 Unde

2165 4649 2269 4687 non
2316 4633 2517 4698 minui;
2576 4633 2981 4697 relictoerrore
3027 4636 3262 4690 scienter
3309 4639 3620 4696 commisso
3652 4642 3773 4695 sine

2160 4723 2419 4776 dilatione
2464 4725 2797 4794 corrigatur,
2843 4742 2907 4780 ne
2941 4737 3114 4781 mater
3168 4735 3353 4783 nostra
3417 4731 3772 4801 spiritualis,

2162 4831 2280 4883 qua:
2307 4817 2459 4885 quasi
2492 4817 2846 4871 novissimum
2879 4820 3127 4888 spiritum
3156 4820 3353 4887 trahit,
3381 4825 3623 4882 omnino
3651 4842 3772 4881 mo-

2164 4909 2359 4967 riatur;
2393 4906 2528 4970 ﬁde,
2599 4908 2851 4961 castitate
2885 4925 2946 4963 ac
2999 4909 3249 4964 libertate
3292 4909 3466 4977 vivit.
3522 4930 3592 4971 ac
3626 4916 3776 4987 viget

2161 4997 2399 5053 Ecclesia
2435 5016 2446 5049 :
2487 5014 2607 5067 qua:
2637 4999 2680 5053 si
2713 5017 2818 5053 non
2849 5000 3037 5064 habet,
3081 5001 3299 5072 languet
3323 5010 3380 5057 et
3404 5016 3714 5076 separatur
3740 5022 3773 5061 a

2159 5094 2289 5146 vita.
2338 5089 2471 5145 Nam
2503 5091 2607 5146 ﬁde
2657 5091 2948 5157 fundatur,
2996 5103 3221 5148 ornatur
3264 5097 3570 5166 castitate,
3604 5101 3775 5157 liber-

2162 5197 2269 5242 tate
2297 5187 2509 5258 tcgitur.
2547 5185 2678 5250 Sed,
2714 5200 2836 5239 cum
2864 5185 3057 5241 laicatn
3092 5188 3506 5259 investituram,
3529 5210 3658 5262 qua:
3681 5211 3773 5249 se-

2159 5282 2390 5335 cundum
2422 5280 2740 5335 traditiones
2764 5288 3076 5335 sanctorum
3105 5279 3325 5336 Patrum
3346 5281 3592 5342 haeresis
3618 5302 3777 5344 com-

2159 5370 2454 5439 probatur,
2491 5384 2597 5425 non
2629 5369 2990 5436 contradicit,
3021 5372 3115 5425 sed
3135 5372 3382 5443 prmcipit
3408 5390 3423 5440 ;
3479 5392 3612 5432 cum
3644 5353 3773 5433 cor-

2160 5461 2428 5529 rumpitur
2478 5462 2587 5528 ipsa
2630 5461 2981 5525 muneribus,
3015 5479 3138 5517 cum
3189 5465 3449 5522 surculari
3507 5472 3774 5539 potestati

2158 5551 2474 5618 subjicitur,
2509 5550 2667 5615 ﬁdes,
2697 5552 2921 5608 castitas
2947 5564 3001 5608 et
3023 5555 3245 5610 libertas
3275 5558 3323 5610 ei
3367 5560 3542 5617 simul
3586 5563 3779 5619 aufer-

2161 5656 2274 5705 tur;
2310 5654 2365 5698 et
2386 5659 2508 5711 qua:
2558 5644 2724 5698 vitam
2778 5661 2882 5700 non
2928 5644 3120 5711 habet,
3173 5663 3273 5704 nec
3326 5651 3626 5711 immerito
3669 5656 3781 5729 ιθ

2158 5743 2369 5786 mortua
2398 5733 2655 5787 creditur.
2678 5732 2859 5801 Jlujus
2888 5736 3081 5787 mortis
3105 5748 3383 5793 auctorem
3413 5743 3504 5796 vel
3533 5747 3781 5802 novissi-

2159 5842 2304 5880 tuum
2336 5823 2590 5877 Ecclesice
2619 5823 2921 5877 membrum
2953 5824 3202 5890 credere,
3240 5826 3414 5883 etiam
3475 5835 3524 5887 si
3582 5848 3782 5906 pasto;
