3992 6352
285 342 365 400 λε

1544 346 1927 403 El’lSTOL/E.
1963 377 2030 385 --
2068 346 2194 400 LIB.
2235 348 2271 401 Ι.
3499 350 3569 402 ἆῦ

291 460 574 521 videatur,
627 474 813 514 errare
840 470 944 514 est.
986 459 1122 514 lluic
1149 462 1319 516 errori
1356 463 1668 533 quicunque
1708 464 1878 516 inhas-
1909 469 1954 522 Λ
1989 462 2182 515 merito
2224 461 2380 532 lupus
2429 477 2534 515 non
2570 471 2756 530 pastor
2801 461 2980 516 ovium
3029 463 3298 530 creditur,
3337 465 3429 534 qui
3478 482 3572 520 eas

291 552 460 618 serit,
494 551 787 606 merebitur
815 553 883 608 ab
917 553 1029 622 ipsa
1055 555 1178 607 vitse
1221 554 1402 609 radice
1433 557 1672 622 prmeidi.
1703 557 1882 627 Super

295 641 381 694 his
411 651 588 696 autem
619 642 664 696 si
715 643 838 712 quis
883 643 1044 699 aliter
1081 646 1350 712 senserit,
1388 661 1494 702 non
1530 658 1614 703 est
1651 651 1883 704 catholi-

291 750 406 794 cos,
443 733 843 803 manifestetur,
869 747 925 791 et
946 739 1191 793 veritatis
1214 751 1540 810 argumento
1566 743 1882 812 probabitur

285 842 409 880 csse
441 829 743 884 haereticus.
797 830 1133 887 'l‘olerandus
1164 833 1380 902 quidem
1407 844 1497 888 est
1529 844 1714 904 pastor
1741 837 1878 906 (‘35),

217 953 223 958 .
284 927 348 970 ut
370 934 610 975 canones
655 923 873 987 dicunt,
912 938 1010 992 pro
1057 925 1302 994 reprobis
1352 927 1629 991 moribus;
1681 928 1725 982 si
1751 943 1882 982 vero

283 1014 676 1070 exorbitaverit
704 1032 734 1069 «ι
762 1015 895 1080 ﬁde,
922 1015 1036 1084 jam
1068 1033 1174 1071 non
1202 1027 1286 1072 est
1315 1029 1530 1086 pastor,
1563 1020 1658 1074 sed
1689 1021 1881 1076 adver-

283 1107 497 1171 sarius,
527 1125 559 1162 a
591 1109 832 1180 quolibet
867 1120 1156 1179 peccatore
1196 1121 1400 1166 tantum
1434 1112 1702 1168 catholico
1732 1115 1882 1169 dete-

279 1199 531 1253 atandus.
573 1199 728 1255 Licet
752 1201 922 1266 enim,
961 1201 1257 1257 secundum
1305 1212 1614 1258 sanctorum
1663 1205 1878 1261 decreta

284 1288 655 1345 Romanorum
681 1294 1028 1361 pontiﬁcum,
1053 1295 1216 1348 etiam
1240 1293 1512 1348 meretrici
1538 1310 1877 1351 communem

279 1381 542 1438 Ecclesia:
599 1385 798 1450 ﬁdem,
854 1398 1014 1456 quam
1067 1401 1220 1441 suam
1249 1386 1500 1441 creditet
1552 1389 1873 1449 conﬁtetur,

275 1475 592 1531 defendere.
667 1477 834 1532 Multo
887 1479 1053 1548 igitur
1079 1477 1314 1547 amplius
1373 1488 1536 1547 atque
1583 1478 1877 1550 perfectius

271 1566 589 1638 religiosum
624 1568 954 1624 catholicum
1001 1570 1156 1624 decet
1203 1568 1519 1624 htereticam
1550 1571 1874 1640 pravitatem

271 1658 622 1730 impugnare;
663 1675 764 1716 nec
836 1660 1164 1716 Christiana:
1212 1661 1343 1732 legis
1412 1663 1726 1728 veritatem,
1782 1667 1873 1733 qui

267 1748 621 1805 Christianus
672 1759 781 1814 est,
843 1751 898 1805 in
946 1751 1039 1806 tali
1085 1752 1304 1822 negotio
1359 1752 1520 1807 debet
1573 1755 1869 1810 occultare.

268 1841 418 1895 Sunt
448 1843 670 1912 quidam
696 1843 956 1912 episcopi,
989 1859 1128 1912 quos
1152 1859 1251 1899 nec
1274 1843 1475 1910 clerus,
1510 1861 1609 1901 nec
1641 1848 1872 1917 populus

269 1932 469 2001 elegit,
496 1933 592 1987 sed
619 1948 712 1988 eos
747 1942 953 1989 tantum
993 1935 1127 1989 laica
1164 1951 1392 2004 persona
1422 1938 1728 2004 investivit,
1779 1943 1871 2010 qui

276 2034 469 2078 contra
525 2025 916 2080 catholicorum
966 2037 1165 2082 statuta
1212 2029 1466 2092 Patrum.
1530 2042 1580 2086 et
1641 2035 1877 2090 maxime

279 2122 470 2168 contra
494 2115 788 2170 veridicam
819 2115 880 2170 Β.
908 2116 1154 2188 Gregorii
1188 2119 1406 2188 septimi
1449 2135 1599 2190 papa:
1644 2137 1830 2176 vocem
1857 2170 1874 2194 ,

275 2205 370 2272 qui
396 2219 495 2274 pro
523 2204 840 2260 defensione
870 2205 1028 2278 hujus
1067 2206 1190 2262 ﬁdei
1232 2217 1483 2264 mortuus
1513 2219 1594 2265 est
1639 2211 1692 2265 in
1722 2212 1867 2267 exsi-

273 2295 356 2345 ‘lio
387 2294 522 2360 (ει),
560 2295 943 2350 investituram
977 2296 1296 2364 palliantcs,
1327 2313 1447 2353 eam
1477 2312 1732 2370 negarent
1765 2302 1872 2358 ba:-

265 2386 725 2455 rt-simesseﬁS)
773 2389 954 2444 verbis
1001 2389 1068 2443 ad
1117 2390 1485 2445 seduceudum
1520 2395 1868 2460 compositis,

273 2480 319 2532 si
347 2488 595 2548 possent.
632 2481 880 2547 Quorum
925 2484 1145 2537 stateris
1179 2483 1404 2548 dolosis,
1442 2486 1572 2539 viris
1603 2485 1726 2541 ﬁdei
1763 2503 1866 2542 non

273 2573 598 2642 appenditnr
627 2588 641 2626 :
679 2574 779 2628 hos
803 2575 947 2629 enim
978 2576 1214 2630 custodit
1237 2577 1331 2631 Dei
1366 2577 1620 2647 spiritus,
1647 2595 1757 2642 quo
1781 2597 1866 2636 re-

271 2673 496 2733 guntur.
531 2663 754 2721 Fratres
781 2666 902 2730 isti,
950 2668 1153 2721 utinam
1184 2669 1225 2722 si
1259 2668 1375 2724 ﬁeri
1413 2680 1591 2739 posset
1613 2712 1626 2733 ,
1668 2671 1864 2726 fratres

269 2758 556 2820 catholici,
609 2760 699 2827 qni
739 2775 844 2814 non
877 2776 904 2813 a
939 2775 1038 2814 suo
1069 2770 1450 2816 eonsecratore
1473 2803 1486 2825 ,
1533 2763 1626 2817 sed
1672 2775 1859 2819 contra

267 2847 447 2902 claves
469 2837 728 2902 Eccl‘esirc
749 2865 776 2902 a
803 2848 957 2904 laicis
983 2849 1354 2903 investituram
1373 2862 1727 2922 susceperunt
1757 2854 1860 2924 17

267 2940 350 2994 vel
384 2941 716 3010 suscipiunt,
751 2941 878 2995 dum
911 2942 1208 3010 quemlibet
1241 2951 1519 2998 auctorem
1551 2943 1712 3011 huius
1748 2947 1856 3000 cri-

265 3029 430 3086 .uiuis
457 3033 753 3087 moliuntur
777 3033 1100 3096 defendere,
1135 3033 1234 3088 sub
1262 3034 1406 3088 illius
1433 3033 1746 3090 defensione
1776 3054 1854 3102 se,

265 3123 360 3179 sed
421 3125 573 3194 quasi
627 3125 906 3194 productis
959 3126 1214 3180 verendis
1275 3126 1597 3195 natibusque
1641 3129 1926 3212 nudatisc

263 3217 534 3286 operiunt.
559 3216 722 3280 Nam,
753 3234 873 3272 cum
907 3217 1211 3273 castitatem
1241 3233 1451 3287 sponsae.
1477 3217 1570 3273 Dei
1604 3219 1852 3288 sepelire,

263 3319 318 3362 et
345 3308 569 3363 nimium
603 3309 818 3363 sordida
857 3309 1151 3378 pollutione
1174 3309 1414 3380 sepultos
1446 3312 1710 3364 suscitare
1759 3311 1856 3364 fal-

265 3399 458 3454 laciter
479 3410 762 3462 conantur,
793 3416 852 3453 se
887 3399 1092 3455 faciunt
1122 3399 1353 3470 amplius
1377 3400 1850 3466 manifestos,sed,

263 3492 386 3561 quia
430 3493 714 3546 haereticus
766 3493 1004 3548 lueretici
1049 3493 1360 3547 testimonio
1415 3494 1466 3548 in
1515 3509 1580 3548 eo
1634 3495 1881 3551 hau-esis

263 3599 461 3652 genere
491 3601 606 3654 quo
637 3586 996 3649 conveniunt,
1033 3585 1258 3639 minimc
1299 3586 1615 3648 damnatur,
1656 3588 1850 3642 mirum

262 3693 366 3728 non
405 3686 488 3730 est
533 3679 576 3730 si
629 3687 735 3730 tam
790 3675 1019 3729 nefanda
1057 3676 1371 3744 loquuntur.
1421 3677 1480 3730 In
1513 3692 1634 3732 eum
1673 3689 1851 3732 autem

265 3772 356 3839 qui
388 3771 512 3824 talia
542 3771 716 3823 credit
749 3780 802 3822 et
846 3770 1157 3836 proﬁtetur,
1207 3769 1273 3821 de
1310 3771 1560 3836 pharetra
1608 3771 1854 3824 veritatis

261 3861 430 3917 David
469 3876 561 3914 rex
591 3870 643 3911 et
685 3860 943 3929 propheta
979 3859 1078 3912 hoc
1111 3857 1598 3924 modojaculatur:
1639 3859 1756 3911 Non
1780 3871 1853 3912 est

261 3955 403 4008 Dens
430 3954 482 4006 in
541 3961 819 4020 conspectu
854 3951 1002 4020 ejus;
1031 3951 1319 4020 inquinatw
1363 3959 1482 4002 sunt
1511 3952 1604 4004 via?
1636 3950 1775 4002 illius
1802 3953 1853 4005 in

263 4048 404 4100 omni
449 4057 678 4112 tempore
733 4042 915 4110 (Psal.
952 4044 1048 4108 ix);
1081 4041 1290 4096 etillud
1323 4057 1337 4095 :
1388 4039 1554 4095 Verba
1585 4059 1691 4094 om
1741 4043 1852 4110 ejns

265 4139 514 4206 iniquitas
541 4150 588 4190 et
620 4137 770 4190 dolus
799 4135 982 4206 (Psal.
1019 4135 1180 4203 xxxv)
1215 4152 1228 4186 :
1271 4133 1438 4188 noluit
1467 4135 1770 4203 intelligere
1796 4145 1854 4189 ut

262 4248 380 4300 qum
407 4239 531 4285 sunt
560 4229 681 4285 ﬁdei
724 4237 1062 4299 sequeretur.
1120 4225 1220 4294 Qui
1275 4227 1399 4281 talis
1438 4237 1521 4281 cst
1584 4243 1849 4298 pt‘recsse,

263 4342 366 4379 non
413 4323 696 4392 prodesse,
735 4333 788 4376 et
836 4337 953 4391 qum
1007 4337 1103 4373 sua
1153 4331 1272 4374 sunt
1315 4328 1520 4374 tantum
1573 4335 1844 4390 qum-rere,

266 4433 365 4469 non
393 4431 508 4486 qua:
535 4412 662 4466 Jesn
701 4411 898 4465 Christi
929 4411 1195 4480 (Philipp.
1238 4413 1304 4480 tt)
1333 4410 1632 4476 desiderat,
1662 4422 1716 4466 et
1753 4428 1850 4482 per

1987 568 2090 606 non
2121 553 2327 623 pascit,
2359 554 2453 608 sed
2499 555 2567 608 de
2601 555 2731 624 ipsis
2772 555 3030 624 pascitur.
3064 554 3189 610 Haec
3227 572 3257 610 a
3305 556 3461 612 nobis
3491 558 3572 611 id-

1984 646 2132 700 circo
2158 646 2434 710 dicuntur,
2460 647 2608 716 quia,
2627 648 2752 701 dum
2773 662 2805 701 a
2835 655 3022 702 satana
3051 649 3308 718 propheta
3339 668 3390 703 ct
3406 665 3568 721 rrup-

1986 747 2074 792 tus
2090 739 2432 809 agnoscitur,
2461 739 2551 808 qui
2582 756 2686 792 nou
2717 739 2890 793 solum
2923 739 3123 803 verbo,
3147 742 3287 796 sicut
3324 741 3567 808 Balaam,

1985 830 2079 884 sed
2106 830 2269 884 etiam
2295 829 2496 899 scripto
2529 831 2581 883 in
2612 830 2911 886 Christiani
2953 832 3132 903 populi
3157 847 3344 889 necem
3391 837 3568 889 consi-

1985 921 2115 976 lium
2139 924 2344 992 pariter
2370 933 2423 977 et
2454 938 2737 977 assensum
2761 923 2975 980 dedisse
3010 925 3378 992 convincitur;
3417 927 3571 980 valde

1984 1031 2209 1071 necesse
2238 1026 2356 1080 est,
2397 1026 2458 1072 ut
2487 1016 2571 1071 cui
2625 1016 2858 1080 residet,
2893 1017 3046 1072 asina
3079 1017 3334 1090 loquatur
3359 1028 3414 1073 et
3439 1034 3568 1089 pro-

1983 1107 2160 1177 pbette
2189 1107 2446 1178 corripiat
2475 1108 2870 1178 insipientiam,
2901 1109 2993 1178 qui
3025 1125 3180 1165 sacra
3213 1111 3410 1166 divina:
3439 1111 3572 1183 leg’s

1982 1208 2246 1268 prmcepta
2289 1208 2658 1270 transgressus
2697 1206 2817 1262 est,
2859 1197 3109 1270 sacrilegi
3161 1200 3303 1270 regis
3350 1210 3572 1256 secutas

1987 1293 2092 1362 18
2117 1293 2402 1346 insaniam.
2432 1293 2520 1356 Et,
2540 1292 2792 1360 quoniam
2809 1291 3123 1347 Luciferum
3148 1295 3349 1348 nostris
3366 1302 3572 1364 totan-

1984 1385 2132 1439 ribus
2158 1400 2188 1440 e
2210 1386 2350 1439 cmlu
2379 1385 2584 1454 lapsum
2634 1383 3002 1439 indubitanter
3042 1386 3418 1456 agnoscimus,
3461 1403 3568 1442 ncn

1980 1475 2028 1528 ei
2059 1475 2302 1544 qualibet
2331 1476 2622 1531 occasione
2661 1475 2804 1530 illius
2853 1475 3185 1545 impietatem
3215 1477 3566 1532 dissimulat;-

1980 1575 2064 1621 tes
2093 1567 2453 1632 inhaaramus,
2487 1583 2553 1621 ne
2578 1566 2631 1620 in
2660 1575 2878 1636 puteum
2910 1567 3300 1636 desperationis
3329 1583 3453 1624 cum
3477 1583 3563 1633 eo.

1979 1660 2122 1729 quod
2151 1659 2293 1714 Deus
2327 1658 2557 1723 abnuat,
2581 1673 2927 1714 corruamus.
2961 1657 3017 1713 Si
3049 1659 3226 1714 minus
3254 1658 3362 1715 dixi
3399 1676 3564 1731 quam

1979 1751 2176 1817 debui,
2231 1752 2547 1823 ignorantiae
2577 1752 2896 1821 deputetur;
2947 1751 2992 1806 si
3038 1750 3296 1823 amplius,
3341 1754 3467 1824 quia
3498 1756 3567 1808 tto

1977 1843 2103 1896 odio
2133 1843 2436 1914 iniquitatis
2468 1851 2522 1898 et
2553 1842 2824 1912 zequitatis
2851 1857 3037 1898 amore
3074 1844 3372 1915 processit,
3415 1844 3565 1916 igno-

1977 1944 2180 1990 scatur.

2517 2026 2849 2082 EPISTOLA
2889 2027 3019 2081 V'lll.

1982 2117 2330 2172 Dilectissimo
2377 2117 2529 2171 Patri
2564 2128 2609 2171 et
2642 2117 2853 2170 domino
2892 2115 3138 2170 Pascltali
3171 2135 3324 2188 papa:
3355 2135 3565 2173 venera-

2051 2207 2174 2270 bili,
2207 2207 2373 2276 frater
2421 2205 2726 2276 Goﬂ’ridus,
2785 2217 2982 2258 sancta:
3030 2204 3282 2261 Romana?
3319 2207 3564 2265 Ecclesia:

2047 2317 2315 2354 servorum
2363 2301 2644 2361 minimus,
2680 2299 2908 2351 debitam
2963 2314 3080 2351 cum
3120 2297 3399 2355 dilectione
3446 2303 3564 2357 obe-

2041 2394 2317 2447 dientiam.

2043 2485 2252 2538 Placuit
2281 2484 2558 2538 sanctitati
2594 2493 2806 2548 vestrm,
2842 2480 3001 2535 Pater
3027 2484 3371 2552 charissime,
3395 2486 3561 2542 abba-

1967 2587 2073 2632 tem
2103 2579 2157 2631 B.
2194 2579 2372 2632 Albini
2405 2580 2518 2648 (9.6)
2547 2594 2770 2642 vocare,
2798 2588 2854 2632 et
2884 2589 2942 2631 ut
2972 2580 3024 2632 in
3057 2580 3343 2646 prazsentia
3376 2592 3557 2638 vestra

1967 2686 2137 2738 usque
2167 2671 2233 2723 ad
2277 2670 2624 2724 festivitatem
2663 2669 2904 2724 omnium
2949 2668 3272 2725 Sanctorum
3304 2672 3437 2726 mihi
3469 2672 3559 2740 ju-

1963 2763 2161 2817 stitiam
2187 2773 2597 2832 exsequeretur,
2626 2763 2847 2818 decreto
2876 2771 3071 2817 vestra:
3098 2763 3436 2819 auctoritatis
3454 2766 3552 2820 ad-

1963 2871 2206 2909 monere.
2239 2855 2376 2920 Quid
2405 2855 2524 2924 ipse
2559 2855 2686 2908 olim
2725 2863 2922 2909 contra
2965 2855 3148 2910 sedem
3201 2857 3551 2925 apostolicam

1965 2944 2180 3004 fecerit.
2211 2944 2484 2998 beatitudo
2515 2955 2692 2998 vestra
2737 2943 2930 2998 melius
2981 2943 3151 2999 novit.
3186 2942 3339 3000 Nunc
3369 2955 3550 3001 autem

1961 3037 2114 3090 vobis
2163 3035 2485 3090 inobedicns
2526 3051 2648 3090 esse
2695 3052 2800 3090 non
2853 3038 3048 3102 audet;
3099 3042 3355 3106 quoniam
3405 3040 3449 3095 si
3481 3039 3553 3094 ad

1962 3127 2116 3181 istam
2143 3127 2485 3181 vocationem
2523 3137 2760 3180 vestram
2795 3142 2898 3182 non
2925 3128 3164 3196 veniret,
3217 3145 3402 3185 comes
3438 3131 3552 3186 An—

1959 3219 2280 3289 degavensis
2321 3218 2438 3290 (27)
2497 3218 2935 3288 possessionem,
2987 3235 3148 3290 quam
3196 3222 3440 3278 mtmachi
3485 3223 3548 3279 Β.

1960 3311 2137 3364 Albini
2185 3325 2282 3380 per
2341 3309 2746 3378 subreptiooem
2795 3308 3172 3372 abstulerunt,
3220 3313 3551 3366 monasterio

1960 3412 2148 3456 nostro
2193 3403 2522 3456 restitueret.
2587 3400 2700 3471 Ego
2741 3415 2871 3453 vero
2919 3401 2984 3454 ad
3016 3402 3332 3471 przediclum
3365 3406 3552 3458 termi-

1959 3511 2084 3547 num
2116 3493 2413 3547 incvitabili
2449 3493 2766 3548 monasterii
2810 3493 2978 3549 nostri
3009 3495 3333 3549 necessitate
3360 3495 3554 3550 deten-

1959 3595 2075 3653 tus,
2131 3587 2273 3640 sicut
2315 3586 2573 3655 przedicto
2621 3585 2799 3640 abbati
2843 3595 2971 3641 ante
3001 3586 3147 3649 dixi,
3204 3587 3389 3643 venire
3437 3603 3549 3644 nou

1955 3689 2166 3746 potero.
2215 3675 2345 3740 Sed,
2395 3676 2438 3730 si
2491 3678 2632 3732 Deus
2672 3679 2836 3732 vitam
2882 3679 3374 3748 ctprosperitatem
3418 3680 3547 3739 Inibi

1956 3767 2320 3830 emicesscrit,
2349 3783 2517 3837 usque
2542 3769 2608 3822 ad
2640 3770 2988 3826 festivitatem
3038 3775 3216 3829 sancti
3249 3773 3546 3830 Clementis

1957 3859 2172 3912 beatam
2231 3857 2423 3913 faciem
2483 3869 2717 3914 vestram
2777 3862 3040 3927 visitabo,
3085 3863 3152 3917 de
3199 3863 3432 3931 abbate,
3490 3874 3547 3918 et

1961 3948 2066 4017 19
2089 3950 2156 4002 de
2193 3951 2469 4004 monachis
2499 3951 2558 4003 Β.
2586 3950 2762 4004 Albini
2791 3949 3059 4018 justitiam
3101 3962 3452 4021 accepturus;
3489 3963 3546 4007 et

1955 4042 2080 4109 quia
2126 4045 2448 4099 venerabilis
2500 4042 2777 4098 mcmorim
2827 4043 3101 4095 dominum
3135 4059 3326 4116 papam
3372 4044 3546 4099 Urba-

1955 4149 2084 4186 num
2137 4135 2494 4202 deceperunt,
2539 4132 2723 4187 multis
2766 4132 3184 4186 auctoritatibus
3232 4144 3544 4190 sanctorum

1955 4229 2326 4282 Romanorum
2364 4225 2677 4296 pontiﬁcum
2704 4225 3050 4293 probaturus.
3087 4223 3204 4294 Ipse
3240 4235 3424 4295 postea
3447 4227 3546 4283 do—

1955 4321 2136 4375 minus
2163 4333 2333 4389 papa,
2367 4317 2496 4372 visis
2529 4315 2821 4387 privilegiis
2867 4316 3096 4382 nostris,
3151 4332 3207 4369 se
3251 4316 3412 4372 fuisse
3448 4319 3542 4374 de-

1952 4422 2171 4480 ceptum
2198 4407 2461 4474 asseruit,
2494 4417 2548 4462 ct
2577 4408 2902 4462 auctoritate
2933 4407 3194 4481 privilegii
3238 4409 3320 4463 sui
3345 4451 3358 4472 ,
3399 4412 3544 4479 quod

265 4507 514 4576 quaelibet
545 4505 696 4558 devia
725 4520 852 4559 oves
893 4505 1296 4572 praecipitentur
1325 4503 1634 4558 nullatenus
1663 4519 1837 4561 curat.
1873 4501 1918 4560 D
1946 4513 2136 4557 contra
2202 4517 2300 4556 nos
2351 4500 2549 4556 fecerat
2610 4500 2680 4554 ita
2753 4500 3099 4563 retractavit,
3146 4501 3290 4571 quod
3358 4498 3543 4554 Eccle-

263 4598 338 4654 De
365 4599 560 4669 quibus
585 4598 665 4652 lac
685 4608 739 4651 et
765 4597 884 4651 lana
909 4597 1009 4650 sibi
1034 4612 1139 4650 non
1154 4595 1367 4660 sutlicit;
1393 4596 1485 4650 sed
1514 4595 1724 4648 illarum
1748 4597 1840 4650 de-

263 4700 414 4743 vorat
463 4705 655 4744 carues
687 4698 738 4742 et
785 4703 906 4743 ossa
954 4688 1210 4741 corrodit.
1268 4688 1338 4740 Se
1386 4697 1562 4740 tamen
1611 4689 1843 4741 aestimat

264 4794 530 4858 pastorem
581 4781 792 4843 ovium,
853 4795 972 4834 cum
1022 4781 1092 4832 sit
1145 4778 1322 4847 potius
1356 4779 1510 4848 lupus
1535 4795 1739 4836 earnm.
1777 4782 1844 4836 Et

330 4895 442 4957 (9.5)
477 4891 801 4945 Tolerandns
836 4892 1046 4957 quidem
1098 4900 1172 4943 est
1225 4899 1423 4957 pastor.
1461 4890 1534 4944 Ex
1593 4889 1836 4946 Auacleti

262 4967 416 5034 epist.
449 4964 513 5020 5.
551 4965 684 5016 citat
708 4963 796 5016 lvo
827 4962 1035 5034 decreti
1053 4977 1109 5034 _p.
1151 4976 1399 5034 ιιινθιηι.

332 5035 443 5100 (ξι)
477 5034 717 5088 Mortuus
747 5044 819 5086 est
849 5034 903 5086 in
928 5032 1135 5086 exsilio.
1173 5029 1406 5086 Salerni.
1441 5029 1676 5085 llenrico
1708 5030 1837 5100 imp.

263 5099 453 5158 cedere
505 5114 752 5169 coactus,
783 5105 874 5173 qui
929 5103 1154 5173 Routam
1206 5110 1559 5173 expugnarat.
1579 5099 1839 5173 Gregorii

268 5174 350 5230 Vll
379 5175 569 5234 verba.
609 5190 732 5229 cum
772 5171 824 5228 in
853 5172 1104 5228 lethalem
1153 5171 1400 5227 morbum
1448 5171 1723 5225 incidisset
1747 5213 1761 5232 .
1810 5189 1840 5226 a

262 5247 418 5302 Petro
445 5246 858 5300 Bibliothecario
882 5248 995 5299 haec
1031 5252 1404 5298 memorantur
1435 5255 1451 5295 :
1489 5241 1656 5297 Dilexi
1681 5241 1844 5310 justi-

260 5321 407 5381 tiam,
453 5326 502 5386 et
529 5317 616 5371 odi
642 5316 1004 5386 iniquitatem;
1033 5323 1305 5383 propterea
1329 5313 1536 5386 morior
1557 5315 1610 5366 in
1632 5312 1840 5386 exsitio.

328 5389 441 5456 (ἐῢ)
473 5385 607 5440 Eam
639 5381 886 5455 negarent
912 5381 1312 5456 heresimesse.
1364 5381 1575 5456 “aegide
1615 5397 1674 5437 re
1706 5383 1839 5436 ube-

264 5453 374 5514 riu‘s
403 5453 514 5529 a'sit
550 5458 642 5529 lib.
673 5453 735 5512 ιιι
751 5453 1044 5529 Lupis--1!
1084 5463 1138 5529 et
1168 5454 1226 5529 ie
1257 5453 1555 5529 οριμεςιιιίε·

326 5523 720 5600 (ΞϐγΛῡὸηιεηι
753 5523 1045 5600 ξζΑιὸἱηὶ.
1101 5523 1592 5600 Arcitembaldum,
1620 5523 1688 5600 de
1733 5538 1841 5592 quo

260 5593 496 5668 epist.'5.
537 5601 584 5654 ls
607 5613 750 5653 nunc
779 5598 1004 5652 Romam
1040 5609 1170 5668 eum
1209 5593 1450 5668 εἰθίζνίάο
1480 5595 1840 5668 _vocabatn_r_,

260 5662 607 5740 disceptaturi
635 5669 796 5740 ambo
823 5669 890 5740 de
918 5666 1166 5740 ecclesia
1206 5662 1528 5740 $._.loannis
1563 5663 1841 5740 super_Li-

261 5734 428 5818 gerini
449 5755 652 5818 ,_quam
686 5738 883 5794 Urbani
912 5737 955 5818 _ll
978 5738 1184 5818 judicio
1206 5734 1508 5818 Albiuianis
1526 5773 1541 5798 ,
1578 5749 1678 5818 pro
1703 5734 1835 5818 gre-

264 5803 482 5866 doneusi
511 5803 677 5881 ’ῳιςιιιι
729 5803 1036 5880 repetebant
1059 5852 1072 5876 ,
1105 5807 1234 5862 dare
1264 5805 1437 5862 coacti
1463 5803 1675 5860 fuerant
1711 5803 1837 5859 Vin-

1946 4598 2081 4649 siam
2126 4597 2194 4649 de
2242 4610 2346 4664 qua
2391 4594 2610 4664 querela
2671 4603 2882 4659 manet,
2933 4600 2988 4648 et
3032 4593 3293 4664 quidquid
3336 4593 3542 4666 praede—

1945 4703 2190 4742 crssorcs
2233 4689 2314 4741 sui
2372 4687 2701 4742 monasterio
2752 4697 2939 4741 nostro
2987 4687 3371 4751 ﬁrmaverant,
3422 4687 3540 4743 sine

1944 4780 2266 4848 exceptione
2321 4779 2581 4832 ﬁrmavit.
2617 4777 2796 4842 Unde,
2829 4777 3180 4832 dilectissime
3221 4778 3402 4846 Pater,
3455 4779 3547 4855 di-I

1945 4893 2294 4956 dot-incuses,
2351 4891 2623 4948 Galli-idus
2683 4909 2812 4946 vero
2857 4893 3026 4949 abbas
3073 4894 3278 4961 factus,
3315 4913 3537 4953 causam

1947 4977 2100 5016 suam
2125 4964 2204 5017 sic
2230 4974 2416 5028 egerat
2443 4968 2582 5035 apud
2617 4963 2916 5027 Utbattum,
2943 4975 3000 5020 ιιι
3026 4966 3349 5034 isjudicium
3377 4986 3538 5024 suum

1946 5043 2301 5095 retractaret.
2345 5035 2735 5101 ecclesiamque
2785 5035 2844 5090 S.
2888 5035 3110 5091 Joannis
3154 5037 3556 5093 Vindocinensi’

1945 5116 2129 5174 postea
2183 5107 2515 5177 monasterio
2548 5107 2687 5177 inter
2737 5119 2962 5161 czeteras
3006 5107 3124 5177 ejus
3159 5110 3535 5173 possessiones

1948 5186 2242 5229 assereret.
2277 5176 2430 5244 Quod
2458 5176 2675 5246 quidem
2705 5192 2809 5230 non
2834 5177 3004 5232 solum
3032 5176 3101 5232 ab
3137 5177 3354 5234 Urbano
3375 5219 3390 5240 ,
3436 5192 3533 5228 ve-

1946 5261 2064 5299 rum
2105 5247 2268 5299 etiam
2301 5265 2328 5298 a
2364 5245 2607 5300 Paschali
2663 5246 2777 5312 ejus
2815 5263 3129 5302 successore
3167 5248 3365 5302 factum
3395 5246 3535 5299 vidi-

1948 5333 2066 5368 mtts
2092 5316 2536 5388 diplomateanni
2567 5317 2728 5388 “05,
2771 5318 3054 5381 Attamen,
3103 5331 3321 5388 quoquo
3359 5317 3526 5388 modo

1945 5389 2240 5455 composita
2268 5404 2355 5441 res
2381 5387 2572 5448 fuerit.
2605 5385 2833 5442 obtinuit
2865 5395 3079 5444 Iaudem
3104 5387 3308 5442 Urbani
3340 5385 3529 5455 decre-

1945 5453 2502 5580 lAlllt'It,.pt)llUltlllrtItlc
2531 5460 2789 5514 hactenus
2817 5460 2904 5514 illa
2927 5459 3158 5516 ecclesia
3185 5454 3438 5509 utonacbi
3468 5453 3529 5512 S.

2028 5547 2142 5580 ιιιιι.

1941 5530 2142 5583 Albini.

2015 5599 2126 5670 (9-7)
2159 5597 2342 5656 Comes
2382 5599 2786 5670 Andegnunsis.
2843 5600 3010 5655 Fulco
3052 5590 3170 5656 eltls
3200 5591 3436 5670 ηρηιίειῑε
3459 5595 3530 5662 ν,

1945 5657 2084 5724 idem
2111 5657 2200 5740 qui
2252 5657 2742 5742 Hierosolymorum
2770 5679 2974 5742 postea
3029 5657 3535 5742 regiifiﬁﬂadfptns

1941 5723 2141 5806 caput:
2168 5723 2686 5812 quaesieritis.
2720 5723 2816 5805 ξιξ
2838 5723 2892 5792 et
2920 5739 3015 5791 lib.
3045 5723 3136 5787 si.
3168 5723 3330 5786 epist.
3358 5723 3414 5780 7.‘
