3992 6352
472 362 543 418 ιτ
1502 362 1816 420 GOFFltlDl
1856 345 2146 418 aue.th
2180 355 2710 414 VlNDOClNENSlS

3685 360 3781 423 ιε

468 486 704 536 scretam
720 476 1097 547 pateruitatem
1110 485 1481 540 vestram,non
1495 476 1796 546 adoptivus,
1813 476 1904 531 sed
1922 491 2046 547 pro—
2077 482 2122 536 Α
2154 480 2234 526 ter
2271 471 2595 527 Nicodemus
2621 470 2687 524 ad
2714 468 2992 531 dominum
3021 491 3218 550 papam
3261 476 3319 531 in
3348 476 3568 540 domum
3607 492 3763 548 prae.

470 571 622 640 prius
652 577 707 623 et
741 567 989 638 specialis
1016 565 1158 621 lilius
1184 575 1362 620 vester
1394 564 1516 635 (28)
1542 576 1801 635 precatur
1828 564 2050 621 humili-

472 674 579 724 ter,
612 673 680 714 ne
705 657 877 730 prosit
914 656 1019 711 illis
1055 669 1174 726 qua:
1211 654 1278 710 de
1300 653 1511 722 justitia
1554 655 1829 721 diﬂidunt,
1873 655 1919 710 si
1957 654 2054 709 ad-

470 760 688 805 ventum
711 746 1067 818 praevencrint
1086 752 1353 800 nostrum.
1379 744 1761 801 Monasterium
1788 746 1845 801 S.
1871 746 2050 800 Albini

472 846 729 897 Romanae
773 837 1028 893 Ecclesia:
1074 852 1354 907 nunquam
1415 837 1641 892 servivit
1692 837 1779 892 vel
1822 838 2052 903 serviet,

469 932 572 988 nisi
615 945 711 1002 pro
743 943 843 983 sua
879 935 1089 982 tantum
1132 928 1479 984 necessitate.
1509 928 1893 983 Monasterium
1927 944 2056 984 vero

468 1033 713 1080 nostrum
762 1021 836 1076 ita
882 1020 944 1074 Β.
981 1019 1132 1074 Petri
1160 1027 1247 1075 est
1292 1020 1609 1091 proprium,
1636 1022 1780 1089 quod
1828 1021 1895 1076 ad
1922 1021 2055 1092 ipsis

466 1113 845 1170 fundatorihus
874 1112 988 1168 suis
1023 1111 1258 1168 alodium
1288 1112 1337 1167 ei
1369 1112 1554 1168 datum
1594 1114 1832 1179 exstitit,
1876 1123 1932 1169 et
1958 1130 2055 1185 pa-

468 1204 806 1260 trimonium.
825 1202 907 1257 Ab
930 1202 1048 1272 ipso
1069 1212 1270 1259 nostra:
1290 1205 1728 1276 congregationis
1744 1205 1897 1261 initio
1917 1222 2058 1277 prze-

468 1298 788 1353 decessores
829 1295 1001 1351 nostri
1034 1305 1239 1351 sanctae
1273 1294 1535 1352 Romana:
1565 1297 1825 1354 Ecclesiae
1851 1300 2056 1370 optime

468 1390 782 1446 servierunt
812 1404 827 1444 :
859 1396 942 1452 et,
966 1386 1014 1442 si
1044 1385 1263 1458 gloriari
1283 1396 1517 1459 Oportet,
1545 1389 1654 1444 imo
1679 1390 1808 1460 quia
1832 1390 2054 1462 gloriari

466 1489 683 1554 oportet
712 1482 764 1537 in
796 1481 1054 1545 Domino,
1093 1494 1255 1535 nemo
1281 1480 1492 1537 illorum
1523 1481 1717 1538 melius
1742 1498 1903 1553 quam
1933 1499 2057 1556 ego.

472 1573 652 1639 Unde,
681 1574 830 1628 salva
858 1573 1111 1637 veritate,
1139 1572 1399 1643 proﬁteor
1423 1570 1591 1644 quod,
1621 1584 1905 1645 postquam
1935 1591 2054 1630 mo-

468 1666 763 1723 nasterium
806 1665 1098 1735 regendum
1129 1666 1373 1736 suscepi,
1418 1666 1680 1722 tredecim
1712 1667 1877 1722 millia
1924 1667 2054 1723 soli-

467 1764 660 1815 dorum
712 1757 824 1828 (29)
876 1764 1076 1811 nostrai
1119 1766 1352 1812 monetae
1399 1758 1451 1811 in
1501 1757 1761 1814 Romanae
1804 1758 2058 1815 Ecclesia:

468 1849 751 1905 servitium
803 1846 1071 1917 expendi,
1122 1847 1238 1902 sola
1284 1847 1538 1905 videlicet
1580 1850 1905 1918 dilectione,
1950 1867 2057 1907 non

467 1958 590 1997 mea
639 1940 876 2011 qualibet
922 1939 1265 1995 necessitate.
1318 1939 1443 1995 "me
1483 1949 1661 1995 autem
1713 1941 1864 2007 dico,
1914 1942 2058 1999 Deus

465 2037 603 2104 scit,
653 2051 761 2091 non
812 2034 1083 2090 fallaciter
1121 2034 1510 2104 exprobando;
1561 2035 1654 2089 sed
1706 2035 2055 2092 dilectionem

463 2137 704 2185 nostram
735 2140 861 2197 erga
897 2123 1196 2180 Romanam
1223 2125 1522 2180 Ecclesium
1552 2127 1821 2183 veraciter
1851 2143 2051 2199 appro-

464 2218 645 2274 bando
677 2234 694 2272 :
730 2224 811 2282 ut,
842 2215 932 2286 qui
961 2213 1261 2269 Romanam
1288 2213 1584 2270 Ecclesium
1607 2215 1930 2287 diligunt,ct
1948 2217 2058 2288 20

465 2324 554 2363 me
598 2307 849 2377 diligant,
897 2313 954 2358 et
1006 2319 1216 2358 mecum
1268 2313 1453 2360 contra
1500 2321 1650 2360 meos
1709 2308 2057 2363 adversarios

464 2401 715 2472 clypeum
748 2394 1083 2451 defensionis
1125 2404 1418 2464 Oppouant.
1470 2395 1617 2450 inter
1662 2406 1898 2465 caetera,
1931 2414 2054 2468 qua:

464 2505 589 2544 mea
625 2487 904 2544 humilitas
933 2485 1191 2541 Romana:
1216 2485 1473 2542 Ecclesia:
1507 2486 1561 2541 in
1590 2502 1687 2542 sua
1721 2490 2048 2546 necessitate

466 2581 599 2636 tecit
645 2578 889 2646 servitia,
922 2593 1121 2644 unum,
1161 2577 1286 2648 quia
1333 2576 1749 2634 celeberrimum
1796 2578 1917 2646 fuit,
1956 2596 2057 2637 nec

466 2686 712 2745 possum,
743 2688 840 2727 nec
884 2671 1056 2726 debeo
1080 2670 1243 2726 silere
1268 2686 1283 2723 :
1327 2684 1435 2740 quo
1462 2671 1679 2737 audito,
1709 2672 1801 2742 qui
1829 2672 2059 2728 catholi-

466 2777 587 2818 cam
616 2760 776 2818 lldem
807 2759 1013 2829 diligit,
1044 2775 1131 2816 me
1158 2775 1436 2831 nunquam
1474 2761 1676 2831 poterit
1712 2776 1820 2817 non
1849 2777 2052 2819 amare.

466 2853 652 2909 Primo
681 2867 844 2918 anno,
868 2867 977 2922 quo
1005 2851 1151 2924 (50),
1183 2850 1294 2908 Deo
1321 2850 1536 2908 volente
1571 2852 1655 2910 vel
1680 2854 2055 2924 permittente,

466 2956 665 3000 nomen
712 2942 924 2998 abbatis
980 2942 1228 3011 suscepi;
1279 2942 1461 2999 audivi
1516 2943 1620 3014 pia
1664 2944 2055 3003 recordationis

467 3037 744 3092 dontinum
778 3051 975 3106 papam
1012 3037 1299 3094 Urbanum
1327 3034 1383 3090 in
1413 3035 1576 3092 domo
1613 3034 1845 3093 Joannis
1870 3034 2055 3095 Frica-

468 3142 666 3200 panem
694 3128 806 3199 (51)
845 3127 1092 3194 latitare,
1135 3138 1193 3185 et
1222 3134 1411 3184 contra
1442 3125 1857 3184 Guitbertistam
1886 3129 2052 3188 haerec

466 3221 570 3276 sim
593 3219 707 3293 (52)
734 3219 961 3277 viriliter
984 3221 1254 3278 laborare.
1279 3219 1437 3276 Licet
1462 3218 1615 3276 locus
1639 3229 1825 3276 noster
1842 3236 2053 3292 pauper

465 3322 644 3380 esset,
678 3313 905 3369 Romam
940 3326 1118 3369 tamen
1149 3313 1309 3383 veni,
1343 3312 1490 3368 illius
1527 3311 1965 3384 persecutionum
1990 3324 2047 3371 et

464 3406 714 3461 laborum
743 3405 930 3461 volens
956 3405 1226 3476 particeps
1276 3403 1391 3460 lieri
1413 3444 1429 3470 ,
1479 3412 1535 3459 et
1574 3418 1728 3460 suam
1760 3420 1861 3475 pro
1890 3421 2048 3477 posse

464 3510 588 3551 meo
614 3495 931 3551 desiderans
959 3494 1213 3566 supplere
1236 3495 1475 3565 inopiam
1501 3513 1515 3549 :
1544 3495 1699 3566 quod
1720 3504 1778 3551 et
1803 3496 1896 3552 Dei
1924 3513 2048 3567 gra-

464 3586 541 3639 tia
573 3584 696 3640 reci.
745 3584 881 3639 Mala
910 3600 1031 3655 qua;
1070 3587 1129 3640 in
1170 3584 1367 3641 itinere
1394 3594 1449 3641 et
1496 3585 1552 3640 in
1596 3585 1819 3643 civitate
1854 3602 2047 3657 passus

464 3690 610 3740 sum,
644 3685 951 3731 nostrorum
998 3690 1094 3746 per
1122 3674 1305 3731 omnia
1327 3717 1352 3742 ,
1386 3690 1456 3731 ne
1485 3690 1836 3747 agnoscerer,
1871 3678 2048 3734 factus

467 3764 706 3820 famulus
746 3764 1073 3819 famulorum
1103 3764 1319 3834 longum
1349 3773 1435 3821 est
1473 3778 1757 3819 enarrare.
1777 3763 1940 3832 Quasi
1969 3768 2046 3822 ει.

539 3875 652 3946 (28)
690 3872 947 3943 Specialis
972 3872 1113 3946 [ilius
1158 3883 1336 3946 vester.
1381 3872 1507 3927 Lib-
1543 3888 1634 3937 ιιι,
1688 3873 1846 3944 epist.
1881 3874 1949 3929 51
1982 3876 2042 3930 Ι).

462 3944 776 4001 Bernardus
803 3946 961 4014 epist.
991 3945 1099 3999 ΞΜ
1146 3944 1554 4014 ειιΙγΕιιςθιιὶιιιη
1589 3958 1777 4013 papam
1814 3963 1827 3997 :
1872 3946 2045 4001 Abba:

470 4013 887 4079 Vindociueusis,
917 4019 1008 4086 qui
1042 4013 1525 4086 specialiterivester
1550 4024 1657 4080 est,
1700 4030 1944 4084 rogamus
1986 4029 2042 4071 ut

460 4099 507 4141 et
539 4088 646 4156 ipse
674 4085 949 4156 specialem
972 4085 1197 4156 inveniat
1222 4085 1467 4156 gratiam.

531 4153 645 4282 (29)
687 4153 954 4211 Tredecim
995 4155 1160 4239 millia
1188 4153 1499 4209 solidorum.
1532 4153 1785 4237 Duodena
1833 4164 2051 4211 tantum.

558 4229 629 4282 ha
660 4227 909 4282 leguntur
948 4237 1107 4282 epist.
1143 4227 1177 4281 9
1221 4235 1279 4281 et
1318 4225 1393 4280 15
1420 4225 1497 4280 ad.
1525 4224 1820 4282 Cahxtum.
1863 4228 2045 4282 Ouar-e

455 4224 635 4283 millia
660 4227 909 4297 leguntur
948 4229 1107 4297 epist.
1143 4227 1177 4281 9
1221 4235 1279 4281 et
1318 4225 1393 4280 15
1420 4225 1497 4280 ad.
1525 4224 1820 4283 Calixtum.
1863 4228 2045 4294 Quare

459 4298 715 4355 mendum
744 4299 848 4354 hoc
872 4298 989 4353 loco
1010 4297 1242 4351 videtur.

528 4367 640 4441 (30)
679 4365 861 4441 Primo
899 4383 1035 4441 anne
1064 4363 1432 4441 quo...Qhri§li
1468 4363 1603 4420 1094
1642 4382 1711 4421 ex
1754 4364 2044 4423 Bertholdo

456 4431 891 4500 Constantiensi,
916 4431 1145 4505 quires
1185 4431 1390 4505 Urbani
1436 4444 1685 4505 accurate
1722 4447 2043 4504 persecutus

2155 562 2286 618 dicti
2321 562 2547 619 Joannis
2593 566 2754 615 nocte
2806 564 2975 620 veni:
3017 569 3108 624 ubi
3161 584 3283 624 eum
3327 581 3468 637 pene
3500 566 3774 621 omnibus

2157 655 2550 726 temporalibus
2582 659 2741 715 bonis
2781 661 3077 723 nudatum,
3122 671 3177 714 et
3217 659 3402 715 aheno
3436 671 3546 712 tere
3585 656 3767 712 nimis

2153 765 2471 822 oppressum
2523 751 2728 808 inveni.
2781 752 2857 808 lbi
2910 767 3008 823 per
3037 750 3519 821 Quadragesimam
3574 752 3767 807 mansi

2154 857 2277 896 cum
2316 840 2439 906 illo;
2479 849 2564 905 et,
2617 841 2663 897 si
2713 840 2797 898 fas
2831 851 2919 898 est
2965 840 3208 912 proﬁteri
3267 840 3596 905 veritatem,
3637 836 3773 906 eius

2154 945 2321 985 onera
2346 930 2399 985 in
2427 940 2692 1000 quantum
2716 932 2892 1002 potui,
2923 932 3212 987 charitatis
3235 928 3485 987 humeris
3519 944 3769 1000 suppor-

2157 1022 2287 1076 tavi.
2338 1020 2656 1089 Quindecim
2698 1037 2830 1079 vero
2858 1022 3051 1079 diebus
3088 1032 3216 1079 ante
3260 1023 3507 1091 Pascha,
3546 1024 3765 1080 Ferru-

2156 1112 2342 1177 ehins,
2386 1126 2549 1182 quem
2579 1112 2966 1170 Lateranensis
2994 1112 3178 1185 palatii
3201 1117 3479 1171 custodem
3501 1115 3765 1172 Guitber-

2160 1213 2243 1259 tus
2274 1202 2498 1270 fecerat,
2525 1219 2623 1274 per
2642 1205 3010 1261 internuntios
3029 1206 3243 1262 locutus
3269 1217 3354 1263 est
3383 1224 3507 1264 cum
3532 1211 3766 1265 domino

2158 1312 2316 1369 papa,
2349 1313 2601 1369 quarens
2628 1298 2697 1354 ab
2731 1314 2798 1355 eo
2835 1300 3120 1370 pecuniam
3149 1312 3204 1356 et
3231 1302 3345 1373 ipse
3381 1304 3634 1361 redderet
3674 1307 3759 1362 illi

2159 1392 2348 1446 turrim
2378 1400 2435 1447 et
2470 1390 2692 1447 domum
2728 1392 2898 1448 illam.
2940 1392 3093 1449 Unde
3139 1393 3427 1451 Dominus
3451 1411 3590 1466 papa
3627 1413 3759 1454 cum

2156 1481 2427 1551 episcopis
2449 1492 2508 1537 et
2532 1481 2923 1551 cardinalibus,
2952 1483 3046 1553 qui
3074 1497 3258 1539 secum
3289 1495 3478 1551 erant,
3508 1486 3761 1555 locutus,

2158 1572 2227 1625 ab
2255 1572 2360 1642 ει
2395 1571 2526 1641 ipsis
2548 1572 2832 1642 pecuniam
2862 1572 3152 1644 qumsivit;
3192 1574 3289 1630 sed
3317 1575 3586 1631 modicum
3618 1577 3765 1647 quill

2159 1663 2300 1733 apud
2355 1663 2532 1732 ipsos,
2581 1662 2837 1733 quoniam
2882 1663 3265 1733 persecutione
3327 1673 3383 1719 et
3433 1675 3766 1736 patmertate

2160 1754 2322 1810 simul
2341 1754 2750 1825 premebantur,
2779 1754 3025 1810 invenire
3056 1754 3252 1826 potuit.
3280 1754 3452 1823 Quem
3479 1771 3597 1827 ego,
3624 1773 3769 1813 cum

2088 1825 2134 1884 Β
2160 1861 2266 1901 non
2286 1846 2465 1901 solum
2497 1845 2725 1911 tristem,
2756 1861 2945 1902 verum
2970 1848 3137 1902 etiam
3163 1863 3276 1916 prae
3307 1848 3473 1904 nimia
3503 1852 3757 1921 angustia

2160 1937 2548 2010 lacrymantem
2591 1938 3032 2008 conspexissem,
3082 1940 3222 2011 coepi
3256 1949 3313 1996 et
3342 1940 3459 2010 ipse
3504 1941 3658 2010 itere,
3688 1952 3763 2001 et

2159 2030 2295 2086 nens
2323 2031 2529 2087 accessi
2558 2030 2624 2085 ad
2653 2045 2778 2086 eum
2816 2031 3039 2099 dicens,
3071 2040 3130 2087 ut
3163 2046 3357 2089 secure
3390 2048 3514 2089 cum
3552 2032 3760 2089 Ferru-

2159 2119 2283 2175 chio
2308 2117 2471 2175 iniret
2502 2128 2743 2190 pactum.
2792 2115 2867 2172 lbi
2895 2133 3086 2174 aurum
3129 2130 3187 2176 et
3223 2129 3542 2192 argentum,
3587 2137 3759 2176 num-

2159 2226 2294 2274 mos,
2336 2209 2512 2265 mulas
2554 2219 2610 2269 et
2639 2226 2812 2282 equos
2846 2211 3113 2282 expendi;
3162 2220 3217 2266 et
3260 2211 3341 2266 sic
3383 2210 3759 2269 Lateranense

2160 2301 2479 2365 habuimus,
2520 2310 2575 2358 et
2607 2302 2932 2359 intravimus
2965 2302 3243 2374 palatimn.
3275 2302 3375 2359 Ubi
3404 2318 3505 2377 ego
3544 2306 3756 2376 primus

2158 2392 2430 2448 osculatus
2458 2409 2577 2449 smn
2603 2395 2806 2450 domini
2841 2410 2992 2466 papa:
3026 2395 3243 2465 pedem,
3295 2396 3348 2450 in
3391 2396 3520 2453 sede
3559 2397 3754 2453 videli-

2156 2494 2245 2541 cet
2273 2482 2591 2554 apostolica,
2619 2486 2671 2539 in
2703 2500 2810 2555 qua
2846 2484 3005 2557 longe
3034 2495 3164 2541 ante
3191 2486 3492 2544 catholicus
3524 2503 3630 2543 non
3658 2502 3753 2543 se-

2159 2578 2314 2636 derat
2336 2595 2495 2651 papa.

2721 2657 3053 2714 EPISTOLA
3092 2657 3186 2714 IX.

2158 2750 2472 2806 Beatissimo
2520 2742 2687 2820 papte
2713 2746 2994 2816 Pass/tali,
3041 2749 3209 2818 frater
3251 2748 3551 2827 Goﬁ'ridus,
3599 2754 3749 2836 quod

2228 2842 2539 2907 charissima
2592 2841 2733 2911 patri
2775 2840 2990 2896 humilis
3041 2840 3215 2909 ﬁlius,
3255 2850 3304 2894 et
3351 2842 3483 2896 bona
3520 2842 3751 2898 dontiuo

2226 2932 2396 3001 ﬁdelis
2425 2948 2625 2987 servus.

2228 3027 2464 3082 Litteras
2485 3034 2717 3088 vestras,
2748 3022 3097 3080 dilectissime
3126 3024 3306 3088 Pater,
3340 3025 3555 3096 triginta
3579 3026 3749 3097 quin-

2157 3135 2263 3191 que
2290 3119 2481 3176 diebus
2506 3125 2631 3172 ante
2657 3115 2946 3173 concilium
2973 3116 3087 3187 (3'5)
3128 3117 3234 3173 vidi
3266 3134 3281 3171 :
3325 3118 3379 3172 in
3419 3118 3616 3188 quibus
3645 3135 3747 3174 au~

2153 3211 2261 3267 divi
2290 3210 2434 3281 quod
2465 3206 2787 3272 noluissem,
2838 3216 2895 3263 et
2929 3210 3074 3278 quod
3102 3208 3292 3264 audire
3325 3210 3600 3280 peccando
3634 3227 3751 3266 non

2151 3305 2344 3360 merui.
2380 3301 2636 3359 Pervenit
2663 3302 2806 3357 enim
2832 3301 2899 3356 ad
2928 3316 3090 3358 aures
3115 3312 3329 3359 vestras
3368 3305 3555 3359 nescio
3581 3303 3739 3376 cujus

2152 3396 2450 3458 relatione,
2499 3408 2585 3450 me
2633 3392 3075 3464 persecutoribus
3120 3392 3411 3459 Ecclesia),
3462 3405 3517 3449 et
3558 3394 3749 3452 comiti

2150 3484 2566 3542 Pietaviensium
2612 3485 2727 3556 (3i)
2772 3486 3134 3557 participare;
3198 3487 3341 3555 quod
3400 3485 3542 3542 Deus
3597 3487 3738 3548 scit.

2150 3593 2424 3648 tulitquam
2452 3576 2588 3643 loci;
2638 3592 2739 3632 nec
2768 3578 3146 3648 paternitatem
3186 3588 3422 3632 vestram
3462 3588 3736 3649 optassem

2149 3672 2216 3725 de
2244 3685 2328 3726 me
2371 3685 2484 3725 rem
2517 3669 2820 3739 hujusmodi
2852 3670 3163 3727 credidisse.
3215 3669 3340 3725 Haec
3374 3685 3609 3741 namque
3654 3686 3736 3725 se-

2150 3761 2374 3817 minavit
2401 3760 2655 3817 inimicus
2692 3761 2882 3827 homo,
2914 3774 2970 3816 et
2998 3760 3226 3816 fallaciae
3260 3760 3487 3831 spiritus
3523 3770 3646 3815 erat
3684 3761 3737 3814 in

2149 3873 2347 3927 mentis
2399 3872 2465 3928 ΙΙΙ
2517 3873 2768 3937 nomine,
2808 3872 3067 3928 adversus
3095 3872 3414 3943 Gregorium
3441 3871 3551 3936 Vll,
3580 3887 3744 3928 crea-

2148 3952 2234 4012 rat
2282 3943 2546 3999 Henricus
2580 3945 2711 4012 imp.
2745 3959 2889 3998 anno
2938 3943 3094 3998 1085.
3133 3944 3250 4010 Quo
3283 3958 3351 3997 ex
3401 3953 3646 4012 tempore
3679 3954 3738 3996 et

2147 4011 2467 4083 Gregorium
2499 4011 2676 4083 quoad
2716 4013 2881 4078 vixit,
2931 4021 2991 4069 et
3020 4015 3288 4068 Victorem
3342 4011 3747 4083 Urbanumque

2148 4082 2495 4140 successores
2517 4092 2627 4138 tum
2653 4083 2775 4138 aliis
2796 4083 2929 4139 diris
2947 4084 3120 4139 modis
3135 4082 3400 4148 exercuit,
3425 4092 3536 4137 tum
3560 4082 3733 4137 Roma

2146 4162 2396 4209 extorres
2439 4167 2577 4225 pene
2619 4167 2843 4225 semper,
2871 4154 3085 4225 habuit.
3121 4154 3195 4208 Ita
3242 4153 3737 4225 ut_inapostolica

2147 4224 2299 4294 sede,
2325 4222 2471 4294 quod
2493 4222 2989 4294 extrema'epistola
3012 4225 3203 4279 scribit
3226 4222 3520 4294 Gem-idus.
3547 4224 3733 4278 catho.

2147 4290 2282 4365 licus
2323 4290 2670 4365 papa._longo
2719 4290 3001 4348 intervallo
3050 4310 3155 4349 non
3197 4294 3417 4365 sederit.
3464 4292 3739 4349 Umlceim

2146 4362 2451 4434 planeanni
2478 4362 2697 4418 fuerunt
2725 4365 2793 4418 ab
2815 4365 3039 4419 exordio
3053 4364 3321 4421 Gnitbcrti
3350 4363 3417 4417 ad
3450 4374 3727 4434 receptum

2146 4436 2216 4488 ab
2249 4433 2467 4490 Urbano
2497 4434 2774 4490 Ferrucbii
2804 4436 3076 4490 deditione
3109 4435 3451 4490 Lateranum.

456 4517 570 4573 est,
607 4515 822 4563 constat
854 4502 1009 4561 initio
1037 4502 1197 4572 hujus
1237 4504 1363 4576 anni
1414 4504 1604 4576 turrim
1631 4502 1931 4576 Crescentii
1984 4509 2039 4563 in
2070 4515 2121 4575 ι)
2219 4504 2332 4575 (55)
2375 4504 2610 4576 Triginta
2643 4507 2868 4576 quinque
2894 4505 3073 4559 diebus
3104 4516 3224 4560 ante
3267 4504 3564 4576 cam-ilium.
3620 4511 3727 4560 La-

456 4578 901 4635 Guibertinorum
958 4581 1227 4643 potestate
1275 4573 1452 4627 adhuc
1518 4572 1701 4629 fuisse.
1766 4575 2043 4634 Goﬂlridus

456 4650 617 4719 paulo
646 4655 773 4719 ante
802 4641 973 4699 ferias
1007 4641 1296 4719 Ifaschales
1336 4657 1499 4712 opera
1540 4656 1639 4697 sua
1687 4645 1874 4719 turrim
1919 4662 2040 4701 cum

456 4714 661 4788 palatio
690 4714 1043 4771 Laleranensi
1088 4722 1358 4788 receptam
1404 4720 1593 4766 notat:
1626 4716 1768 4783 quod
1815 4715 1868 4769 in
1893 4730 2042 4788 eum-

457 4783 581 4843 ilem
610 4801 832 4857 prorsus
872 4798 1091 4857 an_num_
1106 4783 1367 4857 incidisse
1394 4792 1727 4857 cmupertum
1755 4795 1861 4841 est.
1905 4784 2042 4841 Gol-

457 4852 799 4929 t’rido'antem
826 4866 885 4911 ut
924 4853 1243 4929 beneﬁcium
1280 4852 1556 4929 Urbanus,
1588 4855 1667 4929 ita
1693 4870 1793 4929 nos
1836 4859 2037 4929 egregii

472 4927 717 5007 gcinoris
756 4927 1069 5007 memoriam
1095 4925 1370 4981 debemus.
1409 4922 1576 4993 Nam,
1614 4925 1717 4981 nisi
1765 4922 2037 4999 ipsc'pro-

531 5007 632 5062 ret,
660 5011 1011 5053 nesciremus.

442 5120 457 5131 ,
488 5060 646 5149 V;(5l)_
776 5067 930 5149 domo
958 5064 1188 5149 Joapn'es
1247 5062 1611 5149 Fricapanetn.
1648 5067 2038 5125 Vetustissimae

455 5135 907 5195 aé'nObilissinta:
936 5135 1075 5207 apud
1118 5135 1388 5207 Romanos
1414 5135 1629 5190 familia:
1655 5154 1848 5193 nomen
1893 5156 2036 5196 nunc

450 5208 731 5281 paululum
794 5206 1092 5281 inﬂexum,
1146 5206 1515 5281 Frangipanes
1563 5207 1707 5281 enim
1757 5209 2031 5281 dicuntur.

444 5275 607 5407 φησι]
659 5293 790 5353 ergo
827 5278 1124 5351 generatim
1171 5275 1360 5332 scribit
1401 5275 1707 5341 Bertoldus,
1757 5278 2031 5335 Urbanum

471 5354 639 5407 {om-aa
678 5366 845 5407 prone
898 5347 957 5404 S.
994 5346 1213 5402 Mariam
1240 5344 1448 5400 Novam
1479 5347 1530 5400 in
1575 5349 1804 5407 quadam
1833 5349 2030 5405 ﬁrmis-

471 5344 639 5423 30mm
678 5344 854 5423 prope
898 5347 957 5404 S.
994 5346 1213 5402 Mariam
1240 5344 1448 5423 Novam
1479 5347 1530 5400 in
1575 5349 1804 5423 quadam
1833 5349 2030 5423 lirtnise

445 5422 588 5489 _si1ua
621 5416 921 5490 munitione
962 5428 1276 5490 moratura,
1302 5418 1384 5490 _ad
1404 5416 1605 5490 ipsum
1636 5418 1846 5490 videtur
1885 5422 2029 5490 quod

452 5485 772 5562 explicatius
816 5489 1015 5547 dicitur
1046 5503 1077 5542 a
1111 5485 1373 5555 Got'l'rido,
1403 5487 1550 5543 illum
1594 5489 1646 5542 iu
1677 5485 1916 5546 Joannis
1930 5492 2029 5546 lm-

447 5563 721 5635 jnsdtuno
751 5562 1046 5635 latuisse.__
1146 5631 1156 5635 Α
1250 5580 1255 5585 λ

524 5633 635 5705 (52)
671 5632 867 5689 Contra
899 5627 1583 5705 Guitbertistam__l_ueresim.
1636 5628 1835 5686 Contra
1873 5630 2028 5705 Guil-

453 5694 699 5769 hertuin,
730 5705 958 5774 ejusque
986 5707 1259 5774 fautores.
1285 5698 1382 5753 Hic
1416 5710 1500 5774 est
1540 5715 1702 5774 quem
1739 5717 1803 5756 ex
1848 5702 2026 5774 archi-

452 5774 706 5844 episcopo
751 5771 1062 5829 Ravennate
1096 5771 1609 5841 psendortontiiicem
1693 5772 1859 5827 indito
1904 5773 2021 5827 (lle-

2150 4573 2623 4645 teranense,'anui
2655 4573 2828 4641 1112,
2860 4576 2928 4631 dc
2950 4590 3058 4644 quo
3087 4578 3154 4630 ad
3205 4576 3362 4645 epist.
3390 4573 3423 4629 7
3463 4575 3725 4631 diximus.

2145 4644 2343 4701 Eadem
2367 4646 2715 4702 excusatione
2738 4660 2869 4701 usus
2889 4646 3049 4701 etiam
3074 4645 3164 4700 lvo
3187 4644 3408 4701 carnot.
3429 4645 3592 4715 epist.
3620 4647 3737 4701 150

2144 4730 2261 4786 quo
2295 4716 2475 4771 minus
2513 4719 2579 4771 ad
2606 4718 2892 4773 concilium
2926 4715 3360 4786 proﬁcisceretur
3389 4733 3401 4769 :
3441 4717 3583 4785 quod
3625 4715 3728 4770 Pa-

2144 4787 2348 4843 schalis
2378 4803 2531 4858 papa:
2558 4787 2766 4843 litteras
2792 4787 2987 4856 quibus
3015 4787 3336 4858 vocabatur,
3376 4795 3580 4856 septem
3605 4799 3728 4841 tan-

2143 4866 2253 4911 tum
2281 4857 2734 4923 hebdomadibus,
2764 4859 2864 4912 hoc
2888 4872 2953 4911 ex
2978 4857 3047 4914 49
3070 4857 3257 4913 diebus
3291 4866 3419 4912 ante
3456 4858 3723 4913 constitu-

2143 4936 2253 4981 tum
2283 4928 2513 4997 concilio
2540 4930 2678 4983 diem
2707 4928 2994 4997 acceperit.

2195 4997 2309 5071 (54)
2322 4996 2518 5071 (ἰοειιὶιί
2531 4994 2953 5071 Pictaricusium.
2973 4994 3357 5064 Guillelmo,.de
3366 5012 3475 5068 quo
3485 4999 3645 5071 epist.
3659 4999 3729 5064 2,

2138 5068 2254 5137 ejus
2283 5068 2515 5140 nominis
2541 5078 2594 5122 et
2623 5068 2841 5123 familia:
2867 5078 3165 5140 postremo,
3206 5084 3364 5137 quem
3393 5070 3591 5140 saepius
3617 5085 3719 5126 ex.-

2136 5139 2589 5195 communicatum
2614 5148 2847 5194 constat.
2879 5139 2985 5193 Sed
3007 5138 3072 5193 de
3095 5154 3156 5194 ea
3180 5154 3322 5194 nuttc
3340 5138 3687 5195 excommuni
3703 5171 3717 5180 -

2136 5209 2582 5280 catione_agilur,
2617 5224 2778 5280 quam
2807 5209 3069 5280 (iirardus
3100 5210 3524 5278 Engolismeusis
3566 5210 3719 5280 lega-

2136 5291 2244 5362 tus,
2265 5290 2323 5362 et
2347 5277 2539 5334 Petrus
2566 5277 2851 5362 cpiscopus
2870 5277 3215 5362 .Pi'ctavensis
3233 5282 3303 5362 ob
3327 5279 3543 5336 illicitas
3560 5277 3714 5362 pulsa

2135 5348 2369 5420 legitima
2401 5364 2569 5420 uxore
2603 5347 2829 5420 nuptias
2870 5347 3205 5416 inﬂixerant,
3251 5360 3310 5404 ut
3346 5363 3534 5406 narrat
3560 5347 3652 5406 iib.
3684 5367 3719 5401 ν.

2132 5417 2388 5475 Historiae
2413 5417 2728 5474 Guilleluuis
2756 5421 3268 5476 Malmesburiensis.
3310 5420 3475 5475 Multa
3514 5423 3717 5478 Vindo—

2130 5489 2378 5563 cinenses
2406 5498 2460 5546 et
2492 5490 2691 5563 Opima
2719 5491 2771 5545 in
2813 5490 2972 5563 hujus
2999 5491 3258 5563 principis
3285 5491 3491 5546 ditione
3516 5493 3719 5563 praedia

2126 5560 2607 5630 possidebant,’ut
2636 5562 2882 5618 Oleronis
2924 5571 2979 5615 et
3004 5560 3409 5631 ’Surgcriarum
3457 5560 3717 5617 ecclesias

2129 5633 2347 5704 inp:th
2390 5631 2719 5700 Santonico,
2764 5634 3120 5698 Olonenscm,
3160 5642 3216 5688 et
3262 5634 3396 5689 alias
3442 5634 3496 5688 in
3538 5632 3715 5689 Picta~

2126 5704 2315 5761 vittasi.
