3992 6352
274 312 348 371 ‘9
1547 317 1926 375 EPISTOLJE.
1962 350 2031 359 —
2064 317 2189 374 LIB.
2227 315 2268 372 Ι.
3492 321 3564 374 ‘50

276 445 362 484 eo.
390 429 772 503 Monasterinm
795 430 1062 500 siquidem
1088 439 1355 495 nostrum,
1386 431 1646 502 quidquid
1671 434 1863 489 melius
1893 438 1940 497 Α
1970 433 2121 488 falsis
2157 433 2591 492 detractionibus
2619 435 2908 504 COIItpCllOI‘
2947 434 3122 504 palam
3153 438 3396 508 proﬁteri
3426 439 3569 491 veri-

280 522 480 586 liabet,
529 531 584 576 et
618 522 760 577 unde
792 536 927 593 pene
956 522 1171 591 penitus
1209 524 1471 589 vivimus,
1525 524 1578 578 in
1615 534 1755 578 terra
1789 541 1878 580 co-

287 614 438 667 mitis
464 613 826 670 Pictaviensis
857 617 1102 670 noscitur
1135 616 1353 673 habere.
1382 619 1488 688 22
1515 617 1582 672 Et
1612 617 1732 672 ideo
1763 634 1878 670 nm-

281 712 398 756 tare
446 719 553 756 non
586 721 806 773 possum
827 747 842 771 ,
877 707 1006 776 quin
1037 706 1335 776 aliquando
1381 725 1505 764 cum
1554 724 1620 763 eo
1652 708 1875 781 loquar;

274 795 365 848 sed
403 802 594 849 testem
630 795 680 848 in
717 797 956 850 animam
1006 813 1182 852 meam
1220 797 1411 853 invoco
1453 798 1715 868 Spiritum
1755 814 1878 852 san-

273 897 455 951 ctum;
494 886 596 942 hoc
622 890 944 942 necessitate
973 887 1033 942 ﬁt
1059 889 1372 944 monasterii
1399 890 1594 954 nostri,
1627 905 1731 944 non
1759 906 1878 946 mea

271 977 578 1038 voluntate.
627 979 922 1034 Occasione
963 981 1237 1048 quondam
1269 990 1526 1052 accepta,
1577 981 1704 1050 quia
1741 997 1880 1052 prm-

277 1068 538 1125 decessor
570 1080 758 1125 noster
788 1069 902 1142 (55)
949 1085 1059 1126 non
1107 1073 1284 1141 potuit
1318 1072 1384 1128 ad
1411 1087 1536 1128 cum
1583 1072 1772 1128 venire
1795 1072 1878 1127 vel

278 1162 481 1228 noluit,
513 1163 804 1231 quamdam
842 1163 999 1218 nobis
1021 1163 1241 1219 abstulit
1277 1164 1673 1228 obedientiam,
1714 1181 1876 1236 quam

277 1269 365 1308 me
398 1263 584 1323 postea
616 1253 805 1324 viginti
825 1255 1064 1326 quinque
1091 1257 1256 1311 millia
1285 1258 1584 1314 solidorum
1614 1258 1880 1313 redimere

275 1345 538 1414 oportuit.
581 1347 636 1400 In
686 1346 884 1418 quibus
932 1357 1110 1404 tamen
1148 1364 1236 1404 me
1280 1351 1348 1405 ab
1399 1350 1879 1405 excommunicato

277 1439 448 1494 debeo
485 1439 792 1508 abstinere,
842 1441 887 1496 si
935 1441 986 1496 ei
1029 1443 1460 1510 communicavi;
1511 1443 1592 1498 vel
1638 1444 1876 1514 quandiu

276 1529 442 1587 fuerit
472 1531 1005 1600 excommunicatus,
1043 1535 1550 1600 communicavero,
1601 1550 1876 1606 nunquam

282 1622 417 1676 mihi
452 1638 480 1675 a
525 1623 636 1678 Deo
670 1622 816 1680 illius
857 1623 1067 1695 peccati
1116 1624 1208 1678 ﬁat
1258 1625 1526 1680 remissio.
1572 1623 1700 1679 Huic
1741 1633 1798 1679 et
1832 1624 1879 1679 si

279 1713 533 1783 quaelibet
563 1712 666 1767 alia
699 1715 852 1769 vobis
881 1715 946 1770 de
975 1729 1063 1769 me
1093 1713 1236 1768 dicta
1268 1723 1396 1768 sunt
1421 1729 1636 1780 amara,
1672 1715 1880 1770 credite

1985 542 2180 594 tatem,
2213 546 2377 601 quam
2426 527 2558 584 satis
2602 536 2782 583 tacere
2811 526 3118 582 voluissem.
3160 527 3347 582 Nullus
3387 527 3592 615 itaque,

1992 622 2263 676 veraciter
2311 621 2454 675 dicet
2503 618 2853 684 aemulorum,
2899 619 3038 687 quod
3090 618 3142 673 in
3188 627 3298 672 tota
3339 617 3566 672 Francia

1982 715 2369 769 monasterium
2397 713 2467 768 sit
2487 712 2798 766 ordinatum
2826 711 3021 766 melius
3051 725 3211 780 quam
3237 701 3586 765 nostrorum."

1981 804 2135 871 Quod
2164 812 2350 858 nostro
2382 813 2622 872 tempore
2662 819 2757 871 per
2789 802 2880 856 Dei
2928 803 3160 872 gratiam
3190 802 3419 871 amplius
3445 816 3562 856 cre-

1980 894 2090 961 vit,
2127 910 2289 965 qnam
2329 895 2479 965 prius
2524 893 2743 948 devotio
2777 893 3123 947 fundatorum
3153 893 3202 948 ei
3239 893 3565 947 contulerit:

1980 986 2106 1043 licet
2137 1002 2411 1056 nunquam
2443 984 2774 1048 Ecclesiam,
2814 999 3092 1050 nunquam
3130 984 3354 1039 alterius
3380 983 3567 1038 Eccle-

1980 1077 2074 1131 sia:
2099 1077 2393 1140 decimam,
2436 1075 2520 1132 vel
2549 1074 2844 1143 quamlibet
2875 1074 3274 1144 possessionem
3314 1074 3570 1130 ecclesia—

1981 1168 2172 1223 sticam
2219 1183 2284 1224 eo
2315 1168 2475 1223 modo
2517 1165 2900 1236 acquisierim,
2935 1181 3046 1236 quo
3089 1164 3298 1220 faciunt
3327 1166 3567 1234 quidam.

1981 1256 2248 1326 Tempore
2296 1257 2402 1328 23
2452 1257 2909 1326 praedecessorum
2961 1263 3270 1308 nostrorum
3325 1253 3570 1310 Romana

1978 1348 2222 1405 Ecclesia
2277 1350 2361 1403 vel
2410 1349 2651 1404 debitum
2699 1363 2962 1411 censum,
3031 1347 3312 1401 duodecim
3362 1333 3573 1404 scilicet

1980 1442 2182 1498 solidos
2205 1441 2340 1513 (56),
2369 1457 2464 1512 per
2484 1456 2685 1495 annum
2711 1439 2798 1494 vix
2827 1439 2951 1494 inde
2965 1438 3168 1493 habere
3196 1437 3390 1509 potuit.
3415 1438 3572 1506 Quod

1983 1551 2088 1590 non
2140 1543 2360 1604 propter
2417 1533 2775 1604 iactantiam,
2847 1531 2942 1586 sed
3001 1539 3222 1599 propter
3275 1530 3572 1602 gratiarum

1981 1628 2247 1683 actionem
2279 1627 2419 1690 dico,
2453 1628 2503 1680 in
2533 1625 2756 1681 servitio
2782 1624 3036 1678 Romanis
3058 1622 3312 1678 Ecclesiae
3342 1623 3572 1694 amplius

1983 1733 2149 1788 quam
2195 1719 2479 1773 duodecim
2526 1717 2697 1772 millia
2729 1716 3022 1770 solidorum
3063 1727 3244 1771 nostra
3281 1726 3571 1787 paupertas

282 1806 516 1860 ﬁrmiter
562 1822 628 1860 ea
690 1805 958 1861 fallaciter
993 1815 1050 1861 et
1097 1807 1359 1862 invidiose
1412 1807 1578 1864 fuisse
1633 1809 1872 1862 iuventa.
1908 1795 1953 1847 Β
1981 1808 2256 1878 expendit.
2309 1809 2364 1862 In
2397 1809 2570 1879 spatio
2601 1807 2822 1878 triginta
2863 1806 3100 1876 quinque
3142 1809 3387 1872 dierum,
3419 1822 3572 1862 reve-

280 1891 476 1960 Uude,
516 1898 561 1951 si
586 1898 795 1966 justum
824 1907 938 1961 est,
977 1907 1290 1967 competens
1320 1901 1583 1954 terminus
1607 1909 1875 1968 ponatur;

287 1994 344 2038 ct
377 1985 468 2053 qui
510 2000 597 2040 me
629 1986 892 2054 sagittam
921 1986 976 2039 in
1013 1986 1262 2051 occulto,
1303 1987 1650 2042 notiﬁcentur
1688 2000 1882 2042 contra

287 2091 430 2146 quos
479 2075 688 2132 scilicet
747 2077 1006 2131 canonice
1042 2091 1130 2131 me
1182 2093 1489 2147 praeparare
1529 2079 1789 2146 debeam,
1832 2091 1886 2135 et

283 2167 354 2224 de
381 2169 581 2238 quibus
609 2167 836 2224 forsitan
863 2169 1066 2238 aliquid
1101 2169 1302 2233 dicam,
1331 2178 1387 2223 et
1413 2168 1531 2224 sine
1570 2170 1882 2226 misericor-

279 2259 368 2314 dia
392 2259 723 2329 judicemur.
756 2260 1086 2326 Veritatem,
1129 2260 1441 2316 dulcissime
1483 2261 1666 2328 Pater,
1712 2272 1885 2319 atten-

277 2351 423 2416 dite,
473 2367 580 2406 non
619 2351 912 2407 verborum
957 2351 1294 2406 relationem.
1347 2350 1699 2408 Aimulantur
1740 2355 1880 2408 enim

283 2458 374 2498 me
417 2443 662 2514 quidam,
714 2442 922 2500 scilicet
967 2444 1164 2499 diaboli
1225 2444 1590 2502 aemulatione.
1643 2445 1880 2512 Quorum

365 2578 480 2649 (55)
524 2579 891 2635 Ρνωάεεεεδον
916 2590 1108 2635 noster.
1151 2580 1318 2636 Paulo
1359 2591 1480 2650 post
1521 2601 1534 2634 :
1584 2581 1884 2638 Prtrdeces-

287 2661 824 2722 sorunrnostrorunt.
859 2650 978 2706 Lib.
1017 2667 1070 2715 v,
1118 2653 1276 2722 epist.
1317 2652 1440 2722 2L:
1482 2651 1727 2707 [lectores
1772 2670 1882 2708 mo-

287 2720 504 2790 nasterii
538 2721 712 2790 nostri
736 2721 826 2790 qui
856 2723 1070 2790 [uerunt
1105 2720 1224 2776 ante
1253 2739 1352 2775 mc.
1381 2720 1624 2788 Quatuor
1657 2726 1883 2778 omnino

291 2800 420 2844 ante
441 2788 1050 2846 Goﬁ'ridmnVindocini
1077 2793 1300 2846 abbates
1327 2795 1540 2846 l'uemnt
1558 2791 1881 2860 Rainaldus,

287 2860 574 2933 Odericus,
601 2860 790 2933 David
817 2871 881 2933 et
905 2862 1103 2928 Berno,
1127 2878 1287 2932 quem
1313 2863 1415 2918 hoc
1442 2862 1566 2933 loco
1585 2861 1877 2933 significat.

285 2932 522 3004 _Bernoni
561 2931 922 3004 obedientiam
966 2949 1062 2989 seu
1095 2931 1390 3004 prioratum
1441 2935 1498 2988 ὃ.
1539 2931 1755 3003 Georgii
1794 2937 1883 3004 (de

287 3002 396 3057 hoc
435 3002 714 3073 enimagi
767 3001 919 3073 puto)
973 3001 1606 3073 eripuerat“Guillelmus
1659 3001 1876 3073 comes.

287 3088 448 3140 quem
479 3071 719 3128 Goﬁ'rido
756 3071 938 3140 postea
969 3071 1225 3129 restituit.
1255 3071 1502 3128 Urbanus
1525 3073 1567 3127 ll
1595 3071 1838 3130 Goﬂrido
1866 3096 1877 3127 :

291 3143 584 3196 Ecclesium
625 3142 681 3197 S.
717 3142 930 3213 Georgii
979 3146 1032 3199 in
1083 3144 1323 3198 Oleronis
1365 3145 1568 3208 insula,
1617 3161 1775 3213 quant
1819 3146 1882 3198 ab

290 3215 435 3267 omni
464 3215 752 3268 exactionis
790 3216 1164 3270 caiisttetttdine
1193 3213 1411 3268 liberant
1444 3213 1754 3268 Cuillelmus
1799 3216 1878 3269 Pi-

273 3285 576 3338 .ctauiensis
602 3300 769 3338 comes
790 3286 1322 3340 excommunicatione
1337 3295 1513 3338 nostra
1537 3295 1748 3339 coactus
1768 3288 1885 3339 red-

289 3353 446 3419 didit,
475 3355 608 3408 sicut
639 3356 704 3408 ab
731 3355 1089 3425 Andegavensi
1115 3356 1301 3410 comite
1329 3352 1568 3424 Goﬁ‘ritlo
1594 3365 1647 3426 et
1687 3357 1878 3426 Agnete

291 3425 556 3479 comitissa
591 3426 703 3479 loco
730 3437 900 3480 vestro
929 3428 1124 3480 tradita
1171 3426 1362 3495 fuerat.
1416 3426 1529 3493 Qua
1572 3425 1639 3478 de
1688 3425 1745 3480 re
1779 3427 1880 3480 ite-

289 3510 412 3548 rum
457 3496 548 3549 lib.
582 3512 634 3559 v,
683 3497 842 3566 epist.
887 3498 954 3552 19
993 3507 1046 3552 et
1087 3498 1178 3550 ‘20.
1221 3496 1298 3550 De
1329 3495 1652 3551 obedientize
1695 3507 1876 3550 autem

291 3565 640 3636 baciuotioue
671 3565 936 3622 vacabulo
964 3567 1058 3622 lib.
1091 3583 1165 3632 tv,
1203 3568 1363 3636 epist.
1394 3567 1448 3619 7.

363 3635 472 3703 (56)
493 3637 778 3691 Duodecim
797 3637 990 3692 scilicet
1011 3635 1394 3704 solidos.ldem
1412 3636 1604 3703 repetit
1627 3636 1788 3704 epist.
1815 3637 1880 3690 13

290 3706 362 3760 ad
387 3707 678 3760 Calixtum.
706 3706 940 3760 Ceusum
973 3707 1115 3759 hunc
1139 3705 1316 3758 abbati
1342 3703 1722 3759 Viudocineusi
1753 3715 1875 3760 tau-

289 3791 454 3844 quam
488 3775 633 3829 sedis
663 3776 972 3842 apostolicae
1004 3775 1266 3828 alodiario
1294 3773 1602 3827 indixerant
1633 3776 1877 3844 lundato-

289 3843 403 3900 res.
437 3845 656 3900 Tabulae
682 3844 1013 3899 fundationis
1039 3862 1052 3896 ε
1084 3843 1256 3898 Abbas
1286 3859 1435 3908 vero,
1462 3845 1551 3912 qui
1591 3843 1880 3912 alodiarius

290 3917 359 3970 Β.
403 3913 553 3969 Petri
588 3932 699 3970 esse
738 3914 1084 3985 dignoscitur,
1134 3925 1353 3969 matrem
1392 3911 1544 3968 suam
1585 3911 1879 3968 Romanam

291 3986 585 4040 Ecclesium
623 4002 714 4055 per
746 3987 981 4055 singulos
1006 4002 1172 4040 annos
1199 3994 1291 4038 aut
1319 4000 1412 4054 per
1440 4001 1523 4055 se,
1551 3996 1642 4038 aut
1684 4001 1778 4055 per
1801 3985 1880 4038 le-

261 4068 471 4125 gatum
509 4053 664 4110 suum
699 4053 912 4111 visitare
939 4057 1178 4120 studeat,
1210 4065 1259 4109 et
1285 4053 1331 4108 si
1356 4053 1611 4123 majorem
1643 4053 1876 4111 charito-

287 4138 392 4180 tem
415 4144 518 4180 non
540 4126 748 4196 fecerit,
788 4143 998 4181 censum
1025 4125 1210 4180 saltent
1242 4141 1316 4196 xtt
1345 4125 1633 4180 solidorum
1659 4126 1730 4179 ad
1755 4141 1878 4180 con-

292 4195 558 4250 cinnanda
599 4197 885 4250 luminaria
913 4209 1031 4251 ante
1058 4195 1346 4250 venerabile
1372 4211 1561 4264 corpus
1589 4196 1876 4250 beatissimi

293 4267 437 4320 Petri
460 4269 532 4321 ibi
557 4267 844 4337 persolvere
867 4285 968 4322 non
995 4266 1241 4337 negligat.
1279 4264 1529 4337 Clemens
1555 4265 1596 4320 ll
1625 4266 1676 4320 in
1713 4268 1877 4335 privi—

291 4337 432 4407 legio
482 4336 910 4392 continuationis
955 4353 970 4390 :
1018 4336 1244 4391 Censum
1286 4353 1406 4390 vero
1449 4336 1528 4407 ad,
1569 4338 1875 4390 memoriam

289 4406 735 4478 cognitionemque
759 4409 1124 4478 sempiternam
1147 4407 1424 4461 duodecim
1452 4406 1647 4460 solidos
1673 4407 1738 4478 de
1764 4424 1874 4460 mo-

292 4489 410 4532 neta
437 4478 624 4546 patria:
649 4489 828 4533 vestra:

291 4548 548 4602 volumus.
577 4549 668 4604 Sic
697 4549 822 4603 olim
855 4548 1236 4603 Cluniacenscs
1274 4546 1454 4602 tutelae
1478 4547 1691 4602 nomine
1719 4563 1754 4600 x
1783 4565 1872 4602 so-

291 4618 428 4673 lidos
455 4619 644 4688 quinto
673 4635 887 4688 quoque
923 4634 1065 4673 anno
1107 4618 1431 4686 pendebant.
1479 4616 1536 4671 lu
1579 4617 1871 4688 diplomate

263 4687 506 4758 .Agapiti
535 4688 577 4743 ιι
605 4707 618 4743 :
653 4687 889 4745 Sitne’ad
915 4688 1382 4758 recognoscendum
1404 4687 1543 4759 quod
1563 4687 1871 4755 prtedictum

287 4759 580 4813 coenobium
616 4759 674 4814 S.
703 4761 1004 4829 apostolica:
1036 4760 1148 4812 sedi
1190 4760 1259 4829 ad
1301 4760 1551 4812 tuendum
1596 4768 1752 4829 atque
1787 4761 1868 4828 [o-

289 4831 509 4883 rendum
536 4827 811 4900 pertineat,
841 4831 1030 4884 dentur
1053 4844 1146 4898 per
1170 4827 1580 4900 quinquennium
1616 4827 1867 4894 solidis,

295 4899 686 4968 Vizeliaceusgs
747 4901 986 4967 singulas
1042 4901 1333 4968 quotannis
1413 4899 1578 4953 libras
1635 4901 1867 4962 argenti.

291 4943 1394 5027 ι’»ἱιὲἒὶίἓῑῖζὶΐᾸιιΞ’ἑξ]’ξ›“Ξὶ]ἰ›αῗί“’ἰῖὶὲέἱέἷιρ.
1413 4943 1577 5021 ’ἔτιῐᾶ
1619 4943 1870 5022 ίὶὶὶιῖἷὲἱὶἱιὶ

291 5056 496 5112 quoque
523 5043 680 5112 hujus
705 5042 990 5107 libertatis,
1028 5040 1504 5112 apostolicatiscdi,
1547 5039 1699 5108 cujus
1731 5039 1871 5106 juris

289 5126 404 5183 esse
417 5109 737 5180 dignoscitur
762 5112 949 5166 libram
975 5114 1178 5182 argenti
1197 5127 1292 5183 per
1313 5109 1544 5180 singulos
1563 5125 1731 5162 annos
1751 5125 1871 5178 per-

289 5180 493 5244 solvat;
521 5183 599 5238 sic
626 5183 712 5238 alii
739 5183 872 5237 alios
893 5180 1105 5237 census.

364 5251 478 5324 (57)
516 5251 689 5308 Beata:
719 5251 920 5305 Prisca:
940 5252 1228 5324 ecclesiam.
1255 5251 1318 5306 Β.
1351 5251 1548 5308 Priscae
1580 5249 1869 5324 ecclesiam

296 5321 512 5394 titulum
538 5323 842 5394 presbyteri
874 5322 1164 5394 cardinalis
1191 5322 1243 5394 in
1267 5333 1448 5378 monte
1475 5322 1746 5394 Aventino
1775 5321 1872 5394 ab-

289 5392 507 5448 batibus
535 5391 1024 5449 Vindo'cincnsibus
1047 5407 1167 5446 cum
1189 5392 1450 5462 dignitate
1474 5391 1734 5446 cardinali
1761 5392 1871 5461 pri-

291 5479 415 5518 mus
456 5464 653 5520 illustri
687 5473 743 5520 et
787 5461 1029 5518 imtsitati
1079 5461 1309 5532 exempli
1347 5461 1704 5532 prterogativa
1738 5477 1870 5515 con-

288 5535 456 5589 cessit
479 5535 786 5590 Alexander
814 5533 877 5598 ll,
910 5533 986 5588 ita
1022 5541 1080 5588 ut
1110 5531 1420 5602 quicunque
1465 5531 1691 5602 legitimi
1745 5532 1873 5586 Vin-

289 5604 469 5660 dociui
491 5606 715 5661 abbates
732 5604 930 5669 forent,
965 5605 1123 5659 iidem
1149 5601 1406 5656 Romanae
1432 5601 1686 5658 Ecclesiae
1713 5603 1872 5672 hujus

292 5675 430 5729 tituli
457 5676 760 5732 cardinales
791 5684 990 5730 essent.
1019 5673 1310 5728 Alexandri
1340 5672 1452 5727 haec
1479 5682 1604 5727 sunt
1627 5673 1786 5728 verba
1817 5674 1870 5727 in

287 5746 486 5803 iitteris
531 5747 596 5802 ad
633 5747 919 5804 Odericum
951 5746 1196 5802 abbatem
1229 5759 1371 5801 anno
1396 5743 1529 5801 1062
1564 5762 1574 5798 :
1618 5743 1870 5800 Concedi-

1982 1897 2304 1953 rendissime
2334 1897 2575 1962 domine,
2607 1913 2693 1952 me
2718 1913 3023 1968 preparare
3052 1906 3107 1952 et
3149 1897 3214 1950 ad
3246 1898 3357 1951 vos
3384 1895 3573 1950 venire

1982 2003 2092 2041 non
2131 1987 2312 2056 potui,
2357 1987 2602 2057 corporis
2633 1987 2797 2042 etiam
2839 2003 3058 2058 pressus
3095 1987 3434 2040 inﬁrmitate.
3469 1985 3575 2038 ltcr

1987 2087 2233 2132 nostrum
2258 2095 2420 2148 quam
2443 2077 2603 2132 citius
2631 2086 2838 2147 potero,
2868 2077 3203 2148 praeparabo,
3238 2085 3313 2139 et,
3346 2078 3390 2129 si
3435 2075 3578 2130 Deus

1987 2169 2123 2224 milii
2156 2171 2320 2224 vitam
2347 2179 2402 2224 et
2443 2169 2731 2224 sanitatem
2759 2170 3072 2233 donaverit,
3107 2183 3233 2233 vos,
3276 2168 3417 2223 sicut
3451 2168 3578 2222 cha-

1986 2258 2265 2313 rissimam
2309 2266 2552 2328 patrem,
2600 2259 2665 2312 ad
2702 2273 2944 2327 praesens
2991 2257 3214 2322 videbo,
3257 2257 3410 2312 vobis
3453 2256 3575 2312 dili-

1983 2359 2174 2421 genter
2206 2351 2536 2416 serviturus,
2577 2361 2630 2404 et
2673 2351 2732 2404 Β.
2777 2349 2978 2405 Prisca:
3019 2349 3444 2406 misericorditer
3484 2366 3574 2405 re-

1983 2449 2240 2514 cepturus
2265 2442 2550 2498 ecclesiam
2583 2442 2733 2512 (57),
2770 2441 2854 2496 vel
2884 2442 2948 2496 de
2974 2441 3231 2508 ecclesia,
3277 2442 3320 2496 si
3364 2441 3569 2512 placet,

1983 2592 2120 2645 mus;
2139 2577 2295 2630 etiam
2337 2577 2573 2630 omnibus
2612 2575 2774 2645 hujus
2825 2575 2928 2632 loci
2971 2578 3247 2630 abbatibus
3300 2578 3574 2630 ecclesiam

1983 2645 2049 2699 Β.
2087 2643 2286 2700 Prisca:
2338 2663 2454 2700 cum
2496 2643 2751 2715 dignitate
2791 2646 3089 2711 cardinali,
3133 2649 3303 2701 sancti
3347 2646 3574 2714 Spiritus

1975 2716 2183 2786 judicio
2231 2716 2599 2778 decernentes.
2639 2727 2694 2769 ut
2740 2717 2887 2770 nulla
2932 2717 3174 2786 deinceps
3221 2718 3573 2770 ecclesiastica

1984 2786 2313 2840 stvcularisve
2349 2803 2571 2854 persona
2609 2787 2918 2856 prtedictam
2951 2786 3016 2839 Β.
3057 2785 3259 2856 Prisca:
3300 2788 3572 2840 ecclesiam

1985 2873 2075 2910 seu
2100 2858 2328 2910 ecclesia:
2348 2857 2670 2926 dignitatem
2695 2858 2768 2909 eis
2797 2857 3009 2922 auferre
3032 2855 3260 2926 qualibet
3302 2859 3570 2910 occasione

1984 2937 2288 2995 prtesumat.
2329 2925 2484 2993 Quod
2519 2927 2692 2980 eidem
2740 2925 2995 2980 Oderico.
3021 2925 3341 2982 beneﬁcium
3377 2927 3570 2980 conﬁr-

1987 2997 2154 3050 mavit
2199 2996 2492 3066 Gregorius
2521 2996 2644 3059 VII,
2687 3012 2830 3052 anno
2868 2997 3025 3052 1029.
3069 2997 3263 3052 Verum
3294 3007 3570 3066 grassante

2025 3068 2227 3121 osthzcc
2275 3067 2328 3120 in
2358 3067 2492 3122 urbe
2537 3067 2772 3120 factione
2803 3067 3150 3132 Guibertina,
3182 3067 3412 3123 ecclesia
3458 3068 3570 3122 lure

1915 3131 1957 3192 (ἶ
1992 3131 2508 3200 Vindociucusibus,
2563 3136 2706 3206 quod
2772 3146 2953 3205 partes
3005 3131 3569 3199 illas’aversarentur,

1987 3208 2234 3276 adempta
2255 3249 2269 3272 ,
2301 3217 2463 3276 atque
2494 3209 2560 3260 ad
2584 3208 2719 3261 alios
2747 3208 3002 3261 translata
3035 3215 3136 3261 est.
3172 3207 3238 3261 Et
3263 3222 3569 3276 quanquam

1985 3276 2224 3333 Goli‘rido
2252 3287 2458 3340 nostro,
2497 3287 2555 3330 ut
2602 3286 2687 3331 est
2709 3277 2775 3347 fin
2807 3278 2966 3347 epist.
3001 3276 3097 3340 16,
3143 3277 3256 3346 ejus
3286 3277 3568 3330 investitu-

1987 3363 2101 3401 ram
2132 3348 2364 3401 reddidit
2397 3347 2649 3402 Urbanus
2677 3346 2743 3413 ll,
2784 3346 2977 3402 iterum
3009 3357 3188 3402 tamen
3212 3348 3330 3416 ejus
3353 3362 3566 3416 posses-

1984 3419 2136 3472 sione
2167 3416 2405 3485 dejectos
2437 3418 2603 3472 fuisse
2631 3433 2696 3472 ex
2736 3418 3045 3489 eolliqnet,
3090 3419 3232 3487 quod
3279 3433 3397 3473 eam
3430 3433 3568 3489 nunc

1987 3489 2180 3560 repetit
2215 3503 2245 3541 a
2283 3489 2562 3553 l’aschali,
2592 3497 2647 3544 et
2693 3488 2850 3560 epist.
2891 3491 2990 3557 15,
3029 3489 3350 3559 promissum
3395 3488 3496 3543 sibi
3528 3507 3568 3560 _a

1982 3559 2207 3615 Callisto
2250 3568 2478 3614 testatur
2507 3578 2521 3631 ;
2554 3558 2741 3631 a_quo
2771 3563 2984 3615 tandem
3018 3558 3070 3616 in
3108 3561 3374 3631 integrum
3414 3558 3562 3612 resti-

1985 3639 2150 3701 tutus,
2183 3631 2473 3701 cardinalis
2505 3630 2562 3701 Β.
2595 3629 2793 3686 Prisca:
2834 3633 3045 3686 titulum
3075 3629 3338 3701 usurpare
3382 3631 3566 3701 coepit.

1984 3699 2074 3754 Sic
2117 3699 2383 3772 enimad
2417 3700 2697 3772 Callistum
2748 3703 2921 3772 ipsum
2953 3699 3290 3758 scribeus‘se
3337 3700 3567 3772 appellat

1982 3770 2226 3841 opuscul.
2259 3770 2324 3836 5,
2357 3771 2562 3826 Callisti
2596 3770 2860 3840 diploma,
2891 3789 2996 3841 quo
3030 3773 3290 3828 vindicias
3325 3771 3568 3826 Gollrido

1987 3839 2330 3913 instauravit,
2358 3843 2627 3912 integrum
2654 3839 2961 3909 proferetur
2983 3843 3050 3897 ad
3077 3845 3235 3913 epist.
3261 3842 3328 3897 28
3348 3883 3361 3905 ,
3387 3841 3476 3895 lib.
3504 3856 3567 3894 ιι.

1983 3908 2115 3980 Ejus
2142 3923 2320 3980 porro,
2351 3908 2576 3980 vestigia
2621 3908 2833 3967 decimo
2877 3922 2999 3980 post
3041 3908 3183 3967 anno
3223 3921 3438 3968 secutus
3484 3921 3568 3966 est

1983 3978 2256 4034 Honorius
2281 3979 2344 4046 ll;
2368 3978 2522 4049 cujus
2543 3981 2705 4034 etiam
2727 3978 2905 4036 exstat
2933 3981 3265 4049 privilegium
3290 3981 3474 4035 Romae
3511 3997 3568 4034 vx

1981 4049 2104 4105 Kal.
2140 4049 2272 4119 Apr.
2305 4066 2448 4106 anno
2478 4051 2619 4104 1129
2665 4051 3045 4119 perscriptum.
3089 4049 3198 4105 Nec
3246 4063 3419 4104 tamen
3451 4050 3568 4104 diu-

1983 4130 2144 4176 turna
2192 4118 2327 4174 Satis
2377 4128 2470 4174 aut
2518 4119 2722 4176 illibata
2778 4118 3258 4174 Vindocinensilms
3306 4119 3401 4172 fuit
3451 4119 3568 4174 haec

1978 4191 2276 4260 possessio.
2306 4189 2465 4258 Nam,
2493 4189 2605 4245 sive
2628 4191 2767 4260 quod
2799 4189 3049 4245 Ecclesia:
3078 4190 3217 4245 illius
3251 4198 3394 4244 sarta
3422 4199 3564 4244 tecta

1983 4261 2348 4334 negligereut,
2398 4261 2514 4316 sive
2573 4260 2681 4317 alia
2735 4261 2915 4334 potius
2969 4276 3151 4334 causa
3187 4262 3315 4323 fuit,
3367 4261 3563 4334 iterum

1981 4331 2086 4388 illis
2133 4331 2217 4388 est
2267 4335 2546 4402 adempta,
2598 4343 2654 4388 et
2705 4331 2828 4388 aliis
2876 4331 3270 4394 cardinalibus,
3320 4331 3560 4402 quosiB.

1981 4402 2364 4475 Prisezetitulo
2390 4401 2687 4470 creabant,
2719 4420 2816 4475 per
2850 4402 3135 4475 pontiﬁces
3162 4401 3441 4475 attributa.
3467 4401 3564 4456 De-

915 4518 928 4532 .
953 4477 1110 4532 Petro
1146 4478 1294 4531 reddi
1322 4492 1416 4546 per
1445 4493 1611 4530 annos
1638 4477 1873 4546 singulos
1907 4479 1952 4535 D
1980 4475 2159 4546 ttique
2186 4473 2531 4546 Innocentius
2586 4475 2645 4529 Ill
2670 4516 2687 4542 ,
2719 4472 3106 4546 intermissam
3134 4472 3563 4546 Apossessionem

1979 4542 2260 4600 lla—melino
2285 4545 2500 4610 abbati,
2541 4547 2632 4615 qui
2657 4556 2884 4601 octavus
2918 4543 3020 4598 fuit
3061 4561 3091 4598 a
3121 4542 3381 4609 Gell‘rido,
3418 4554 3565 4615 post-

1978 4615 2186 4672 liminio
2224 4617 2498 4680 restituit,
2540 4613 2633 4671 sed
2664 4633 2786 4671 cum
2825 4617 2928 4669 hac
2974 4615 3324 4684 exceptione,
3357 4621 3418 4668 ut
3447 4613 3563 4685 ipse

1974 4687 2192 4756 quidem
2239 4685 2467 4756 ejusque
2496 4701 2842 4742 successores
2868 4685 3094 4741 abbates
3135 4685 3416 4756 pristinam
3442 4701 3563 4741 car-

1976 4753 2172 4812 diualis
2191 4753 2541 4826 dignitatem,
2590 4758 2813 4827 ejusque
2855 4756 3086 4827 insignia
3115 4753 3235 4810 cum
3266 4753 3326 4827 Β.
3361 4754 3560 4812 Prisca:

1974 4827 2202 4882 ecclesia
2242 4825 2500 4896 perpetuo
2545 4825 2863 4882 retinerent.
2907 4825 3205 4888 Caeterum,
3253 4825 3298 4882 si
3342 4828 3556 4896 quando

1977 4897 2070 4952 alii
2099 4896 2284 4963 eiusce
2314 4897 2452 4951 tituli
2480 4897 2783 4952 cardinales
2811 4906 3149 4962 crearentur,
3177 4897 3260 4951 bis
3284 4909 3554 4968 parerent,

1977 4975 2336 5038 quartanique
2367 4977 2979 5038 proventuumipartem
3019 4969 3318 5036 penderent
3351 4969 3420 5031 ii,
3465 4969 3560 5036 qui

1975 5037 2038 5092 Β.
2066 5037 2263 5108 Priscae
2283 5037 2568 5092 ecclesiam
2593 5053 2690 5108 pro
2713 5037 3196 5094 V'iudocinensibus
3217 5039 3557 5094 administra-

1978 5117 2120 5163 rent.
2154 5107 2449 5182 Innocentii
2477 5107 2910 5182 verba,tame‘tsi
2943 5109 3103 5182 paulo
3120 5110 3334 5182 longius
3363 5122 3558 5182 excur«

1975 5188 2136 5243 runt,
2183 5193 2291 5232 non
2322 5179 2418 5233 abs
2463 5195 2522 5233 re
2548 5177 2712 5234 fuerit
2749 5177 2957 5235 audire.
3001 5180 3092 5236 Sic
3117 5177 3279 5243 igitur
3312 5180 3551 5235 habent:

1981 5269 1998 5302 ι
2033 5249 2184 5304 Licet
2215 5258 2396 5303 autem
2432 5257 2802 5306 antecessores
2845 5251 3017 5306 nostri
3042 5245 3329 5306 ecclesiam
3357 5250 3415 5302 S.
3441 5245 3557 5300 Pri-

1974 5335 2080 5374 sca:
2100 5320 2153 5373 in
2177 5328 2355 5374 monte
2371 5320 2636 5376 Aventino
2661 5322 2822 5376 sitam
2850 5337 2972 5376 cum
3001 5322 3254 5376 omnibus
3280 5318 3524 5384 pertinen
3541 5349 3554 5360 -
3593 5335 3598 5342 ·

1976 5391 2064 5463 _tiis
2099 5390 2325 5463 suis,et
2353 5390 2608 5446 cardinali
2641 5393 2804 5447 etiam
2839 5393 3102 5463 dignitate
3140 5388 3554 5463 praedecessori-
3641 5424 3650 5460 μ

1975 5461 2075 5516 bus
2105 5461 2211 5515 tuis
2240 5461 2510 5516 duxerunt
2544 5457 2979 5527 concedendam,
3029 5457 3168 5517 sicut
3211 5461 3263 5512 in
3313 5457 3550 5524 ipsorum

1975 5531 2269 5602 privilegiis
2304 5533 2674 5602 perspeximus
2697 5535 2996 5597 contineri;
3047 5531 3170 5602 quia
3212 5538 3390 5582 tamen
3433 5538 3555 5598 post

1975 5598 2155 5672 aliqua
2189 5598 2442 5668 tempora
2463 5619 2558 5672 per
2601 5603 2864 5656 incuriam
2911 5612 2964 5655 et
3009 5598 3311 5672 neglectum
3363 5614 3550 5672 eorum

1977 5669 2088 5742 ipsa
2115 5673 2346 5727 ecclesia
2377 5669 2796 5728 destructionem
2843 5681 2896 5725 et
2942 5669 3326 5725 desolationem
3364 5670 3550 5742 incur-

1977 5740 2074 5812 rit;
2113 5745 2327 5817 quidam
2359 5745 2812 5812 prtedecessorum
2841 5749 3146 5797 nostrorum
3171 5756 3290 5796 eam
3325 5740 3560 5799 diversis
