3990 6458
485 411 548 469 si
1511 417 1830 472 corruant
1865 417 2157 473 saevus
2202 418 2723 477 VINDOCINENSIS
3696 394 3763 472 se

482 530 778 604 justitiam.
814 530 1041 603 Dignum
1083 531 1214 586 satis
1248 539 1301 584 ct
1337 529 1546 599 justum
1589 543 1768 596 esset,
1801 534 1846 587 si
1881 535 2086 588 discre—
2116 547 2158 598 λ
2190 537 2306 590 nire
2343 547 2582 608 paratus.
2639 534 2762 589 llaec
2803 530 3075 586 humilitas
3104 545 3220 583 mea
3248 544 3346 581 suo
3373 527 3763 599 praceordialisv

489 621 619 676 tiuni
665 631 860 676 vestrae
892 623 1185 686 videretur,
1238 631 1294 674 ut
1331 622 1472 691 quod
1517 634 1826 678 Sanctorum
1873 626 2078 693 praede-

489 726 770 767 cessorum
810 722 1134 775 vestrorum,
1173 711 1466 766 Alexandri
1500 713 1721 768 secundi
1751 714 1999 769 videlicet
2025 724 2080 769 ct

490 802 736 872 Gregorii
768 803 984 871 septimi
1012 804 1339 858 auctoritate
1381 805 1538 860 nobis
1572 806 1830 860 donatum
1861 816 1977 869 est,
2024 816 2081 860 et

489 891 593 948 sub
615 908 802 948 eorum
833 893 1179 946 anathemate
1208 892 1502 957 ﬁrmatum,
1527 904 1583 951 et
1603 905 1787 965 postea
1819 911 1918 965 pro
1947 895 2080 948 lide-

491 986 647 1042 litate
676 986 934 1040 Romanae
967 985 1221 1040 Ecclesiae
1265 1003 1294 1039 a
1335 986 1624 1043 Guitherto
1651 989 1905 1045 haeretico
1934 988 2086 1042 abta-

492 1088 606 1131 tum
645 1077 883 1144 exstitit,
931 1093 959 1131 a
990 1076 1233 1132 Romana
1274 1077 1515 1134 Ecclesia
1549 1080 1707 1135 nobis
1745 1080 2084 1142 redderetur,

491 1183 613 1239 qua:
644 1166 785 1223 mala
824 1184 925 1239 pro
955 1169 1112 1225 bonis
1137 1170 1366 1225 reddere
1393 1185 1499 1226 non
1526 1172 1827 1227 consuevit.
1859 1170 1985 1226 Haec
2005 1180 2093 1225 est

493 1260 638 1313 enim
668 1260 955 1314 retributio
977 1276 1138 1331 quam
1171 1261 1310 1315 Deus
1337 1276 1441 1315 non
1482 1262 1701 1325 docuit,
1753 1276 1850 1315 nec
1895 1261 1954 1315 Β.
1991 1259 2089 1315 Pe-

495 1361 612 1405 trus
654 1355 892 1422 agnovit.
946 1352 1020 1408 De
1045 1351 1334 1407 Guitberto
1364 1353 1582 1423 quidem
1616 1369 1701 1410 me
1727 1355 1934 1423 Optime
1971 1353 2094 1406 viu-

495 1443 708 1509 dicavi;
737 1445 860 1514 quia
886 1455 1008 1513 post
1043 1446 1213 1500 beatae
1250 1446 1527 1501 memoriae
1558 1461 1751 1515 papam
1781 1445 2089 1511 Urbanum,

498 1547 547 1589 et
583 1538 912 1607 praecipuum
942 1548 1144 1593 sanctae
1173 1537 1432 1592 Romanam
1471 1539 1725 1593 Ecclesiae
1753 1538 1954 1604 ﬁlium,
1994 1538 2097 1594 Pe-

499 1637 641 1682 trum
671 1628 871 1684 Leonis
899 1629 1039 1700 (38),
1069 1629 1117 1683 ei
1150 1628 1372 1683 abstulit
1400 1628 1765 1685 Lateranense
1803 1630 2089 1699 palatium.

498 1718 692 1775 Valeat
728 1721 980 1778 dominus
1008 1737 1147 1792 papa
1175 1732 1229 1777 et
1256 1723 1464 1793 vigeat;
1497 1732 1553 1777 et
1583 1724 1674 1793 qui
1703 1737 1824 1779 eoin
1849 1723 1983 1789 edit,
2014 1723 2096 1777 vel

499 1812 716 1883 decipit,
745 1814 1119 1878 convincatur,
1145 1828 1211 1869 ne
1235 1822 1441 1883 pereat.

1011 1902 1120 1976 24
1143 1900 1478 1961 EPISTOLA
1509 1903 1576 1957 Χ.

502 1991 849 2047 Dilectissimo
878 1991 1089 2047 domino
1115 2010 1211 2046 suo
1226 1993 1511 2047 universali
1541 2010 1692 2065 papa!
1716 1994 1950 2059 Calixlo,
1975 1996 2088 2059 fra-

568 2095 651 2139 ter
669 2082 942 2154 Co/fridus
989 2102 1115 2139 suus
1168 2084 1429 2156 quidquid
1472 2095 1569 2150 est,
1613 2086 1869 2156 quidquid
1897 2096 2086 2156 potest,

567 2172 822 2246 quidquid
860 2175 998 2243 sapit
1027 2184 1077 2229 et
1100 2175 1274 2228 habet.

571 2265 627 2321 In
658 2266 871 2337 primis.
902 2267 1214 2321 dulcissime
1262 2264 1443 2333 Pater,
1492 2282 1591 2336 pro
1633 2266 1901 2323 universis
1931 2268 2093 2322 henc-

502 2357 642 2412 iiciis
667 2359 863 2413 vestris
890 2357 1214 2428 multiplices
1241 2368 1422 2429 grates
1462 2369 1514 2415 ct
1537 2361 1741 2429 gratias
1782 2362 1886 2432 agit
1936 2360 2089 2415 beni-

506 2464 628 2518 gnae
654 2447 970 2517 pateruitati
1016 2458 1208 2503 vestrae
1237 2448 1455 2503 humilis
1497 2464 1689 2507 servus
1738 2460 1936 2504 vester.
1968 2451 2094 2505 Mihi

503 2538 722 2610 quidem
755 2557 912 2596 servo
958 2558 1056 2596 suo
1098 2542 1355 2613 praecepit
1382 2552 1561 2596 vestra
1598 2544 1832 2607 dilectio,
1867 2556 1922 2596 ut
1954 2544 2094 2598 infra

504 2633 588 2688 vel
628 2634 772 2693 circa
800 2633 1071 2692 abbatiam
1105 2644 1345 2693 nostram
1374 2645 1779 2706 exspectarem,
1807 2638 1979 2697 donec
2012 2637 2093 2688 vi-

507 2730 699 2787 derem,
717 2728 961 2788 nuntium
988 2737 1249 2791 vestrum,
1274 2729 1343 2783 ad
1368 2743 1464 2783 vos
1492 2729 1676 2783 venire
1703 2739 1942 2799 paratus,
1972 2730 2095 2798 quia

508 2824 577 2878 de
603 2819 1115 2883 charochariorem,
1162 2829 1213 2874 et
1268 2821 1334 2876 de
1381 2819 1633 2877 familiari
1691 2820 2094 2875 familiai-iorem

510 2928 598 2968 me
620 2912 1135 2981 faceredisponchat
1164 2920 1338 2970 vestra
1373 2920 1558 2965 sancta
1585 2922 1637 2964 et
1660 2910 1871 2965 sincera
1919 2912 2098 2972 inten-

510 3014 606 3059 ιθ.
639 3002 969 3063 Charissime
1000 3002 1235 3067 domine,
1277 3002 1597 3058 obedientian
1634 3015 1826 3057 vestrae
1881 3004 2096 3057 servavi

513 3094 869 3152 mandatum:
902 3094 1211 3164 exspectavi
1262 3102 1317 3149 et
1345 3093 1521 3149 adhuc
1564 3105 1821 3165 exspecto
1870 3097 2101 3164 prornis-

513 3204 653 3241 sunt.
672 3186 824 3257 Quod
841 3189 882 3241 si
910 3185 1181 3243 oblivione
1210 3184 1290 3241 vel
1315 3185 1493 3256 aliqua
1527 3185 1854 3241 necessitate
1878 3188 2094 3241 exstitit

2183 628 2321 679 siuio
2349 629 2568 682 domino
2620 625 2862 693 scripsit,
2891 632 2945 676 et
2980 620 3027 675 si
3072 619 3203 689 quid
3257 618 3364 688 25
3412 618 3591 673 minus
3631 619 3771 673 serio-

2184 727 2335 788 ptum
2366 727 2472 781 est,
2505 733 2629 771 cum
2660 728 2898 785 praesens
2926 712 3109 775 fuerit,
3161 724 3267 764 non
3306 709 3523 763 tacebit.
3581 706 3773 765 Valeat

2186 809 2608 880 benignissimus
2634 807 2884 861 domiims
2915 814 3102 860 noster
3131 817 3362 871 semper,
3390 810 3445 855 et
3472 801 3686 870 vigeat;
3718 811 3773 856 ct

2188 903 2367 956 omnis
2393 902 2508 971 ejus
2537 899 2790 955 inimicus
2820 907 2912 952 aut
2941 905 3311 960 convertatur,
3339 904 3432 948 aut
3458 900 3665 965 pereat.

2749 988 3082 1047 EPISTOLA
3109 988 3201 1044 XI.

2192 1086 2510 1141 Dulcissimo
2537 1086 2676 1156 patri
2708 1102 2821 1147 suo,
2848 1094 2897 1138 et
2949 1082 3259 1137 charissima
3313 1081 3526 1135 domino
3563 1078 3771 1132 univer-

2262 1176 2361 1231 sali
2388 1192 2538 1245 papa:
2562 1175 2769 1229 Calixto
2791 1175 2958 1246 frater
2976 1171 3270 1243 fio/frictus,
3288 1172 3427 1241 quod
3448 1172 3589 1240 patri
3608 1169 3769 1239 ﬁlius,

2261 1267 2400 1337 quod
2430 1267 2642 1319 domino
2664 1281 2861 1319 servus.

2264 1358 2479 1428 Loquar
2507 1358 2571 1412 ad
2595 1358 2870 1413 dominum
2895 1373 3097 1421 meum,
3118 1356 3365 1426 quamvis
3389 1369 3493 1408 non
3523 1370 3624 1408 sum
3656 1370 3764 1406 om-

2196 1449 2323 1503 nino
2346 1448 2493 1503 utilis
2521 1462 2728 1512 servus,
2753 1447 2847 1501 sed
2881 1457 3058 1501 tamen
3105 1446 3296 1501 ﬁdelis.
3325 1444 3542 1515 Loquar
3586 1442 3652 1497 ad
3683 1459 3775 1512 pa-

2196 1551 2334 1595 trem
2360 1554 2562 1606 meum,
2587 1554 2747 1608 quem
2778 1550 2890 1593 toto
2910 1538 3093 1603 corde,
3120 1545 3228 1591 tota
3271 1536 3475 1598 anima,
3509 1543 3619 1587 tota
3670 1532 3773 1586 vir-

2198 1639 2311 1686 tute
2339 1631 2525 1695 dilexi;
2566 1640 2619 1685 ct
2646 1631 2894 1701 probatio
2944 1645 3077 1683 mea:
3112 1627 3415 1683 dilectionis
3461 1626 3562 1680 fuit
3610 1641 3769 1695 quoat-

2197 1718 2605 1774 damexhibitio
2652 1720 2853 1790 cperis.
2887 1718 3029 1773 Nihil
3072 1719 3217 1772 aliud
3260 1718 3457 1781 dicam,
3505 1716 3605 1770 nisi
3635 1715 3775 1786 quod

2200 1813 2378 1869 divina
2403 1812 2679 1883 Scriptura
2714 1812 2856 1883 loqui
2891 1828 2977 1867 me
3003 1812 3204 1866 docuit.
3241 1811 3389 1882 Apud
3418 1810 3534 1865 Noe
3562 1811 3705 1879 pium
3726 1819 3780 1863 et

2120 1901 2164 1961 Β
2186 1907 2393 1976 justum
2430 1905 2819 1974 patriarcham,
2854 1920 2955 1959 nec
2985 1903 3178 1974 Japhct
3211 1903 3380 1975 patris
3407 1913 3621 1957 amator
3658 1919 3773 1973 pcr-

2194 2000 2343 2064 dere,
2391 2013 2489 2051 ncc
2537 1996 2705 2051 Cham
2762 1998 2932 2067 patris
2966 1997 3253 2068 derogator
3281 1996 3558 2067 percipere
3611 1995 3782 2066 patris

2194 2088 2621 2142 benedictionem
2664 2088 3001 2156 promeruit:
3034 2088 3268 2141 maxime
3315 2087 3486 2141 Cham
3538 2085 3646 2147 ille,
3686 2082 3779 2153 qui

2196 2194 2301 2232 non
2326 2177 2499 2232 solum
2524 2176 2694 2247 patris
2718 2177 2966 2247 pudemla
2991 2177 3214 2241 detexit,
3242 2191 3428 2230 veraun
3468 2174 3631 2229 etiam
3661 2188 3782 2243 qua:

2198 2270 2250 2324 in
2283 2278 2439 2340 patre
2480 2283 2587 2323 non
2640 2276 2800 2324 erant
2844 2268 3095 2339 pudenda
3151 2266 3324 2334 ﬁnxit,
3370 2276 3426 2321 et
3470 2264 3781 2335 publicavit.

2198 2358 2353 2415 Unde
2378 2358 2684 2415 nullatenus
2716 2358 2919 2423 dubito,
2951 2360 3059 2413 imo
3083 2356 3403 2412 ﬁducialiter
3427 2355 3610 2420 credo,
3638 2352 3784 2422 quod

2198 2466 2299 2506 nec
2327 2466 2557 2507 censura
2600 2451 2847 2522 justitiae,
2901 2463 3000 2503 nec
3020 2448 3141 2519 jura
3188 2457 3415 2512 naturae,
3470 2463 3570 2502 nec
3596 2447 3787 2499 vincu-

2200 2542 2309 2598 lum
2334 2545 2572 2614 antiquae
2594 2543 2920 2604 dilectionis.
2948 2558 3046 2597 uec
3068 2541 3267 2597 veritas
3283 2540 3589 2610 apostolicae
3613 2539 3787 2607 digni.

2203 2634 2329 2690 tatis
2358 2635 2556 2695 amica.
2584 2649 2671 2689 me
2705 2634 2908 2690 diutius
2938 2631 3176 2692 fraudari
3202 2630 3475 2701 patientur
3520 2630 3784 2699 pretttissa

2201 2728 2333 2783 Inibi
2361 2728 2532 2797 patris
2562 2727 2953 2782 benedictione.
2980 2725 3096 2780 Scit
3116 2726 3260 2780 enim
3291 2724 3412 2793 pius
3440 2723 3626 2787 Pater,
3653 2722 3782 2791 quid

2202 2819 2354 2884 mihi,
2385 2819 2510 2875 licet
2538 2818 2756 2888 indigno
2778 2819 2908 2882 ﬁlio,
2939 2817 3273 2887 promiserit;
3307 2814 3434 2884 quid
3470 2814 3599 2868 mihi
3631 2822 3786 2883 post-

2202 2927 2264 2968 ca
2295 2913 2491 2967 litteris
2540 2910 2847 2980 apostolicae
2889 2909 3130 2963 veritatis
3167 2907 3571 2978 signiﬁcaverit.
3598 2904 3790 2967 Faciat

2203 3002 2321 3080 26,
2340 3002 2506 3074 igitur
2538 3000 2697 3055 Pater
2742 3000 2949 3065 bonus;
2979 3013 3045 3053 ne
3089 2997 3257 3053 facies
3287 2998 3400 3063 ﬁlii,
3439 2997 3530 3067 qui
3567 2996 3787 3051 Patrem

2204 3110 2419 3167 semper
2444 3094 2650 3159 dilexit,
2682 3094 2750 3148 de
2772 3108 2876 3147 non
2912 3091 3177 3160 completa
3209 3090 3387 3144 Patris
3413 3089 3780 3158 promissione

2206 3191 2519 3247 erubescat'
2554 3205 2622 3245 ne
2646 3187 2733 3243 ille
2759 3186 2849 3256 qui
2891 3186 3080 3255 iniquo
3135 3184 3259 3240 odio
3306 3197 3522 3253 semper
3565 3181 3788 3239 habebit

512 3280 911 3351 prolongatum,
933 3293 987 3334 et
1035 3289 1214 3334 tamen
1255 3281 1495 3334 trauulari
1538 3280 1781 3351 qualibet
1816 3282 2103 3343 occasione
2130 3255 2171 3311 δ
2208 3294 2514 3353 utrmnque,
2539 3280 2606 3336 de
2628 3277 2952 3335 contumelia
2982 3277 3128 3332 Patri
3154 3276 3391 3347 irrogata
3424 3290 3484 3330 se
3510 3272 3628 3343 ejus
3650 3290 3784 3347 gra-

515 3389 618 3426 nou
647 3382 853 3441 potero.
884 3371 1023 3425 Sunt
1049 3372 1246 3426 ctenim
1283 3373 1381 3427 tria
1410 3373 1664 3438 maxime,
1701 3387 1820 3442 qua:
1862 3375 1929 3427 de
1975 3390 2097 3444 gra-

517 3465 672 3520 tuitae-
694 3464 949 3519 bonitatis
972 3474 1166 3519 vestite
1196 3465 1479 3535 promissis
1527 3482 1613 3521 me
1638 3466 1929 3536 desperare
1958 3467 2100 3521 nulla

516 3556 726 3615 ratione
754 3557 1069 3630 permittant
1105 3576 1124 3612 :.
1166 3558 1420 3617 nobilitas
1472 3559 1681 3615 scilicet
1725 3560 1938 3629 generis
1967 3558 2100 3629 (59),

519 3648 722 3702 veritas
747 3648 1056 3718 apes-tolles:
1077 3649 1355 3719 dignitatis
1384 3649 1582 3715 amica,
1611 3661 1667 3705 et
1702 3649 1939 3719 antiquae
1986 3650 2105 3703 vin-

518 3739 1039 3799 culumdilectionis.
1067 3739 1261 3797 lubeat
1288 3740 1450 3811 igitur
1475 3741 1648 3795 bonus
1678 3740 1927 3795 dominus
1952 3754 2104 3795 meus

521 3848 609 3887 inc
638 3833 822 3893 venire
846 3833 912 3889 ad
942 3848 1018 3895 se,
1050 3833 1191 3903 quod
1218 3847 1316 3888 suo
1354 3846 1534 3896 servo,
1556 3831 1683 3886 licet
1708 3832 1947 3902 indigno,
1980 3847 2107 3901 pro-

519 3922 692 3987 misit,
739 3931 791 3977 et
822 3922 1040 3993 scripsit
1068 3922 1333 3977 facturus.
1370 3921 1483 3992 Ego
1513 3931 1715 3983 autem.
1754 3922 1800 3977 si
1850 3921 1964 3993 ipse
1989 3924 2104 3994 jus-

520 4013 678 4077 serit,
700 4012 916 4071 quando
935 4022 989 4068 et
1018 4012 1291 4086 quomodo
1312 4012 1557 4081 jusserit,
1585 4028 1704 4068 sum
1729 4012 1796 4067 ad
1840 4028 1965 4068 eum
2008 4029 2102 4068 ve-

522 4149 861 4219 iemposihus
880 4150 1108 4221 diversis
1146 4148 1510 4206 cardiualibns
1545 4149 1927 4221 assignarunt,
1973 4165 2109 4219 quos

522 4225 591 4274 ad
616 4221 826 4277 titulum
853 4219 1094 4289 ejusdem
1122 4221 1364 4276 ecclesiae
1396 4219 1802 4290 promoverunt.
1843 4220 1952 4274 Nos
1983 4236 2109 4275 vero

526 4305 619 4345 tuo
648 4292 888 4345 volentes
919 4290 1107 4344 honori
1141 4291 1384 4355 deferre,
1427 4292 1493 4345 de
1527 4302 1783 4345 consueta
1812 4291 1957 4346 sedis
1977 4305 2110 4359 apo-

523 4361 734 4417 stolicae
750 4360 1085 4431 benignitate
1104 4361 1477 4424 concedimus,
1504 4370 1561 4412 ut
1584 4362 1922 4431 dignitatem,
1946 4375 2107 4427 quam

523 4430 896 4488 antecessores
927 4432 1000 4483 tui
1033 4446 1100 4484 es
1130 4431 1482 4485 concessione
1513 4431 1680 4497 ipsius
1709 4430 1957 4484 ecclesiae
1983 4438 2112 4485 sunt

523 4503 724 4574 adepti,
758 4511 811 4555 tu
843 4512 899 4556 et
944 4515 1286 4574 successores
1333 4500 1408 4553 tui
1455 4500 1801 4574 nihilominus
1845 4499 2108 4574 habeatis.

524 4569 901 4628 Sani-laborum
932 4586 1121 4631 nstun,
1163 4571 1356 4624 tunicae
1382 4578 1437 4624 et
1465 4569 1797 4632 daliuaticae,
1843 4570 2019 4623 mitrae
2057 4579 2113 4623 et

524 4643 730 4708 aumuli,
759 4643 899 4696 sicut
922 4643 1003 4694 eis
1029 4643 1325 4711 presbyteri
1349 4639 1652 4711 cardinales
1681 4648 1925 4711 utuntur,
1954 4638 2107 4695 vobis

523 4716 580 4769 in
628 4722 942 4783 perpetuum
982 4708 1302 4783 auctoritate
1352 4708 1649 4783 apostolica
1687 4708 2103 4783 conﬁrmamus,

524 4778 805 4854 ipsamque
823 4780 881 4835 Β.
900 4781 1097 4854 PriScae
1108 4780 1395 4854 ecclesiam
1430 4778 1809 4854 Vindocinensi
1835 4790 2109 4854 nionasle-

528 4850 610 4909 rio
639 4850 947 4923 de'speeiali
978 4852 1151 4923 gratia
1188 4851 1560 4905 restituimus:
1596 4850 1697 4904 hoc
1721 4850 1967 4905 adhibito
1989 4867 2106 4907 iuo-

523 4924 836 4985 i.eramine,
892 4930 952 4977 ut
995 4925 1038 4976 si
1092 4924 1228 4975 l'orte
1274 4938 1371 4975 nos
1405 4934 1500 4974 aut
1555 4933 1899 4976 successores
1938 4924 2106 4977 nostri

526 4995 874 5064 presbyteros
909 4992 1212 5047 cardinales
1253 4991 1481 5064 adgejus
1528 4990 1743 5045 titulum
1793 4991 2109 5047 duxerimus

523 5062 942 5134 promovendos,
979 5080 1079 5134 pro
1112 5078 1175 5116 ea
1207 5062 1442 5134 maxime
1469 5076 1634 5134 causa
1667 5072 1725 5134 ut
1751 5076 1914 5131 super
1938 5064 2107 5118 altare

525 5132 586 5188 Β.
617 5133 760 5189 Petri
807 5132 1125 5189 consuetum
1155 5144 1318 5201 agant
1343 5132 1576 5186 olliciuin
1598 5173 1614 5197 ,
1653 5132 1795 5187 sicut
1839 5149 1868 5186 a
1901 5134 2107 5189 sanctis

524 5204 775 5260 l’atribus
800 5204 1025 5274 provida
1053 5204 1154 5260 fuit
1183 5203 1571 5260 deliberatione
1592 5210 1876 5267 statutum,
1905 5204 1959 5259 hi
1987 5206 2109 5273 qui.-

523 5276 634 5345 hus
655 5292 751 5345 pro
781 5287 1022 5345 tempore
1048 5289 1233 5329 curam
1279 5283 1336 5327 et
1371 5274 1898 5345 adininistrationem
1938 5274 2107 5344 ipsius

521 5343 770 5400 ecclesiae
796 5343 1208 5407 commiserJis,
1245 5345 1448 5399 eisdem
1475 5343 1842 5399 cardinalihus
1871 5343 2105 5400 debitam

523 5415 840 5486 impendant
867 5413 1229 5486 obedietuiatn
1282 5415 1538 5486 humilem
1583 5424 1641 5469 et
1686 5414 1956 5486 devotam.
2004 5415 2105 5486 Qui

522 5483 777 5541 videlicet
804 5485 1107 5540 cardinales
1132 5486 1198 5538 de
1219 5484 1565 5556 proventibus
1590 5484 1836 5541 ecclesiae
1866 5483 2105 5553 ejusdem

524 5556 831 5626 percipiant
871 5565 1120 5624 quartam
1152 5566 1361 5624 partem
1395 5574 1407 5609 :
1441 5571 1536 5610 vos
1564 5568 1743 5611 autem
1769 5556 1836 5611 de
1868 5558 1978 5626 ipsa
2017 5572 2106 5611 ec-

525 5624 693 5679 clesia
719 5626 920 5708 geratis
949 5625 1702 5708 sollicitari;iueurdiligeptem
1720 5666 1737 5691 ,
1783 5643 1851 5682 ne
2013 5640 2104 5679 ve-

527 5707 699 5767 stram
728 5696 992 5767 incuriam
1027 5698 1079 5750 in
1110 5696 1526 5751 sollicitudinem
1562 5699 1753 5752 itertun
1797 5698 2101 5767 redigatur;

528 5765 656 5837 quia
704 5766 1038 5837 privilegium
1084 5776 1322 5837 uteretur
1368 5767 1653 5830 amittere,
1694 5768 1783 5837 qui
1843 5765 2103 5837 permissa

531 5835 770 5893 abiit'tur
811 5835 1093 5894 Detestaae.
1139 5858 1154 5888 ι
1201 5836 1472 5893 Hactenus
1522 5835 1880 5899 liinocciuius.
1921 5836 1993 5891 his
2040 5852 2104 5889 eo

2209 3376 2337 3429 tiam
2361 3373 2609 3443 adeptum
2634 3368 2911 3442 glorietur,
2936 3379 2993 3424 et
3015 3368 3080 3422 de
3107 3366 3199 3422 ﬁlii
3224 3366 3437 3437 repulsa
3464 3365 3782 3437 adgaudeat.

2207 3463 2474 3519 Ascendat
2495 3462 2548 3515 in
2579 3469 2809 3515 mentem
2840 3458 3065 3530 piissimi
3095 3458 3273 3513 Patris
3301 3468 3358 3512 et
3391 3457 3617 3521 domini,
3647 3465 3705 3511 et
3729 3457 3781 3510 in

2208 3555 2466 3613 memoria
2510 3553 2677 3608 ﬁxum
2715 3560 2917 3616 teneat,
2965 3559 3228 3621 quantum
3278 3548 3450 3612 ilhun,
3494 3560 3785 3618 antequam

2209 3646 2500 3710 uovissem,
2522 3644 2722 3708 dilexi;
2747 3658 2908 3713 quam
2931 3642 3122 3699 devote
3143 3640 3215 3704 ei,
3240 3648 3529 3708 antequam
3561 3637 3784 3693 charam

2206 3741 2323 3811 ejus
2347 3738 2540 3794 faciem
2586 3736 2864 3800 vidissem,
2917 3733 3136 3789 servivi.
3188 3731 3300 3803 Ego
3336 3746 3479 3797 sum,
3527 3743 3626 3803 ego
3670 3742 3787 3782 sum

2208 3833 2323 3898 ille,
2354 3831 2445 3902 qui
2507 3830 2844 3886 Armannum
2890 3826 3218 3883 monachum
3251 3823 3490 3883 .missum
3520 3823 3587 3875 ab
3617 3835 3687 3876 eo
3724 3819 3787 3874 ad

2209 3930 2484 3986 dominum
2506 3942 2699 4000 papam
2718 3924 2998 3983 Urbanum
3023 3921 3320 3978 honoriﬁce
3349 3935 3447 3991 pro
3465 3918 3580 3989 ejus
3601 3929 3789 3973 amone

2208 4023 2452 4094 suscepi;
2482 4029 2538 4077 et
2572 4020 2662 4090 qui
2694 4019 2834 4089 apud
2860 4016 3136 4072 dominum
3162 4029 3377 4085 papam,
3400 4013 3490 4082 qui
3518 4026 3605 4067 me
3630 4012 3786 4084 quasi

2214 4158 2412 4211 factum
2454 4162 2538 4209 est
2580 4163 2639 4207 ut
2688 4150 2886 4220 gemini
2933 4150 3188 4218 deinceps
3256 4146 3458 4220 fuerint
3500 4143 3793 4220 B._Priscae

2212 4225 2543 4288 cardinales;
2596 4216 3013 4282 alii'ordinarii,
3048 4216 3184 4289 quos
3222 4218 3504 4289 pontiﬁces
3544 4216 3793 4289 designa—

2213 4300 2373 4372 haut;
2398 4294 2491 4372 alii
2523 4286 2677 4372 extra
2712 4290 2964 4372 ordinem
2974 4286 3233 4372 perpetui
3260 4303 3326 4343 ac
3345 4286 3497 4372 velut
3514 4288 3795 4372 patinae-

2212 4356 2370 4423 hates
2398 4362 2824 4419 Vindociuenses
2866 4379 2879 4414 :
2932 4356 3005 4414 illi
3050 4356 3274 4415 munere
3307 4368 3362 4414 et
3390 4358 3596 4420 cilicio,
3635 4357 3692 4410 hi
3734 4356 3794 4408 ti-

2215 4436 2325 4492 tulo
2355 4447 2510 4490 tenus
2544 4444 2598 4487 et
2642 4432 2922 4502 dignitate.
2969 4429 3139 4502 Hodie
3183 4444 3313 4485 vero
3351 4444 3450 4483 nec
3495 4427 3553 4481 Β.
3593 4426 3793 4481 Priscae

2215 4506 2496 4563 ecclesiam
2546 4501 2782 4558 retinent
2829 4517 2929 4557 nec
2975 4501 3345 4572 dignitatem;
3394 4513 3561 4572 quam
3614 4506 3793 4572 tamen

2215 4574 2645 4632 Constantiensis
2691 4573 2904 4630 concilii
2949 4568 3193 4643 tempore
3245 4571 3421 4624 adhuc
3466 4568 3792 4624 retinebant.

2216 4648 2309 4704 Hae
2333 4662 2512 4702 rerum
2542 4645 2708 4700 vices.

2289 4718 2399 4788 (38)
2424 4714 2645 4788 Petrum
2670 4714 2879 4788 leonis.
2923 4712 3257 4788 Praiclpuum
3301 4712 3401 4788 hoc
3447 4708 3648 4788 sarculo
3688 4707 3794 4788 Ro-

2216 4778 2393 4845 manae
2420 4786 2674 4843 Ecclesia:
2710 4785 3060 4859 columeu__et
3095 4778 3280 4837 'decus
3334 4778 3794 4859 Ιξειςυεηιιειιιιίε.

2216 4860 2587 4915 Romanorum
2612 4857 2854 4913 omnium
2879 4856 3071 4925 apibus
3093 4863 3147 4907 et
3168 4852 3402 4925 potentia
3444 4850 3600 4925 facile
3650 4850 3799 4925 prin-

2220 4931 2382 5001 ceps';
2412 4944 2511 4985 nec
2537 4928 2709 5001 solum
2744 4918 3240 5001 sub_U'rbano._scd
3271 4930 3458 5001 postea
3491 4918 3662 4975 etiam
3698 4918 3797 5001 sub

2223 4992 2499 5063 Paschali;
2556 4996 2897 5070 cujuspacis
2943 5011 3063 5048 cum
3123 4993 3351 5047 lieurico
3395 4992 3684 5070 i.terpres,
3723 4997 3797 5070 ,ιιι

2220 5062 3037 5142 Βοόιξειιἱιιιιειλιξιξλιιιίἴδει-ἰΙ)ιιιι.ιἲ
3059 5075 3220 5133 atque
3251 5072 3439 5142 auctqr
3457 5062 3603 5142 iuit;
3642 5062 3798 5142 quin-

2217 5143 2384 5198 etiam
2409 5134 2509 5196 Sub
2536 5139 2781 5202 Callisto,
2810 5147 2867 5191 ut
2887 5135 3080 5191 estlih.
3114 5132 3167 5193 ν,
3192 5135 3349 5203 epist.
3381 5132 3432 5203 ξ’».
3457 5134 3504 5187 Is
3523 5142 3607 5187 cst
3644 5132 3798 5196 cujais

2219 5221 2390 5268 restat
2416 5210 2806 5281 sepulcrumgin
2835 5209 2975 5281 atrio
3020 5202 3256 5281 basilicae
3379 5202 3648 5281 Pauliﬁia
3693 5202 3795 5281 0s-

2218 5283 2376 5338 tiensi
2402 5271 2523 5337 cuiu
2549 5279 2848 5358 epitaphio,
2870 5278 3023 5348 cujus
3048 5273 3370 5331 acrostichis
3409 5271 3556 5327 Petri
3605 5272 3796 5327 Leonis

2218 5367 2413 5407 nomen
2446 5359 2615 5404 notat.

2288 5422 2401 5492 ('59)
2445 5418 2706 5492 Nobilitas
2725 5418 2949 5492 generis.
2976 5414 3798 5492 Guidonienimharchiepiscopo

2213 5483 2531 5555 Viennensi,
2560 5490 2649 5560 qui
2684 5483 2745 5542 in
2768 5488 3040 5560 pontiticia
3053 5487 3328 5560 dignitate
3357 5486 3610 5560 Callistus
3630 5483 3669 5537 il
3705 5499 3793 5551 ap-

2213 5562 2447 5631 pellatus
2478 5557 2593 5624 est,
2615 5557 2779 5630 pater
2796 5558 2898 5631 fuit
2923 5557 3242 5631 Guilletmus
3278 5571 3462 5631 comes
3508 5557 3796 5631 Sequano-

2214 5625 2331 5687 rum
2362 5643 2553 5701 genus,
2585 5625 2643 5685 ιιί
2681 5644 2805 5683 cum
2834 5627 3087 5701 Sugcrio,
3118 5628 3170 5680 in
3192 5626 3457 5701 Ludovici
3501 5628 3645 5701 regis
3681 5625 3798 5701 vita

2213 5697 2423 5771 lnqua'r,
2475 5700 2772 5771 iinperialis
2813 5709 2867 5751 et
2923 5697 3081 5768 regiae
3124 5697 3457 5753 celsitudinis
3506 5697 3798 5751 dei'ivotiva

2212 5771 2675 5861 consanguinitate
2707 5771 2931 5823 clarum.
