3990 6456
452 375 542 431 35
1480 386 1790 443 ϐίΠ-ἘΒΙΒΙ
1826 390 2127 447 ABBATlS
2160 392 2680 453 VlNDOClN‘l‘INSlS
3678 410 3745 463 εισ

472 484 594 523 cam
631 468 873 541 quoﬁbet
900 471 1118 546 ingenio
1142 492 1474 547 comparatu,
1511 478 1595 532 vel
1623 479 1699 535 de
1736 497 1897 537 ntanu
1933 483 2061 539 laici
2083 494 2128 548 Α

472 560 654 629 occepi
684 578 705 614 ς
729 562 881 631 quod.
908 565 1117 623 utinam
1152 577 1340 622 nostro
1367 569 1619 639 exemplo
1661 572 1897 629 vitarent
1939 575 2051 629 alii.

487 654 739 722 l'empore
766 655 1223 724 praedecessorum
1252 669 1560 716 nostrorum
1596 663 1837 720 ltomana
1868 666 2059 723 Eccle-

469 741 573 809 sia,
601 741 683 797 vel
711 744 953 800 debitum
976 763 1223 813 censum,
1255 748 1541 806 duodecim
1591 754 1803 811 scilicet
1827 758 2053 824 solidos,

467 848 565 901 per
587 849 786 888 annum
817 838 902 888 vix
929 834 1054 891 inde
1082 838 1281 894 habere
1303 844 1501 907 potuit.
1530 844 1687 912 Quod
1708 863 1810 902 non
1835 858 2057 919 propter

466 924 811 992 jact'autiam,
841 924 936 979 sed
959 938 1182 997 propter
1228 930 1524 1001 gratiarum
1585 938 1858 994 actionem
1909 940 2059 1007 dico,

468 1014 521 1064 in
552 1011 833 1066 servitium
861 1011 1119 1070 [tertianae
1140 1018 1418 1089 Ecclesiae,
1449 1038 1555 1079 non
1587 1026 1829 1095 qualibet
1866 1040 2055 1085 nostra

465 1103 808 1169 necessitate,
837 1105 932 1160 sed
958 1106 1069 1162 sola
1095 1109 1383 1167 dilectione
1416 1115 1647 1185 amplius
1698 1133 1861 1188 quam
1918 1119 2053 1175 dno-

464 1194 638 1249 decim
669 1195 833 1252 millia
860 1197 1154 1255 solidorum
1186 1212 1314 1258 ante
1367 1218 1460 1259 vos
1490 1217 1546 1262 et
1584 1208 1636 1262 in
1693 1218 1934 1281 tetnpore
1960 1228 2055 1266 ve-

461 1297 595 1348 stro,
622 1289 767 1356 quod
791 1288 959 1345 valuit
983 1301 1201 1347 centum
1224 1309 1437 1352 marcas
1459 1299 1692 1370 argenti,
1709 1311 1894 1356 nostra
1924 1319 2055 1374 pau-

462 1386 646 1446 pertas
674 1383 948 1448 expendit.
986 1381 1125 1437 llinc
1151 1382 1315 1455 igitur
1340 1388 1471 1444 mihi
1516 1391 1757 1451 ,retribui
1807 1393 2054 1449 desidero

463 1474 601 1522 bona
624 1470 1127 1541 probonis:quam
1176 1477 1592 1534 retributionem
1627 1482 1877 1537 Christus
1924 1485 2054 1539 bea-

464 1564 782 1618 tumdocnit
807 1563 1058 1630 Petrum;
1101 1576 1156 1622 et
1184 1567 1247 1623 Β.
1278 1569 1473 1627 Petrus
1519 1584 1640 1644 post
1688 1577 1860 1645 ipsum
1913 1578 2051 1634 bene

462 1651 755 1706 intendam
779 1654 939 1709 docet
962 1663 1016 1708 et
1038 1656 1305 1727 prtccipit.

922 1743 1033 1817 30
1070 1745 1408 1805 El’leOLA
1449 1750 1585 1808 xw.

465 1826 817 1890 Difeclisstmo
839 1837 1051 1891 domino
1078 1842 1364 1895 universali
1388 1861 1542 1915 papw
1575 1845 1835 1916 Honorio,
1883 1856 2049 1921 [ναῖεν
2081 1853 2122 1911 Β

529 1923 824 1996 Go/fridus,
845 1929 984 1998 quod
1001 1930 1150 1999 patri
1169 1932 1338 1999 ﬁtins,
1367 1937 1506 2005 quod
1530 1938 1742 1992 domino
1770 1958 1971 1997 servus.

529 2017 701 2074 Multo.
724 2020 996 2076 desiderio
1042 2022 1347 2082 desideravi
1400 2030 1587 2086 venire
1625 2033 1692 2085 ad
1736 2048 1854 2103 vos,
1890 2033 2049 2091 Pater

457 2110 678 2179 optime,
707 2121 761 2165 et
790 2111 843 2165 iu
875 2112 1125 2168 Ecclesia
1148 2114 1392 2174 llonuma
1449 2136 1553 2176 non
1609 2123 1678 2178 ad
1710 2124 1923 2192 horam,
1953 2128 2048 2183 sed

456 2204 521 2255 ad
554 2217 762 2258 moram
787 2221 1008 2260 manere
1038 2207 1424 2277 decreveram;
1457 2215 1552 2268 sed
1601 2215 1894 2274 inﬁrmitas
1923 2236 2047 2275 cor-

457 2291 879 2358 porisaﬁ‘eetnm
905 2299 1127 2365 quidem
1184 2316 1292 2355 non
1355 2304 1606 2366 mutavit,
1673 2307 1768 2362 sed
1831 2312 2049 2380 negavit

457 2379 734 2441 etlectun.
760 2385 912 2443 llanc
942 2389 1129 2461 utique
1159 2390 1531 2449 inﬁrmitatem
1555 2412 1625 2450 cx
1666 2398 1834 2455 nimio
1863 2379 2048 2457 labore

458 2485 511 2527 et
546 2476 830 2546 multiplici
885 2480 1133 2536 liotnano
1188 2483 1386 2539 itinere
1444 2491 1691 2543 contraxi
1731 2508 1745 2545 :
1790 2501 1863 2559 et,
1903 2497 2047 2563 quod

457 2582 564 2621 non
592 2578 814 2640 propter
841 2570 1165 2642 iactantiam
1206 2577 1353 2644 dico,
1381 2580 1476 2634 sed
1507 2591 1727 2652 propter
1749 2586 2045 2655 gratiarum

456 2662 751 2729 actionem,
788 2676 1009 2736 pmpter
1038 2667 1330 2724 utilitatem
1358 2669 1616 2729 Romana:
1642 2675 1917 2743 Ecclesiae,
1949 2696 2047 2749 pro

455 2762 670 2821 quater
698 2763 895 2824 captus
912 2772 1055 2822 sum,
1085 2767 1141 2813 et
1181 2769 1263 2815 ter
1285 2769 1479 2830 quater
1499 2766 1908 2837 transalpiuavi.
1941 2769 2045 2826 Pro

456 2843 611 2915 cujus
641 2856 898 2914 praiterea
926 2851 1154 2905 servitio
1187 2861 1241 2907 et
1270 2857 1507 2910 maxima
1539 2857 1656 2929 ejus
1694 2860 2042 2929 necessitate,

456 2943 700 3007 tempore
729 2937 1003 2996 Guitherti
1034 2958 1232 3014 corpus
1276 2955 1542 3015 nostrum,
1601 2960 1657 3007 et
1703 2968 1842 3023 pene
1889 2956 2045 3026 quid-

454 3027 584 3098 quid
611 3028 798 3099 habui,
821 3034 1074 3103 expendi.
1109 3035 1219 3108 Ego
1245 3055 1386 3108 sum,
1417 3056 1516 3111 ego
1542 3060 1661 3099 sum
1686 3044 1793 3109 ille,
1821 3048 1911 3116 qui
1945 3048 2045 3103 lto-

456 3133 559 3173 tua:
585 3136 721 3190 pane
744 3122 1115 3183 tribulationis
1140 3130 1379 3198 cibatus,
1407 3143 1462 3189 et
1506 3150 1643 3204 aqua
1690 3144 1905 3206 potatus
1947 3155 2043 3194 an-

2229 501 2366 546 totus
2434 491 2826 551 Vindot-irtensis
2879 512 3154 554 retinemus
3186 542 3201 567 ,
3255 504 3394 571 quod
3440 509 3579 575 patri
3622 510 3743 577 ﬁlii,

2228 586 2366 654 quod
2400 586 2611 641 domino
2648 591 2801 643 servi.

2234 674 2532 732 Salvatoris
2558 690 2844 749 sequentes
2873 682 3181 752 consilium,
3212 687 3276 740 ad
3298 686 3519 756 januam
3553 701 3744 749 vestra:

2158 772 2375 841 pictatis
2397 772 2671 842 pulsamus
2693 784 2749 828 et
2776 774 2918 829 illius
2939 778 3263 849 evangelica:
3291 762 3535 837 mulieris
3558 798 3740 839 exem-

2159 861 2303 932 plum
2329 863 2625 930 imitantes,
2679 876 2802 934 post
2832 883 2926 922 vos
2971 870 3249 925 humiliter
3304 872 3624 943 clamamus,
3677 879 3744 935 de

2160 954 2369 1024 injuriis
2388 963 2443 1009 et
2474 956 2847 1013 vcxationibus
2900 960 3311 1032 Audcgavensis
3359 966 3598 1036 episcopi
3631 968 3743 1039 (47)

2156 1054 2567 1114 conquerentes.
2626 1046 2792 1103 Pater
2844 1061 3051 1115 sancte,
3104 1052 3154 1107 ei
3194 1053 3410 1122 quidem
3445 1059 3743 1114 mandastis

2157 1144 2217 1188 ut
2246 1150 2343 1205 pro
2373 1137 2677 1191 reverentia
2729 1136 2791 1193 Β.
2830 1137 2973 1194 Petri
3017 1149 3071 1196 et
3122 1152 3298 1198 vestra
3349 1149 3742 1204 monasterium

2157 1234 2421 1287 nostrum,
2451 1228 2592 1294 quod
2620 1231 2687 1280 ad
2739 1229 3035 1284 llonmnam
3064 1234 3341 1304 praecipue
3380 1246 3433 1291 et
3457 1237 3745 1309 singulari-

2158 1326 2458 1389 terspectat
2482 1320 2803 1387 Lceiesiam,
2828 1332 2885 1376 et
2908 1338 2995 1379 res
3020 1326 3329 1382 monasterii
3346 1340 3742 1398 manulencret,

2153 1417 2208 1463 et
2239 1410 2400 1465 nullis
2431 1410 2646 1480 injuriis
2691 1412 2806 1468 sive
2837 1414 3099 1472 molestiis
3147 1418 3437 1489 inquietari
3465 1426 3746 1494 permitte-

2156 1512 2260 1556 ret.
2287 1500 2403 1573 Ipse
2448 1518 2578 1558 vero
2633 1502 2844 1560 litteras
2876 1516 3103 1572 vestras,
3162 1527 3284 1581 qua:
3333 1515 3743 1588 archiepiscopo

2153 1592 2452 1647 Turonensi
2497 1603 2552 1648 et
2576 1595 2967 1653 Ceuomaueusi
3013 1601 3287 1672 epiSCOpo,
3335 1606 3473 1660 sicut
3525 1618 3581 1661 et
3643 1610 3741 1678 ipsi

2152 1683 2329 1738 missa!
2385 1684 2622 1752 fuerant,
2664 1686 2716 1741 in
2758 1691 3044 1758 przcseutia
3096 1691 3256 1763 legati
3306 1697 3470 1751 vestri
3532 1698 3745 1768 Engoli-

2151 1776 2381 1831 sineusis
2425 1779 2662 1849 episcopi
2701 1782 2968 1851 suscepit;
3015 1784 3107 1838 sed
3140 1800 3240 1841 nec
3287 1796 3412 1843 tunc
3438 1789 3619 1861 legere
3644 1810 3746 1849 nec

2152 1867 2307 1923 nobis
2337 1869 2590 1940 deinceps
2615 1869 2722 1943 32
2754 1874 2980 1931 reddere
3002 1877 3254 1948 dignatus
3284 1890 3404 1934 est:
3435 1893 3490 1939 et
3511 1884 3590 1940 sic
3617 1886 3744 1942 aliis

2151 1959 2343 2029 quibus
2369 1976 2462 2017 eas
2492 1962 2718 2020 misistis
2745 1974 2929 2035 postea
2978 1983 3083 2023 non
3110 1970 3383 2038 potuimus
3432 1976 3745 2035 ostendere.

2151 2054 2419 2112 Prmterea
2442 2056 2670 2113 aliorum
2702 2060 2929 2128 injurias
2981 2079 3086 2118 non
3117 2069 3472 2137 compescuit,
3515 2070 3610 2125 sed
3675 2086 3744 2124 ex

2151 2164 2246 2203 sua
2276 2158 2427 2219 parte
2446 2153 2792 2222 exaggeravit
2845 2164 2899 2209 et
2943 2167 3261 2227 exaggerat,
3293 2167 3348 2212 et
3379 2175 3517 2228 quos
3568 2162 3748 2229 potuit

2152 2251 2394 2312 raptores
2424 2244 2605 2298 saeculi
2634 2244 2797 2299 verbo
2820 2255 2873 2299 et
2896 2247 3142 2317 exemplo
3176 2247 3443 2304 incitavit.
3473 2250 3749 2306 Monaste-

2152 2336 2291 2390 rium
2318 2342 2584 2400 nostrum,
2615 2336 2850 2391 alodium
2883 2337 3144 2393 [tentante
3199 2339 3472 2406 Ecclesia),
3520 2356 3619 2410 pro
3645 2358 3747 2397 cu-

2142 2426 2232 2495 jus
2252 2444 2439 2483 amore
2464 2438 2518 2483 et
2546 2429 2741 2484 timore
2763 2429 2809 2485 ei
2840 2432 3097 2486 honorem
3148 2444 3198 2487 et
3224 2434 3579 2489 reverentiam
3608 2434 3744 2489 οἷν*

2148 2521 2385 2592 episcopi
2415 2530 2471 2577 et
2499 2521 2892 2593 archiepisc0pi
2947 2524 3302 2591 deferebant,
3336 2527 3589 2582 dominus
3636 2528 3748 2583 iste

2149 2614 2216 2669 de
2245 2613 2330 2669 bis
2349 2630 2470 2685 qua:
2495 2614 2664 2668 multo
2688 2623 2931 2686 tempore
2955 2618 3148 2681 tenuit,
3193 2619 3309 2675 sine
3340 2617 3466 2679 iuzlit
3486 2619 3536 2674 io
3558 2630 3616 2676 et
3648 2638 3753 2673 att-

2149 2704 2348 2760 dientia
2405 2704 2760 2775 exspoliavit,
2809 2716 2864 2760 et
2907 2707 2959 2762 in
2998 2708 3273 2778 proposito
3329 2708 3747 2778 exspol'ationis

2147 2802 2479 2863 perseverat.
2525 2792 2679 2851 Unde
2726 2811 2833 2849 non
2861 2808 3050 2852 contra
3101 2799 3404 2853 Susannam
3439 2807 3604 2853 testes
3648 2816 3747 2853 su-

2149 2899 2296 2944 mus;
2327 2885 2422 2939 sed
2470 2883 2536 2940 de
2590 2886 2811 2940 domino
2857 2887 3112 2958 episcopo
3159 2903 3414 2958 germana
3462 2887 3749 2957 loquimur

2146 2974 2430 3037 cbaritate,
2454 2990 2576 3045 qua:
2596 2976 2737 3031 etde
2796 2976 2973 3032 amico
3002 2987 3059 3032 et
3096 2978 3161 3032 de
3196 2976 3414 3032 inimico
3447 2993 3546 3032 nos
3570 2977 3744 3032 dedo-

2146 3075 2233 3121 cet
2265 3065 2407 3136 loqui
2438 3068 2799 3133 mendacium,
2829 3079 2880 3124 et
2926 3069 2993 3123 de
3017 3077 3249 3140 utroque
3270 3070 3461 3123 edocet
3492 3068 3750 3137 proﬁteri

2147 3158 2454 3212 veritatem.
2495 3157 2605 3213 Nos
2624 3159 2860 3228 quidem.
2907 3161 3162 3229 quoniam
3216 3159 3448 3216 u-oaaszi
3484 3176 3571 3215 am
3616 3176 3743 3232 pro-

455 3214 668 3281 gustite,
701 3230 822 3270 cum
851 3218 1184 3278 honorabilis
1238 3227 1514 3282 memoria:
1564 3244 1699 3299 papa
1735 3230 1952 3286 Urbano
1986 3235 2039 3289 in

2150 3246 2436 3304 fessionem
2471 3213 2768 3305 retractare
2814 3251 3168 3322 Philippicam
3200 3250 3310 3321 (48)
3347 3251 3397 3305 in
3420 3252 3741 3322 pontiﬁcem

455 3305 618 3361 domo
650 3303 876 3366 Joannis
905 3311 1262 3385 Fricapanem
1294 3318 1490 3374 nmltos
1526 3320 1740 3378 labores
1791 3334 1847 3379 et
1892 3327 2044 3382 timo-

458 3412 545 3452 res
576 3398 665 3454 diu
693 3417 887 3472 passus
913 3420 1035 3460 sum
1061 3416 1161 3463 :iet
1189 3410 1320 3480 quid
1370 3411 1442 3467 ibi
1497 3416 1702 3485 egerim
1740 3430 1838 3485 pro
1873 3418 2044 3474 ﬁdeli-

457 3495 569 3542 ttte
601 3488 860 3549 [latitante
906 3494 1183 3566 Ecclesia,
1215 3511 1271 3557 et
1319 3504 1591 3571 quomodo
1631 3507 1812 3562 omnia
1857 3519 2040 3564 nostra

458 3595 630 3650 nsque
660 3585 727 3638 ad
757 3586 1108 3645 novissimam
1144 3593 1512 3662 cquitaturam
1544 3612 1642 3667 pro
1686 3599 2044 3669 aequisitione

446 3671 839 3737 ,l.atcraucusis
862 3678 1047 3748 palatii
1077 3684 1484 3752 seminaverim,
1520 3689 1670 3744 novit
1696 3690 1837 3746 Deus
1877 3702 1933 3748 et
1979 3694 2038 3748 Β.

457 3762 676 3834 Petrus,
730 3777 787 3824 et
836 3782 1105 3828 noverunt
1148 3774 1380 3833 Romani
1442 3778 1585 3835 illius
1635 3784 1912 3852 temporis.
1963 3787 2041 3841 Eo

455 3859 623 3914 e'iatu
656 3869 898 3933 tempore
927 3863 1112 3922 Romae
1133 3871 1419 3941 presbyter
1464 3874 1768 3942 ordinatus,
1814 3878 2039 3934 investi-

457 3959 634 4007 turam
681 3954 747 4010 de
779 3956 1008 4014 ecclesia
1057 3959 1118 4015 Β.
1166 3959 1367 4018 Priscae
1416 3979 1516 4033 per
1569 3983 1787 4024 manum
1838 3972 2039 4027 domini

452 4058 610 4114 pap:e
660 4043 866 4103 Urbani
915 4051 1125 4122 recepi,
1174 4069 1337 4123 quam
1396 4058 1824 4127 prazdecessores
1870 4065 2039 4120 nosui

453 4131 612 4208 longe
657 4146 784 4195 ante
838 4145 1192 4211 possederant
1224 4160 1246 4203 ξ
1278 4146 1382 4218 31
1420 4151 1536 4215 sed,
1580 4154 1704 4223 quia
1752 4156 2041 4212 noluerunt

453 4229 676 4286 obedire
696 4230 1006 4300 Guitberto,
1039 4237 1166 4293 inde
1188 4238 1406 4295 fuerant
1455 4243 1636 4314 ejecti.
1672 4247 1755 4313 Et,
1792 4249 2039 4318 quamvis

445 4330 586 4377 astas
609 4334 666 4378 et
704 4324 1001 4385 inﬁrmitas
1024 4339 1203 4384 nostra
1231 4332 1467 4401 quietem
1505 4338 1683 4407 potius
1732 4339 2040 4396 desiderent

451 4425 614 4480 quam
645 4410 915 4481 laborem,
956 4419 1138 4472 animo
1166 4421 1411 4478 trahente
1451 4426 1519 4480 ad
1548 4441 1664 4493 vos,
1715 4430 1805 4503 pie
1855 4428 2037 4490 Pater,

451 4517 616 4572 quam
649 4505 810 4563 citius
857 4517 1050 4577 potero
1099 4513 1283 4570 venire
1329 4517 1637 4587 aggrediar,
1663 4516 1788 4572 licet
1821 4519 2036 4575 animus

451 4592 567 4661 ipse
597 4596 937 4666 pcregrinam
961 4616 1065 4655 non
1094 4605 1440 4663 mediocriter
1466 4608 1652 4664 timeat
1676 4610 2034 4678 sepulturam.

2146 3342 2369 3397 minime
2392 3341 2567 3406 decet,
2603 3358 2709 3397 non
2740 3342 2971 3398 dicimus
3005 3343 3148 3412 quod
3184 3342 3386 3397 utentis
3413 3353 3743 3413 tempestate

2145 3450 2243 3489 nos
2272 3444 2648 3504 persequatur,
2686 3434 2800 3489 sive
2844 3434 2987 3489 mole
3036 3450 3149 3488 sum
3182 3430 3583 3505 inagnitudinis
3612 3450 3741 3503 prc-

2144 3535 2295 3591 mat;
2345 3526 2441 3580 sed
2475 3536 2652 3581 tamen
2685 3542 2791 3595 quo
2837 3527 3144 3580 sanctitatis
3191 3541 3394 3596 genere
3441 3524 3542 3582 hoc
3570 3527 3743 3583 faciat

2145 3618 2474 3688 ignoramus,
2523 3620 2665 3689 quod
2698 3619 2749 3672 in
2785 3617 2963 3674 Veteri
3010 3618 3362 3675 Testamento
3403 3631 3742 3690 prmceptuta

2144 3710 2514 3781 nonlegimus,
2543 3726 2642 3767 nec
2695 3711 2747 3765 in
2796 3710 2946 3766 Novo
2984 3712 3309 3783 promissum
3360 3723 3416 3767 et
3461 3728 3742 3766 canonum

2145 3804 2347 3874 regulis
2404 3820 2510 3859 non
2556 3803 2835 3859 dubitatur
2868 3819 2990 3859 esse
3030 3805 3391 3859 contrarium.
3448 3803 3741 3860 llmnilitas

2143 3896 2331 3966 utique
2378 3905 2562 3951 nostra
2601 3896 2859 3966 praedicto
2890 3895 3144 3967 episcopo
3166 3896 3218 3949 in
3260 3912 3358 3950 sua
3409 3896 3741 3951 necessitate

2142 3985 2428 4057 diligenter
2477 3986 2721 4048 servivit,
2748 3986 2842 4039 sed
2906 3984 3053 4039 salva
3105 3986 3223 4056 ejus
3262 3987 3565 4041 reverentia
3601 3986 3743 4040 dici-

2143 4090 2283 4139 mus,
2306 4074 2448 4144 quod
2486 4072 2916 4127 retribuitnobis
2955 4074 3094 4126 mola
3141 4090 3241 4141 pro
3289 4074 3464 4138 bonis,
3496 4074 3741 4129 retribu—

2143 4159 2343 4213 tionem
2375 4174 2534 4228 quam
2563 4158 2701 4212 Dens
2727 4173 2832 4212 nou
2882 4158 3051 4212 novit.
3109 4159 3281 4226 Unde,
3311 4160 3745 4216 clemertissitne

2143 4251 2304 4306 Pater
2328 4260 2382 4305 et
2409 4250 2645 4313 domine,
2678 4248 2960 4303 vobistoto
2986 4253 3151 4306 corde
3178 4252 3551 4323 supplicamus
3574 4262 3632 4307 ut
3669 4255 3743 4310 de

2142 4342 2340 4412 quibus
2366 4340 2702 4408 sinejudicio
2749 4340 3031 4410 cxspoliati
3081 4358 3271 4398 smnus
3315 4343 3492 4407 abeo,
3519 4359 3619 4398 nos
3651 4345 3742 4398 in-

2146 4431 2328 4486 vestiri
2381 4430 2612 4486 faciatis.
2647 4431 2799 4498 Quod
2830 4432 2876 4485 si
2919 4432 3176 4504 deinceps
3217 4442 3408 4490 contra
3455 4449 3579 4500 nos,
3626 4433 3743 4505 33

2143 4526 2233 4595 qui
2273 4523 2580 4595 specialiter
2604 4525 2765 4580 vestri
2797 4541 3015 4589 sumus,
3043 4528 3257 4581 causari
3290 4526 3517 4581 voluerit
3538 4569 3552 4593 ,
3589 4527 3743 4582 inter

2142 4620 2318 4690 ipsum
2354 4627 2408 4673 et
2433 4634 2553 4681 nos,
2575 4618 2833 4688 quoniam
2855 4619 2921 4672 ad
2947 4635 3041 4673 vos
3073 4620 3258 4673 venire
3304 4636 3410 4674 non
3441 4635 3744 4689 possumus

450 4681 675 4741 interim
700 4687 773 4743 ad
797 4690 1179 4751 charissimum
1202 4694 1419 4755 Patrem
1452 4701 1610 4756 mitto
1649 4700 1878 4756 latorem
1904 4718 2039 4771 prae-
2129 4681 2369 4777 judicem
2414 4710 2503 4779 qui
2561 4725 2666 4765 non
2714 4709 2784 4763 sit
2840 4710 2996 4764 nobis
3049 4720 3353 4781 suspectus,
3394 4711 3738 4767 constituite.

451 4780 690 4834 sentiam
717 4781 831 4853 (46)
859 4783 1037 4855 aliqua
1075 4798 1275 4845 nostra:
1319 4792 1611 4847 cbaritatis
1659 4792 1809 4862 signa
1860 4793 2037 4847 feren-

452 4878 561 4924 tem
591 4888 605 4925 :
636 4872 790 4941 cujus
812 4874 993 4948 lingua
1008 4879 1277 4952 supplebit
1303 4884 1446 4954 quod
1471 4882 1651 4939 minus
1676 4884 1811 4937 dixit
1835 4885 2036 4950 episto.

450 4960 523 5015 la.
557 4959 747 5020 Valeat
771 4966 1023 5025 dominus
1051 4985 1188 5042 papa
1214 4987 1430 5042 seraper
1459 4983 1514 5028 et
1540 4973 1746 5042 vigeat;
1775 4984 1831 5028 et
1852 4990 1952 5030 nos
1971 4976 2038 5030 de

452 5068 551 5107 sua
588 5059 949 5127 prosperitate
977 5070 1033 5116 et
1059 5063 1347 5119 dilectione
1386 5064 1642 5119 lu:tiﬁcet.

1010 5152 1346 5210 EPISTULA
1375 5153 1491 5209 XV.

447 5234 601 5295 Bono
628 5242 840 5296 domino
866 5253 914 5298 et
935 5245 1022 5313 pio
1053 5242 1208 5299 Patri
1236 5246 1517 5300 universali
1563 5263 1713 5317 paper
1766 5246 2033 5316 Honorio,

523 5443 638 5519 (ig)
662 5442 909 5519 Laterani
921 5443 1279 5519 prtesenlium.
1311 5443 1596 5519 Paga‘nunt
1614 5447 1772 5519 epist.
1801 5450 1895 5507 27.

524 5512 639 5589 (d7)
672 5512 1061 5589 Andegurensis
1098 5512 1345 5581 episcopi.
1382 5512 1599 5589 Uigerii
1623 5512 1663 5584 ,'
1689 5534 1796 5589 quo
1823 5537 1947 5575 eum
1970 5521 2038 5576 de

450 5580 644 5659 iisdem
695 5580 1083 5659 vexationibus
1132 5580 1734 5659 conqueriturlibant,
1754 5591 1913 5659 epist.
1944 5591 2033 5646 12.

450 5654 909 5730 Ατοιιὶρρίςςρρυε
948 5649 1283 5730 Turonensis
1333 5654 1654 5730 lldebertus,
1682 5649 1738 5715 ut
1770 5649 2032 5730 conjiciu;

451 5720 739 5792 cpiscopus
757 5720 1219 5792 Genomamtensis
1244 5722 1438 5788 Guido,
1495 5720 1742 5784 lldeberti
1779 5731 1831 5786 in
1854 5720 1914 5786 ea
1942 5720 2034 5787 ea;

450 5789 651 5850 ακότὰ
676 5804 979 5849 successor.
1005 5789 1236 5863 Legatus
1272 5806 1449 5849 autem
1502 5795 1782 5869 Girardus,
1829 5803 1892 5857 de
1926 5818 2033 5873 quo

2142 4801 2486 4857 {Etnnlantur
2510 4802 2653 4856 enim
2680 4817 2778 4855 nos
2803 4802 3022 4871 quidam
3057 4819 3160 4855 non
3186 4803 3325 4857 bona
3349 4804 3735 4860 amntlatioue:

2142 4902 2198 4945 et
2226 4900 2445 4962 propter
2484 4892 2587 4946 hoc
2628 4891 2885 4955 maxime,
2929 4891 3058 4960 quia
3111 4893 3213 4946 sub
3254 4892 3417 4947 tutela
3461 4902 3517 4947 et
3538 4894 3740 4948 defen-

2142 4982 2294 5037 sione
2320 4981 2628 5051 apostolica:
2659 4983 2806 5038 sedis
2837 4984 2998 5053 positi
3052 4999 3259 5038 smnus.
3288 4985 3529 5040 Domnus
3563 4986 3743 5042 abbas

2145 5080 2329 5126 noster
2365 5069 2433 5123 ad
2482 5087 2581 5127 vos
2620 5073 2808 5128 venire
2839 5074 3179 5141 desiderans,
3208 5090 3378 5145 usque
3402 5076 3738 5133 Vizeliacum

2145 5163 2444 5233 profectus,
2474 5164 2546 5220 ibi
2578 5180 2674 5234 per
2700 5164 2907 5234 aliquot
2934 5163 3052 5221 dies
3090 5168 3352 5221 remansit
3380 5184 3488 5223 non
3521 5169 3740 5224 modica

2142 5254 2460 5311 inﬁrmitate
2507 5255 2777 5310 detentus.
2813 5254 2996 5311 Valeat
3044 5258 3163 5327 pius
3212 5257 3400 5325 Pater,
3447 5270 3503 5315 et
3554 5262 3739 5318 bonus

2192 5459 2303 5512 iist.
2337 5457 2423 5511 19.

2141 5472 2658 5600 epzsbl8.)1;i’el_ructa_r_e
2684 5522 3057 5600 Piritipptcam.
3089 5524 3208 5600 _Sie
3268 5525 3445 5600 etiam
3492 5526 3741 5600 loquitur

2139 5594 2232 5653 lib;
2263 5594 2333 5659 tv,
2365 5595 2524 5664 epist.
2584 5595 2672 5648 12.
2736 5594 3033 5650 lldebertus
3088 5595 3216 5664 item
3254 5596 3483 5664 epistola
3506 5594 3595 5651 53.
3626 5595 3739 5652 lu-

2138 5662 2418 5722 vectioneui
2450 5666 2690 5734 fortassis
2714 5674 3002 5734 exspectas,
3031 5674 3077 5719 et
3100 5662 3443 5736 Pliilippicam
3476 5678 3739 5723 retracta-

2140 5740 2185 5793 ri
2206 5735 2432 5806 pallidus
2451 5737 2751 5804 suspicaris.
