3992 6352
261 356 333 415 57
1537 358 1916 418 erasmus.
1945 391 2017 401 -
2056 361 2182 416 Lm.
2226 361 2264 416 ι.
3469 344 3540 412 5's

263 475 541 539 dominus,
576 484 634 531 et
681 475 781 530 sibi
810 475 1045 547 placeat,
1074 488 1129 533 et
1160 479 1321 535 l‘aciat
1348 486 1406 535 ut
1438 495 1601 550 quam
1647 481 1853 551 praede—
1881 479 1929 537 Α
2023 485 2161 538 sedis
2186 483 2357 554 legato
2410 481 2548 554 (5|),
2578 483 2746 553 frater
2789 481 3060 553 (ἕρπ’-Μαι
3115 482 3353 551 ejusdem
3401 479 3544 537 sedis

264 578 543 620 i-cssorum
588 579 809 620 suorum
862 568 1195 637 temporibus
1251 570 1541 627 habuimus
1591 573 1851 642 quietem,

262 673 367 712 suo
397 666 636 717 tempore
659 658 980 714 habeamus.

794 751 1128 809 EPISTULA
1171 754 1314 811 XVI.

260 838 425 896 Petro
470 852 671 898 sancta:
728 843 987 899 Romana:
1027 843 1277 905 Ecclesia:
1317 850 1581 906 cardinali
1625 851 1852 910 diacono

332 933 468 1004 (49),
492 935 803 990 charissima
833 935 1045 991 domino
1072 947 1121 992 et
1140 941 1482 1008 prwcordiali
1502 944 1706 1012 antica,
1734 943 1850 1013 fra—

328 1037 411 1082 ter
437 1025 711 1098 Go/fridus
737 1028 972 1099 ejusdem
1010 1030 1261 1087 Ecclesiae
1283 1050 1551 1091 seruorum
1576 1038 1847 1104 miniatus,

327 1118 469 1185 quod
489 1119 664 1184 habet,
687 1130 736 1175 et
761 1131 950 1190 potest,
983 1131 1031 1176 et
1061 1124 1311 1194 seipsum.

329 1207 705 1264 Inﬁrmitatem
761 1222 995 1267 vestram
1039 1213 1350 1271 audivimus
1402 1232 1565 1288 quam
1602 1228 1661 1275 et
1692 1236 1846 1278 com-

252 1299 532 1370 passionis
559 1298 752 1356 all‘ectu
785 1311 843 1356 et
879 1303 1043 1359 totius
1083 1304 1281 1361 animae
1309 1315 1513 1364 nostrae
1542 1309 1846 1368 visceribus

254 1402 504 1450 nostram
557 1405 890 1465 reputamus.
936 1397 1215 1471 Rogamus
1266 1400 1468 1473 itaque,
1520 1412 1578 1460 et
1604 1406 1846 1478 rogando

249 1483 548 1541 discretam
573 1487 915 1544 dilectionem
957 1499 1198 1547 vestram
1224 1493 1542 1564 suppliciter
1582 1497 1844 1555 admone-

166 1568 177 1577 ’
250 1592 377 1634 inus
406 1586 487 1644 ut,
527 1579 572 1635 si
609 1580 764 1635 nobis
801 1582 885 1638 vel
935 1583 1272 1654 quibuslibet
1301 1585 1469 1642 rebus
1524 1589 1726 1645 nostris
1760 1590 1845 1645 in-

251 1670 469 1741 digetis,
505 1672 817 1744 signiﬁcare
866 1675 1178 1732 nullatenus
1217 1678 1575 1736 erubescatis.
1621 1680 1843 1738 Amicus

248 1765 400 1820 enim
428 1780 554 1837 erga
593 1767 827 1822 amicum
850 1768 1176 1825 erubescere
1223 1786 1331 1838 non
1362 1772 1545 1841 debet,
1587 1774 1693 1830 nisi
1724 1784 1843 1829 tan-

251 1862 518 1909 tumcum
547 1856 962 1912 illumol'fendit.
1005 1858 1214 1927 Quibus
1263 1861 1387 1917 licet
1434 1864 1508 1919 sit
1552 1863 1842 1936 aliquando

253 1962 547 2015 corporum
600 1950 1012 2017 dissimilitudo,
1066 1968 1171 2007 una
1238 1969 1456 2025 semper
1499 1972 1622 2012 esse
1688 1958 1848 2012 debet

258 2038 440 2109 imago
468 2040 797 2099 animorum.
817 2043 1083 2101 Praeterea
1114 2045 1225 2118 3a
1249 2048 1415 2116 nuda,
1443 2048 1555 2103 imo
1584 2048 1730 2102 nulla
1763 2059 1848 2102 est

257 2129 523 2196 amicitia,
567 2145 729 2200 quam
770 2142 985 2199 mutua,
1041 2144 1096 2190 et
1139 2137 1373 2191 maxime
1403 2136 1457 2191 in
1502 2138 1846 2201 necessitate,

254 2232 366 2272 non
397 2222 631 2287 probant
681 2224 965 2294 obsequia.
1006 2226 1212 2293 Valete,
1262 2236 1320 2282 et
1363 2229 1509 2299 quod
1563 2228 1849 2300 placuerit,

248 2309 556 2365 rescribite.

781 2404 1115 2464 EPISTOLA
1145 2407 1311 2464 XVII.

248 2491 519 2548 Richardo
538 2493 706 2550 beata:
733 2498 855 2553 t-itte
879 2498 1138 2570 episcOpo,
1190 2502 1496 2572 apostolica:
1534 2503 1675 2559 sedis
1696 2519 1844 2560 vene-

320 2585 477 2640 rabili
494 2586 666 2658 legato
682 2588 828 2660 '(50),
851 2588 1124 2662 Go/fridus
1160 2594 1395 2664 ejusdem
1417 2595 1555 2651 sedis
1573 2610 1840 2651 servorum

319 2679 589 2747 minimus,
618 2682 969 2751 dilectionem,
1002 2695 1051 2741 et
1081 2685 1377 2743 dilectionis
1408 2689 1730 2744 seruitutem.

319 2768 532 2839 Fratre,
562 2787 724 2843 quem
755 2775 824 2829 ad
869 2791 966 2830 vos
1009 2790 1133 2832 cum
1188 2776 1385 2835 litteris
1440 2779 1644 2835 domini
1688 2794 1839 2849 papa:

249 2859 533 2922 misimus.
571 2861 841 2919 referente
888 2864 1212 2933 didicimus,
1264 2866 1608 2939 Ratlulphum
1666 2867 1837 2924 Turo-

245 2966 471 3009 nensem
502 2954 704 3010 dictum
736 2957 1207 3029 archiepiseOpum
1262 2960 1318 3015 in
1353 2962 1643 3031 praesentia
1672 2965 1836 3017 vestri

244 3046 315 3099 de
335 3045 495 3102 nobis
518 3048 698 3103 verbis
740 3048 1045 3106 inhonestis
1075 3050 1246 3107 fuisse
1271 3061 1653 3123 conquestum.
1684 3050 1838 3120 Quod

2026 575 2324 640 alodarius,
2344 588 2390 630 et
2419 593 2622 642 servus,
2657 575 2984 631 dilectionem
3028 585 3075 630 et
3118 575 3277 629 totius
3299 573 3542 629 dilectio-

2027 670 2109 723 nis
2128 670 2447 725 servitutem.

2027 760 2425 816 Vindociueuse
2469 759 2883 825 monasterium,
2913 759 3151 814 alotlium
3199 758 3264 815 Β.
3304 758 3451 814 Petri
3483 764 3541 813 et

1954 852 2358 921 patrimonium,
2402 850 2530 922 quid
2573 850 2864 915 libertatis,
2905 850 3012 922 35
3036 851 3120 906 vel
3153 850 3538 912 immanitatis,

1953 960 2047 1001 seu
2070 945 2352 1019 dignitatis
2395 960 2539 1000 nunc
2589 958 2762 1014 usque
2787 944 3063 1008 habuerit,
3113 952 3171 999 et
3193 957 3366 1013 usque
3391 941 3443 997 in
3478 941 3541 996 li-

1953 1055 2074 1097 nem
2130 1036 2336 1103 smculi,
2394 1036 2505 1092 Deo
2554 1037 2952 1107 patrocinante,
3006 1037 3256 1102 habebit;
3292 1034 3546 1091 beatissi»

1951 1146 2161 1187 morum
2188 1128 2555 1200 apostolorum
2589 1127 2738 1183 Petri
2768 1135 2823 1182 et
2856 1126 3009 1181 Pauli
3033 1128 3331 1183 auctoritas
3354 1135 3545 1182 saneta

1948 1236 2045 1295 per
2070 1220 2409 1278 venerabiles
2439 1235 2631 1277 eorum
2679 1234 3028 1275 successores
3064 1219 3242 1274 eidem
3266 1217 3387 1274 loco
3412 1233 3544 1273 con-

1947 1328 2101 1369 cessa
2132 1327 2229 1367 vos
2283 1311 2480 1368 melius
2514 1311 2786 1378 edocebit,
2844 1318 2899 1366 et
2945 1310 3119 1376 vobis,
3157 1319 3211 1364 ut
3246 1308 3541 1375 credimus,

1948 1406 2210 1477 majorem
2251 1404 2511 1477 diligendi
2542 1420 2643 1460 nos
2688 1403 3036 1459 occasionem
3094 1401 3378 1473 praebebit.
3432 1399 3545 1458 Nos

1945 1499 2091 1553 enim
2120 1513 2225 1552 non
2248 1507 2427 1570 potest
2456 1513 2563 1551 non
2595 1496 2843 1566 diligere,
2881 1495 2984 1550 nisi
3026 1495 3118 1565 qui
3165 1510 3353 1551 eorum
3398 1494 3536 1550 irre-

1947 1591 2281 1647 tractabilem
2305 1592 2686 1646 auctoritatem
2711 1607 2816 1644 non
2849 1589 3042 1661 diligit.
3068 1589 3323 1657 Quaedam
3348 1587 3537 1643 Eccle-

1945 1682 2039 1737 siae
2071 1691 2273 1738 nostra:
2320 1681 2603 1753 privilegia
2655 1679 2808 1735 vobis
2859 1679 3062 1735 idcirco
3105 1678 3370 1753 mittimus
3393 1687 3541 1732 tran-

1945 1773 2184 1842 scripta:
2218 1773 2343 1842 quia
2385 1787 2551 1843 quam
2611 1770 2859 1841 speciali,
2909 1771 3018 1825 imo
3069 1784 3228 1839 quam
3276 1769 3536 1841 singulari

1945 1863 2209 1935 dignitate
2247 1872 2435 1918 sancta
2474 1862 2741 1918 catholica
2796 1861 3040 1916 Romana
3091 1861 3333 1917 Ecclesia
3358 1860 3535 1914 locum

1946 1963 2193 2009 nostrum
2220 1953 2290 2008 ab
2322 1954 2439 2023 ipso
2487 1969 2600 2007 suae
2648 1952 2945 2009 creationis
2972 1952 3131 2006 initio
3172 1951 3276 2007 sibi
3313 1949 3538 2018 conjun-

1946 2045 2112 2107 xerit,
2135 2043 2436 2099 bonitatem
2494 2052 2730 2097 vestram
2784 2044 3036 2097 uolutuus
3077 2041 3350 2112 ignorare.
3379 2040 3539 2110 Nam,

1949 2133 2208 2203 quidquid
2239 2133 2331 2187 illa
2358 2134 2671 2189 subbmavit
2695 2142 2749 2187 et
2779 2135 2810 2188 ιι
2837 2132 2989 2199 lexit,
3017 2148 3113 2188 vos
3157 2133 3377 2188 omnino
3412 2133 3505 2188 dili
3526 2163 3538 2175 -

1947 2238 2079 2294 gere
2111 2223 2405 2291 credimus,
2426 2233 2482 2278 et
2512 2222 2650 2278 velle
2701 2224 2972 2278 honorare
2997 2222 3302 2279 nullatenus
3328 2224 3549 2279 dubita-

1946 2330 2091 2371 mus.
2122 2315 2353 2386 Optima:
2398 2316 2676 2372 memoriae
2702 2332 2838 2387 papa
2872 2316 3143 2387 Urbanus,
3172 2327 3226 2373 et
3251 2317 3344 2388 qui
3397 2333 3541 2372 nunc

1943 2416 2049 2473 est,
2081 2408 2336 2464 dominus
2369 2407 2648 2464 Paschalis
2668 2424 2805 2478 papa
2830 2409 2881 2464 in
2905 2409 3146 2466 Ecclesia
3204 2419 3413 2479 nostra,
3445 2411 3536 2466 ubi

1943 2514 2057 2555 suae
2076 2500 2366 2556 cbaritatis
2396 2501 2572 2572 gratia
2603 2515 2699 2570 per
2729 2500 2989 2557 undecim
3029 2501 3148 2558 dies
3196 2511 3535 2566 manserunt,

1942 2593 2046 2650 ista
2074 2604 2131 2649 et
2158 2593 2324 2648 multa
2357 2594 2462 2650 alia
2488 2594 2769 2667 privilegia
2795 2605 2982 2650 nostra
3028 2596 3318 2660 viderunt,
3355 2604 3411 2651 et
3438 2612 3536 2650 ore

1941 2685 2166 2755 proprio
2187 2684 2456 2754 legerunt,
2478 2692 2535 2739 et
2561 2699 2675 2739 sua:
2721 2683 3071 2739 auctoritatis
3106 2684 3323 2739 decreto
3352 2684 3536 2738 lirma-

1942 2788 2158 2833 verunt.
2188 2777 2390 2832 Sancta
2431 2777 2615 2846 itaque
2664 2789 2791 2833 octo
2839 2776 3231 2833 catholicorum
3258 2775 3535 2831 Romano-

1943 2882 2061 2923 rum
2086 2870 2402 2939 pontilicum
2461 2868 2575 2941 (52)
2626 2869 2977 2935 auctoritate,
3012 2879 3065 2923 et
3117 2867 3537 2923 conﬁrmatione

1940 2961 2331 3017 monasterium
2364 2972 2611 3017 nostrum
2643 2959 2834 3031 viguit,
2864 2969 2922 3015 et
2949 2957 3198 3031 quietum
3227 2957 3447 3021 mansit,
3477 2968 3533 3014 et

1941 3050 2070 3107 nulli
2096 3051 2311 3122 penitus
2342 3066 2585 3114 personae
2639 3050 2775 3123 (55),
2826 3050 2928 3105 nisi
2960 3049 3061 3104 soli
3093 3065 3244 3122 papa:
3298 3057 3534 3121 potesta-

244 3138 292 3191 si
322 3137 397 3192 ita
427 3148 536 3204 est,
565 3141 915 3196 vehementer
946 3141 1233 3209 miramur,
1254 3144 1379 3214 quia
1408 3144 1551 3199 unde
1585 3144 1654 3200 de
1681 3144 1838 3201 nobis
1865 3173 1910 3235 ο
1943 3148 2050 3197 tem
2094 3140 2329 3213 aliquam
2380 3149 2476 3196 aut
2499 3141 2927 3196 dominationem
2953 3137 3008 3195 in
3037 3156 3104 3197 eo
3147 3154 3408 3197 exercere
3449 3140 3531 3195 vel

241 3231 387 3300 juste
412 3232 675 3302 conqueri
700 3233 898 3290 debeat
946 3235 1279 3308 ignoramus.
1311 3237 1498 3292 Mirari
1524 3248 1705 3293 autem
1736 3255 1837 3295 nec

246 3335 535 3392 possumus
558 3336 666 3398 nec.
692 3323 952 3381 debemus
978 3365 995 3390 ,
1044 3327 1087 3381 si
1121 3326 1407 3384 inhoneste
1449 3327 1710 3397 loquitur,
1741 3329 1835 3399 qui

244 3424 384 3482 pene
420 3413 673 3471 universo
715 3417 915 3473 rutundo
939 3416 1244 3485 clamante,
1303 3419 1399 3474 sed
1451 3418 1604 3475 nullo
1658 3420 1837 3476 adhuc

244 3503 582 3570 vindicante,
622 3508 792 3562 multa
827 3507 1112 3565 inhonesta
1166 3519 1223 3564 et
1268 3525 1523 3580 perversa
1553 3521 1832 3580 operatur.

243 3593 440 3652 Veniat
475 3607 677 3662 tamen,
702 3600 746 3655 si
775 3599 961 3669 plaeet'
984 3611 1181 3657 vestra:
1222 3604 1523 3668 sanctitati,
1552 3605 1832 3660 vobiscum

243 3686 606 3743 Vindoeinum
639 3692 691 3745 in
723 3691 960 3746 alodinm
986 3692 1049 3747 Β.
1073 3693 1242 3758 Petri,
1269 3703 1324 3749 et
1361 3696 1660 3765 burgenses
1697 3711 1834 3766 quo-

246 3792 372 3834 rum
412 3781 667 3835 mercede
716 3782 1039 3837 conducitur
1066 3798 1251 3838 secum
1288 3783 1546 3847 adducat;
1578 3795 1633 3841 et
1660 3802 1832 3856 quan-

244 3879 360 3927 tum
379 3868 595 3940 justitia
628 3872 933 3935 dictaverit,
966 3884 1300 3945 exsequatur
1327 3886 1383 3930 et
1412 3878 1668 3934 accipiat.

772 3965 1105 4033 EPISTOLA
1132 3966 1318 4023 XVIII.

242 4057 585 4112 Cononivita:
633 4056 921 4113 laudabilis
968 4059 1230 4124 euiscovo,
1284 4060 1834 4133 sanctae,apostolica:

312 4215 428 4287 (49)
456 4212 615 4270 Petro
644 4215 869 4271 diacono
916 4216 1198 4271 cardinali.
1242 4216 1344 4274 SS.
1369 4217 1578 4275 Cosmre
1618 4226 1674 4275 et
1716 4220 1826 4277 Da-

243 4286 446 4343 miani:
503 4287 648 4342 hunc
695 4288 840 4341 enim
885 4302 1008 4343 esse
1055 4288 1296 4343 arbitror
1349 4289 1569 4346 Petrum
1627 4289 1829 4349 Leonis

242 4355 594 4432 cardinalem,
642 4356 708 4412 ad
728 4372 926 4432 Aqnem
956 4358 1029 4432 do
1055 4359 1399 4432 ordinatione
1446 4361 1827 4432 episcoporum

242 4427 430 4484 scribit
477 4443 664 4496 opusc.
720 4427 775 4482 2.
823 4427 871 4482 ls
912 4444 941 4482 a
996 4428 1245 4484 Paschali
1293 4427 1512 4487 creatus
1564 4427 1825 4489 diaconus

1939 3236 2059 3306 ejus
2114 3244 2357 3291 rectores
2403 3234 2647 3306 qualibet
2677 3233 2965 3289 occasione
3003 3232 3303 3288 sollicitare
3356 3233 3528 3289 licuit.

1939 3327 2003 3382 Et
2032 3327 2246 3397 quidem
2278 3325 2777 3397 satisjuste;quia
2823 3326 2895 3380 ab
2949 3325 3070 3393 ipso
3124 3324 3209 3379 sui
3263 3324 3531 3394 principio

1937 3434 2037 3490 per
2085 3416 2425 3474 venerabiles
2467 3426 2523 3472 et
2571 3415 2858 3487 religiosos
2925 3413 3242 3469 [mutaturos
3294 3429 3422 3469 suos
3462 3415 3531 3469 ab

1937 3510 2229 3582 apostolica
2289 3509 2584 3566 sedebanc
2633 3507 3000 3565 inviolabilem
3053 3505 3164 3580 36
3210 3503 3528 3577 dignitatem

1936 3605 2190 3661 obtinuit.
2229 3604 2345 3660 Ilac
2370 3611 2517 3659 tanta
2548 3620 2578 3658 a
2603 3602 3012 3660 successoribus
3036 3598 3101 3658 Β.
3143 3598 3289 3657 Petri
3320 3597 3533 3671 praede-

1937 3697 2244 3754 cessoribus
2275 3698 2475 3753 nostris
2529 3696 2790 3767 dignitate
2811 3709 3097 3763 concessa,
3129 3691 3309 3748 nullus
3334 3706 3530 3748 eorum

1936 3789 2099 3845 alicui
2138 3787 2371 3845 concilio
2422 3787 2535 3859 (54)
2587 3803 2824 3858 unquam
2880 3786 3075 3848 adfuit,
3131 3785 3275 3856 quod
3297 3784 3367 3839 ab
3407 3782 3533 3865 ipso

1937 3894 2151 3936 smumo
2187 3878 2432 3933 Romano
2470 3877 2730 3947 pontilice
2774 3894 2879 3933 non
2906 3877 3119 3934 exstitit
3167 3876 3530 3938 celebratum.

1936 3973 2044 4029 lllis
2066 3982 2247 4029 tamen
2275 3973 2629 4044 temporibus,
2655 3972 3052 4027 llildebrandus
3106 3970 3532 4026 archidiaconus.

1937 4065 2050 4137 (55)
2074 4064 2331 4120 Romana:
2350 4064 2626 4127 Ecclesiae,
2661 4061 2917 4133 deinceps
2944 4076 3080 4132 papa
3106 4060 3307 4127 factus,
3337 4059 3529 4114 Giral-.

1935 4217 1999 4274 rii
2042 4213 2452 4272 Vindocincnsis
2479 4212 2833 4284 praerogativa
2859 4210 3074 4269 litteras
3098 4211 3353 4275 vidimus.
3385 4227 3533 4280 prum

1934 4298 2184 4358 terqnam
2210 4281 2527 4358 Benedicti;
2558 4281 2844 4358 sedbojus
2881 4297 3097 4355 quoque
3147 4284 3533 4358 concessimus.

1930 4354 2138 4416 mentio
2167 4358 2326 4415 estin
2362 4355 2558 4411 litteris
2611 4354 2982 4420 l'undatorum,
3014 4354 3263 4425 quorum
3307 4355 3520 4410 scilicet

1930 4441 2064 4485 nutu
2101 4428 2455 4486 etvoluntale
2486 4426 2537 4481 id
2569 4425 2790 4483 honoris
2841 4426 3022 4483 abbati
3073 4425 3451 4482 \‘indoeiueusi
3487 4440 3527 4481 ει

242 4497 534 4579 cardinalis
562 4498 700 4579 tituli
739 4514 902 4568 quem
929 4499 1071 4563 dixi,
1098 4499 1374 4579 Gelasium
1408 4501 1462 4555 in
1505 4501 1822 4579 Galliasse-
1853 4518 1900 4579 υ
1927 4500 2376 4579 setlo_apo_stol_ica
2409 4499 2666 4579 l_ributum
2693 4508 2799 4566 est,
2827 4507 2889 4579 ut
2912 4498 3009 4554 soli
3040 4515 3189 4579 papa:
3207 4497 3407 4579 subsit.

239 4569 663 4641 ctunscstzuhi
714 4584 838 4624 cum
891 4579 1201 4641 aegrotaret,
1233 4572 1303 4626 ad
1331 4587 1453 4627 cum
1499 4573 1664 4628 missa
1702 4575 1825 4631 lucc

240 4638 461 4709 epistola
476 4640 722 4709 ividetur.

308 4708 424 4781 (50)
464 4708 725 4781 Rirltardo
767 4710 1005 4781 episcopo
1047 4711 1236 4781 legato.
1284 4710 1557 4768 Cardinali
1606 4713 1820 4770 scilicet

237 4779 478 4856 albano,
499 4782 564 4856 de
585 4780 739 4849 cujus
773 4780 824 4835 in
859 4781 1041 4856 _Gaﬂia
1092 4779 1388 4856 legatione,
1440 4794 1819 4856 conventuque

240 4849 588 4924 Balgentiaci,
612 4867 678 4924 ac
703 4852 910 4924 synodo
948 4852 1136 4908 Trecis
1157 4849 1458 4924 convocata
1490 4854 1581 4910 Ivo
1608 4849 1818 4911 Carno-

238 4922 428 4997 tcnsis.
462 4931 574 4975 tum
610 4921 664 4997 in
705 4921 949 4997 epistolis
973 4939 1109 4997 quos
1164 4923 1470 4997 ad_.ipsum
1492 4926 1818 4997 complures

240 4990 448 5055 scribit,
474 5001 592 5068 tum
647 4991 699 5048 in
740 4990 882 5068 aliis
921 4990 1005 5048 ad'
1033 4990 1373 5058 Paschalem,
1423 4994 1575 5065 cujus
1609 4990 1815 5068 legatus

236 5069 377 5123 erat,
406 5064 505 5115 sub
525 5079 726 5119 annum
753 5061 908 5118 11οι1.

310 5129 423 5204 (51)
451 5131 649 5204 Cononi
677 5134 870 5204 legato.
911 5134 975 5190 Et
1004 5134 1095 5189 hic
1118 5133 1404 5204 episcopus
1462 5135 1587 5192 item
1633 5138 1813 5193 cardi-

238 5199 535 5279 nalis,'_s‘e‘d‘
572 5199 958 5279 Przettestinus,
1004 5199 1245 5279 ejusdem
1282 5199 1560 5279 Paschalis
1606 5207 1813 5279 legatus

235 5287 380 5348 anno
403 5268 558 5341 1115,
583 5290 697 5348 (ιυρ
719 5290 863 5348 anno
894 5276 995 5348 tria
1020 5268 1073 5330 in
1107 5274 1296 5348 Gallis,
1325 5294 1355 5330 a
1386 5276 1607 5333 Conone
1633 5268 1810 5348 legato

235 5342 501 5399 celebrata
527 5342 753 5400 concilia
777 5345 960 5400 docuit
987 5361 1083 5401 nos
1111 5361 1233 5402 cum
1276 5347 1514 5404 Roberto
1546 5342 1812 5404 monacho

234 5413 293 5466 S.
325 5412 568 5477 Mariani,
597 5426 753 5471 vetus
797 5414 1127 5471 Cbronicum
1187 5416 1521 5473 Turoneusc.
1564 5417 1808 5475 Primum

232 5482 438 5551 Remis,
469 5487 697 5541 alterum
741 5484 1027 5553 Bellovmti2
1065 5487 1281 5541 tertium
1319 5488 1620 5543 Catalauni.
1673 5488 1812 5545 Sunt

231 5563 287 5611 et
314 5553 493 5627 Iivonis
519 5557 727 5626 aliquot
755 5556 822 5612 ad
845 5556 1118 5627 Cononem
1150 5556 1381 5627 legatum
1420 5559 1680 5627 epistola).

302 5624 416 5699 (52)
441 5626 573 5699 Octo
592 5624 921 5699 pontificum.
963 5624 1236 5699 Benedicti
1268 5624 1375 5699 IX,
1429 5626 1717 5699 Clementis
1745 5629 1806 5696 II,

232 5695 487 5769 Victoriis
504 5695 544 5750 Il
555 5738 570 5769 ,
591 5696 791 5769 Nicol‘ai
806 5697 864 5769 II,
881 5697 1164 5753 Alexandri
1180 5695 1240 5769 II,
1255 5696 1498 5768 Gregorii
1522 5698 1626 5769 Vil,
1642 5700 1811 5757 Urba:

233 5768 284 5822 ni
306 5768 369 5835 ll,
403 5765 686 5826 Paschalis
709 5767 770 5823 ll.
795 5767 1034 5836 Quorum
1055 5768 1297 5826 muniunt
1319 5765 1387 5826 de
1413 5770 1513 5827 hac
1537 5765 1806 5829 monaste-

1996 4567 2291 4644 (55)'Nulli
2314 4571 2801 4644 penitusgtersonm.
2827 4568 2938 4644 Nec
2983 4567 3282 4644 episcopis,
3321 4567 3525 4644 neC__le-.

1921 4638 2408 4714 gat'is.'Gt-egorius
2463 4640 2553 4714 Ἧι
2601 4642 2668 4714 ad
2722 4638 3031 4714 Odericum'
3073 4641 3322 4714 abbatem
3353 4657 3366 4694 :
3402 4638 3523 4696 Hoc

1919 4711 2077 4769 Etiam
2104 4711 2280 4769 divina
2312 4712 2438 4784 fulti
2457 4712 2680 4834 {ﬁducia
2728 4711 3019 4780 apostolica
3050 4711 3365 4767 auctoritate
3393 4729 3517 4783 pro-

1919 4785 2177 4834 hibemus.
2237 4801 2300 4834 ne
2344 4783 2398 4834 in
2499 4782 2825 4834 indocinensi
2856 4782 3087 4834 omnobio
3134 4782 3231 4834 ulli
3274 4799 3511 4834 annuam

1918 4785 2178 4848 bibemus,
2237 4782 2825 4855 ue‘inhVindocinensi
2856 4782 3087 4837 coenobio
3134 4782 3231 4855 ulli
3274 4799 3511 4855 unquam

1922 4871 2176 4923 personae.
2211 4852 2435 4909 nisisoli
2468 4868 2619 4922 papa:
2646 4850 2797 4906 liceat
2833 4863 3141 4925 potestatem
3160 4850 3391 4925 aliquam
3422 4865 3517 4909 aut

1917 4926 2324 4979 dominationem
2373 4938 2632 4986 exercere,
2675 4931 2764 4975 aut
2815 4924 3269 4980 excommuuicare
3293 4942 3386 4980 seu
3424 4927 3511 4980 ius

1921 4995 2190 5048 terdicere.
2222 4993 2363 5048 Infra
2397 4994 2485 5049 lib.
2521 5009 2582 5056 lt,
2610 4992 2768 5060 epist.
2810 4993 2876 5047 10
2902 5004 2956 5047 et
2984 4990 3076 5048 '27.

1992 5064 2106 5134 (54)
2137 5062 2334 5134 Nullus
2360 5080 2541 5120 eorum
2566 5062 2727 5134 alicui
2754 5063 2991 5119 consilio.
3021 5064 3189 5134 Epist.
3212 5066 3304 5121 9.9.

1992 5133 2105 5207 (55)
2146 5133 2543 5207 {Iildebrandus
2583 5133 3013 5207 archidiaconus.
3053 5133 3105 5189 Id
3136 5154 3359 5205 nomen,
3393 5152 3523 5191 mu-.

1919 5203 2409 5277 rtitsqueGregorio
2440 5205 2548 5267 νη,
2581 5203 2895 5277 priusquam
2950 5207 3193 5277 pontifex
3235 5203 3513 5277 renuntia-

1915 5274 2086 5348 retur.
2116 5274 2448 5348 Legationis,
2496 5291 2667 5348 quam
2707 5292 2739 5329 a
2782 5274 2999 5348 Victore
3026 5274 3113 5345 ill,
3156 5279 3357 5333 missus
3376 5276 3512 5348 obiit

1916 5351 1970 5402 in
1993 5345 2468 5418 Galliafmeminit
2492 5347 2605 5415 ipse
2635 5346 2687 5400 in
2718 5346 3005 5417 colloquio,
3049 5349 3191 5418 quod
3245 5361 3367 5418 cum
3391 5345 3510 5418 Bo-

1913 5418 2128 5484 ginaldo
2158 5417 2368 5474 Radulli
2421 5417 2811 5488 archiepisc0pi
2869 5415 3502 5488 internuntiohabuisse

1913 5483 2062 5547 illmu
2089 5498 2449 5546 narratvetus
2510 5483 2733 5545 historia
2763 5483 2835 5543 'iu
2877 5487 3168 5544 Tabularto
3197 5486 3255 5542 S.
3291 5483 3506 5540 Martini

1913 5558 2285 5632 Turonensis:
2319 5560 2431 5632 Ego
2472 5570 2680 5632 autem,
2721 5558 2941 5632 inquit,
2968 5554 3505 5632 ηιεηιξηῂαιὶιλιιαῃᾴο

1912 5642 2142 5701 tempore
2183 5624 2402 5686 Victoris
2436 5647 2588 5701 papa:
2638 5624 2838 5701 Turoni
2892 5644 3072 5701 moras
3097 5624 3282 5701 fecisse
3310 5628 3505 5701 indica

1912 5694 2365 5783 bus'llartolonuci
2414 5694 2581 5783 ipsius
2628 5694 3173 5783 urbis‘ar‘clti‘episcopi
3206 5697 3281 5783 ad
3316 5697 3499 5783 discu-

1910 5773 2134 5830 tiendam
2165 5790 2377 5829 causmn
2414 5766 2597 5843 fratris
2630 5771 2793 5824 nostri
2823 5766 2886 5823 Β.
2916 5777 2961 5823 et
2986 5783 3065 5823 mc
3102 5766 3314 5825 honeste
3337 5788 3366 5824 a
3393 5770 3501 5826 cla.
