3990 6450
453 345 524 401 59

1496 355 1814 412 GOFFRIDI
1852 356 2145 412 ABBATIS
2185 359 2723 417 VINDOCINENSIS.

3685 364 3751 419 60

454 463 561 518 dus
595 461 866 522 Ostiensis
910 469 1203 540 episcopus
1245 469 1391 541 (56),
1446 468 1754 539 Stephanus
1808 470 1944 541 (5'7),
1998 481 2051 524 et
2080 481 2126 535 Α
2156 474 2376 531 mimus.
2436 475 2630 548 Magna
2686 476 2909 546 quidem
2972 486 3057 533 est
3119 478 3253 545 haec,
3303 478 3400 533 sed
3445 456 3513 532 de
3557 492 3753 549 magna

461 555 820 613 llaimbaldus
852 559 966 629 (58)
997 570 1159 632 atque
1190 562 1347 616 multi
1392 572 1581 630 postea
1614 579 1825 633 magna:
1866 575 2057 619 aucto-

459 646 640 703 ritatis
671 649 774 703 viri
801 666 831 704 a
860 649 1028 705 latere
1061 651 1120 704 B.
1150 650 1295 706 Petri
1326 652 1380 705 in
1418 652 1743 724 legationem
1783 654 1960 722 missi,
1987 657 2055 711 ad

463 741 563 794 bas
610 748 794 809 partes
824 748 1112 808 venerunt,
1145 753 1200 798 et
1237 746 1638 801 monasterium
1677 755 1949 814 nostrum,
2001 757 2056 803 et

459 830 763 888 libertatem
793 833 914 903 ejus
939 843 1104 905 atque
1124 835 1443 907 dignitatem
1487 839 1815 905 dilexerunt,
1857 851 1912 896 et
1951 842 2056 895 illi—

461 924 643 979 batam
692 925 917 980 omnino
968 938 1348 984 servaverunt.
1390 928 1503 986 Nos
1542 932 1813 1003 siquidem
1849 934 1918 989 ad
1959 950 2056 989 vos

457 1015 662 1082 venire,
688 1032 852 1087 quem
874 1016 1261 1076 charissimum
1287 1021 1573 1078 dominum
1599 1033 1654 1080 et
1674 1026 1910 1082 amicum
1937 1044 2056 1083 crc-

458 1096 662 1171 dimus,
701 1115 757 1162 et
807 1108 964 1165 vobis
1012 1110 1315 1167 honoriﬁce
1352 1115 1561 1170 servire
1598 1116 2051 1186 desideravimus,

450 1206 511 1254 et.
542 1198 960 1258 desideramus:
991 1212 1044 1259 et
1085 1205 1417 1261 desiderium
1470 1217 1719 1263 nostrum
1770 1211 2056 1283 diligenter

450 1296 842 1366 eompleretur,
893 1298 939 1354 si
983 1301 1285 1356 necessitas
1325 1303 1574 1371 corporis
1601 1313 1655 1358 et
1690 1306 2053 1375 quorumdam

456 1391 789 1458 perversitas
818 1392 1107 1447 hominum
1134 1403 1432 1465 pateretur.
1467 1394 1607 1451 Sunt
1633 1399 1834 1454 etenim
1866 1400 1923 1454 in
1967 1400 2056 1455 iti-

456 1496 588 1537 nere
612 1483 838 1554 quidam
877 1484 1136 1542 Ecclesia:
1167 1497 1370 1543 nostrte
1392 1488 1598 1544 inimici
1623 1507 1860 1562 quorum
1907 1492 2054 1563 inju-

453 1572 591 1640 rias,
619 1575 750 1646 quia
792 1591 882 1632 res
934 1576 994 1632 Β.
1038 1576 1185 1633 Petri
1231 1581 1389 1649 nobis
1431 1584 1759 1640 commissas
1788 1584 1869 1640 eis
1892 1586 2058 1640 relin-

452 1683 625 1737 quere
665 1669 944 1738 nolumus,
994 1687 1168 1750 usque
1211 1675 1279 1730 ad
1329 1676 1534 1747 proprii
1565 1678 1813 1747 corporis
1850 1678 2058 1749 captio-

453 1776 579 1816 nem
622 1762 735 1832 jam
792 1780 986 1820 sumus
1030 1769 1407 1839 expertizqui
1461 1786 1609 1824 nunc
1671 1771 1838 1825 etiam
1897 1772 2057 1828 nobis

452 1852 762 1921 captionem
804 1855 1154 1912 solummodo
1172 1874 1280 1913 non
1314 1860 1616 1927 minantur,
1655 1862 1750 1917 sed
1772 1872 2003 1918 mortem
2037 1883 2050 1918 :

453 1940 834 2005 Viziliacensis
856 1947 1370 2020 abbatis(59)lnobis
1395 1952 1605 2007 obitum
1632 1954 2051 2023 exprobrantes,

444 2052 616 2107 quem
646 2038 766 2094 sine
791 2040 1029 2097 vindicta
1063 2044 1241 2113 capite
1272 2045 1461 2101 dicunt
1496 2046 1670 2102 fuisse
1712 2056 2047 2104 truncatum.

452 2127 607 2186 Unde
669 2131 990 2189 discretioni
1055 2146 1250 2193 vestra:
1306 2138 1591 2193 humiliter
1653 2140 2049 2208 supplicamus,

449 2231 726 2292 quatenus
748 2235 844 2281 aut
871 2229 1207 2285 conductum
1236 2231 1391 2286 nobis
1417 2232 1702 2302 quaeratis,
1734 2242 1829 2287 aut
1869 2233 2050 2289 locum

444 2316 769 2387 signiﬁcetis
797 2334 1076 2387 securum,
1118 2323 1211 2377 ubi
1239 2324 1520 2393 possimus
1546 2325 1703 2380 vobis
1734 2341 2047 2392 occurrere,

444 2415 506 2462 et
545 2409 798 2479 quaedam
843 2412 912 2467 ad
950 2414 1243 2469 utilitatem
1277 2416 1486 2471 domini
1529 2431 1683 2472 nacte
1730 2426 1926 2472 vestra:
1965 2417 2050 2473 (11·-

448 2495 669 2552 lectioni
691 2500 951 2557 revelare.

927 2610 1036 2681 37
1071 2609 1403 2667 EPISTOLA
1460 2612 1601 2666 XIX.

466 2695 791 2753 Cbarissimo
852 2700 1064 2755 domino
1125 2711 1172 2755 et
1231 2702 1761 2772 prtecordialiamico
1827 2704 2056 2759 Girardo

541 2787 843 2844 honorabili
903 2790 1286 2860 Engolismensi
1350 2791 1463 2865 (60)
1531 2793 1803 2863 episcOpo,
1858 2807 2056 2852 sancta

543 2878 796 2935 Romanae
851 2882 991 2937 sedis
1020 2884 1237 2948 vicario,
1300 2882 1573 2952 Goﬂridus
1620 2885 1855 2955 ejusdem
1913 2889 2053 2942 sedis

537 2969 829 3027 alodiarius
872 2984 920 3027 et
959 2990 1158 3037 servus,
1183 2975 1510 3029 dilectionem
1531 2984 1579 3029 et
1610 2976 1905 3032 dilectionis
1935 2996 2051 3033 ser-

535 3061 747 3116 vitutem
757 3102 769 3114 .

538 3151 848 3216 Pressuras,
880 3170 1017 3224 quas
1048 3154 1434 3209 monasterium
1490 3166 1731 3209 nostrum
1752 3197 1766 3219 ,
1809 3156 2043 3212 alodium

467 3241 530 3296 Β.
554 3242 695 3299 Petri
721 3255 776 3300 et
802 3245 922 3315 ejus
956 3246 1340 3316 patrimonium
1372 3247 1593 3315 patitur,
1624 3256 1820 3304 vestrse
1840 3252 2046 3305 sancti-

468 3335 563 3389 tati
597 3336 874 3393 notiﬁcare
899 3338 1246 3403 curavimus;
1291 3348 1368 3405 et,
1400 3348 1573 3393 uteas
1601 3349 1808 3396 vestras
1836 3341 2046 3398 faciatis

460 3430 856 3497 compassionis
903 3431 1092 3488 aﬁ‘ectu
1121 3473 1137 3498 ,
1184 3448 1281 3488 vos
1321 3433 1596 3488 humiliter
1622 3450 1814 3505 rogare
1844 3451 2047 3505 praesu-

464 3560 590 3616 iicis
616 3565 783 3617 sancti
813 3563 1032 3619 Martini
1086 3584 1195 3619 esse
1223 3577 1540 3634 susceptum,
1572 3568 1772 3630 quoties
1802 3570 1961 3631 rolui,
1997 3578 2044 3622 et

463 3635 919 3707 communiontbus
946 3636 1156 3690 illorum
1188 3637 1484 3707 frequenter
1515 3654 1665 3691 nsunt
1693 3637 1874 3706 fuisse.
1907 3639 2047 3694 Duas

463 3702 611 3780 enim
634 3718 695 3757 ea
735 3705 1091 3780 it‘t‘It’ga‘lione
1141 3702 1375 3780 synodos
1402 3708 1530 3780 egit.
1592 3702 1765 3780 Unam
1803 3708 2044 3780 Lugduni

465 3771 725 3856 adversus
749 3771 1085 3833 Simdniacos
1109 3794 1123 3843 ;
1152 3771 1374 3833 alteram
1401 3778 1601 3832 Turoni
1631 3787 1819 3832 contra
1849 3779 2046 3834 Beren-

462 3859 694 3912 gztrtttm.

537 3912 647 3981 (56)
679 3914 936 3970 Girardus
961 3916 1212 3971 Ostiensis
1236 3919 1526 3983 cpiscopus.
1553 3920 1786 3979 Legatus
1813 3922 2044 3985 primum

463 3982 753 4059 ﬁlexandri
780 3986 841 4046 ll.
869 4003 993 4043 ηιοκ
1016 3989 1261 4057 Gregorii
1291 3988 1399 4052 VII,
1438 3991 1528 4059 qui
1560 4001 1614 4044 et
1636 3982 1871 4046 Turonis
1896 3991 2043 4044 illum

462 4051 658 4131 fuisse
688 4066 914 4131 testatur
943 4058 994 4111 in
1039 4051 1306 4128 colloquio
1333 4051 1475 4125 ηιωά
1503 4061 1611 4114 dixi
1637 4078 1651 4123 ;
1687 4070 1740 4114 et
1765 4062 2044 4131 synodum

463 4125 533 4250 ﬁt?
559 4125 745 4207 eodem
777 4125 1282 4250 inuisovcmpopolis
1338 4140 1580 4185 coactam
1630 4125 2043 4194 commemorat,

488 4213 557 4249 ι).
580 4212 616 4250 ι.
648 4211 713 4250 eo
738 4208 806 4250 sl.
880 4201 913 4250 ⁸.

487 4196 557 4249 ib.
580 4212 616 4255 ι.
648 4199 806 4255 eD'st.
827 4200 913 4253 16.

536 4211 997 4343 (έῆἱὲιέἷιῗαῑέαδ.
1026 4269 1081 4323 Si
1108 4280 1344 4343 tempora
1390 4282 1624 4341 spectes,
1674 4274 1909 4343 praeponi
1943 4273 2043 4326 de-

463 4335 846 4408 buitiﬁirahlo.
879 4339 1032 4394 Prior
1058 4342 1198 4394 enim
1221 4335 1508 4408 legatione
1534 4335 1752 4398 {nuncius
1778 4335 1861 4397 est
1893 4344 2047 4397 Mco-

462 4405 549 4461 Iio
578 4407 630 4481 ll
661 4410 934 4479 pontiﬁce,
961 4410 1269 4481 Gregorius
1290 4405 1373 4481 VII
1400 4412 1450 4464 in
1472 4412 1738 4481 colloquio
1766 4431 1779 4465 :
1814 4412 2045 4466 Pueror-

460 4494 521 4530 αα
570 4476 864 4545 Stephanus
910 4484 962 4534 in
986 4481 1165 4534 diebus
1225 4480 1436 4535 Nicolai
1482 4480 1575 4547 Il,
1631 4476 1887 4535 Romana:
1908 4482 2045 4534 sedis

2092 1826 2133 1880 Β

2160 575 2336 621 vestra
2377 566 2619 623 bonitate
2655 568 3026 639 przesumptio.
3059 567 3332 625 Noveritis
3376 570 3582 639 itaque,
3623 567 3754 624 dile-

2159 658 2400 714 ctissime
2427 658 2606 726 Pater,
2643 658 2864 714 Petrum
2907 659 2975 713 de
3022 659 3206 716 Monte
3244 677 3411 717 aureo
3438 661 3550 731 (6-1)
3582 662 3755 731 quod—

2158 750 2284 805 dam
2359 752 2734 807 cmmeterium
2804 761 3058 809 nostrum
3136 754 3403 809 violenter
3467 753 3755 824 infregisse

2157 842 2406 913 duasque
2427 844 2584 899 villas
2616 852 2859 910 nostras,
2900 845 3067 900 rebus
3091 846 3348 901 omnibus
3370 846 3590 912 ablatis,
3622 860 3753 915 pene

2158 936 2375 1005 penitus
2398 936 2757 994 destruxisse.
2797 937 3094 993 Mauricius
3144 939 3341 993 iterum
3381 936 3752 992 Rotuniardus

2160 1046 2324 1084 unam
2376 1033 2665 1089 ecclesiam
2713 1039 2767 1088 et
2812 1042 3013 1087 terram
3059 1031 3128 1086 ad
3182 1031 3467 1087 ecclesiam
3509 1040 3749 1085 nostram

2158 1129 2519 1198 pertinentem
2567 1131 2770 1200 injuste
2797 1129 3055 1201 possidet,
3106 1145 3270 1199 quam
3303 1130 3462 1185 nobis
3506 1129 3745 1183 abstulit.

2158 1220 2277 1287 Qua
2324 1216 2489 1277 dere
2523 1238 2554 1277 a
2587 1222 2988 1282 Cenomanensi
3027 1222 3284 1292 episcopo
3316 1232 3371 1277 et
3405 1223 3474 1277 ab
3505 1222 3723 1293 Amlega

2158 1313 2311 1369 vensi
2337 1313 2451 1383 (62)
2488 1330 2631 1384 saepe
2666 1315 3002 1381 admonitus,
3044 1332 3260 1385 semper
3307 1316 3485 1371 ablata
3527 1315 3749 1370 reddere

2159 1407 2477 1461 contemnit.
2506 1405 2660 1462 Unde
2685 1408 2752 1462 de
2791 1408 2915 1462 sinu
2958 1408 3151 1463 matris
3181 1416 3383 1464 nostrae
3406 1417 3611 1464 sanctae
3652 1407 3754 1462 Ro-

2161 1515 2336 1554 mana:
2382 1498 2657 1567 Ecclesiae,
2685 1501 2982 1555 mamillam
3013 1500 3241 1570 iustitia:
3270 1502 3421 1556 liliali
3463 1501 3751 1557 dilectione

2162 1593 2524 1663 requirentes,
2553 1604 2789 1651 vestram
2838 1597 3140 1650 bonitatem
3175 1595 3407 1650 multum
3438 1595 3753 1666 suppliciter
3810 1608 3815 1613 '

2160 1702 2472 1755 precamur,
2511 1697 2785 1757 quatenus
2828 1688 3102 1757 praedictis
3143 1689 3434 1759 episcopis,
3486 1690 3660 1745 misso
3685 1690 3754 1745 ad

2160 1793 2255 1831 eos
2285 1786 2481 1832 vestrae
2520 1779 2859 1834 auctoritatis
2890 1780 3110 1834 decreto
3151 1781 3482 1851 praecipiatis
3523 1789 3585 1836 ut
3619 1779 3753 1835 Vin-

2157 1870 2454 1927 docinense
2516 1874 2933 1939 monasterium,
2999 1873 3060 1928 B.
3126 1872 3272 1928 Petri
3338 1874 3753 1945 patrimonium,

2156 1963 2468 2019 nullatenus
2498 1980 2527 2019 a
2554 1965 2904 2034 parochianis
2935 1966 3050 2020 suis
3081 1966 3288 2032 vexari,
3340 1967 3423 2020 vel
3472 1967 3636 2024 rebus
3660 1982 3756 2021 ex-

2158 2051 2384 2121 spoliari
2436 2053 2804 2107 consentiant.
2843 2052 2909 2106 Et
2954 2055 3084 2124 quia
3129 2056 3471 2111 venerabiles
3519 2055 3754 2111 Romani

2156 2141 2445 2211 pontiﬁces
2477 2158 2709 2199 suorum
2744 2144 3129 2200 irretractabili
3171 2147 3497 2201 auctoritate
3540 2148 3759 2217 privile-

2156 2234 2371 2303 giorum
2397 2234 2510 2306 38
2531 2251 2725 2291 onmes
2775 2247 3154 2306 persecutores
3184 2247 3404 2293 nostros
3434 2253 3757 2294 excommu-

2153 2327 2449 2383 nicationis
2470 2329 2706 2386 vinculis
2740 2330 3053 2400 alligarunt,
3094 2331 3559 2402 quandoquidem,
3603 2334 3757 2403 quod

2152 2421 2223 2475 ab
2252 2420 2359 2478 illis
2394 2422 2618 2492 ligatum
2645 2433 2748 2490 est,
2780 2424 2882 2494 ipsi
2911 2424 3124 2479 solvere
3150 2439 3258 2479 non
3283 2436 3537 2495 possunt,
3562 2426 3756 2481 tandiu

2151 2511 2372 2569 Petrum
2413 2524 2464 2570 et
2500 2513 2847 2583 Mauricium,
2884 2516 2978 2585 qui
3022 2524 3214 2570 contra
3244 2530 3347 2571 nos
3392 2515 3582 2588 inique
3628 2533 3759 2588 ege—

2155 2621 2302 2678 ιιειηι.
2328 2614 2824 2669 excommunicatos
2872 2624 3119 2676 teneant,
3153 2614 3325 2670 donec
3357 2613 3470 2677 illa.
3499 2628 3620 2677 qua:
3645 2631 3747 2669 no-

2155 2702 2238 2757 bis
2259 2701 2456 2771 injuste
2496 2703 2853 2765 abslulerunt,
2887 2704 3150 2758 canonica
3172 2703 3288 2773 lege
3319 2703 3628 2758 restituant.

2689 2793 3019 2849 EPISTOLA
3073 2794 3189 2848 XX.

2154 2884 2385 2940 Girartlo
2413 2885 2782 2940 Non/unauna
2831 2884 3215 2956 Engolismensi
3250 2886 3510 2954 episcopo,
3540 2896 3745 2938 sancta:

2232 2975 2487 3031 Romana:
2527 2978 2663 3030 sedis
2723 2984 2915 3044 legato,
2962 2977 3127 3044 frater
3164 2975 3440 3045 (io/[rides
3500 2976 3743 3043 ejusdem

2223 3072 2362 3124 sedis
2396 3069 2683 3124 catholicus
2729 3085 2928 3135 servus,
2959 3068 3255 3123 discordias
3303 3086 3406 3122 non
3448 3069 3743 3131 seminare,

2222 3177 2315 3215 nec
2336 3159 2434 3213 cito
2462 3160 2675 3213 credere
2698 3159 2975 3212 mendacia
3002 3158 3310 3228 proferenti.

2218 3251 2382 3305 Miror
2409 3259 2482 3313 te,
2515 3258 2676 3304 tanta:
2698 3248 3043 3304 discretionis
3072 3250 3381 3319 pontilicem
3414 3258 3606 3303 contra
3632 3266 3738 3309 me,

2147 3343 2274 3398 licet
2317 3344 2617 3405 absentem,
2672 3358 2736 3396 ea
2786 3342 2998 3412 pubiice
3040 3342 3330 3411 protulisse
3371 3357 3493 3411 qua:
3541 3344 3594 3396 in
3643 3358 3744 3396 cor

2149 3446 2323 3499 tamn,
2355 3433 2499 3502 quod
2523 3432 2820 3487 armarium
2850 3433 3098 3488 veritatis
3126 3448 3247 3487 esse
3276 3428 3536 3488 libuerat
3555 3444 3612 3487 et
3636 3448 3741 3498 pu-

2146 3563 2642 3632 Anguslodnnensi.
2684 3563 2771 3619 ubi
2798 3563 2975 3618 nobile
3005 3563 3104 3630 (sic.
3133 3563 3277 3617 enim
3337 3564 3573 3633 appellat
3606 3566 3744 3618 Bor-

2148 3637 2347 3689 nartlus
2382 3641 2543 3703 epist.
2576 3634 2721 3704 150),
2780 3634 2840 3687 Β.
2898 3634 3232 3704 Magdaleme
3292 3638 3680 3690 monasterium
3714 3656 3743 3688 a

2146 3706 2359 3760 Ger:qu
2418 3706 2636 3769 coniize,
2692 3705 2959 3773 Bel-taque
2988 3720 3178 3766 uxore,
3204 3705 3381 3759 Caroli
3410 3706 3562 3759 Calvi
3603 3719 3747 3760 tem-

2153 3776 2376 3846 poribus
2426 3776 2727 3831 conditum.
2763 3776 2836 3829 De
2876 3775 3072 3846 eodem
3125 3775 3318 3830 l’etrns
3367 3774 3746 3846 Climiiacensis

2147 3844 2315 3900 abbas
2343 3848 2539 3916 IiI).er.
2565 3848 2723 3916 epist.
2757 3844 2929 3901 ‘28.!n
2943 3848 3179 3915 partibus
3198 3846 3388 3899 nostris
3421 3844 3742 3905 Visetiacns.

2147 3929 2358 3983 excepto
2418 3915 2695 3979 Cluniaco,
2754 3919 2807 3969 in
2855 3916 3020 3969 nostri
3072 3917 3271 3969 ordinis
3295 3917 3485 3969 studiis
3534 3918 3747 3969 nullum

2183 3988 2350 4041 utitur
2371 3988 2562 4040 habere
2588 3989 2838 4055 priorem.
2890 3986 3108 4041 Ordinis
3133 3987 3215 4040 sui
3246 3987 3402 4046 dixit,
3434 3986 3559 4055 quia
3592 3986 3748 4040 \‘irc-

2169 4059 2382 4111 iacense
2431 4057 2760 4122 cmnobium,
2784 4055 2887 4110 etsi
2915 4057 3211 4124 antiquius.
3254 4056 3353 4110 sub
3391 4055 3745 4111 Cluniacensi

2148 4128 2426 4194 disciplina
2454 4127 2541 4178 diu
2573 4127 2743 4186 stetit.
2788 4141 2929 4179 nunc
2984 4142 3079 4193 pro
3115 4126 3398 4180 monachis
3443 4130 3748 4181 canonicos

2148 4197 2310 4252 habet
2329 4196 2633 4250 sa'culares.
2662 4196 2941 4250 Paschalis
2965 4196 3001 4249 ll
3026 4211 3122 4251 exs
3147 4207 3240 4252 ant
3273 4196 3488 4260 litterae,
3509 4212 3747 4267 quorum

2149 4268 2685 4336 pericopenepist.9
2726 4267 2976 4336 vidimus,
3034 4267 3325 4322 Beneventi
3390 4284 3535 4321 anno
3597 4268 3749 4321 “05

2148 4335 2363 4407 Scripta:
2386 4335 2606 4389 Altardo
2620 4335 2797 4390 abbati
2816 4335 2852 4390 γ
2863 4336 3164 4392 izeliacensi
3177 4379 3190 4400 ,
3207 4339 3331 4393 huic
3354 4338 3451 4407 ipsi
3479 4340 3746 4402 fortasse,

2148 4422 2308 4476 quem
2344 4406 2559 4476 impune
2580 4422 2776 4460 ca'sum
2805 4418 2989 4461 narrat
3014 4406 3305 4462 Goﬁ‘ridus.

2221 4476 2333 4545 (60)
2375 4474 2633 4548 Cirardo”
2660 4477 3062 4544 Engolisntensi.
3128 4480 3240 4532 Duo
3279 4480 3436 4548 hujus
3498 4478 3749 4534 nominis

458 4548 719 4617 pontiﬁcis
750 4551 817 4603 ad
843 4551 1047 4603 easdem
1072 4560 1245 4617 partes
1295 4554 1482 4604 missus
1508 4562 1604 4613 est,
1663 4554 1793 4605 vires
1830 4562 2044 4605 acturus
2078 4552 2122 4606 Ι)
2149 4549 2359 4601 modico
2393 4547 2673 4601 intervnllo
2729 4549 2964 4616 episcopi
3018 4547 3452 4618 Engolismenses
3495 4549 3745 4605 fuerunt.

459 4619 801 4685 apostolicus,
838 4621 915 4673 vir
945 4621 1191 4673 numidia:
1213 4622 1563 4690 auctoritatis.
1598 4621 1701 4688 Qui
1733 4638 1896 4690 neque
1919 4637 2044 4687 pro-

460 4691 744 4759 cessionem
774 4708 804 4742 a
831 4706 860 4742 c
879 4690 1100 4742 manicis
1126 4689 1404 4759 postulavit
1435 4706 1454 4744 :
1486 4707 1649 4756 neque
1672 4689 2045 4757 exspestulan-

462 4758 587 4811 dum
613 4776 724 4813 esse
753 4761 986 4825 censuit;
1009 4758 1343 4822 quaasci'iret
1368 4762 1415 4813 si
1436 4760 1565 4814 adeo
1598 4762 1863 4830 improbus
1893 4772 2044 4822 esset,

458 4832 710 4897 potuisset
742 4832 941 4901 negari.
975 4829 1177 4901 Quippe
1205 4846 1321 4899 qua!
1362 4830 1465 4884 nisi
1495 4829 1700 4901 regibus
1721 4830 1966 4885 Francia!
1999 4843 2046 4884 et

461 4900 761 4970 (postoficis
814 4900 877 4954 ab
932 4900 1383 4967 ipsis-canonicis
1436 4900 1807 4970 nunquam/it.
1879 4901 2047 4967 Quem

459 4969 618 5040 etiam
645 4972 878 5037 quanzlin
933 4971 1004 5025 ii
1063 4970 1164 5040 fuit
1216 4971 1427 5025 honeste
1475 4969 1793 5034 habuerunt,
1838 4984 1884 5025 et
1949 4990 2048 5027 sua

462 5038 694 5110 maiima
733 5040 1007 5095 alacritatis
1040 5038 1357 5095 exhibitione
1391 5041 1578 5110 largiti
1604 5052 1746 5096 sunt.
1780 5042 2047 5097 Praeterea

457 5105 761 5184 Gregorius
785 5111 1184 5184 idemjib.vn,
1229 5110 1389 5184 epist.
1419 5105 1504 5177 l8;
1537 5114 1624 5167 ubi
1669 5112 1827 5184 legati
1849 5115 2049 5168 utrius—

461 5193 568 5247 que
602 5181 867 5253 meminit,
928 5179 1275 5253 Stephanum
1316 5182 1547 5253 legatum
1602 5179 1753 5253 prius
1807 5184 2051 5238 nominat

456 5264 624 5325 quam
674 5249 972 5325 ϐξωιίιιιηι.
1010 5249 1260 5325 Duravit
1328 5249 1489 5321 porro
1542 5249 1801 5325 Stephani
1840 5255 2050 5325 legatio

461 5320 627 5393 etiam
657 5322 756 5376 sub
780 5321 1086 5378 Alexandro
1132 5323 1194 5378 ll.
1246 5323 1294 5376 Is
1329 5320 1482 5378 enim
1507 5336 1590 5380 est
1621 5320 1711 5393 qui
1747 5320 2048 5380 Goli‘ridum

459 5386 751 5462 Barbatum
780 5393 1031 5448 coiitcm
1085 5393 1432 5449 anathemate
1488 5386 1754 5462 percussit
1792 5396 1891 5451 sub
1919 5412 2047 5449 ann.

461 5459 619 5531 l0l38.
647 5461 827 5527 Quare
855 5462 949 5525 illi,
975 5473 1033 5519 ut
1059 5466 1269 5531 opinor.
1295 5459 1560 5521 successit
1593 5466 1867 5521 Girahlns.

533 5530 645 5598 (38)
672 5530 1043 5589 Raimbafdus.
1077 5530 1453 5591 Suldiaconas
1486 5537 1739 5592 Ecclesia),
1772 5536 2049 5601 Romanae,

461 5598 667 5677 Qiraldi
713 5601 948 5677 Ostiensi
1008 5607 1059 5659 in
1118 5608 1381 5677 legatione
1425 5607 1651 5677 collega.
1681 5606 1914 5677 Grcgor.
1943 5598 2049 5660 VII.

461 5668 554 5724 lib.
581 5686 621 5736 I,
646 5673 803 5742 epist.
829 5680 884 5730 6.

537 5742 650 5816 (59)
690 5743 1045 5801 Visiliacensis
1084 5747 1305 5802 abbatis.
1362 5748 1529 5816 Epist.
1596 5749 1676 5802 I5.
1730 5746 2052 5801 i'iseliacum

468 5812 747 5883 irotcrtus,
774 5817 915 5886 quod
967 5820 1216 5889 Untiiltlll
1268 5829 1350 5876 est
1406 5812 1705 5874 .lid'wrum
1739 5819 1787 5873 in
1832 5818 2050 5873 diu:ch

2149 4618 2309 4673 Prior
2355 4617 2680 4673 dedicationi
2732 4618 2974 4673 ecclesiae
3029 4617 3446 4675 Vindocineusis
3489 4620 3748 4674 interluit

2149 4704 2295 4742 anno
2322 4686 2481 4741 1040.
2513 4687 2709 4742 Verum
2746 4689 2831 4743 hic
2864 4692 3208 4758 legationem,
3238 4691 3392 4756 cujus
3413 4701 3589 4745 exstet
3623 4707 3751 4746 me~

2150 4759 2378 4831 moria,‘
2400 4760 2604 4812 nullam
2635 4759 2789 4813 obiit.
2833 4760 2986 4814 Alter
3027 4762 3114 4814 hic
3149 4764 3215 4815 ab
3272 4761 3361 4814 illo
3390 4770 3621 4831 quartus
3646 4776 3752 4831 ge-

2150 4845 2281 4884 nere
2338 4828 2764 4895 Northmannus,
2807 4846 2946 4899 pene
2999 4832 3288 4885 continuas
3340 4828 3753 4900 in'Aqnitania

2150 4901 2295 4955 sedis
2326 4899 2636 4970 apostolicae
2664 4902 2810 4955 vices
2846 4901 2974 4969 egit,
3001 4903 3235 4969 primum
3264 4903 3363 4957 sub
3389 4899 3596 4956 Pascha
3620 4903 3662 4966 i,
3690 4912 3752 4957 es

2150 4972 2270 5025 aliis
2315 4978 2436 5039 post
2481 4985 2603 5024 eum
2644 4970 2898 5041 legitimis
2944 4972 3324 5041 pontiﬁcibus;
3381 4974 3574 5027 deinde
3641 4976 3753 5027 sub

2149 5042 2414 5112 Anacleto
2441 5042 2717 5112 autipapa,
2761 5041 2829 5095 ad
2863 5057 3048 5110 quem,
3079 5041 3355 5096 Bernardo
3410 5052 3566 5105 teste.
3610 5045 3757 5112 quia

2151 5111 2471 5180 legationem
2535 5113 2603 5165 ab
2654 5110 2962 5166 Innocentio
3013 5124 3337 5181 extorquere
3367 5129 3471 5167 non
3505 5110 3747 5181 poterat.

2152 5182 2296 5236 foeda
2322 5182 2769 5251 praevaricatione
2797 5180 3012 5237 defecit.
3052 5180 3297 5238 AnaCleti
3331 5186 3467 5237 bime
3498 5180 3754 5252 epistola:

2153 5252 2351 5322 quibus
2374 5252 2698 5318 legationem
2739 5251 2815 5306 illi
2860 5253 3122 5322 decernit,
3152 5256 3203 5307 in
3243 5251 3544 5309 Annalibus
3570 5256 3757 5309 cccle-

2154 5321 2397 5377 siasticis
2431 5325 2683 5392 leguntur
2716 5338 2729 5373 :
2770 5321 3092 5377 miserabilis
3152 5325 3274 5379 vitte
3326 5326 3507 5379 exitus
3534 5326 3756 5379 descri-

2155 5394 2300 5447 bitur
2338 5395 2388 5445 in
2410 5391 2529 5447 Vita
2561 5391 2735 5446 sancti
2763 5392 3041 5447 Bernardi.

2226 5462 2337 5533 (61)
2368 5460 2581 5515 Petrum
2620 5463 2697 5533 de
2739 5460 3133 5519 Monte-aureo.
3186 5464 3301 5518 Lib.
3348 5482 3431 5528 Ill,
3463 5466 3624 5532 epist.
3654 5466 3753 5520 17.

2156 5532 2465 5588 llameliuus
2495 5538 2563 5586 de
2588 5532 2766 5587 Monte
2786 5548 2954 5587 aureo
2979 5535 3167 5587 eadem
3183 5551 3248 5589 ex
3279 5535 3480 5589 fatiiilia
3504 5534 3753 5590 Joannes

2155 5610 2220 5657 de
2259 5603 2438 5657 Monte
2473 5619 2638 5659 aureo
2660 5618 2841 5658 comes
2871 5603 3306 5659 Vindociueusis.

2226 5674 2338 5745 (62)
2365 5676 2403 5727 Α
2434 5672 2813 5746 Cenomanensi
2835 5674 3070 5744 episcopo
3097 5686 3142 5728 et
3171 5675 3549 5746 Attringavettsi.
3605 5676 3754 5734 lide—

2157 5745 2309 5801 bcrto
2336 5754 2388 5799 et
2425 5744 2705 5800 Ilaiualdo.
