3992 6352
319 346 380 401 61
1599 350 1976 414 EPISTOLIE.
2018 391 2084 401 —-
2122 360 2249 419 LIB.
2284 363 2325 419 1.
3508 365 3580 424 6?.

314 459 495 516 ritalis
553 460 807 551 sigillum,
856 472 1129 529 nunquam
1166 461 1480 518 debuissent
1524 467 1756 522 venisse.
1801 467 1893 523 Illa
1924 475 1968 531 Α
1992 472 2203 542 plicare
2223 476 2447 537 amicos.
2490 478 2737 536 inimicos
2767 479 3035 551 mitigare,
3066 494 3187 534 eam
3218 481 3377 535 factis
3395 482 3578 547 potius

314 552 579 622 siquidem
605 567 636 607 a
668 560 735 612 te.
770 547 828 607 ut
855 552 1113 619 arbitror,
1139 569 1246 610 non
1287 554 1505 611 filerunt
1538 559 1690 628 prius
1718 560 1893 627 dicta;

1999 566 2297 637 praedicare
2331 586 2491 639 quam
2537 573 2741 641 verbis,
2769 588 2836 628 ne
2869 575 3109 644 qualibet
3137 574 3353 628 sinistra
3383 588 3580 642 opera-

312 644 408 697 sed
451 641 804 714 undecunque
844 644 1259 713 processissent,
1290 659 1353 699 ea
1405 659 1509 701 non
1540 647 1726 704 dubito
1755 651 1874 706 invi-

1997 660 2145 716 tione
2174 661 2292 731 ejus
2316 664 2475 717 amici
2506 664 2959 731 scandalizentur,
2981 679 3037 721 et
3063 667 3111 720 ei
3137 666 3340 720 inimici
3364 664 3585 720 valeant

310 733 461 788 diose
486 740 539 788 et
563 732 833 788 malitiose
871 733 1038 790 fuisse
1061 735 1305 800 iuventa,
1346 746 1400 792 et
1429 739 1570 794 sicut
1596 756 1784 797 verum
1811 753 1894 799 est

305 824 450 893 quod
478 823 672 880 falsam
700 825 1090 881 beatitudinem
1125 825 1622 886 Northmannorutn
1652 832 1769 905 (65)
1804 850 1893 891 se-

305 925 505 985 quetur
549 931 678 971 vera
715 916 957 983 miseria,
1000 917 1071 971 ita
1112 933 1299 974 verum
1325 924 1583 991 estquod
1635 924 1736 979 ista
1771 941 1892 996 qua:

304 1011 789 1097 co'ntrame'dicta
832 1024 962 1067 sunt
997 1012 1215 1068 fuerunt
1268 1013 1423 1071 falsa.
1475 1014 1588 1071 Non
1636 1032 1755 1071 smn
1791 1031 1892 1086 ego

304 1082 455 1160 adeo.
487 1082 788 1175 perturbati
847 1105 1081 1165 cerelzri.
1159 1121 1260 1161 nec
1309 1116 1619 1162 sanctarum
1689 1108 1892 1166 inscius

305 1196 739 1268 Scripturarum,
766 1198 910 1268 quod
939 1198 992 1252 iu
1022 1213 1169 1260 eum,
1206 1198 1298 1269 qui
1331 1198 1430 1254 soli
1461 1201 1603 1257 ctelo
1632 1200 1891 1258 innoceo.

305 1288 439 1341 tiam
468 1287 649 1354 debet,
680 1288 800 1344 sine
829 1304 993 1345 causa
1034 1289 1331 1358 posuissem
1378 1304 1442 1344 os
1480 1306 1680 1358 incum,
1716 1292 1767 1345 in
1796 1306 1891 1359 pa-

305 1388 446 1434 trem
475 1380 730 1437 videlicet
792 1381 1161 1452 spiritualem,
1214 1396 1376 1452 quem
1418 1384 1657 1439 brachiis
1708 1383 1888 1442 liltalis

299 1474 605 1531 dilectionis
628 1476 877 1547 amplecti
902 1478 1097 1542 debeo,
1119 1490 1175 1536 et
1205 1495 1337 1551 pura
1364 1481 1596 1534 veritate
1612 1481 1886 1548 venerari,

301 1582 332 1619 a
371 1565 526 1637 cujus
566 1577 755 1624 sancta
792 1569 1097 1625 obedientia
1137 1587 1254 1626 non.
1285 1580 1476 1641 potero
1525 1571 1604 1626 vel
1643 1583 1888 1628 mortuus

300 1658 412 1730 39
438 1661 704 1729 separari.
760 1661 816 1716 Si
847 1661 969 1731 quis
1012 1662 1081 1718 de
1125 1676 1212 1717 me
1236 1662 1401 1718 aliter
1435 1663 1622 1728 sentit,
1654 1662 1883 1732 desipit;

301 1765 400 1806 nec
428 1751 703 1807 dominum
731 1769 924 1823 papam
949 1754 1063 1825 (64)
1092 1744 1364 1811 honorare
1394 1755 1614 1827 satagit,
1660 1753 1757 1810 sed
1789 1771 1886 1826 pu-

1995 752 2277 825 derogare.
2307 753 2462 822 Quod
2491 756 2535 812 si
2568 756 2729 813 aliter
2760 759 2941 830 agitis,
2974 758 3054 814 vel
3078 758 3296 829 egistis,
3326 755 3578 812 sublimi-

1997 857 2081 903 tas
2107 859 2306 915 restra,
2321 866 2483 921 quam
2501 852 3091 908 venerabilis'dominus
3114 858 3295 907 uoster
3316 864 3449 921 papa
3464 847 3581 919 (65)

1992 957 2090 996 sua
2123 943 2363 998 bonitate
2405 944 2542 999 satis
2586 941 2654 999 de
2682 944 2809 999 exili
2864 944 2983 999 loco
3019 944 3248 1009 creavit,
3290 941 3428 997 mala
3480 956 3581 1012 pro

1994 1031 2151 1087 bonis
2175 1032 2247 1087 illi
2280 1032 2552 1098 retribuit,
2579 1034 2994 1090 retributionem
3024 1035 3233 1091 scilicet
3253 1049 3414 1106 quam
3436 1032 3585 1090 Deus

1993 1136 2101 1178 non
2132 1123 2304 1179 novit.
2337 1123 2445 1179 Nos
2472 1135 2653 1179 autem
2678 1126 2821 1195 quod
2859 1125 3186 1193 audivimus,
3213 1125 3357 1181 unde
3385 1125 3572 1190 etiam,

1988 1215 2132 1284 quod
2147 1214 2302 1285 pejus
2318 1227 2419 1279 est,
2435 1217 2760 1274 cantilenam
2778 1218 3083 1287 composuit
3094 1217 3310 1287 vulgus,
3323 1217 3578 1286 quoniam

1990 1307 2102 1381 ω
2131 1307 2460 1380 publicatum
2490 1321 2595 1374 est,
2626 1310 2780 1366 vobis
2813 1309 3088 1366 occultare
3136 1325 3237 1364 nec
3265 1322 3576 1380 possumus,

1989 1415 2091 1456 nec
2145 1401 2424 1458 debemus.
2477 1401 2800 1457 Audivimus
2841 1403 3047 1473 itaque,
3081 1410 3139 1457 et
3172 1401 3442 1464 dolemus,
3473 1398 3580 1456 An-

1989 1492 2175 1548 dream
2193 1492 2260 1548 de
2286 1493 2491 1549 Vitreio
2522 1494 2635 1566 (66)
2660 1494 2782 1549 lilite
2809 1510 2919 1549 siue
2947 1493 3099 1549 vobis
3118 1493 3427 1564 coniugium
3443 1506 3574 1547 ven-

1986 1585 2209 1651 didisse,
2240 1586 2369 1641 illud
2418 1587 2584 1642 etiam
2634 1603 2664 1640 a
2715 1587 2872 1644 vobis
2898 1585 3066 1641 lilium
3114 1584 3451 1640 vicecomitis
3508 1583 3577 1637 de

1989 1676 2289 1734 Maloleone
2335 1693 2705 1748 comparasse.
2760 1678 3002 1746 Quorum
3055 1677 3195 1733 alter
3245 1677 3575 1748 quingentos

1991 1770 2194 1827 solidos
2253 1772 2406 1827 vobis
2440 1772 2672 1842 pretium
2722 1772 2870 1828 dedit
2922 1771 3189 1843 conjugii;
3249 1769 3390 1825 alter
3437 1784 3570 1824 vero

297 1843 524 1902 blicare.
553 1846 597 1899 si
619 1846 749 1916 quid
775 1849 954 1904 minus
977 1848 1059 1903 vel
1084 1849 1308 1903 nimium
1336 1850 1467 1918 egit.
1491 1846 1629 1904 Nam
1659 1849 1874 1920 quicun-

1987 1864 2295 1935 quindecim
2325 1838 2538 1919 marcas
2563 1866 2793 1935 argenti.
2826 1864 2939 1920 lloc
2958 1838 3244 1934 episcopus
3269 1861 3573 1917 Pictavien-

308 1949 418 1998 que
443 1946 632 1990 casura
676 1938 962 2005 puritatem
1012 1954 1146 1994 meae
1190 1941 1412 2007 mentis,
1446 1950 1688 2011 paterna:
1729 1941 1887 1995 dero-

305 2028 542 2099 gationis
582 2044 643 2085 se
667 2028 857 2086 fecerit
897 2043 1245 2098 assertorem,
1274 2035 1460 2088 veniat
1490 2035 1688 2105 palam,
1712 2046 1765 2090 et
1804 2050 1890 2090 me

1988 1954 2065 2011 sis
2086 1955 2223 2027 (67),
2254 1964 2309 2012 et
2330 1955 2649 2012 Guillelmus
2674 1957 3086 2011 archidiaconus
3110 1955 3247 2025 ejus,
3276 1962 3332 2009 et
3351 1953 3570 2024 quidam

1988 2045 2081 2101 alii
2110 2046 2203 2116 qui
2233 2046 2546 2109 adfuerunt,
2578 2049 2622 2102 si
2672 2047 2960 2102 veritatem
2989 2046 3221 2116 sepelire
3275 2044 3569 2109 noluerint,

304 2120 493 2175 statim
566 2120 802 2177 inveniet
864 2137 978 2178 sua:
1020 2122 1275 2180 falsitatis
1343 2125 1642 2180 veridicum
1703 2141 1891 2182 corre-
1989 2153 2097 2194 non
2128 2139 2820 2211 negabamcﬂrorensem
2841 2142 3093 2196 abbatem
3132 2139 3381 2211 (imum.
3416 2153 3574 2210 reg..-

299 2221 524 2267 ctorem.

824 2303 1153 2361 EPISTOLA
1200 2305 1340 2362 XXI.

294 2388 523 2450 Girardo
565 2394 796 2465 glorioso
840 2395 1229 2465 Engolismensi
1274 2400 1536 2467 episcopo,
1584 2401 1886 2471 apostolica:

365 2488 503 2542 sedis
531 2487 724 2558 legato,
757 2489 923 2559 frater
957 2487 1228 2559 Co/fridus
1268 2489 1665 2547 Vindocinensis
1699 2494 1879 2559 abbas,

367 2587 418 2633 et
445 2579 678 2648 ejusdem
706 2581 846 2635 sedis
869 2581 1039 2651 ﬁdelis
1062 2582 1226 2651 ﬁlius,
1275 2585 1396 2639 boni
1433 2587 1601 2654 operis
1626 2586 1879 2655 fructum,

366 2682 419 2727 et
443 2689 592 2742 pune
617 2673 915 2728 dilectionis
945 2674 1264 2745 amplexum.

366 2764 632 2830 Quoniam
681 2775 868 2821 sancta
919 2766 1160 2821 Romana
1211 2767 1448 2822 Ecclesia
1504 2784 1610 2823 non
1659 2769 1876 2838 quidem

291 2858 490 2914 vestris
512 2859 742 2922 meritis,
767 2859 859 2914 sed
882 2859 1053 2930 gratia
1084 2859 1222 2926 sola,
1251 2861 1609 2917 humilitatem
1638 2871 1876 2917 vestram

291 2949 432 3006 adeo
458 2950 768 3006 sublimavit
791 2950 933 3020 quod
977 2951 1232 3007 minimus
1252 2952 1455 3024 digitus
1485 2965 1673 3010 vester
1712 2953 1877 3010 dorso

290 3040 470 3097 Patris
498 3042 662 3096 vestri
692 3043 935 3112 grossior
956 3042 1193 3108 videtur,
1235 3043 1379 3098 sicut
1403 3045 1656 3100 sublimia
1689 3047 1874 3110 verba,

1990 2228 2180 2284 lariter
2213 2230 2469 2295 electum,
2494 2232 2590 2287 sed
2623 2232 2910 2296 violenter,
2944 2240 3002 2288 ut
3029 2232 3246 2289 dicitur.
3283 2233 3571 2297 intrusum,

1988 2336 2089 2390 pro
2114 2320 2259 2376 mille
2288 2322 2475 2378 solidis
2512 2324 2924 2378 barbarinorum
2956 2322 3092 2395 (69),
3137 2324 3366 2379 barbara
3402 2324 3568 2379 nimis

1985 2415 2312 2468 auctoritate
2334 2415 2669 2479 consecrari,
2696 2415 2826 2479 imo,
2857 2417 2901 2471 si
2932 2431 3121 2471 verum
3148 2425 3255 2484 est,
3277 2417 3556 2472 exsecrari

1984 2505 2213 2573 fecistis,
2246 2507 2461 2563 nolente
2487 2523 2586 2563 suo
2608 2518 3011 2577 consecratum,
3041 2510 3227 2580 etejus
3251 2510 3421 2577 clero,
3453 2526 3571 2565 mo-

1983 2597 2069 2651 dis
2104 2598 2302 2667 quibus
2339 2606 2574 2669 poterat,
2603 2599 2955 2664 reclamante,
2984 2610 3043 2655 et
3064 2601 3154 2671 qui
3188 2601 3323 2656 vidit
3348 2611 3408 2656 et
3430 2616 3562 2671 par-

1983 2696 2091 2743 tem
2114 2688 2327 2754 habuit,
2344 2690 2512 2745 abbas
2535 2690 2754 2761 quidam
2777 2702 2957 2748 vester
2968 2693 3179 2749 vicinus
3200 2692 3567 2748 testimonium

1983 2779 2278 2850 perhibuit,
2307 2789 2366 2835 et
2395 2782 2551 2837 multi
2597 2782 2789 2839 dicunt
2809 2785 2930 2855 ejus
2967 2784 3337 2840 testimonium
3372 2799 3564 2840 verum

1979 2884 2118 2925 esse.
2148 2870 2414 2926 Ahbatem
2440 2882 2700 2941 prmterea
2727 2873 2917 2941 alium,
2947 2888 3107 2945 quem
3139 2889 3238 2944 pro
3260 2874 3564 2930 reverentia

1979 2961 2187 3017 ordinis
2216 2964 2503 3020 nominare
2540 2965 2826 3030 erubesco,
2872 2968 2926 3022 in
2963 2966 3272 3022 detestabili
3317 2968 3565 3036 corporis

1982 3051 2317 3124 turpitudine
2344 3055 2762 3125 deprehensum,
2795 3066 2853 3113 et
2894 3059 2963 3113 ab
3004 3057 3217 3113 abbatis
3262 3067 3563 3129 potestate,

291 3149 415 3206 qua:
446 3133 644 3205 stepius
666 3133 890 3189 multum
915 3134 1149 3206 gloriose
1177 3135 1456 3206 profertis,
1483 3137 1868 3203 testificantur,
1898 3180 1945 3239 Ω
1979 3145 2096 3215 ipso
2126 3146 2405 3217 proprium
2439 3148 2646 3203 crimen
2683 3149 3002 3215 conlitente,
3050 3150 3380 3221 depositum,
3412 3150 3564 3206 nullo

292 3235 447 3282 tanto
469 3225 682 3283 ﬁdelius
703 3226 755 3281 ei
785 3226 996 3283 debetis
1036 3227 1280 3295 obedire,
1309 3228 1453 3284 dulci
1484 3230 1651 3287 verbo
1689 3231 1872 3286 multi-
1901 3225 1945 3239 ”
1978 3239 2553 3311 pramedenlejudicio,
2576 3257 2683 3298 non
2711 3242 2923 3297 modica
2950 3241 3283 3314 suﬂ'ragante
3310 3241 3561 3314 pecunia,

362 3400 476 3469 (65)
503 3399 721 3456 Falsum
757 3402 1129 3458 beatitudinem
1186 3402 1696 3460 Nortlmtannorum.
1756 3403 1874 3460 Non

289 3486 356 3525 eo
389 3472 590 3543 dictum
639 3484 792 3543 puto,
838 3473 991 3542 quasi
1036 3472 1426 3528 Nortiunauuis
1466 3475 1739 3543 peculiare
1776 3477 1876 3531 ali-

293 3542 436 3617 quod
467 3541 913 3617 placi-t_um_fuerit
946 3544 1013 3599 de
1044 3544 1178 3598 falsa
1218 3541 1577 3617 beatitudine,
1627 3546 1719 3601 sed
1748 3548 1873 3617 quia

287 3610 551 3667 Girardus
600 3612 1001 3668 Northmannus
1047 3625 1188 3675 erat,
1247 3615 1314 3667 ad
1366 3610 1781 3671 Northmaunos'
1818 3619 1873 3671 id

286 3685 512 3752 aptavit,
563 3684 705 3752 quod
748 3699 891 3752 stupe
917 3684 1212 3737 universitn
1236 3684 1590 3750 pronuntiare
1608 3686 1766 3741 solet.
1797 3687 1873 3742 Ex

287 3749 426 3824 falsa
457 3749 790 3824 beatitudine
820 3749 1000 3824 veram
1060 3749 1337 3824 miseriam
1383 3755 1559 3822 sequi,
1589 3756 1749 3824 epist.
1781 3757 1873 3821 50,

284 3829 344 3876 et
373 3820 448 3890 lib
482 3821 714 3890 tl,epist.
737 3821 791 3876 ὅ.
822 3821 911 3875 lih.
930 3836 985 3881 v,
1004 3823 1165 3890 epist.
1189 3823 1212 3875 1
1234 3821 1280 3877 i.

364 3889 496 3964 (64)Δ
516 3889 796 3964 Dominum
825 3907 1036 3964 papam.
1070 3891 1382 3964 l’aschalent
1413 3891 1473 3954 ll,
1514 3894 1603 3962 qui
1632 3894 1683 3947 itt
1717 3896 1878 3964 privi-

285 3961 434 4047 legio
479 3961 925 4087 i7llVeSlillll'al'lllll
974 3961 1208 4017 lleurico
1274 3963 1500 4017 uintiutu
1557 3961 1875 4032 indulserat,

285 4043 448 4087 eotst.
518 4072 531 4087 .

284 4032 448 4091 epist.
479 4032 531 4088 7.

320 4049 448 4105 ptst.
480 4049 531 4088 Ἰ.

320 4175 342 4178 7_
361 4103 477 4178 (65)
506 4102 760 4158 Dominus
791 4112 967 4157 noster
992 4120 1153 4175 papa.
1191 4103 1491 4162 Paschalis.
1518 4107 1609 4175 qui
1638 4106 1874 4178 legatum

288 4175 439 4232 illum
475 4184 710 4230 crearat.

359 4244 475 4317 (676)
498 4244 759 4299 Andream
776 4243 841 4299 de
865 4242 1083 4300 Vi:reio.
1107 4243 1298 4299 Notum
1317 4254 1400 4301 est
1415 4246 1669 4317 oppidum
1698 4247 1750 4303 in
1767 4251 1872 4303 Ar—

288 4316 532 4389 moricis,
563 4331 593 4389 ξι
613 4330 720 4385 quo
749 4330 945 4389 nomen
973 4326 1283 4389 vetustzeac
1305 4316 1576 4387 primaria:
1599 4321 1871 4389 quondam

288 4384 534 4450 familiae,
565 4385 617 4439 in
638 4384 744 4455 qua
767 4395 825 4439 et
850 4385 1144 4441 llobertum
1174 4384 1532 4443 Vilreieusem
1570 4384 1631 4443 in
1661 4389 1868 4447 Conaui

286 4455 507 4534 cornitis
533 4455 652 4534 aula
705 4466 1010 4534 utentur-aut
1061 4456 1253 4534 littera:
1301 4457 1567 4534 llatncliui
1619 4461 1861 4534 episcolti

291 4526 645 4592 Redoneusis,
674 4525 739 4580 ad
764 4525 957 4580 librum
984 4542 1066 4589 tit,
1094 4527 1252 4595 epist.
1300 4529 1391 4584 59.

363 4595 475 4665 (67)
511 4595 800 4667 Episcopus
836 4595 1194 4652 Pictaviensis.
1223 4597 1437 4664 Petrus,
1473 4600 1558 4654 cui
1596 4603 1864 4658 successit

285 4666 626 4738 Guillelmus,
651 4667 698 4720 is
728 4666 977 4728 fortasse,
1006 4668 1098 4738 qui
1138 4670 1556 4725 archidiaconus
1588 4672 1691 4727 hoc
1722 4673 1860 4731 loro.

285 4736 631 4797 Guillelmum
679 4736 1117 4793 archidiaconum
1180 4739 1536 4795 Pictaviensis
1608 4742 1864 4801 Ecclesia:

285 4810 485 4863 docent
512 4807 706 4861 tabulae
735 4808 794 4862 S.
840 4809 1040 4875 Albini,
1081 4825 1226 4864 anno
1263 4809 1403 4864 1100
1435 4810 1865 4869 Maironeusibus

286 4877 571 5001 monachis
597 4880 958 4945 concessisse,
998 4889 1058 4935 ut
1087 4880 1260 4936 altare
1288 4882 1582 4937 conderent
1614 4882 1667 4936 iu
1694 4882 1863 4939 Fran-

288 4963 405 5001 cavi
448 4965 499 5001 a.

288 4963 499 5003 cavuta.

362 5018 474 5091 (68)
505 5017 867 5091 Carrofensem
907 5020 1163 5076 abbatem.
1200 5022 1254 5077 In
1299 5023 1637 5078 dedicatione
1666 5022 1864 5080 Viudo~

288 5090 494 5165 cinensi
522 5090 836 5165 numeratur
863 5092 999 5165 inter
1019 5093 1244 5165 abbates
1263 5094 1354 5164 qui
1378 5093 1689 5165 adfuerunt,
1712 5093 1863 5165 Hugo

287 5163 357 5215 de
378 5158 574 5218 Sancto
603 5160 882 5216 Salvittore
908 5162 1115 5217 Carroli
1160 5158 1346 5219 abbas.
1377 5163 1475 5219 llic
1500 5166 1643 5220 enim
1676 5158 1862 5221 titulus

298 5232 630 5286 iuonasterio
687 5234 807 5301 pagi
844 5232 1127 5295 l’ictonici,
1156 5251 1184 5287 a
1215 5235 1476 5289 Rothario
1528 5235 1749 5299 cernite,
1803 5247 1863 5291 ut.

285 5310 482 5356 auctor
497 5312 579 5356 est
592 5300 1354 5376 'l‘lteodnlfusAurelianensis,
1370 5305 1862 5376 etEuphrasiaejns

287 5387 491 5460 uxore“
511 5373 750 5431 condito,
794 5372 1186 5460 Ludpvieiﬂi’ii
1222 5375 1449 5460 Angttst.
1499 5372 1854 5460 tetttporibns.

283 5446 304 5496 1
314 5441 620 5516 Iarrolirum
634 5444 1021 5516 monasterium
1036 5444 1270 5498 dicitura
1287 5441 1538 5502 l“ulberto
1558 5441 1716 5516 epist.
1739 5447 1857 5513 117,

283 5512 429 5584 quod
467 5515 688 5588 _iterunt
744 5526 930 5588 postea
1000 5515 1380 5588 instauratum,
1443 5512 1860 5588 dedicatumque

284 5583 532 5657 ostendit
564 5583 1177 5657 Kaleutlarintn_Suucti
1220 5586 1394 5657 ὅθι)ζῆ
1433 5583 1854 5657 Amlegavensis,

284 5655 370 5709 his
399 5657 581 5710 verbis
611 5671 626 5709 :
654 5670 737 5708 xvr
786 5653 908 5708 Kal.
946 5654 1082 5708 Julii
1137 5654 1447 5724 Carrofense
1486 5653 1855 5716 monasterium

286 5725 382 5780 Dei
409 5737 456 5779 et
490 5725 701 5780 Domini
729 5725 894 5780 nostri
921 5723 1213 5779 Saluatoris
1253 5723 1437 5780 mundi
1458 5728 1755 5784 dedicatum
1781 5741 1857 5786 est

284 5814 427 5851 anno
454 5815 483 5851 (ι
513 5797 781 5851 nativitatc
828 5795 1055 5864 ejusdem
1083 5813 1144 5851 ex
1183 5793 1390 5868 Virgine
1434 5800 1661 5871 gloriosa
1699 5803 1851 5860 tuta.

1980 3421 2260 3493 Theodulti
2288 3436 2483 3479 vorsus
2502 3422 2568 3479 de
2590 3421 2903 3480 Carrofensi
2925 3419 3253 3486 ctenobio,si
3276 3420 3399 3493 quis
3422 3420 3567 3477 forte

1978 3492 2273 3557 desiderat,
2303 3493 2355 3548 hi
2382 3501 2510 3549 sunt
2540 3513 2553 3549 :

2050 3586 2339 3661 Est_locus.
2361 3590 2503 3661 hunc
2530 3591 2755 3646 vocitant
2784 3588 3021 3661 σαῖνορὴ
3055 3587 3361 3661 cognomine
3392 3585 3556 3652 Galli,

2123 3658 2243 3730 Qua
2277 3669 2417 3730 patet
2446 3658 2620 3715 electis
2646 3661 2822 3716 aulica
2850 3658 2999 3730 porta
3028 3658 3156 3726 poli.

2053 3728 2170 3802 Quo
2207 3726 2501 3785 Saluatoris
2528 3730 2623 3786 sub
2654 3726 2860 3787 nomine
2887 3733 3127 3802 prtenitet
3163 3730 3309 3793 aula,

2127 3798 2306 3865 Quove
2334 3803 2639 3855 monasterii
2660 3798 2897 3856 claustra
2925 3803 3117 3856 decora
3149 3810 3381 3855 manent.

2052 3867 2338 3942 Enjtetltic
2365 3873 2541 3942 rutulo
2565 3882 2866 3942 sanctorum
2896 3873 3112 3942 pignore
3133 3871 3294 3942 fretu,

2133 3935 2269 4009 Vivit
2293 3949 2348 4009 et_
2376 3941 2564 3994 eximie
2595 3940 2748 3994 turba
2780 3935 3075 4009 ﬁdelis'ibi.

2053 4005 2290 4081 Denique
2320 4007 2603 4081 Rotltarius
2635 4005 2806 4081 comes
2835 4010 3287 4081 ingens.ginclytus
3314 4012 3489 4076 heros,

2120 4075 2356 4149 Coniuge
2378 4095 2497 4132 cum
2526 4077 2826 4149 Euphrasio
2855 4075 3090 4133 condidit
3120 4075 3262 4133 istud
3291 4097 3443 4149 opus.

2055 4145 2173 4201 Hoc
2199 4145 2343 4213 fuluo
2372 4145 2621 4213 argento,
2637 4147 2951 4216 gemmisque
2976 4158 3192 4202 exornat
3214 4159 3262 4203 et
3289 4145 3444 4214 auro,

2118 4216 2296 4290 Aﬁluit
2324 4230 2374 4272 et
2408 4216 2581 4283 libris,
2616 4216 2841 4271 restibus
2869 4225 3023 4288 atque
3047 4219 3235 4285 sacris,
3262 4228 3370 4275 etc.

1979 4307 2278 4381 Carrofunt
2304 4308 2489 4381 itaque
2544 4307 2648 4381 loci
2702 4322 2896 4381 nomen
2939 4317 3048 4381 est,
3071 4323 3179 4381 non
3204 4309 3313 4381 iviri
3348 4319 3407 4364 ut
3435 4325 3560 4381 per-

1978 4394 2200 4436 suasum
2230 4379 2444 4434 videtur
2474 4394 2577 4434 non
2637 4378 3002 4449 inﬁmi,un
3030 4378 3265 4449 mireris,
3297 4381 3394 4435 aevi
3418 4378 3556 4436 scri-

1977 4450 2249 4523 ptoribus,
2274 4450 2366 4522 qui
2397 4450 2784 4507 monasterium
2831 4447 3017 4506 sancti
3060 4447 3271 4507 Carroll
3316 4450 3558 4523 appella-

1891 4527 1938 4583 D
1967 4533 2109 4576 runt.

2045 4591 2158 4663 (69)
2191 4591 2340 4647 Mille
2378 4592 2561 4647 solidis
2603 4592 3029 4659 barbarinorum,
3054 4593 3338 4663 Arabicos,
3364 4591 3558 4650 Sarra-

1970 4662 2213 4736 cenicos.
2261 4663 2508 4736 barbaris
2546 4663 2688 4736 notis
2739 4664 3005 4736 signatos.
3038 4662 3366 4721 Theodulfus
3410 4664 3552 4722 idem

1970 4734 2258 4804 cpiscOpus
2288 4734 2340 4786 in
2374 4732 2665 4789 Parietiesi.

2044 4802 2227 4876 [licet
2251 4803 2581 4876 crystallum,
2609 4815 2658 4858 et
2677 4821 2908 4876 gemmas
2945 4806 3203 4874 promittit
3250 4805 3408 4865 ans.

2115 4872 2173 4927 Si
2196 4874 2392 4945 faciam
2420 4873 2639 4928 alterius
2677 4872 2731 4928 ut
2752 4872 2985 4944 potiatur
3014 4877 3174 4945 agris.

2042 4942 2156 5018 Iste
2180 4944 2326 5018 graui
2352 4959 2570 5018 numero
2598 4942 2837 5018 nummos
2861 4946 2963 5018 [ert
2996 4942 3171 5003 divitis
3192 4953 3336 5018 auri,

2117 5011 2264 5078 Quos
2292 5013 2525 5067 Arabum
2550 5030 2722 5068 sermo
2744 5011 3144 5073 siue'clmracter
3163 5033 3302 5077 arat.

2037 5082 2149 5161 Aut
2163 5098 2295 5161 _quos
2318 5094 2534 5153 argento
2559 5082 2738 5161 Latius
2757 5085 2924 5161 stylus
2953 5087 3201 5158 imprimit
3229 5092 3371 5161 albo,

2111 5153 2174 5207 Si
2212 5163 2389 5208 tamen
2422 5154 2660 5224 acquirat
2680 5153 2909 5223 praedia,
2933 5153 3083 5225 rura,
3104 5161 3314 5217 domus.

1964 5241 2243 5312 Frequens
2265 5240 2376 5316 jam
2404 5252 2517 5316 tum
2529 5259 2825 5316 aureomm
2850 5246 3011 5316 hujus
3043 5259 3181 5305 noue
3203 5265 3546 5307 nummorum

1963 5311 2101 5367 usus
2151 5322 2271 5367 erat
2295 5313 2369 5388 _in
2402 5311 2598 5388 ﬁallia,
2637 5323 2839 5388 rerum’
2870 5311 3113 5388 potiente
3150 5321 3319 5375 altera
3360 5335 3547 5387 regum

1964 5392 2272 5459 nostrorum
2289 5383 2517 5459 familia,
2542 5383 2974 5459 poststaltilitum
2994 5405 3186 5459 nempe
3213 5383 3548 5459 Sarraceno-

1964 5469 2083 5528 rum
2111 5453 2353 5528 _Arabum
2377 5453 2661 5528 imperium
2680 5458 2735 5512 in
2757 5457 3042 5528 Hispania;
3073 5453 3215 5513 unde
3242 5458 3309 5513 ad
3337 5473 3458 5523 nos,
3487 5472 3548 5517 ut

1961 5524 2214 5597 earundem
2239 5524 2467 5597 censeo,
2488 5527 2573 5581 illa
2614 5528 2824 5582 externi
2854 5524 2971 5584 auri
2997 5530 3148 5597 copia
3176 5542 3240 5581 es
3269 5542 3544 5586 commer-

1961 5596 2045 5648 cio
2063 5593 2261 5648 ﬂuebat
2290 5612 2304 5649 :
2329 5594 2764 5659 el'l'odiuuturque
2782 5599 2944 5652 etiam
2975 5593 3117 5652 nunc
3139 5597 3293 5651 solidi
3326 5599 3544 5659 Arabici

1962 5614 2045 5648 cm
2063 5614 2261 5648 niieoat
2290 5614 2304 5649 :
2329 5614 2655 5651 ettoatuntur
2698 5614 2764 5653 ne
2782 5614 2944 5652 etiam
2975 5614 3117 5652 nunc
3139 5614 3293 5651 sonat
3326 5614 3544 5659 erantet

1962 5664 2146 5720 inultis
2166 5663 2353 5721 Gallia:
2378 5666 2536 5730 locis,
2571 5675 2632 5721 ut
2655 5614 2840 5722 ﬂocuit
2864 5683 2964 5723 nus
2993 5662 3054 5720 V.
3077 5667 3138 5721 C.
3164 5667 3363 5726 Paulus
3390 5669 3545 5727 Peta-

1961 5736 2082 5811 vius
2110 5734 2431 5811 Parisicnsis
2457 5737 2624 5792 curia:
2657 5746 2899 5811 senator.
2937 5737 3089 5808 cujus
3123 5738 3318 5798 iudicio
3374 5742 3547 5811 Ilico.—

1960 5806 2084 5864 dulti
2112 5822 2327 5879 quoque
2351 5807 2447 5863 hos
2484 5822 2672 5863 versus
2711 5807 2899 5862 debeo.
