3990 6450
478 382 551 436 65

1475 384 1795 442 (λοιίειιιῡι
1834 379 2124 437 ΑΒΒΑἨΞ
2169 371 2690 434 VINDOCINENSIS

3682 383 3747 437 (ii

477 497 981 554 contradicentibus
1022 498 1167 555 illius
1194 497 1631 568 congregationis
1678 494 1958 561 fratribus,
2011 495 2063 549 in
2094 500 2141 555 Α
2166 488 2239 543 ita
2271 496 2356 544 est
2408 496 2468 543 ut
2515 502 2545 540 a
2597 483 2754 538 vobis
2778 481 2996 553 publice
3022 484 3371 554 prazdieatum
3417 490 3747 561 agnoscitur,

478 590 772 659 pristinum
814 589 1038 660 gradum
1076 591 1150 644 ita
1181 590 1490 645 restituistis
1514 588 1662 659 quod
1699 587 1813 643 sola
1849 602 2063 643 marca-

484 697 602 735 rum
646 682 996 751 congregatio
1036 682 1139 736 fuit
1185 681 1261 735 illi
1297 682 1576 751 culparum
1630 683 1896 753 purgatio.
1952 680 2066 737 Hoc

477 773 775 828 Bernerius
804 774 971 827 abbas
1000 772 1403 828 Bonevallensis
1430 773 1545 844 (70)
1570 783 1823 841 testatur,
1848 774 1939 845 qui
1962 774 2065 827 hoc

480 866 690 920 facinus
737 880 875 934 pene
923 866 1125 935 ubique
1181 867 1483 935 praedicans
1527 869 1848 925 detestatur.
1895 867 2065 923 Fulco

474 958 797 1013 Ilienneusis
839 958 1007 1013 abbas
1055 960 1169 1031 (71)
1201 961 1412 1017 litteras
1436 974 1646 1020 vestras
1677 979 1775 1034 pro
1819 963 2062 1018 facienda

474 1049 580 1121 41
606 1049 705 1104 sibi
735 1047 946 1118 justitia
974 1054 1253 1122 quaesivit;
1292 1070 1429 1125 quas
1461 1056 1531 1110 illi
1563 1056 1850 1125 prudentia
1879 1066 2063 1111 vestra

480 1140 663 1194 tandiu
708 1143 924 1212 negavit
963 1143 1137 1200 donec
1161 1144 1280 1201 illas
1310 1157 1527 1202 centum
1557 1148 1748 1204 solidis
1780 1163 2064 1218 compara-

473 1234 571 1288 vit.
602 1233 709 1291 Sed
752 1238 836 1290 vir
868 1235 956 1290 ille
992 1238 1228 1307 perdidit
1254 1241 1561 1308 pecuniam,
1592 1258 1693 1297 nec
1724 1257 1823 1313 per
1848 1259 1945 1299 vos
1969 1260 2064 1312 po-

476 1326 582 1382 tuit
625 1326 827 1383 habere
861 1327 1154 1395 justitiam.
1200 1330 1327 1387 lloc‘
1351 1332 1574 1402 ipsemet
1614 1335 1922 1405 proﬁtetur,
1970 1337 2061 1407 qui

474 1416 642 1474 simul
670 1429 964 1492 utrumque
991 1423 1290 1491 perdidisse
1320 1426 1695 1494 conqueritur.
1719 1426 1854 1482 Illud
1881 1428 2064 1498 itaque

468 1512 618 1580 quod
676 1520 866 1565 contra
922 1513 1175 1568 comitem
1232 1514 1680 1586 Andegavensem
1733 1518 1847 1590 (7'2)
1876 1520 2064 1590 egistis

465 1610 617 1655 «esset
650 1602 783 1655 satis
805 1601 1023 1657 silentio
1051 1604 1521 1675 supprimemlum,
1549 1610 1641 1663 sed
1671 1610 1931 1664 occultari
1965 1612 2064 1665 mi-

475 1693 623 1770 nime
650 1694 819 1763 potuit
843 1695 986 1765 quod
1018 1695 1202 1751 multis
1226 1698 1437 1767 populis
1466 1700 1677 1755 exstitit
1705 1701 2055 1772 divulgatum.

474 1785 740 1839 Asserunt
768 1787 988 1856 quidam
1021 1804 1138 1855 vos,
1177 1791 1332 1861 quasi
1364 1790 1583 1847 Balaam
1621 1794 1875 1861 alterunt,
1918 1797 2062 1866 regis

475 1876 685 1944 Anglici
705 1878 931 1947 pecunia
959 1878 1124 1935 fuisse
1146 1892 1485 1952 corruptum,
1507 1892 1564 1938 et
1580 1884 1781 1941 idcirco
1807 1885 2059 1954 injustam

473 1969 529 2023 in
560 1972 877 2039 praedictum
899 1974 1153 2030 comitem
1178 1978 1758 2034 exconununicationis
1772 1980 2061 2050 protulisse

473 2064 821 2119 sententiam.
882 2065 950 2121 Et
986 2066 1108 2122 licet
1150 2070 1644 2126 excommunicatio
1696 2080 1876 2127 vestra
1920 2072 2062 2128 vires

470 2154 633 2209 etiam
665 2156 826 2211 mlius
856 2157 963 2213 diei
995 2158 1198 2214 habere
1229 2177 1333 2215 non
1372 2164 1630 2231 potuerit,
1662 2163 1851 2220 amicis
1881 2173 2061 2220 tamen

469 2245 733 2303 Romanae
765 2250 1019 2305 Ecclesize
1049 2252 1260 2322 peperit
1287 2254 1697 2321 verecundiam,
1741 2265 1799 2310 et
1820 2256 1936 2327 ejus
1957 2256 2060 2311 ini-

472 2342 631 2396 miris
662 2343 981 2397 detrahendi
1009 2344 1156 2397 dedit
1184 2346 1493 2400 materiam.
1534 2346 1650 2402 lloc
1678 2347 1852 2403 solum
1886 2365 2063 2408 reme-

469 2431 618 2485 dium
645 2431 766 2496 fnit,
808 2434 953 2503 quod
983 2434 1236 2491 dominus
1268 2451 1403 2506 papa
1440 2439 2059 2495 excernmunicationem

443 2520 619 2577 .illam
647 2522 977 2578 conﬁrmare
1007 2525 1285 2595 sapienter
1313 2527 1527 2593 vitavit,
1558 2537 1613 2584 et
1634 2530 1714 2584 sic
1733 2546 1830 2586 ora
1866 2531 2063 2588 clausit

468 2614 900 2676 detrahentium.
952 2625 1008 2671 et
1051 2618 1194 2686 quod
1228 2634 1259 2672 a
1307 2618 1461 2674 vobis
1487 2621 1816 2676 seminatum
1860 2623 2056 2688 fuerat,

470 2706 783 2776 apostolica:
819 2707 966 2763 sedis
1005 2707 1204 2764 delevit
1256 2709 1633 2779 opprobrium.
1682 2712 1827 2768 lnter
1861 2724 2056 2770 caetera

467 2800 772 2855 debuissem
802 2817 967 2856 unum
994 2801 1175 2867 silere,
1207 2802 1252 2856 si
1280 2802 1457 2856 amico
1476 2801 1665 2858 liceret
1693 2804 1925 2861 amicum
1950 2822 2056 2861 non

466 2894 814 2961 praemunire.
866 2894 1062 2950 Abbati
1114 2894 1504 2964 Angeriacensi
1549 2896 1684 2967 (75),
1730 2906 1787 2950 ut
1837 2899 2054 2965 dicitur,

467 2985 818 3054 promisistis,
847 2988 989 3056 quod
1024 2987 1069 3042 si
1104 2996 1381 3043 trecentos
1405 2988 1608 3043 solidos
1632 2989 2054 3045 Pictaviensinm

466 3078 834 3133 masculorum
868 3079 981 3149 (74)
1012 3080 1163 3135 vobis
1216 3080 1392 3146 daret,
1423 3080 1748 3137 Rainaldnm
1785 3084 2053 3140 Chesneili

467 3168 586 3235 (75)
671 3169 1013 3267 deponeretis
1050 3189 1065 3225 :
1103 3172 1247 3227 unde
1311 3172 1565 3242 capitula,
1645 3176 1844 3245 quibus
1902 3177 2124 3267 illnmC

466 3270 771 3326 accusaret,
812 3260 859 3313 ei
909 3264 1232 3334 transcripta
1291 3268 1536 3324 misistis.
1586 3266 1701 3324 lloc
1725 3267 1892 3323 abbas
1940 3270 2052 3340 ipse

464 3354 697 3420 fatetur,
746 3366 799 3412 et
826 3366 1019 3415 testem
1049 3359 1102 3413 in
1133 3357 1369 3415 animam
1414 3376 1564 3415 suam
1592 3360 1761 3414 Deum
1814 3360 2052 3427 invocat,

443 3450 608 3517 ’quod
633 3465 816 3504 verum
837 3449 1097 3519 loquitur.
1119 3449 1245 3505 Haec
1259 3466 1430 3520 pauca
1448 3451 1511 3506 de
1535 3452 1736 3516 multis,
1754 3452 1963 3506 modica
1987 3453 2054 3506 de

465 3539 679 3609 magnis
707 3540 859 3593 vobis
873 3538 981 3611 42
1002 3539 1448 3609 signiﬁcavimus,
1477 3540 1784 3596 dilectionis
1802 3540 2054 3595 videlicet.

465 3646 651 3693 causa,
684 3639 765 3697 ut,
793 3631 837 3686 si
861 3646 985 3684 vera
1025 3641 1152 3686 sunt
1180 3648 1301 3703 quae
1329 3643 1514 3688 contra
1533 3643 1766 3688 vestram
1797 3635 2051 3689 astutiam

464 3722 816 3789 ventilantur,
873 3725 1271 3794 prieteritorum
1335 3727 1698 3797 transgressio
1754 3726 1847 3781 ﬁat
1897 3727 2049 3781 vobis

464 3812 769 3867 futurorum
799 3817 1029 3873 cautela.
1061 3816 1219 3881 Nam,
1239 3818 1548 3888 quicunque
1571 3819 1852 3890 privilegio
1882 3821 2053 3875 utitur

463 3901 721 3958 Rotuana:
762 3906 1033 3975 Ecclesixe,
1065 3918 1311 3980 sanctam
1356 3906 1470 3975 ejus
1504 3911 1885 3964 auctoritatem
1930 3926 2053 3980 per-

462 3995 640 4055 versis
709 3998 967 4066 operibus
1028 4014 1134 4053 non
1196 3998 1358 4054 'dcbet
1409 3999 1747 4071 impugnare.
1808 4000 1877 4056 Et
1924 4017 2047 4057 cum

457 4083 712 4142 Christus
744 4088 1001 4144 Dominus
1020 4090 1194 4144 solam
1222 4089 1283 4143 Β.
1311 4089 1473 4145 Petro
1494 4106 1615 4160 qua:-
1639 4090 1853 4162 ligauda
1872 4105 2048 4157 erant,

458 4175 683 4247 ligandi,
718 4187 769 4233 et
796 4195 917 4250 qua:
939 4180 1219 4247 solvenda,
1257 4180 1498 4237 solvendi
1538 4190 1861 4251 potestatem
1914 4197 2050 4238 con-

458 4269 645 4328 tulerit
672 4271 887 4342 (Matth.
928 4291 1040 4339 xvi,
1071 4274 1184 4345 19),
1223 4290 1318 4330 vos
1371 4275 1625 4346 amplius,
1658 4274 1742 4329 vel
1776 4275 1922 4330 aliud
1952 4292 2050 4347 pro

448 4360 726 4432 legatione
792 4364 943 4420 vobis
1012 4366 1301 4421 commissa
1347 4382 1452 4421 non
1512 4367 1725 4423 debetis
1763 4383 2046 4437 usurpare.

456 4455 614 4522 Quod
653 4472 738 4511 me
764 4467 1034 4527 prmsente
1081 4459 1243 4514 etiam
1273 4475 1457 4515 coram
1494 4459 1650 4515 laicis
1679 4460 2043 4530 pra-dieastis;

456 4563 556 4603 xos
570 4549 822 4604 videlicet
840 4551 1122 4621 episcopos
1145 4553 1446 4622 deponendi
1477 4554 1677 4608 habere
1702 4562 2047 4623 potestatem,

459 4654 661 4704 ,novum
693 4655 861 4709 genus
889 4644 1330 4712 praesumptionis
1370 4643 1702 4713 putavimus,
1738 4643 1863 4713 quia
1903 4641 2048 4696 nulla

457 4732 668 4785 ratione
700 4731 886 4800 legatis
909 4733 1220 4802 apostolicm
1254 4734 1398 4789 sedis
1435 4735 1753 4789 conceditur
1788 4731 1930 4802 quod
1980 4732 2046 4786 ad

469 4823 638 4878 solius
677 4822 906 4879 Romani
937 4826 1210 4896 pontificis
1240 4827 1474 4897 pertinet
1496 4827 1835 4894 dignitatem.
1866 4824 1969 4881 Sed
2001 4826 2045 4881 si

532 4977 645 5045 (70)
699 4978 975 5036 Bernerius
1024 4982 1185 5037 abbas
1217 4981 1626 5038 Boneeallensis.
1656 4980 1737 5035 Ad
1767 4980 1914 5035 hunc
1942 4962 2045 5034 ali-

455 5058 586 5118 quot
614 5052 856 5117 epistola:
879 5052 970 5106 lib.
1005 5070 1077 5107 tv.

530 5118 642 5190 (7|)
670 5119 838 5176 Falco
882 5122 1190 5177 Biennensis
1216 5123 1398 5177 abbas.
1439 5121 1823 5176 Monasterium
1868 5130 1952 5175 est
1990 5121 2041 5175 in

455 5188 755 5253 Santonum
781 5194 1027 5260 dioecesi,
1059 5191 1242 5248 Sancti
1273 5192 1533 5261 Stephani
1570 5192 1637 5246 de
1658 5190 1859 5246 Beania
1886 5192 2044 5263 vulgo

476 5275 487 5290 '
530 5281 570 5313 (Ἰ
658 5304 670 5316 .

452 5274 917 5403 ωιῖιὲἷϐοηιίιωη
949 5333 1392 5403 Andegaveusem.
1423 5332 1713 5387 Fulcouem
1745 5333 1811 5395 V,
1839 5333 1907 5388 de
1937 5350 2045 5403 quo

454 5418 542 5471 ep.
571 5400 627 5460 8.
667 5404 803 5458 Huic
820 5405 965 5474 enim
994 5401 1193 5474 bellum
1226 5400 1323 5454 fuit
1353 5418 1474 5456 cum
1499 5402 1732 5457 Henrico
1752 5400 2045 5474 Anglorqu

455 5489 605 5540 fuge.
639 5491 704 5529 ac
730 5477 867 5529 duce
903 5471 1425 5535 Northmauuorum,
1455 5489 1603 5527 anno
1631 5474 1767 5530 1118
1796 5471 1861 5528 ad
1886 5474 2050 5530 Alen-

452 5545 663 5625 cionem
694 5554 958 5667 lcastrum,
981 5549 1037 5594 et
1053 5540 1296 5609 Saginm,
1323 5542 1412 5598 ubi
1440 5542 1653 5600 collatis
1676 5545 1844 5616 signis
1866 5560 2051 5601 comes

452 5626 628 5667 \‘tctot'
658 5633 684 5666 :t
711 5623 812 5667 mt.

451 5628 504 5667 γι
528 5631 539 5646 ⁵
565 5631 628 5667 ot'
658 5626 704 5667 :tl
732 5626 812 5666 ιιι.

665 5633 853 5736 A’bbati
876 5680 1266 5751 Angeriacensi.
1300 5683 1554 5752 Henrico,
1583 5686 1652 5741 ad
1676 5701 1836 5757 quem
1865 5686 1957 5741 lib.
1987 5703 2037 5749 v,

451 5771 557 5805 ΕΓΗ
586 5767 660 5805 lli.

466 5767 660 5806 it‘l'lllli.

466 5771 660 5806 'rrnnz.

451 5773 476 5816 β
524 5824 633 5893 ('t'i)
678 5821 878 5876 S‘olidos
920 5819 1325 5880 Pictttrt'cnat'um
1358 5827 1744 5899 'utrtsculorttut.
1777 5829 1834 5884 In
1874 5829 2040 5899 gestis

2171 580 2325 649 quasi
2378 579 2610 634 alterum
2643 591 2839 647 papam
2875 590 2971 630 vos
3013 574 3241 640 fecistis,
3272 585 3328 631 et
3351 577 3418 632 ad
3456 576 3748 635 Romanam

2170 672 2493 736 Ecclesiam,
2525 685 2686 741 quam
2723 684 2866 723 nunc
2908 683 3083 738 usque
3116 669 3171 722 in
3202 684 3300 723 sua
3331 671 3661 726 necessitate
3688 673 3749 727 li-

2166 764 2296 819 bere
2321 764 2606 834 quisquam
2629 760 2901 832 appellare
2928 760 3118 830 potuit,
3143 775 3245 814 vox
3268 762 3643 831 appellationis
3660 781 3749 821 ne-

2166 866 2341 929 gatur.
2358 856 2467 913 Nos
2488 865 2668 912 tamen
2691 856 3044 912 credebamus
3067 858 3496 914 mediocritatem
3519 870 3748 917 vestram

2166 949 2489 1022 legationem
2521 949 2723 1005 habere
2746 950 2891 1004 sedis
2911 950 3240 1021 apostolicae,
3274 967 3379 1006 non
3401 953 3745 1023 apostolicam

2165 1044 2349 1098 sedem
2401 1058 2526 1098 esse
2571 1051 2627 1098 et
2655 1059 2686 1097 a
2716 1044 2938 1098 domino
2996 1059 3133 1115 papa
3185 1055 3392 1117 partem
3443 1049 3747 1119 suscepisse

2165 1133 2568 1199 sollicitudinis,
2596 1150 2760 1205 quam
2795 1136 3134 1193 solummodo
3177 1140 3361 1194 caeteri
3388 1140 3549 1212 legati
3574 1145 3746 1199 susci-

2165 1227 2343 1298 piunt,
2363 1242 2469 1283 non
2498 1228 2888 1300 plenitudinem
2911 1244 3169 1286 exercere
3199 1236 3503 1303 potestatis.

2610 1319 2717 1393 5,3
2765 1319 3096 1375 EPISTOLA
3138 1320 3300 1377 XXII.

2165 1410 2485 1465 Dulcissimo
2514 1412 2730 1475 domno,
2762 1422 2812 1467 et
2853 1412 3191 1480 prwcordiali
3217 1416 3408 1483 amico,
3436 1419 3628 1475 domno
3653 1423 3748 1477 Gi-

2238 1506 2398 1558 rardo
2437 1505 2552 1559 tim:
2592 1504 2876 1561 laudabilis
2924 1509 3185 1579 episc0po,
3235 1522 3433 1566 sauctte
3491 1512 3744 1569 Romana:

2237 1597 2375 1651 sedis
2408 1597 2607 1667 legato,
2647 1598 2815 1667 frater
2839 1595 3112 1668 Go/fridus
3154 1602 3392 1672 ejusdem
3418 1605 3555 1659 sedis
3581 1622 3751 1661 servo-

2238 1702 2354 1740 rum
2378 1687 2643 1749 minimus,
2687 1704 2719 1741 (ι
2764 1686 2876 1741 Deo
2905 1687 3126 1743 salutem
3156 1702 3428 1761 wternam,
3475 1695 3748 1765 quodipsc

2238 1790 2337 1844 est,
2366 1790 2413 1833 et
2438 1798 2470 1833 a
2493 1796 2548 1834 se
2572 1778 2827 1849 quidquid
2852 1780 2988 1849 sapit
3011 1791 3057 1833 et
3088 1792 3278 1849 potest.

2240 1870 2297 1925 In
2324 1869 2516 1939 primis
2561 1879 2757 1923 vestra:
2795 1868 3093 1938 dilectioni,
3123 1886 3242 1941 quae
3269 1887 3327 1928 se
3355 1873 3502 1929 circa
3543 1890 3628 1931 me
3663 1876 3746 1930 in-

2164 1969 2371 2033 tegram
2425 1969 2480 2015 et
2535 1960 2849 2015 inviolatam
2901 1963 3160 2029 servavit,
3194 1963 3520 2035 multiplices
3571 1968 3753 2024 refero

2162 2045 2460 2125 gratiarum
2484 2055 2746 2108 actiones.
2781 2052 2987 2109 Deinde
3027 2056 3344 2125 paternitati
3371 2068 3567 2114 vestrae
3607 2063 3751 2116 noti—

2163 2144 2329 2199 ﬁcare
2356 2144 2573 2214 dignum
2598 2143 2747 2207 duxi,
2777 2145 2918 2213 quod
2946 2146 3086 2215 apud
3112 2146 3389 2202 dominum
3414 2164 3607 2219 papam
3636 2152 3750 2220 (76)

2163 2236 2282 2306 ipso
2314 2234 2421 2300 die,
2463 2250 2571 2305 quo
2609 2235 2817 2305 legatus
2858 2245 3042 2291 noster
3070 2238 3137 2292 ad
3170 2254 3294 2294 cum
3330 2244 3599 2311 pervenit,
3651 2260 3749 2297 sua

2161 2328 2303 2384 bona
2358 2330 2556 2401 gratia,
2607 2338 2662 2384 et
2707 2342 2950 2383 meorum
2993 2329 3132 2384 mala
3171 2333 3345 2401 gratia
3400 2334 3749 2396 aemulorum.

2161 2421 2425 2492 quidquid
2456 2421 2621 2485 volui,
2675 2420 2980 2490 impetravi.
3023 2421 3242 2477 Visione
3294 2434 3471 2479 vestra
3516 2425 3752 2495 perfrui,

2160 2525 2214 2568 et
2239 2511 2566 2583 colloquium
2610 2521 2846 2568 vestrum
2883 2512 3087 2567 habere
3132 2513 3400 2581 desidero,
3432 2525 3489 2571 et
3534 2517 3650 2581 ubi,
3698 2526 3755 2570 et

2159 2603 2397 2674 quando,
2445 2605 2592 2674 quod
2631 2603 2982 2660 vehementer
3025 2612 3174 2674 opto,
3237 2604 3485 2663 obtinere
3510 2606 3752 2672 valeam,

2161 2698 2295 2753 mihi
2324 2698 2621 2768 dignemini
2671 2708 2764 2752 aut
2795 2698 2997 2763 verbis,
3038 2698 3367 2766 autlitteris
3414 2700 3749 2771 signiﬁcare.

2160 2794 2273 2850 lloc
2303 2795 2449 2851 enim
2505 2794 2762 2850 Ecclesia:
2806 2795 2897 2850 Dei
2937 2803 3023 2850 est
3055 2796 3445 2857 necessarium,
3498 2804 3556 2849 et
3596 2797 3756 2853 vobis

2160 2887 2307 2942 utile.

2662 2978 2993 3034 EPISTOLA
3037 2978 3222 3033 XXIII.

2159 3071 2365 3127 Damno
2390 3072 2619 3128 Cirardo
2670 3072 2902 3126 honestae
2955 3072 3073 3126 ritw
3105 3071 3365 3142 episcopo,
3398 3082 3599 3126 sanum
3643 3072 3754 3126 Ro-

2227 3182 2402 3220 mana:
2430 3164 2681 3219 Ecclesia:
2726 3163 3010 3218 venerabili
3050 3161 3241 3234 legato,
3285 3162 3448 3233 frater
3474 3160 3755 3234 Go/fridus

2224 3270 2409 3316 restrte
2442 3258 2709 3328 religionis
2754 3275 2953 3323 servus,
2986 3257 3340 3325 dilectionem,
3368 3268 3416 3312 et
3459 3259 3619 3313 totius
3663 3261 3753 3313 di-

2223 3352 2457 3406 lectionis
2484 3349 2800 3403 servitutem.

2224 3440 2575 3505 Audivimns,
2635 3437 2986 3493 dilectissime
3043 3438 3290 3506 domine,
3369 3439 3511 3508 quod
3582 3439 3757 3498 abbas

2156 3530 2341 3586 Sancti
2368 3529 2569 3585 Nieolai
2604 3528 2715 3600 (77)
2741 3528 3015 3584 abbatiam
3061 3544 3213 3583 suam
3254 3528 3307 3582 in
3356 3544 3517 3582 manu
3560 3540 3748 3586 vestra

2154 3623 2488 3687 deseruerit,
2526 3639 2592 3679 eo
2628 3622 2893 3693 siquidem
2941 3631 3126 3678 tenore
3175 3631 3231 3675 ut
3275 3638 3379 3677 non
3432 3638 3552 3678 eam
3597 3623 3753 3679 dein-

2157 3731 2302 3786 ceps,
2337 3715 2441 3771 nisi
2479 3716 2532 3770 in
2567 3716 2936 3772 misericordia
2967 3724 3149 3771 vestra
3178 3713 3288 3787 44
3324 3726 3653 3785 reposceret,
3692 3728 3749 3772 ct

2151 3821 2217 3861 eo
2244 3804 2410 3860 etiam
2440 3814 2600 3876 pacto
2636 3815 2694 3859 ut
2725 3814 3024 3861 conventus
3054 3804 3143 3858 ille
3181 3802 3242 3857 B.
3292 3802 3496 3858 Nieolai
3531 3821 3655 3859 cum
3687 3820 3755 3861 eo

2156 3898 2366 3952 ﬁrmam
2404 3911 2592 3968 pacem
2628 3905 2683 3952 et
2711 3895 3060 3952 concordiam
3094 3895 3337 3950 haberet.
3382 3894 3608 3950 Pactum
3646 3898 3757 3951 uti-

2152 4003 2278 4058 que,
2303 3987 2447 4057 quod
2475 3985 2728 4042 monachi
2753 3985 2829 4040 illi
2856 3986 2923 4041 de
2946 4000 3078 4054 pace
3100 3993 3155 4040 et
3181 3984 3469 4040 concordia
3497 3995 3625 4040 ante
3655 4002 3756 4041 vos

2152 4088 2208 4134 et
2236 4095 2332 4150 per
2359 4094 2456 4134 vos
2488 4078 2755 4143 fecerunt,
2790 4077 2879 4130 vix
2907 4086 3029 4131 octo
3060 4077 3274 4143 diebus,
3302 4077 3443 4132 sicut
3474 4077 3591 4147 ipse
3615 4078 3756 4133 dicit

2152 4179 2207 4224 et
2241 4184 2339 4224 nos
2377 4169 2647 4223 credimus
2674 4207 2689 4233 ,
2741 4176 3051 4223 tenuerunt.
3099 4165 3254 4223 Unde
3300 4167 3486 4233 vobis,
3530 4184 3748 4241 magna:

2151 4257 2496 4313 discretionis
2533 4255 2719 4322 Pater,
2770 4255 2992 4311 multum
3033 4257 3350 4327 suppliciter
3385 4274 3482 4329 pro
3516 4275 3582 4313 eo
3622 4277 3755 4330 sup.

2151 4350 2441 4419 plicamus,
2477 4356 2535 4402 ut
2578 4348 2631 4402 in
2672 4347 3018 4418 adipiscenda
3050 4350 3301 4415 abbatia,
3343 4365 3505 4419 quam
3556 4362 3756 4407 vestra:

2152 4440 2444 4496 voluntatis
2467 4440 2694 4496 consilio
2718 4440 3029 4511 dereliquit,
3057 4442 3285 4497 dulcedo
3310 4452 3504 4497 vestrae
3530 4443 3753 4513 pietatis

2082 4561 2128 4621 ο
2155 4549 2254 4605 pro
2285 4549 2473 4590 amore
2499 4533 2612 4599 Dei,
2637 4542 2690 4589 et
2713 4542 2901 4589 nostro
2928 4533 3272 4604 suffragetur,
3297 4542 3350 4590 et
3374 4535 3441 4589 de
3466 4538 3753 4591 monachis

2159 4630 2285 4695 illis,
2327 4628 2416 4698 qui
2458 4627 2776 4699 promissam
2814 4626 2916 4682 sibi
2954 4643 3141 4697 pacem
3186 4638 3241 4683 et
3271 4629 3619 4683 concordiam
3653 4646 3755 4684 nec

2157 4730 2442 4779 tenuerunt
2482 4736 2583 4776 nec
2625 4726 2837 4785 tenent,
2872 4721 3106 4776 debitam
3137 4719 3403 4790 justitiam
3447 4736 3752 4791 consequa-

2158 4826 2263 4872 tur.
2295 4815 2445 4884 Quod
2479 4817 2522 4873 si
2555 4817 2815 4883 feceritis,
2845 4815 3041 4872 scitote
3079 4814 3346 4869 veraciter
3374 4814 3517 4885 quod
3546 4831 3633 4871 me
3663 4816 3750 4870 in-

2154 4974 2405 5029 Ademari
2443 4974 2680 5044 episcopi
2722 4971 3185 5044 Engolismcnsis:
3226 4970 3358 5024 Cum
3397 4972 3675 5039 episcopus
3714 4991 3748 5026 α

2136 5046 2429 5115 νηιιροεὶιο
2454 5042 2594 5099 mille
2621 5042 3239 5099 solidosPictuoieusmm
3261 5059 3355 5115 pro
3379 5053 3749 5115 acaplatneulo

2154 5111 2401 5183 exigeret,
2425 5127 2473 5170 et
2506 5118 2614 5185 ipse
2644 5116 2857 5169 reddere
2908 5123 3230 5185 nongposset,
3272 5111 3465 5185 [terius
3494 5114 3750 5185 episcopo

2152 5186 2294 5239 mille
2340 5183 2532 5240 dedit.‘
2563 5185 2781 5240 Mascnli
2834 5183 3198 5239 Pictavienses
3251 5183 3536 5250 peculiaris
3595 5197 3740 5236 nota:

2155 5258 2380 5321 nummi,
2419 5266 2476 5310 ut
2532 5256 2697 5310 fortes
2730 5255 3143 5325 Lugdunenses.
3172 5254 3222 5307 in
3256 5262 3584 5325 testamento
3613 5254 3752 5309 Gui-

2152 5327 2339 5382 chardi
2381 5329 2446 5382 de
2484 5325 2773 5394 Bellojoco,
2803 5322 2963 5394 quem
3002 5322 3200 5394 Sibylla
3230 5340 3364 5378 uxor
3401 5323 3593 5379 litteris
3629 5328 3749 5379 suis

2154 5413 2298 5451 anno
2352 5398 2493 5452 1200
2541 5397 2782 5467 professa
2822 5405 2906 5451 est
2938 5394 3194 5467 Ecclesiae
3244 5395 3606 5467 Cluniacensi“
3644 5412 3748 5465 pro

2154 5468 2526 5523 anniversario
2543 5464 2657 5523 ’δυο
2705 5467 2913 5537 legasse
2938 5466 2992 5520 in
3018 5465 3260 5536 singulos
3281 5480 3452 5520 annos
3483 5480 3540 5530 ις,
3574 5464 3747 5521 libras

2152 5538 2372 5610 fortium
2384 5538 2863 5610 Lugdunensium.

2248 5608 2337 5678 75)
2371 5605 2696 5663 Raiualdum
2731 5607 3015 5678 Obesnelli.
3043 5605 3161 5661 Lib.
3188 5623 3266 5678 ιιι,
3294 5607 3453 5675 epist.
3483 5606 3575 5661 59.

2248 5610 2337 5678 75)
2371 5610 2696 5663 Raiualdum
2731 5610 3015 5664 Obesneili.
3043 5610 3161 5661 Lib.
3188 5623 3266 5668 tu,
3294 5610 3453 5675 epist.
3483 5610 3575 5661 59.

2224 5610 2338 5747 ἓἹϐ)
2361 5679 2644 5734 Dominum
2672 5679 2869 5748 Papam
2893 5676 3170 5732 Callistum
3194 5677 3258 5741 ll,
3282 5678 3441 5747 epist.
3478 5678 3539 5730 l2
3572 5688 3626 5731 et
3648 5678 3738 5732 13.

2222 5750 2335 5821 (77)
2363 5751 2534 5804 Abbas
2582 5750 2814 5807 Nicolai.
2859 5748 3199 5814 Lambertus,
3254 5748 3319 5802 de
3356 5764 3462 5817 quo
3498 5748 3591 5802 lib.
3649 5765 3736 5814 ιιι,

2148 5825 2305 5895 epist.
2340 5822 2371 5878 8
2401 5831 2452 5876 ct
2486 5821 2538 5876 9.
