3990 6454
236 386 302 442 σε
1524 385 1906 442 hl’lS'l'OLAi.
1938 418 2005 428 -
2046 387 2171 441 LIB.
2213 387 2250 442 ι.
3439 401 3508 454 es

236 507 581 570 gratituomts
607 513 848 569 arguere
872 499 1167 553 nullatenus
1195 499 1459 568 poteritis.
1490 500 1568 554 Ad
1593 499 1816 568 januam
1850 504 1893 558 Α
1921 499 2065 565 bam,
2091 511 2153 556 ιιι
2193 502 2245 555 ἰιι
2276 501 2534 568 concilio,
2583 504 2724 573 quod
2769 504 3042 559 mediante
3080 505 3504 578 Quadragcsima

241 600 420 645 autem
455 591 848 645 misericordiae
874 591 1269 660 Andegavcnsis
1307 592 1419 661 (78)
1452 592 1681 647 ulterius
1712 610 1816 648 non

237 681 484 752 pulsabit,
512 681 639 749 quia
677 682 752 735 ibi
788 683 1204 736 misericordiam
1231 683 1417 738 deesse
1445 685 1819 755 experimento

230 771 340 839 jam
378 770 583 823 didicit.
631 770 910 841 Quidquid
952 781 1126 826 tamen
1170 771 1236 826 de
1287 773 1429 826 illius
1474 775 1818 841 promotione

230 871 404 914 actum
428 871 534 925 est,
566 879 675 915 non
706 879 935 918 censura
953 863 1198 930 justitiaa,
1224 866 1316 918 sed
1341 865 1452 920 sola
1476 875 1531 919 et
1556 867 1816 920 immensa

229 953 599 1007 misericordia
630 955 782 1008 fecit.
817 955 1019 1020 Valete,
1046 965 1101 1010 et
1134 958 1552 1012 misericordiam
1581 968 1817 1014 vestram

229 1043 382 1097 nobis
411 1054 602 1098 notam
638 1043 826 1100 facite.

747 1142 1078 1198 EPISTOLA
1115 1142 1302 1196 XXlV.

229 1231 446 1286 Domino
473 1233 541 1286 de
570 1236 854 1289 venerabili
884 1234 1268 1306 Engolismensi
1295 1237 1532 1306 episcopo
1553 1236 1813 1300 Girardo,

289 1335 484 1378 sancta:
539 1325 802 1381 Romana:
839 1328 975 1382 sedis
1023 1327 1348 1395 pradicabili
1391 1329 1560 1398 legato
1590 1370 1604 1391 ,
1650 1330 1815 1397 frater

290 1414 563 1485 Coﬂ'ridus
582 1459 596 1480 ,
627 1421 854 1474 salutem
882 1438 915 1474 a
944 1420 1052 1474 Dco
1071 1461 1085 1486 ,
1122 1431 1169 1474 et
1201 1439 1232 1475 a
1260 1439 1314 1475 se
1340 1439 1487 1491 pura:
1521 1423 1810 1477 dilectionis

287 1507 584 1561 servitutem
595 1549 609 1562 .

293 1597 516 1653 Noverit
555 1600 778 1655 dilectio
815 1610 1021 1662 vestra.
1073 1601 1236 1656 Pater
1271 1604 1624 1668 charissime,
1670 1605 1810 1673 quod

227 1702 384 1744 semet
410 1702 465 1744 et
489 1693 732 1746 secundo
757 1694 824 1749 de
847 1694 1106 1749 fratribus
1129 1695 1325 1749 nostris
1352 1694 1671 1749 Pictavicnsi
1697 1697 1812 1766 (79)

227 1784 473 1854 episcopo
504 1786 785 1848 misimus,
817 1788 1171 1856 deprecantes
1198 1799 1254 1841 ut
1285 1804 1384 1842 nos
1415 1789 1480 1842 ad
1512 1805 1607 1842 vos
1636 1805 1806 1859 usque

1922 590 2290 646 celebraturus
2314 602 2395 647 est
2422 593 2485 659 is,
2511 595 2694 650 abbati
2725 595 3026 650 Batiarensi
3058 598 3168 666 (8|)
3193 600 3258 652 de
3278 601 3504 657 ecclesia

1919 679 1978 732 Β.
2012 680 2194 736 Maria:
2225 683 2367 753 (82),
2400 693 2456 737 ct
2489 685 2716 739 ecclesia
2751 687 2809 739 B.
2847 684 3079 748 Nicolai,
3121 705 3255 758 quas
3297 691 3349 745 in
3381 693 3508 749 Οιρ-

1924 787 2055 827 rone
2088 789 2182 844 pet
2216 774 2554 844 septuaginta
2592 791 2764 832 annos
2799 778 3000 848 absque
3033 782 3292 835 canonica
3330 785 3502 837 recla-

1920 867 2158 923 matione
2193 867 2581 922 monasterium
2613 881 2856 924 nostrum
2889 872 3194 941 possedisse
3236 875 3495 939 noscitur,

1915 976 2240 1032 exsequerer
2263 963 2552 1033 justitiam.
2589 963 2739 1018 Unde
2765 967 2958 1020 mando
2990 969 3165 1034 vobis,
3191 972 3332 1040 quod
3361 989 3498 1042 pra:-

1920 1051 2060 1106 tlicto
2092 1053 2320 1105 termino
2349 1054 2606 1121 praedicto
2638 1054 2841 1118 abbati,
2873 1067 3132 1126 quantum
3165 1073 3352 1117 sancta
3389 1063 3498 1117 llo-

1919 1159 2072 1198 mana
2105 1147 2401 1199 auctoritas
2435 1147 2588 1201 docet
2621 1157 2676 1201 et
2705 1149 2968 1218 przccipit.
3005 1155 3360 1221 respondebo,
3395 1158 3498 1212 nisi

1917 1235 2176 1288 canonico
2200 1233 2350 1289 fuero
2374 1236 2758 1305 impedimento
2779 1240 3046 1293 detentus.
3071 1242 3286 1298 Interim
3310 1248 3503 1317 etiam,

1913 1323 1957 1376 si
1991 1324 2222 1378 donmus
2265 1327 2434 1380 abbas
2463 1326 2549 1381 ille
2587 1327 2848 1391 voluerit,
2879 1345 3095 1384 omnem
3137 1333 3237 1386 sibi
3276 1333 3496 1406 56m-

1913 1417 2114 1470 stitiam
2161 1417 2364 1482 oll‘ero,
2410 1437 2734 1491 quocunque
2773 1423 2922 1478 salvo
2957 1426 3227 1482 couductu
3277 1429 3354 1482 ire
3400 1446 3497 1498 μου

1915 1516 2085 1560 luero.
2131 1506 2280 1574 Quod
2326 1509 2369 1562 si
2417 1521 2664 1564 neutrum
2711 1513 2902 1566 horum
2953 1513 3252 1583 placuerit,
3296 1518 3499 1574 domini

1914 1611 2094 1665 pap:e,
2133 1595 2283 1663 cujus
2313 1601 2513 1667 proprii
2541 1601 2678 1669 juris
2708 1612 2763 1655 et
2797 1601 3190 1660 Vindocincnse
3219 1620 3499 1662 monaste-

1915 1689 2085 1754 rinnt,
2119 1698 2174 1742 et
2221 1705 2306 1743 res
2336 1691 2400 1742 ad
2437 1692 2607 1759 ipsum
2652 1694 2985 1761 pertinentes
3014 1711 3134 1750 esse
3181 1713 3498 1762 noscuniur.

1911 1790 2036 1849 opto
2072 1790 2127 1836 ct
2152 1781 2318 1835 olli-ro
2349 1783 2420 1836 illi
2449 1783 2730 1851 judicium.
2772 1786 2936 1854 Cujus
2963 1788 3149 1855 judicii
3184 1794 3497 1861 :equilatem

227 1875 533 1944 dignaretur
555 1877 876 1931 conducere.
900 1877 1008 1948 45
1033 1878 1184 1942 Quod
1210 1879 1322 1947 ipse
1345 1879 1596 1948 benigne,
1627 1881 1793 1934 susci-

1912 1871 2002 1938 qni
2045 1871 2238 1942 refugit
2274 1873 2492 1938 audire,
2541 1875 2602 1928 B.
2643 1875 2862 1930 Petrum
2912 1894 2977 1932 ne
3019 1881 3214 1934 sentiat
3250 1855 3450 1938 iratum
3480 1925 3494 1948 ,

228 1961 401 2031 piens,
439 1964 494 2018 in
522 1967 882 2034 assumptione
919 1967 975 2020 B.
1010 1966 1188 2022 Mariae
1217 1967 1451 2038 seipsum
1485 1970 1550 2022 ad
1582 1968 1806 2023 Fontem

236 2053 453 2108 Ebraldi
491 2057 597 2127 (80)
637 2059 921 2126 spopondit
954 2067 1271 2124 venturuttt,
1303 2067 1357 2113 et
1389 2061 1531 2129 quod
1574 2062 1802 2129 petit-ra-

237 2161 358 2198 mus
390 2147 661 2217 diligenter
695 2149 977 2205 facturum.
1027 2149 1135 2204 Nos
1170 2161 1371 2215 autem,
1403 2151 1544 2206 sicut
1581 2155 1804 2207 manda-

234 2247 404 2299 verat,
432 2240 500 2290 atl
524 2240 838 2306 przedictum
867 2239 1035 2293 locum
1065 2241 1337 2306 venimus;
1365 2243 1452 2295 ubi
1482 2259 1578 2296 nec
1605 2244 1798 2314 ipsum,

224 2339 324 2377 nec
355 2328 471 2391 ejus
507 2328 754 2382 nuntium
799 2332 1165 2396 invenientes,
1218 2332 1420 2402 fatigati
1465 2333 1732 2388 incassum
1769 2351 1800 2389 a

222 2417 338 2470 loco
385 2420 729 2475 recessimus.
788 2420 1060 2490 Rogamus
1108 2424 1296 2492 igitur,
1349 2424 1647 2479 lmmilitate
1693 2441 1800 2495 qua

221 2523 529 2575 possumus,
577 2527 641 2564 ne
685 2512 759 2566 sit
797 2513 954 2566 vobis
995 2513 1311 2578 tnolestum,
1347 2515 1518 2569 lidelis
1564 2517 1704 2571 servi
1747 2526 1801 2570 et

223 2601 425 2654 veracis
449 2601 605 2655 amici
637 2604 1091 2672 supplicationem
1131 2607 1442 2674 suscipere.
1474 2617 1529 2661 et
1567 2609 1800 2677 qualiter

223 2706 388 2759 usque
416 2695 481 2747 ad
517 2710 614 2748 vos
662 2697 897 2752 transire
944 2698 1248 2764 valeamus,
1294 2702 1434 2769 apud
1481 2701 1795 2769 praedictum

219 2786 514 2856 episcopum
561 2790 880 2860 impetrare.
910 2791 1166 2858 Quzedam
1198 2793 1341 2846 enim
1372 2802 1563 2848 vestra:
1595 2796 1798 2848 sancti-

221 2878 336 2933 tatis
367 2881 595 2935 consilio
627 2882 807 2936 facere
847 2885 1240 2953 disposuimus,
1273 2901 1393 2955 quae
1430 2902 1530 2941 nec
1560 2889 1793 2956 scripto,

223 2985 315 3025 nec
341 2988 432 3027 ore
460 2973 646 3028 alieno
676 2976 926 3029 volumus
959 2977 1220 3031 revelare.

731 3066 1058 3122 EPISTULA
1103 3068 1269 3124 XXV.

214 3152 404 3207 Damno
435 3153 677 3210 Girardo
704 3156 993 3212 laudabilis
1023 3161 1138 3213 vita:
1165 3161 1428 3229 episcopo,
1457 3172 1652 3215 sancta:
1685 3161 1791 3215 Ro-

1909 1964 2067 2016 debet
2113 1965 2326 2018 timere.
2377 1964 2760 2020 Mouastcrium
2815 1979 3055 2023 nostrum
3113 1973 3494 2040 patrimonium

1907 2053 1966 2106 ll.
2016 2054 2198 2121 Petri,
2263 2065 2318 2109 et
2355 2054 2469 2123 ejus
2506 2056 2740 2111 aloilinm
2782 2059 2892 2128 (85)
2935 2063 3231 2127 noveritis,
3278 2073 3333 2117 et
3376 2064 3495 2119 loco

1906 2158 2090 2198 nostro
2119 2147 2407 2214 prtedictas
2443 2147 2731 2212 Ecclrsias,
2762 2159 3019 2219 perpetuo
3043 2153 3190 2220 jure,
3222 2153 3493 2209 Romam-

1906 2251 2022 2287 rum
2075 2237 2388 2304 pontificum
2443 2238 2822 2292 irrctractabili
2877 2245 3200 2295 auctoritate
3249 2244 3496 2298 lirntat:s

1902 2343 2022 2382 esse
2045 2371 2061 2395 ,
2102 2328 2404 2382 nullatenus
2444 2329 2720 2385 dubitetis.
2756 2331 2908 2398 Quod
2939 2333 3108 2387 abbas
3159 2335 3492 2392 Batiaccnsis

1901 2416 2036 2470 dixit
2074 2432 2157 2472 me
2196 2433 2294 2487 pro
2333 2433 2495 2471 causa
2542 2435 2638 2472 sua
2685 2420 2893 2476 litteras
2935 2436 3147 2476 vesxras
3194 2425 3446 2480 habuisse
3471 2467 3488 2490 ,

1900 2509 2092 2563 scitote
2132 2524 2254 2562 eum
2305 2513 2525 2565 verbum
2576 2513 2817 2567 veritatis
2865 2530 2968 2568 non
3021 2517 3341 2585 protulisse,
3391 2522 3488 2573 sed

1899 2601 2038 2668 quod
2080 2615 2175 2669 per
2211 2599 2418 2654 litteras
2450 2611 2663 2656 nostras
2692 2603 2841 2656 vobis
2883 2606 3130 2658 tuamlavi
3165 2607 3230 2660 de
3261 2607 3486 2674 famulo,

1897 2690 1986 2759 qui
2023 2699 2227 2746 vestras
2255 2690 2410 2746 nobis
2441 2691 2635 2746 aﬂ'erre
2665 2693 2879 2754 debuit.
2912 2710 3098 2749 verum
3129 2698 3353 2755 credite.

2401 2781 2734 2838 El’lSTOLA
2777 2781 2964 2838 XXVI.

1897 2868 2127 2923 Girardo
2171 2869 2454 2923 laudabilis
2505 2873 2621 2925 vita:
2665 2874 2902 2943 episcopo
2928 2913 2944 2939 ,
2984 2889 3182 2928 sancta:
3228 2877 3485 2935 Romana:

1965 2964 2103 3017 sedis
2150 2963 2356 3033 legato,
2399 2965 2611 3019 domino
2661 2984 2756 3020 suo
2803 2978 2850 3022 et
2892 2970 3225 3038 pra'cordiali
3269 2973 3437 3026 amico
3463 3015 3482 3040 ,

1964 3054 2132 3122 frater
2159 3053 2466 3125 Go/fridus,
2500 3059 2754 3128 quidquid
2784 3060 3028 3112 mandari
3068 3071 3267 3130 potest,
3297 3075 3345 3117 et
3384 3065 3482 3119 lia-

1963 3147 2071 3199 beri
2100 3146 2381 3202 salubrius.

276 3263 438 3300 ιηαηω
465 3249 612 3301 καί,
645 3249 852 3316 tegula,
882 3249 1049 3316 [ναιεν
1079 3206 1354 3320 σοχίηιιηέ
1387 3252 1618 3321 ejusdem
1650 3255 1787 3307 καί,
1817 3206 1861 3262 C
1962 3240 2114 3308 Apud
2149 3239 2442 3296 bonitatem
2475 3252 2743 3308 vestram,
2778 3245 3111 3299 honorabilis
3137 3247 3319 3310 Pater,
3355 3265 3479 3305 cunt

275 3336 587 3392 allodiarius
613 3379 626 3401 ,
667 3349 714 3392 et
746 3357 922 3394 servus
946 3380 962 3404 ,
999 3351 1044 3392 et
1085 3358 1117 3394 a
1153 3341 1260 3395 Deo
1289 3341 1436 3396 bona
1477 3345 1789 3410 operationis

275 3429 525 3495 fructum.
560 3441 613 3483 ct
639 3447 671 3483 a
699 3448 753 3484 se
775 3448 922 3499 pura:
949 3431 1238 3485 dilectionis
1267 3432 1586 3502 obsequium.

279 3518 643 3589 Signiﬁcastis
692 3521 820 3574 mihi
870 3537 967 3590 per
1012 3521 1232 3575 fratrem
1259 3563 1274 3586 ,
1317 3538 1478 3592 quem
1527 3523 1677 3577 vobis
1721 3524 1791 3577 ob

213 3610 360 3664 aliain
389 3627 618 3666 causam
650 3611 906 3665 miseram
927 3653 941 3677 ,
972 3613 1096 3681 quia
1128 3613 1283 3666 istam
1327 3613 1543 3682 penitus
1575 3615 1790 3682 ignora-

277 3745 389 3813 (Ἶ8)
427 3745 839 3813 Andegavensis.
865 3743 1106 3797 Rainaldi
1132 3743 1390 3813 episcopi,
1415 3746 1481 3799 de
1506 3743 1658 3810 cujus
1681 3746 1790 3799 ele-

207 3815 641 3938 ctionehquam
695 3817 858 3869 tacite
913 3815 1269 3884 perstringit,
1323 3814 1473 3883 plura
1534 3815 1626 3868 lib.
1684 3831 1786 3880 tn,

208 3897 360 3938 elttsl.
471 3922 493 3938 .

293 3906 316 3933 κ
347 3924 360 3934 .
471 3922 493 3940 .

208 3897 718 4026 epl(7t9)11".'piscopus
755 3955 1099 4009 I’ictarensis.
1140 3954 1455 4010 Guillelmus
1489 3955 1632 4009 Petri
1667 3972 1786 4011 sue-

229 4044 402 4079 τεςδον.

208 4040 499 4181 “galina
557 4095 777 4150 Fontcm
828 4094 1067 4150 Ebro/di.
1097 4097 1285 4166 μερίδι.
1336 4097 1406 4152 26
1451 4105 1504 4152 et
1549 4095 1642 4150 lib.
1691 4112 1784 4162 tv,

209 4168 616 4308 ῗνὶὲιίῖῗίὺὺαιι
651 4237 974 4308 Batiacensi.
1010 4237 1065 4291 In
1099 4253 1232 4308 pago
1264 4237 1578 4290 Santonico.
1621 4237 1784 4292 Gesta

204 4303 498 4378 Grimoardi
521 4309 758 4377 episcopi
785 4307 1076 4378 Eugolism.
1099 4303 1113 4360 Ξ
1138 4303 1309 4377 Hujus
1331 4319 1556 4375 tempore
1571 4309 1786 4378 quidam

205 4376 265 4428 de
299 4379 623 4447 principibus
662 4376 1146 4445 lingulismensibns
1178 4376 1494 4430 (immanius
1534 4376 1784 4447 delacri-

205 4449 304 4499 cliis
330 4446 613 4518 (edi/ienuit
643 4451 697 4502 in
723 4450 1008 4518 Santonico
1036 4465 1168 4515 pago
1199 4452 1569 4501 monasterium
1603 4446 1784 4500 Batia-

205 4534 340 4569 ccnse
362 4521 415 4572 in
441 4522 647 4571 honore
673 4519 842 4571 sancti
865 4517 1115 4586 Stephani
1139 4519 1558 4586 protomartyris,
1591 4529 1636 4570 et
1663 4536 1780 4571 cen-

1893 3335 2076 3389 dolore
2107 3337 2286 3390 cordis
2309 3378 2326 3402 ,
2357 3345 2410 3390 et
2443 3338 2607 3389 nimia
2649 3338 2844 3391 mentis
2876 3337 3147 3393 anxietate
3182 3343 3475 3410 conqueri-

1893 3443 2014 3481 mur
2058 3429 2124 3483 de
2165 3429 2327 3484 Petro
2369 3429 2435 3482 de
2481 3427 2661 3481 llloute
2715 3429 2974 3482 (Ioutorio
3014 3429 3154 3500 (8i),
3194 3433 3284 3501 qui
3339 3433 3478 3486 infra

1893 3520 2150 3573 terminos
2181 3531 2374 3575 vestra:
2406 3520 2690 3590 legationis
2721 3520 2834 3588 (85)
2881 3521 2934 3574 in
2981 3523 3288 3591 episcopatu
3335 3527 3481 3579 scili-

1891 3624 1979 3667 cet
2032 3613 2600 3680 Pictaviensi,fratrcs
2654 3624 2870 3669 nostros
2917 3630 2946 3668 a
3001 3618 3332 3670 iuonastcrio
3390 3634 3479 3671 re-

1891 3746 2290 3816 patrimoniale.
2328 3746 2505 3814 Quare
2543 3746 2924 3814 patrimonium
2964 3747 3183 3809 dicitur,
3211 3757 3265 3800 et
3304 3748 3477 3802 hatre-

1891 3818 2062 3881 ditas,
2104 3826 2367 3885 quatenus
2407 3819 2474 3870 ab
2518 3819 2624 3868 alio
2664 3827 2880 3879 innuat,
2919 3819 3194 3886 proprium
3234 3817 3328 3883 jus
3352 3857 3374 3884 ,ρ
3421 3832 3479 3873 rt

1891 3889 2212 3956 proprietas,
2258 3899 2372 3939 uta
2421 3886 2644 3959 Domino
2673 3888 2995 3959 possidetur.
3037 3888 3172 3941 Iiine
3213 3889 3297 3959 illa
3331 3905 3477 3959 stupe

1888 3972 2164 4019 connexa,
2205 3959 2256 4010 in
2305 3961 2522 4024 proprio
2567 3958 2772 4018 alodio.
2811 3958 2876 4010 de
2923 3961 3142 4026 proprio
3181 3958 3336 4010 alode
3364 4001 3377 4022 ,
3413 3958 3476 4012 et

1889 4027 1990 4079 alia
2026 4027 2076 4080 id
2119 4042 2304 4094 genus.
2341 4026 2590 4080 Urbanus
2621 4027 2690 4088 ll,
2725 4026 2930 4095 llugoni
2963 4029 3138 4080 abbati
3175 4030 3417 4083 Cluniae.
3455 4048 3470 4084 :

1891 4097 2265 4167 Monasterium
2295 4099 2548 4152 Sauctiss.
2583 4097 2855 4167 Trinitatis
2884 4098 2934 4148 in
2962 4097 3308 4159 .ilarciniaco,
3332 4104 3474 4167 quod

1888 4168 1943 4219 in
1992 4166 2168 4220 alodio
2211 4169 2419 4238 praprio
2448 4165 2969 4238 a’diﬁcasti.7Nosler
2993 4168 3150 4236 epist.
3185 4184 3244 4222 ιι.
3271 4165 3470 4238 Inpa-

1886 4238 2192 4290 trimonium
2212 4235 2269 4290 et
2299 4235 2552 4289 allodium
2579 4237 2870 4303 proprium.

1956 4307 2069 4378 (84)
2112 4305 2267 4378 Petro
2312 4305 2376 4359 de
2419 4305 2597 4378 Monte
2627 4305 2893 4378 (ἱρηίου-ἑο.
2927 4304 2992 4359 Ει
3019 4315 3194 4361 tamen
3227 4309 3414 4363 eadem
3442 4327 3479 4363 ρ

1885 4375 2092 4431 familia
2142 4376 2410 4431 Rohertus
2464 4375 2860 4428 Vindociueuse
2921 4379 3304 4430 tnunasterium
3356 4382 3470 4433 suis

1884 4449 2010 4502 olim
2044 4448 2322 4502 beneficiis
2343 4454 2586 4500 ornarat.
2611 4445 2904 4515 Gregorius
2935 4447 3039 4500 VII.
3069 4445 3303 4500 Ecclesia
3328 4450 3480 4503 Sun--

1885 4520 1955 4572 cli
1991 4517 2134 4571 Petri
2170 4521 2233 4571 de
2276 4517 2454 4570 Monte
2490 4516 2651 4569 Soleti
2675 4557 2690 4580 ,
2733 4527 2779 4568 et
2807 4517 3063 4585 quidquid
3110 4517 3362 4572 liobertns
3404 4525 3469 4573 de

363 4565 788 4656 ill—omnim:
823 4565 1087 4641 Ecclesium
1121 4565 1458 4641 liassaceuse’
1471 4599 1524 4642 ct
1544 4565 1617 4641 ,de
1649 4589 1778 4643 Bas—
1812 4565 1856 4619 Β
1884 4588 2070 4659 Monte,
2093 4587 2340 4641 Contorio
2379 4565 2744 4659 Vindocinensi
2771 4565 3003 4639 εᾶιιοώυ
3025 4590 3259 4659 detinuit,
3284 4601 3330 4640 et
3355 4591 3468 4659 ejus

202 4674 317 4709 suco
347 4676 494 4714 nunc
529 4659 734 4711 dicunt.

268 4729 374 4796 (82)
415 4730 495 4782 De
516 4729 738 4782 ecclesia
761 4726 825 4780 Β.
859 4727 1066 4780 Μανία.
1114 4725 1246 4781 Tres
1277 4728 1326 4780 in
1349 4725 1580 4782 Olerone
1604 4729 1775 4783 insula

197 4795 324 4863 juris
352 4799 772 4868 Vindocinensis
793 4809 944 4868 erant
973 4798 1232 4863 ecclesia),
1263 4814 1397 4868 quas
1424 4809 1671 4852 recenset
1697 4803 1778 4854 his

204 4872 366 4924 verbis
395 4870 696 4937 Gregorius
730 4867 833 4926 Vll.
861 4866 1088 4923 Oderico
1119 4866 1296 4922 abbati
1331 4886 1343 4921 :
1380 4868 1612 4922 Ecclesia
1643 4869 1780 4923 San-

202 4941 262 4990 cti
287 4939 501 5009 Georgii
532 4944 585 4991 in
614 4938 855 4992 Oleronis
875 4938 1078 5009 insula,
1111 4956 1226 4991 cum
1255 4955 1441 5009 magna
1464 4949 1611 5007 parte
1638 4941 1780 5007 ejus-

199 5013 309 5061 dem
336 5008 573 5072 insnlte;
605 5011 823 5062 rcrlesia
860 5008 1037 5062 Beata:
1068 5009 1256 5062 Mariic
1288 5010 1350 5062 de
1378 5008 1564 5062 Castro
1596 5009 1778 5062 Olero-

202 5083 304 5142 nis;
333 5083 558 5133 ecclesia
602 5081 789 5133 Sancti
827 5080 1036 5132 Νίσοιηὶ
1067 5085 1130 5131 de
1164 5079 1407 5132 Olerone.
1450 5079 1524 5131 Ex
1569 5081 1652 5134 his
1691 5099 1779 5132 se-

201 5154 363 5204 cunda
412 5152 594 5205 Bealze
643 5149 824 5202 Maria:
872 5151 1198 5220 parochiahs
1247 5162 1394 5214 erat,
1445 5159 1500 5201 ut
1553 5160 1788 5203 testatur

197 5223 448 5275 Nicolaus
477 5220 540 5273 ll.

265 5295 375 5361 (83)
420 5291 810 5344 Patrimonium
849 5290 909 5344 Β.
952 5288 1094 5342 Petri
1139 5303 1183 5344 el
1228 5290 1634 5361 nlodiumaDuo
1682 5290 1780 5342 ista

365 5361 666 5429 conjuugit,
697 5371 751 5413 ct
786 5363 956 5429 reipsa
990 5364 1275 5430 conjuncta
1302 5371 1446 5414 sunt.
1475 5360 1608 5413 Nam
1640 5361 1786 5428 quod

199 5435 453 5487 allodinnt
475 5434 791 5496 est,transit
808 5435 872 5484 ad
900 5433 1190 5494 Incrcilem,
1211 5442 1264 5483 et
1289 5432 1346 5484 lit
1371 5431 1775 5500 patrimonium,

199 5506 340 5572 quod
371 5505 430 5556 in
462 5503 663 5566 feudis,
702 5505 893 5556 aliisve
929 5503 1208 5572 beneticiis
1239 5503 1412 5554 locmtt
1452 5517 1554 5553 non
1590 5501 1780 5555 habet.

197 5571 307 5627 Etsi
341 5575 488 5627 enim
517 5575 674 5627 hodie
715 5574 989 5641 plerisque
1020 5571 1150 5625 locis
1178 5572 1332 5624 feuda
1369 5581 1492 5623 sunt
1521 5573 1782 5640 patrimo-

200 5646 362 5697 nialia
385 5688 401 5711 ,
436 5645 486 5697 id
520 5652 696 5696 tamen
730 5659 834 5695 non
878 5644 1076 5696 habent
1103 5657 1165 5694 ex
1200 5641 1339 5694 feudi
1370 5652 1562 5694 natura
1588 5682 1603 5706 ,
1636 5644 1778 5711 quod

200 5713 252 5765 in
286 5730 574 5783 personam
605 5713 819 5768 vassalli
850 5713 1106 5766 constitui
1138 5711 1374 5775 solebat,
1408 5714 1502 5765 sed
1526 5728 1590 5765 ex
1624 5729 1781 5781 pet-u-

201 5785 314 5839 liari
352 5796 509 5855 pacm
546 5795 598 5840 ct
635 5785 1008 5840 conventione.
1040 5784 1286 5838 Alodium
1309 5798 1435 5838 vero
1462 5798 1675 5852 semper
1699 5794 1780 5839 est

1881 4660 2025 4724 [ilius
2053 4658 2376 4712 Bertrannus
2399 4659 2671 4711 concessit.
2698 4656 3157 4712 Mons-(Jontorius
3183 4656 3474 4714 Pictonum-

1881 4731 2168 4799 oppidum,
2207 4728 2542 4783 memorabili
2589 4727 2774 4797 prtelio
2801 4739 2984 4782 nostra
3022 4739 3182 4782 :etate
3218 4730 3475 4783 nobilita-

1883 4811 2015 4854 tum.

1955 4871 2068 4940 (85)
2110 4869 2262 4938 Infra
2293 4871 2539 4923 terminos
2571 4879 2757 4923 restra:
2789 4869 3082 4938 legationis.
3117 4869 3378 4924 Girardus
3415 4874 3477 4925 itr

1885 4952 1992 4995 tota
2030 4940 2197 4995 Gallia
2231 4941 2438 5007 legatus
2468 4955 2572 4993 non
2607 4951 2755 5004 erat,
2789 4941 2882 4993 sed
2921 4940 2974 4992 in
3010 4941 3297 5009 Aquitania
3330 4943 3469 4994 dun-

1891 5021 2040 5064 taxat
2069 5011 2210 5078 quod
2241 5012 2435 5064 docent
2465 5010 2598 5063 Acta
2627 5011 2813 5080 synodi
2846 5009 3102 5064 Lateran.
3135 5027 3277 5064 anno
3305 5011 3471 5066 illi.

1895 5083 2087 5134 Verum
2133 5081 2434 5146 Aquitania:
2472 5081 2661 5150 legatis
2709 5090 2903 5148 praeter
2948 5082 3296 5149 Aquitanieas
3342 5098 3466 5150 pro.

1892 5151 2094 5204 viucias
2140 5151 2360 5204 attribui
2409 5151 2614 5204 solebat
2661 5151 2823 5203 etiam
2869 5151 3027 5205 tertia
3067 5152 3472 5221 Lugduni-nsi-

1895 5224 2007 5286 Quo
2038 5222 2097 5274 lit
2135 5231 2191 5272 ut
2220 5222 2920 5293 ειιιιιμίιτιιιιο-Λιιιιίιςιιιὶςιξ
2957 5221 3133 5293 legato
3163 5222 3326 5276 multa
3360 5234 3464 5275 tra-

1891 5301 2122 5353 utentur,
2153 5306 2273 5359 quze
2295 5291 2366 5363 ad
2399 5291 2568 5344 tertiae
2605 5291 2975 5363 Lugdunensis
3015 5291 3464 5363 διαδοθεὶς-βοτη.

1894 5363 2091 5414 nehaut
2125 5371 2184 5414 ut
2220 5362 2382 5430 epist.
2427 5363 2460 5415 6
2503 5369 2560 5414 rt
2601 5361 2713 5421 23,
2755 5378 2928 5416 canszc
2973 5364 3224 5417 abbatum
3276 5361 3467 5416 Sancti

1891 5431 2088 5496 Albini,
2119 5443 2174 5486 et
2203 5433 2376 5484 sancti
2413 5431 2633 5492 Nicolai,
2667 5435 2805 5501 apud
2834 5433 3152 5485 lldebcrtmn
3180 5434 3335 5500 epist.
3363 5432 3465 5496 28,.

1884 5518 2042 5556 causa
2082 5502 2293 5556 abbatis
2319 5501 2665 5564 Ebroneusis,
2698 5519 2922 5570 «piorum
2957 5503 3042 5556 hic
3083 5502 3133 5554 itt
3161 5502 3458 5556 Cenoman-

1886 5587 2037 5628 nen3t
2059 5573 2366 5641 episcopatu
2389 5582 2526 5633 erat,
2552 5572 2625 5624 illi
2650 5577 2700 5626 in
2726 5574 3022 5636 Atttlegavez
3047 5574 3090 5624 si
3147 5571 3258 5623 Hoc.
3283 5573 3464 5638 ipsum

1885 5645 2049 5715 liquet
2071 5657 2137 5696 ex
2168 5641 2359 5715 litteris
2379 5643 2564 5715 .Amati
2592 5642 2826 5715 episcopi
2850 5641 3148 5715 Oloreusis,
3176 5641 3264 5715 qui
3291 5645 3458 5710 Aqui-

1888 5710 2046 5769 tania:
2075 5715 2202 5768 item
2234 5710 2442 5782 legatus
2471 5713 2569 5766 fttit
2597 5710 2692 5780 pro
2721 5711 2880 5776 Greg.
2917 5710 2998 5762 \‘ll
3021 5751 3035 5773 ,
3080 5721 3137 5762 ut
3165 5711 3463 5782 Gregorius

1890 5789 2001 5854 ipse
2030 5787 2178 5841 testis
2207 5780 2406 5840 est—lib.
2437 5800 2496 5849 ιι,
2525 5783 2683 5852 epist.
2711 5784 2794 5836 ll.
2831 5783 2876 5834 ls
2905 5782 3046 5836 enim
3071 5783 3137 5835 ad
3164 5780 3462 5837 Rodulfuas
