3992 6352
487 370 557 427 C7
1480 365 1800 420 GOFFRIDI
1843 360 2135 417 ABBATIS
2177 362 2702 420 VINDOCINENSIS
3695 370 3773 426 63

482 496 758 546 vertentes
800 486 982 558 cepit,
1032 494 1082 540 et
1127 499 1326 554 equos,
1381 493 1436 538 et
1481 481 1740 552 quidquid
1795 480 2064 534 habebant
2093 480 2135 535 Α
2165 478 2473 547 apostolica:
2507 479 2652 534 sedis
2681 480 2945 536 obediret.
2981 482 3099 552 Ipse
3145 499 3251 539 non
3297 484 3470 540 solum
3515 496 3775 543 conteru—

484 586 565 639 eis
615 580 836 637 abstulit
881 579 1162 634 violenter.
1213 575 1424 630 Partem
1473 575 1690 644 quidem
1739 586 1919 626 rerum
1970 587 2066 640 per

483 678 735 734 comitem
790 673 1226 740 Andegavensem
1289 668 1401 740 (86)
1456 667 1784 730 habuimus;
1838 663 2064 718 alteram

483 786 614 825 vero
659 768 834 821 adhuc
879 765 987 838 47
1032 763 1322 820 crudeliter
1369 763 1575 816 detinet
1620 761 1706 816 ille
1749 763 2064 834 sacrilegus.

485 868 561 921 De
605 862 794 933 injuria
840 876 968 915 vero
1011 858 1258 930 personis
1310 857 1694 912 mooachorum
1746 857 1894 911 illata
1946 873 2064 910 am-

482 959 623 1030 plius
675 956 1021 1018 cruciamur;
1075 968 1234 1020 quam
1291 951 1372 1006 sic
1423 968 1451 1005 a
1509 960 1688 1004 vestra
1739 951 2065 1005 discretione

481 1051 741 1106 vindicari
775 1046 1053 1103 lmmiliter
1085 1045 1455 1112 exposcimus,
1493 1053 1551 1098 ut
1578 1053 1822 1112 raptores
1847 1043 1935 1114 qui
1969 1059 2065 1096 au-

480 1147 698 1211 dierint,
732 1145 974 1205 timeant,
1006 1150 1062 1194 et
1104 1141 1171 1193 ab
1202 1137 1502 1204 huiusmodi
1541 1137 1745 1192 scelere
1788 1137 2066 1192 retrahant

479 1254 692 1294 manus.
726 1236 804 1288 Ad
843 1249 939 1287 vos
983 1231 1166 1285 venire
1197 1231 1463 1284 desiderio
1494 1229 1894 1289 desideramus,
1929 1229 2067 1282 sicut

480 1333 608 1386 olim
658 1327 812 1382 vobis
863 1323 1277 1385 mandavimus,
1330 1321 1422 1374 sed
1473 1331 1692 1390 promer
1743 1318 2064 1388 multiplices

481 1434 735 1492 guerras,
763 1431 883 1488 qua:
913 1418 962 1468 In
991 1413 1299 1482 episcopatu
1327 1409 1647 1463 Pietaviensi
1680 1419 2062 1469 excreveruut,

481 1527 582 1567 nec
614 1509 678 1564 ad
724 1524 815 1562 vos
857 1506 1063 1566 venire,
1105 1519 1204 1556 nec
1251 1502 1387 1562 loca,
1419 1518 1537 1570 qure
1580 1504 1630 1555 in
1674 1500 1918 1570 partibus
1963 1502 2065 1555 illis

481 1605 764 1662 habemus,
801 1599 1020 1654 visitare
1052 1597 1330 1650 audemus.
1376 1595 1643 1650 Przeterca
1681 1614 1866 1652 sexum
1906 1599 2062 1653 lenii-

482 1712 642 1750 neum
678 1691 810 1760 (87),
841 1707 1000 1762 quem
1040 1690 1202 1744 etiam
1238 1687 1427 1742 amicis
1472 1691 1720 1744 novimus
1763 1691 2061 1752 inimicum,

483 1788 752 1846 inimicari
788 1786 971 1846 nobis,
1023 1791 1077 1835 et
1117 1782 1168 1835 in
1200 1782 1392 1834 itinere
1425 1781 1703 1846 insidiari,
1752 1798 1878 1837 vera
1920 1785 2058 1838 rela-

2175 573 2282 641 psit
2322 583 2644 640 utrumque;
2677 587 2864 627 verum
2905 575 3067 630 etiam
3097 576 3164 631 de
3203 592 3289 632 me
3325 579 3376 631 in
3418 579 3624 650 synodo
3662 596 3769 636 sua

2169 664 2501 735 presbyteris
2529 669 2641 720 suis
2666 674 2994 735 conquestus
3023 675 3128 731 est,
3159 683 3224 722 eo
3251 669 3394 738 quod
3421 671 3562 740 apud
3590 671 3773 742 digni-

2173 767 2336 811 tatem
2362 766 2599 813 vestram
2625 758 2690 812 de
2713 757 2802 812 illo
2823 758 3119 814 clamorem
3144 760 3268 815 feci.
3295 761 3581 816 Decretum
3605 762 3765 828 illml,

2169 848 2312 917 quod
2361 849 2499 904 idem
2548 849 2798 903 dominus
2843 863 2978 919 papa
3028 849 3278 907 Urbanus
3326 853 3378 906 in
3425 853 3763 910 Arvernensi

2168 940 2398 993 concilio
2428 941 2616 995 statuit
2657 951 2845 996 contra
2877 941 3177 996 Simoniam
3199 984 3214 1008 ,
3248 959 3369 1014 qua;
3404 946 3506 1000 sub
3536 949 3762 1002 nomine

2167 1030 2494 1083 vicariorum
2523 1029 2651 1084 olim
2679 1030 2790 1084 lieri
2823 1030 3030 1085 solebat
3056 1031 3124 1086 ab
3151 1033 3438 1102 episcopis,
3471 1034 3758 1090 annullarc

2168 1119 2525 1174 machinatur.
2550 1120 2994 1190 Redemptionem
3015 1125 3214 1178 etenim
3231 1125 3606 1198 ecclesiarum,
3629 1142 3754 1198 qua:

2169 1214 2220 1267 in
2257 1212 2348 1266 illo
2379 1229 2572 1279 magno
2603 1214 2834 1268 concilio
2865 1213 3116 1268 lueretica
3154 1216 3393 1284 pravitas
3424 1194 3615 1273 vocata
3641 1231 3760 1285 est,

2165 1315 2221 1358 et
2258 1305 2326 1360 ab
2365 1305 2662 1376 apostolica
2712 1307 2840 1361 sede
2885 1307 3140 1361 damnata
3169 1349 3184 1373 ,
3235 1308 3361 1364 licet
3410 1310 3463 1364 in
3515 1310 3764 1382 pluribus

2167 1397 2322 1451 annis
2353 1411 2455 1450 non
2493 1397 2594 1451 nisi
2638 1396 2803 1450 semel
2846 1412 2943 1468 per
2979 1398 3214 1454 vicarios
3250 1400 3435 1467 ﬁeret,
3481 1417 3625 1460 nunc
3657 1407 3766 1461 sub

2167 1489 2384 1545 nomine
2430 1491 2594 1544 annui
2641 1505 2838 1544 census
2879 1506 2910 1543 a
2961 1490 3303 1561 simplicitate
3347 1505 3530 1549 nostra
3577 1506 3770 1552 extor-

2165 1595 2332 1650 quere
2355 1589 2600 1635 conatur.
2635 1579 2703 1634 Et
2726 1581 2850 1650 quia
2875 1595 2976 1649 ego
3003 1590 3058 1636 et
3090 1583 3286 1638 fratres
3315 1586 3484 1639 nostri
3511 1586 3610 1640 hoc
3638 1603 3772 1645 esse

2165 1673 2343 1728 scelus
2365 1682 2636 1744 putamus,
2664 1685 2711 1728 θ’
2746 1673 2866 1726 ideo
2894 1671 3214 1738 refutamus,
3243 1674 3484 1730 divinum
3509 1676 3770 1734 ecclesiis

2169 1764 2370 1819 nostris
2407 1764 2682 1819 interdixit
2710 1764 2968 1819 oliicium.
3005 1764 3172 1835 llujus
3209 1766 3434 1821 sceleris
3464 1771 3772 1826 suscitator

489 1881 634 1934 tione
661 1877 970 1931 didicimus.
997 1871 1152 1928 Unde
1181 1881 1374 1925 vestrm
1399 1871 1669 1926 dilectioni
1701 1875 2058 1942 pra’eordiali-

2176 1866 2250 1912 est
2275 1857 2542 1928 praecipue
2565 1867 2620 1912 et
2646 1867 2839 1912 auctor
2867 1856 3170 1914 Richardus
3198 1860 3614 1918 archidiaconus
3643 1863 3766 1933 (91)

485 1979 564 2022 ter
595 1967 979 2037 supplicamus,
1010 1971 1274 2033 quatenus
1304 1978 1398 2030 per
1426 1961 1820 2017 Pictavicnsem
1848 1966 2060 2034 episco-

479 2075 602 2130 pum
627 2056 761 2126 (88),
785 2054 864 2108 vel
888 2069 983 2124 per
1005 2051 1297 2122 quemlibet
1320 2052 1484 2105 alium
1511 2068 1607 2106 nos
1629 2055 1694 2106 ad
1719 2069 1813 2107 vos
1835 2057 2060 2108 corrlut-i

480 2149 712 2213 faciatis,
746 2149 869 2218 quia
917 2145 1054 2199 ultra
1101 2143 1301 2198 fontem
1333 2144 1547 2198 Ebraldi
1581 2147 1828 2216 progredi
1875 2164 2064 2203 secure

479 2259 584 2298 non
617 2253 920 2310 possumus.
953 2236 1144 2290 Valeat
1179 2236 1428 2290 dominus
1460 2236 1668 2306 legatus
1698 2247 1752 2292 ct
1781 2239 1978 2309 vigeat,
2011 2250 2064 2293 et

481 2345 538 2387 ut
569 2335 634 2386 ad
665 2333 840 2399 ipsum
875 2331 1135 2393 transire,
1161 2340 1215 2384 et
1253 2345 1374 2382 cum
1413 2329 1527 2398 ipso
1565 2329 1704 2398 loqui
1747 2330 2021 2386 valeamus
2047 2374 2060 2394 ,

481 2439 595 2476 suae
626 2421 796 2490 gratia
825 2418 1107 2472 cliaritatis
1133 2417 1346 2470 elliciat.

979 2508 1304 2563 ΕΡιεΤοιΑ
1354 2509 1564 2564 XXVII.

481 2602 626 2656 Bono
668 2601 910 2661 domino,
945 2609 990 2652 et
1030 2599 1364 2668 pra'cordiafi
1398 2601 1597 2662 amico,
1643 2600 1706 2655 ϐ.
1758 2616 2065 2658 veneram.“

554 2696 668 2746 rita!
693 2694 948 2761 episcopo,
979 2691 1274 2760 apostot'ica'
1297 2691 1431 2744 sedis
1459 2691 1650 2761 legato,
1677 2694 1844 2762 frater
1865 2694 2064 2765 (Io/fri-

553 2789 652 2840 dus
681 2802 830 2848 suus,
865 2785 1002 2854 quod
1029 2795 1215 2854 potest,
1246 2785 1383 2854 quod
1409 2786 1565 2854 Sapit,
1597 2797 1643 2840 et
1670 2788 1809 2856 quod
1835 2801 1930 2842 cst.

558 2877 762 2933 Vestra:
797 2876 1066 2932 dilectioni
1101 2887 1282 2930 notum
1315 2876 1456 2931 facio
1483 2879 1623 2946 quod
1650 2878 1870 2934 fratrem
1903 2880 2066 2952 Paga-

481 2985 609 3025 ttum
640 2967 833 3022 Alerici
863 2967 927 3020 ad
955 2967 1230 3019 dominum
1255 2981 1446 3034 papam
1475 2967 1587 3037 (89)
1616 2970 1792 3034 tnilto,
1817 2974 2061 3041 qua-dam

481 3063 529 3115 ei
581 3070 776 3114 nostra:
823 3058 1106 3112 charitalis
1142 3059 1292 3126 signa
1346 3059 1626 3114 ferentem.
1671 3061 1726 3116 Si
1776 3080 1870 3132 per
1912 3063 2060 3120 illum

481 3154 622 3222 quod
653 3163 779 3222 opto
801 3151 1014 3207 eflicerc
1044 3161 1294 3220 potuero,
1322 3153 1386 3206 ad
1423 3169 1657 3222 praesens
1693 3157 1916 3212 “uittam
1955 3178 2058 3214 nou

479 3247 596 3310 ibo;
631 3242 866 3312 alioquin
909 3241 1021 3315 48
1054 3242 1276 3296 lioumm
1311 3244 1391 3297 ire
1423 3255 1644 3314 paratus
1678 3262 1827 3310 sum,
1860 3259 1913 3303 et
1959 3251 2062 3307 Ro-

485 3349 701 3392 manam
741 3332 1036 3388 Ecclesium
1069 3347 1162 3402 per
1195 3335 1569 3404 memctipsmn
1595 3338 1846 3403 visitare,
1877 3343 1928 3396 in
1960 3359 2063 3413 qua

480 3449 508 3484 a
544 3432 696 3483 home
740 3425 1015 3481 memoriae
1044 3441 1177 3495 papa
1209 3423 1428 3479 Urbano
1455 3427 1740 3497 presbyter
1779 3433 2065 3491 ordinatus

480 3543 619 3578 sum.
653 3522 854 3577 Vestra:
875 3529 1055 3574 autem
1085 3521 1396 3575 discretioui
1425 3531 1606 3590 grates
1629 3533 1684 3578 et
1703 3527 1907 3594 gratias
1931 3529 2067 3581 nud-

482 3616 691 3687 tipliecs
720 3613 914 3684 refero,
944 3617 1034 3686 qui
1063 3614 1433 3684 Andegaveusi
1457 3617 1710 3687 episcopo
1732 3618 1843 3689 (90)
1871 3621 2056 3674 semel.

479 3709 597 3772 bis,
625 3718 676 3763 et
707 3717 806 3770 ter,
840 3707 950 3762 imo
989 3715 1182 3776 quater
1212 3706 1580 3775 pt'tecepistis,
1623 3719 1679 3761 ut
1721 3725 1840 3777 quae
1875 3727 2063 3764 mona-

481 3801 646 3854 sterio
681 3808 866 3852 nostro
909 3797 1237 3861 abstulerat,
1288 3797 1633 3863 restitueret,
1677 3810 1729 3853 et
1770 3801 2065 3873 privilegiis

481 3913 727 3986 scribens
754 3910 1218 3986 archiepiscopum
1250 3909 1608 3986 Turoporum.
1630 3913 1690 3986 ei
1721 3924 1778 3966 ut
1805 3915 1870 3968 ad
1899 3932 2064 3986 syno-

482 3987 609 4036 dum
662 3980 1096 4052 llurdigalcnsem
1126 3998 1265 4052 ‘cum
1316 3980 1672 4052 suffraganeis
1721 3986 1834 4039 suis
1885 3980 2062 4042 veniat

481 4052 722 4134 praecipit
755 4049 848 4106 his
882 4051 1078 4106 verbis.
1125 4049 1350 4105 Praestat
1389 4049 1532 4106 enim
1576 4054 1694 4123 ejus
1725 4055 1932 4111 litteras
1963 4076 2061 4111 att-

478 4137 596 4177 tttl'e
621 4141 634 4177 :

480 4239 701 4310 Annuus
756 4239 1042 4310 Effarensis
1094 4255 1402 4310 episcopus,
1459 4251 1754 4310 sauctmque
1807 4241 2064 4298 Romana?

552 4308 838 4374 Ecclesiaz,
873 4308 971 4362 Dei
1009 4310 1201 4376 gratia,
1241 4309 1472 4378 legatus,
1514 4307 1745 4378 Radulfo
1786 4315 2063 4367 venerabii

554 4379 885 4435 Turouorum
923 4379 1308 4446 archiepiscopo
1339 4378 1584 4443 salutem,
1616 4391 1663 4432 et
1695 4397 1846 4434 antae
1872 4384 2063 4436 bouum

549 4453 602 4504 iu
636 4452 858 4504 Domino
891 4447 1018 4501 Jesu
1051 4446 1276 4500 Christo.

557 4563 575 4593 ι
608 4542 1032 4615 Noverit_ve_stra
1064 4537 1322 4615 e_haritas_,
1357 4537 1920 4615 fraterdileetissime,
1942 4560 2062 4609 nos,
2097 4560 2140 4615 ιν

478 4614 803 4667 auctoritate
837 4610 928 4664 Dei
959 4609 1366 4682 omnipotentis,
1397 4610 1747 4682 omniumque
1777 4612 2060 4682 legationis

480 4695 676 4738 nostrae
705 4682 1106 4751 episcoporum,
1138 4679 1431 4751 abhatmu,
1467 4679 1766 4748 principum
1794 4679 2056 4739 cunSt-usu

478 4748 762 4804 concilium
792 4748 1101 4818 Burdegala:
1136 4749 1186 4802 in
1221 4748 1421 4803 Octava
1451 4751 1624 4803 sancti
1669 4751 1945 4807 Michaelis
1975 4772 2059 4810 ce-

479 4823 794 4878 lebrandum
845 4819 1208 4875 constituisse.
1252 4819 1594 4890 Quapropter
1645 4822 1881 4877 fraterna
1925 4827 2057 4880 dile-

476 4895 780 4962 ctioue‘vos
810 4891 1046 4962 roganda
1072 4890 1444 4962 admonemus.
1473 4902 1528 4947 et
1557 4894 1848 4960 apostolica
1877 4908 2056 4951 aucto-

482 4965 641 5018 ritate
657 4959 896 5028 jubeudo
919 4959 1277 5032 praecipimus,
1305 4973 1576 5032 quatenus
1594 4959 2054 5022 ’recrastinatioue

477 5033 803 5104 postposita,
834 5031 954 5085 cum
987 5032 1240 5104 ouiuilms
1265 5031 1620 5104 suffraganeis
1645 5035 1858 5098 vestris.
1889 5038 2058 5092 eccle-

479 5100 680 5172 simqvue
711 5113 902 5158 vestra:
941 5100 1230 5174 privilegiis
1257 5103 1321 5156 ad
1354 5100 1641 5158 concilium
1683 5108 2049 5174 suprznlictum

479 5175 745 5234 veniatis,
797 5183 855 5226 ut
899 5173 1122 5244 consilio
1174 5183 1354 5244 vestro
1399 5175 1699 5244 solatioque
1745 5173 1906 5230 causa
1960 5179 2050 5233 Dei

475 5248 849 5306 confirmetur,
898 5254 953 5298 et
1001 5242 1252 5318 Ecclesiie
1301 5255 1492 5299 vestra:
1538 5242 1767 5316 justitite
1817 5264 1911 5317 pro
1947 5265 2050 5318 qua

475 5319 741 5374 hactenus
788 5331 1017 5385 magnae,
1053 5315 1385 5382 diversaeque.
1420 5315 2054 5373 contentionesexstite-

475 5399 622 5452 runt,
657 5389 764 5443 Deo
788 5396 1078 5448 annuente,
1113 5386 1442 5440 restituetur.
1472 5387 1582 5441 Nos
1609 5400 1808 5449 autem,
1835 5391 1878 5443 si
1916 5392 2054 5446 Deus

475 5459 807 5527 permiserit,
833 5458 884 5512 in
919 5456 1226 5527 reversione
1259 5468 1440 5510 nostra
1473 5459 1540 5512 de
1570 5458 1844 5514 Britannia
1880 5463 2054 5516 vobis-

475 5526 598 5585 cum
651 5531 950 5598 loquemur,
1003 5537 1062 5580 ut
1099 5526 1358 5600 quidquid
1404 5543 1565 5600 super
1619 5529 1700 5582 his
1736 5532 2053 5600 eaeterisque

478 5602 704 5671 negotiis
733 5601 929 5655 vestris
956 5598 1386 5671 constituendum
1421 5599 1511 5662 sit,
1545 5599 1662 5671 I_)co
1681 5598 2052 5671 omnipotente

478 5667 748 5726 tribuente
793 5670 1085 5725 salubriter
1109 5667 1496 5741 ordinemus.~r
1545 5669 1619 5724 Ex
1654 5669 1737 5726 his
1771 5667 1903 5741 ergo
1937 5688 2052 5726 ma-

479 5741 726 5809 nifestum
765 5751 849 5796 est
883 5741 1202 5809 legationem
1249 5738 1625 5805 Aquitanicattt
1678 5738 1862 5795 totius'
1885 5742 2048 5796 etiam

478 5813 648 5864 tertize
697 5806 1066 5880 Lugdunensis
1124 5807 1254 5860 lines
1307 5809 1640 5878 complexam
1695 5826 1856 5878 esse,
1907 5814 2048 5882 quod

2167 1945 2301 2014 ejus.
2348 1947 2439 2013 Et,
2463 1948 2719 2017 quoniam
2762 1955 2952 2002 neuter
2989 1962 3178 2002 eorum
3215 1965 3245 2003 a
3290 1952 3771 2020 persecutiouibus

2166 2045 2376 2101 cessat,
2403 2051 2503 2092 nos
2525 2053 2555 2092 a
2587 2037 2915 2092 clamoribus
2945 2051 3165 2093 cessare
3203 2053 3308 2094 non
3338 2056 3645 2110 possumus.
3675 2045 3766 2098 Ad

2165 2143 2262 2182 vos
2303 2130 2486 2197 itaque
2521 2129 2820 2184 clamamus
2849 2145 2862 2182 :
2889 2143 2919 2181 a
2945 2129 3117 2190 vobis,
3151 2130 3240 2200 qni
3271 2133 3584 2201 apostolicae
3610 2135 3765 2192 sedis

2165 2225 2313 2279 vices
2349 2224 2588 2286 habetis,
2627 2232 2683 2278 et
2715 2224 2804 2293 qui
2843 2223 2902 2277 B.
2937 2222 3079 2279 Petri
3135 2225 3370 2280 alodium
3404 2230 3638 2286 maxime
3664 2233 3770 2284 de-

2167 2315 2388 2370 fendere
2429 2315 2663 2379 debetis,
2695 2311 2979 2369 consilium
3017 2325 3072 2369 et
3102 2315 3360 2370 auxilium
3395 2319 3761 2387 postulamus.

2168 2408 2232 2461 Et
2254 2447 2270 2472 ,
2301 2409 2345 2462 si
2377 2423 2476 2476 pro
2501 2423 2566 2461 co
2600 2409 2740 2477 quod
2770 2410 2928 2464 amici
2960 2425 3165 2473 smnus,
3201 2409 3379 2464 facere
3421 2426 3527 2465 non
3560 2413 3714 2465 vultis
3743 2451 3761 2476 ,

2165 2499 2356 2554 saltem
2385 2499 2496 2571 49
2521 2515 2620 2568 pro
2649 2499 2993 2570 improbitate
3024 2511 3208 2556 nostra
3240 2499 3400 2556 facite
3428 2503 3572 2572 quod
3602 2519 3769 2574 roga-

2167 2606 2307 2646 mus.
2344 2591 2482 2658 Quid
2513 2607 2696 2647 comes
2725 2591 3134 2662 Andegavensis
3160 2592 3225 2646 de
3245 2591 3459 2658 justitia
3491 2594 3646 2648 nobis
3678 2598 3766 2647 las

2169 2683 2360 2737 cienda
2391 2684 2616 2737 bonitati
2651 2693 2845 2738 vestrae
2872 2683 3112 2753 rogando
3138 2683 3452 2752 scripserit,
3491 2699 3586 2740 vos
3612 2686 3768 2753 igno-

2169 2789 2292 2828 rare
2321 2789 2424 2828 non
2451 2775 2744 2830 credimus.
2777 2773 2978 2835 Valete,
3007 2784 3062 2828 et
3098 2789 3196 2830 uos
3226 2783 3418 2828 vestra:
3449 2776 3764 2830 sanctitatis

2170 2866 2400 2921 humiles
2434 2882 2620 2920 servos
2646 2867 2710 2920 dc
2739 2867 3043 2921 constantia
3077 2877 3253 2921 vestra
3287 2876 3338 2920 et
3361 2865 3584 2934 justitite
3615 2867 3770 2920 inte-

2167 2958 2302 3028 gt'ita
2312 2968 2361 3010 te
2389 2956 2674 3012 laetificate.

2661 3054 2991 3110 EPISTULA
3028 3055 3121 3110 ΧΧ
3136 3054 3262 3109 \‘Ill.

2171 3147 2384 3219 Ilagoui
2422 3167 2534 3204 vere
2583 3150 2822 3219 religioso
2853 3150 3240 3219 archiepiscoiio
3267 3148 3378 3218 (9‘2)
3409 3159 3605 3203 sancta:
3656 3147 3757 3206 flo-

2241 3257 2411 3294 maua:
2433 3241 2571 3294 sedis
2600 3242 2814 3303 uicario,
2845 3241 3054 3292 domino
3089 3257 3184 3292 suo
3216 3241 3523 3294 charissima
3545 3251 3593 3294 et
3619 3259 3755 3310 pra--

2242 3333 2463 3386 cordiali
2514 3335 2712 3397 amico,
2762 3333 3034 3402 Go/fridus
3088 3331 3484 3386 Vindociueusis
3533 3337 3754 3390 cauobii

2242 3425 2412 3479 Abbas
2443 3425 2710 3494 indignus,
2743 3441 2860 3477 cum
2888 3423 3164 3477 dilectione
3194 3425 3554 3478 reverentiam.

2244 3514 2482 3569 Litteras
2513 3516 2786 3569 sanctitati
2824 3525 3015 3568 vestra-
3041 3531 3069 3566 a
3109 3513 3326 3567 domino
3356 3529 3490 3584 papa
3519 3517 3753 3570 directas

2169 3606 2370 3671 audivi,
2405 3607 2458 3659 in
2487 3605 2702 3675 quibus,
2733 3615 2790 3659 ut
2816 3605 2946 3659 mihi
2980 3604 3207 3659 relatum
3241 3614 3344 3669 est,
3382 3605 3584 3660 dicitur
3611 3608 3752 3676 quod

2167 3699 2608 3769 Andcgavcnsetn
2639 3699 2948 3768 episcopum
2978 3697 3118 3765 apud
3150 3712 3271 3750 cmn
3301 3699 3572 3752 accusavi.
3600 3698 3751 3766 Quod

2167 3793 2210 3845 si
2249 3790 2497 3845 dominus
2535 3806 2668 3860 papa
2708 3791 2869 3851 dicit,
2919 3790 3166 3843 refellere
3207 3803 3306 3843 nec
3348 3805 3565 3858 possum
3591 3832 3608 3855 ,
3654 3805 3753 3846 nec

2167 3907 2516 3962 confirmatur
2541 3924 2604 3962 ex
2635 3909 2700 3960 iis
2725 3923 2843 3975 qua-
2876 3906 3184 3960 llet'nardus
3226 3907 3544 3963 linmevallis
3583 3908 3754 3963 abbas

2166 3981 2232 4032 de
2261 3979 2361 4032 hoc
2393 3979 2506 4035 ipso
2533 3979 2762 4032 Girardo
2787 3977 2976 4030 scril.it
3031 3978 3120 4028 lib.
3153 3994 3204 4030 xl
3237 3977 3368 4031 Vita:
3399 3977 3461 4033 D.
3490 3978 3752 4035 Beruat'di

2166 3995 2232 4032 ue
2262 3995 2361 4032 uoc
2393 3996 2404 4030 l
2431 3995 2506 4030 rso
2533 3995 2762 4032 bll‘ul'tltt
2787 3995 2976 4030 scrtut
3031 3995 3120 4028 un.
3153 3995 3204 4030 xi
3244 3995 3368 4031 tua:
3400 3995 3461 4033 υ.
3490 3995 3752 4035 uernat-ut

2165 4065 2286 4118 cap.
2321 4049 2373 4102 6.
2409 3995 2776 4118 iﬂrulgescebat,
2802 4049 2996 4118 iltqtti_l,
3029 4050 3096 4099 ad
3133 4049 3357 4118 primaut
3405 4055 3618 4104 domum
3667 4067 3756 4104 re-

2165 4115 2300 4181 dire,
2332 4119 2481 4188 cujus
2519 4116 2820 4171 Poteutatui
2857 4128 2903 4169 et
2937 4115 3222 4188 Turouica,
3251 4129 3297 4171 et
3325 4115 3752 4188 Burdegaleusis,

2165 4202 2210 4241 et
2244 4187 2521 4242 Auxieusis
2553 4189 2829 4258 provincia:
2855 4187 3337 4259 subditqrfueraul,
3363 4199 3410 4242 ct
3435 4187 3688 4259 quidquid
3715 4207 3754 4244 τι

2166 4259 2384 4311 collibus
2427 4255 2697 4313 [berorum
2728 4275 2886 4328 usque
2929 4259 2996 4309 ad
3035 4255 3261 4326 Ligerim
3304 4255 3662 4328 complectitur
3701 4275 3754 4314 et

2166 4329 2362 4382 claudit
2395 4328 2656 4394 Oceanus,
2685 4338 2930 4398 paruerat
2959 4328 3074 4396 ejus
3103 4329 3340 4398 imperio.

2240 4399 2350 4467 (86)
2393 4398 2497 4452 Per
2537 4397 2773 4454 comitem
2819 4399 3254 4467 Audegaveuwm.
3295 4397 3584 4454 Fulconcm
3621 4401 3754 4456 item

2167 4470 2300 4538 epist
2313 4508 2326 4520 .
2361 4472 2628 4540 sequenti.

2239 4540 2350 4610 (87)
2393 4538 2656 4595 Pra'terea
2684 4555 2863 4604 sagum
2894 4539 3194 4608 femineum.
3226 4539 3314 4592 lvo
3341 4540 3500 4608 epist.
3527 4541 3616 4595 28.
3651 4541 3755 4595 Ille

2166 4627 2320 4664 sexus
2349 4611 2476 4663 mihi
2507 4621 2581 4664 est
2617 4622 2881 4680 suspectus
2900 4620 2958 4680 et
2992 4610 3235 4677 infestus,
3262 4612 3351 4663 aui
3377 4613 3536 4664 etiam
3566 4615 3754 4666 auucis

2162 4682 2447 4748 aliquando
2481 4699 2582 4735 uou
2613 4683 2741 4736 satis
2771 4691 2844 4732 est
2875 4679 3034 4748 ﬁdus.

2233 4751 2344 4820 (88)
2385 4750 2759 4804 Picturieusem
2792 4752 3108 4820 episcopum.
3140 4748 3507 4806 Guillelmum.

2231 4823 2342 4892 (89)
2383 4823 2462 4875 Ad
2492 4825 2760 4876 dontiuum
2799 4837 3010 4891 papam.
3045 4819 3340 4877 Honorium
3378 4822 3460 4888 ιι,
3494 4833 3552 4876 ut
3593 4825 3754 4880 docet

2159 4894 2319 4960 epist.
2353 4893 2440 4945 14.

2231 4963 2345 5032 (90)
2381 4963 2736 5030 Audegaveusi
2777 4961 3296 5034 episcopoL‘Ulgerio
3321 5005 3335 5027 ,
3378 4964 3538 5034 epist.
3583 4965 3649 5020 {5
3693 4976 3754 5021 et.

2161 5030 2252 5087 lib.
2285 5030 2397 5098 cst,
2423 5034 2582 5102 epist.
2618 5035 2701 5098 l2,
2733 5034 2818 5087 ubi
2849 5043 2904 5085 et
2932 5039 2996 5086 de
3030 5030 3231 5087 Urbani
3266 5030 3506 5090 decreto.

2230 5105 2342 5170 (9|)
2387 5104 2680 5174 Hic/tardus
2711 5103 3135 5158 archidiaconus.
3167 5105 3336 5174 Epist.
3371 5107 3458 5160 3|.

2229 5175 2340 5245 (92)
2385 5173 2597 5246 Hagoni
2627 5176 3030 5246 archiepiscopo.
3066 5177 3141 5230 Ex
3172 5173 3426 5246 episcopo
3455 5176 3634 5230 Diensi
3667 5177 3746 5229 fa-

2157 5243 2276 5298 ctus
2307 5243 2389 5298 est
2419 5243 3281 5317 archiepiscopusLugdunensis,
3317 5243 3750 5317 legationemque

2161 5318 2212 5369 in
2239 5327 2468 5385 utroque
2492 5332 2714 5370 uulnere
2739 5319 2838 5368 sub
2857 5316 3120 5385 Gregorio
3147 5316 3252 5378 VII,
3276 5316 3442 5384 gesSit
3463 5318 3515 5371 in
3536 5316 3677 5371 Galli
3699 5335 3747 5382 ις

2161 5399 2268 5440 tum
2303 5388 2717 5457 postcait‘liam,
2748 5389 2889 5454 quod
2919 5402 2982 5440 ex
3017 5389 3194 5444 lvouis
3224 5389 3382 5457 epist.
3416 5387 3508 5447 25.
3540 5397 3594 5442 et
3624 5390 3752 5440 aliis

2161 5468 2328 5526 patet,
2363 5458 2464 5528 sub
2497 5455 2715 5511 Urbano
2749 5457 2818 5520 ll,
2851 5473 3011 5525 quem
3048 5463 3147 5515 hoc
3185 5455 3302 5513 loco
3334 5458 3582 5528 intelligit
3612 5457 3746 5512 Cof-

2159 5528 2346 5598 l'ridus.
2399 5527 2719 5596 Episcopum
2766 5544 2893 5583 vero
2935 5533 3379 5598 Audegaveuscm
3422 5527 3748 5585 Gaufridum

2159 5617 2186 5650 ει
2221 5597 2516 5662 Meduana,
2561 5598 2654 5666 qui
2696 5600 2762 5650 ad
2801 5600 2986 5654 sedem
3031 5597 3176 5656 illam
3215 5610 3432 5654 evectus
3478 5609 3562 5653 est
3601 5614 3749 5652 anno

2159 5669 2314 5741 N97.
2345 5667 2588 5738 {lagonis
2624 5668 2780 5738 legati
2823 5671 3062 5737 litteras,
3109 5671 3307 5741 quibus
3346 5670 3633 5741 Fulcouem
3679 5668 3747 5741 IV

2157 5739 2408 5794 ctmtitcm
2457 5741 2733 5807 Audegav.
2787 5742 3041 5796 Ecclesia:
3089 5739 3450 5797 couunuuioui
3507 5739 3748 5795 restituit

2157 5810 2296 5879 apud
2329 5810 2382 5862 S-
2416 5807 2780 5874 Florentium,
2815 5812 2955 5864 inter
2989 5811 3213 5866 Gofft'itli
3248 5811 3415 5880 elogia
3449 5810 3706 5866 vidimus.
