3992 6352
231 356 303 416 69
1519 352 1822 409 ΙΞῐἾῖΤΟἰιι

1932 380 1997 389 --
2029 348 2155 403 Lit}.
2192 347 2229 404 Ι.
3438 347 3510 401 70

233 467 438 533 debeo;
468 467 563 524 sed
590 481 735 525 sa.va
760 478 880 534 ejus
908 463 1211 519 reverentia
1235 463 1378 529 dico,
1406 465 1548 534 quod
1572 463 1814 534 pra-dicti
1843 464 1890 519 Α
1919 458 2342 528 impmnitentem
2366 457 2611 512 audimus
2633 456 2936 513 absolutum
2979 456 3130 525 Quod
3154 456 3198 512 si
3221 457 3289 512 ita
3304 456 3511 514 absolvi

232 560 474 632 episcopi
502 575 588 615 me
613 560 667 615 in
695 557 842 614 nullo
868 564 1241 612 accusatorem
1270 553 1437 611 fuisse
1466 570 1818 627 recognosco,

235 670 340 710 nec
370 653 491 709 ideo
517 662 576 711 ut
604 668 729 708 eum
759 664 1110 714 accusarem,
1140 649 1365 703 Romam
1395 648 1489 702 ivi.
1520 647 1674 715 Quod
1716 647 1819 700 alia

235 745 446 815 negotia
473 743 687 814 plenius
711 742 1080 802 manifestam.
1113 756 1234 811 qua:
1260 740 1331 794 ibi
1360 738 1666 810 perpetravi
1687 779 1702 802 ,
1726 738 1823 793 do-

232 836 380 891 mino
418 836 685 906 siquidem
721 850 857 906 papa
900 833 1214 902 adjnrante,
1258 841 1313 887 et
1351 848 1446 887 sua
1493 830 1821 886 constrictus

232 926 603 996 ailjnratione.
643 926 890 994 quaedam
920 925 986 979 de
1017 923 1108 977 illo
1136 923 1317 979 celare
1355 939 1461 977 non
1491 922 1640 994 potui
1691 921 1821 988 Quae

232 1021 376 1074 sicut
413 1019 464 1073 in
508 1019 709 1076 domini
752 1033 906 1091 papa:
944 1019 1233 1087 praesentia
1272 1025 1452 1072 tacere
1492 1031 1598 1072 non
1637 1016 1817 1082 licuit,

231 1123 333 1164 nec
363 1110 416 1163 in
456 1118 631 1164 vestra
652 1151 667 1175 ,
700 1109 746 1164 si
785 1108 940 1163 vobis
976 1109 1282 1179 placuerit,
1315 1117 1556 1179 tempore
1600 1122 1820 1180 compe-

233 1202 364 1255 tenti
399 1200 658 1257 reticebo.

675 1292 782 1365 50
809 1290 1140 1348 EPISTOLA
1181 1289 1374 1346 xxrx.

235 1382 552 1438 Dulcissimo
587 1384 799 1438 domino
835 1393 883 1437 et
910 1382 1247 1453 pra-cordiali
1272 1382 1443 1436 amico
1466 1383 1659 1437 domno
1690 1380 1814 1436 Um.

304 1474 624 1529 honorabilis
670 1475 787 1528 vita:
825 1474 1212 1543 archiepiscopo
1269 1473 1384 1545 (95)
1427 1483 1475 1528 et
1516 1474 1818 1543 apostolicae

300 1567 436 1620 sedis
484 1565 671 1636 legato,
721 1565 892 1636 frater
923 1562 1193 1634 (Io/frictus
1238 1564 1472 1634 ejusdem
1503 1564 1643 1618 sedis
1678 1564 1817 1617 allo-

298 1663 526 1727 diurius,
579 1671 627 1716 et
681 1677 881 1727 servus,
930 1661 1071 1733 quod
1119 1660 1295 1728 habet,
1354 1661 1494 1729 quod
1545 1661 1717 1731 sapit,
1764 1672 1815 1715 et

297 1767 545 1819 sensum.

1922 550 2163 618 potuisse
2202 550 2464 615 creditur,
2510 550 2639 620 quid
2690 562 2968 621 peccatum
3021 564 3234 620 noceat,
3282 562 3338 610 et
3381 555 3510 625 quid

1929 639 2252 711 paenitentia
2286 640 2478 710 prosit,
2513 658 2617 695 non
2668 642 2898 697 videtur.
2932 642 3063 698 Nam
3113 645 3157 699 si
3188 661 3313 700 vera
3345 645 3511 700 mise-

1923 732 2002 785 ria
2056 731 2522 800 impteuitentibus
2568 740 2831 803 negatur,
2879 736 3120 803 profecto
3166 736 3247 790 eis
3294 742 3384 805 qui
3442 739 3510 792 de

1922 824 2163 892 peccatis
2197 822 2310 878 suis
2341 823 2630 892 pmnitent,
2662 823 2799 879 falsa
2847 827 3124 883 beatitu..o
3154 829 3509 898 promittitur.

1923 913 2112 977 Multo,
2154 928 2209 966 ιιι
2245 914 2505 977 diximus,
2541 915 2858 980 gravantine
2892 928 3228 973 memoratus
3277 934 3510 987 nequam

1921 1006 2310 1060 monasterium
2335 1013 2579 1057 nostrum
2609 1019 2805 1059 vexare
2829 1008 3141 1072 consuevit;
3170 1010 3313 1064 unde
3337 1009 3508 1078 illum,

1921 1106 1980 1150 ut
2005 1108 2126 1167 quae
2153 1096 2337 1165 inique
2363 1104 2551 1151 contra
2590 1112 2689 1152 nos
2732 1093 3006 1169 gesserat,
3043 1101 3366 1171 corrigeret,
3406 1103 3507 1158 ad-

1922 1188 2229 1256 monuistis,
2279 1195 2335 1242 et
2388 1187 2501 1259 ipse
2538 1201 2762 1261 propter
2808 1206 2904 1245 vos
2954 1194 3202 1261 promisit
3249 1209 3309 1251 se
3358 1197 3516 1252 nobis

1922 1278 2186 1335 facturum
2230 1279 2443 1349 pejora;
2503 1281 2645 1339 nnod
2691 1279 2759 1334 ad
2807 1279 3057 1351 injuriam
3097 1291 3334 1339 vestram
3378 1284 3515 1343 falsa

1921 1371 2149 1424 veritate
2197 1370 2505 1439 coniplevrt.
2557 1371 2654 1425 Ubi
2706 1371 2850 1426 enim
2898 1372 3135 1427 servavit
3181 1376 3504 1442 veritatem,

1921 1463 2009 1533 qui
2043 1461 2227 1516 nocuit
2273 1463 2543 1533 proximo,
2589 1461 2747 1517 ﬁdem
2779 1464 2981 1519 amisit.
3023 1464 3159 1519 llinc
3199 1465 3384 1538 igitur,
3418 1484 3515 1525 ve-

1921 1552 2179 1608 nerabilis
2218 1552 2400 1618 Pater,
2434 1553 2713 1608 humiliter
2741 1569 3050 1624 precamur,
3083 1566 3353 1624 quatenus
3380 1573 3505 1628 per-

1918 1646 2062 1702 versi
2109 1645 2346 1700 hominis
2398 1645 2658 1714 iniquitas
2704 1647 2899 1701 edncto
2949 1647 3017 1701 de
3066 1650 3260 1719 vagina
3312 1659 3510 1705 vestrae

1921 1738 2192 1808 aequitatis
2234 1736 2413 1806 gladio
2452 1740 2532 1794 sic
2580 1737 2806 1793 feriatur
2843 1748 2900 1793 ut
2948 1754 3070 1810 quae
3112 1740 3269 1795 nobis
3310 1740 3510 1811 injuste

299 1842 596 1910 Quemdam
626 1842 974 1907 ηιοηίιειιυιῃν
1003 1852 1062 1897 ιη
1095 1842 1300 1908 audivi,
1331 1843 1398 1898 ad
1424 1843 1820 1899 monasterium
1854 1832 1897 1887 Β
1924 1829 2171 1894 abstulit,
2229 1831 2500 1895 reStituat,
2550 1839 2603 1885 et
2656 1830 2709 1883 ill
2766 1828 2959 1900 injuria
3021 1840 3198 1886 vestra
3254 1832 3515 1904 pupillam

233 1943 478 1988 nostrum
506 1934 750 1997 misistis,
794 1934 887 2004 qui
926 1935 971 1989 si
1006 1949 1091 1988 me
1119 1935 1434 2004 invenisset,
1467 1952 1552 1991 tne
1593 1937 1661 1990 ad
1691 1950 1823 1991 con-

236 2023 422 2077 citium
453 2032 698 2077 vestrum
724 2023 1028 2080 invitasset.
1058 2025 1140 2080 Ad
1168 2041 1264 2081 vos
1283 2026 1501 2096 quidem
1528 2026 1717 2081 venire
1766 2034 1824 2079 et

236 2115 413 2183 vobis,
445 2122 501 2169 et
529 2113 781 2170 Ecclesia:
811 2124 1025 2178 vestrm,
1056 2130 1176 2184 quae
1204 2133 1291 2171 me
1326 2123 1557 2171 multum
1586 2116 1825 2169 honora-

238 2207 336 2271 vit,
369 2215 427 2260 et
471 2206 603 2261 mihi
634 2206 879 2271 servivit,
912 2208 1118 2262 servire
1146 2207 1419 2274 desidero,
1450 2218 1504 2262 et
1528 2222 1621 2262 vos
1650 2209 1825 2262 Aure-

236 2296 397 2350 lianis
427 2307 555 2350 ante
593 2296 905 2361 concilium,
957 2297 1038 2349 vel
1068 2308 1192 2368 post
1234 2299 1542 2365 concilium,
1581 2298 1627 2352 s‘i
1676 2300 1825 2353 intir-

234 2386 395 2441 initas
419 2387 664 2456 corporis
691 2387 1020 2457 permiserit,
1057 2403 1125 2442 eo
1156 2389 1266 2453 die,
1296 2391 1387 2460 qui
1419 2391 1570 2445 vobis
1608 2389 1817 2458 placue-

234 2479 328 2540 rit,
356 2477 644 2548 diligenter
681 2477 895 2533 videbo.
942 2480 1023 2533 Ad
1068 2480 1358 2535 concilium
1390 2490 1572 2535 autem
1617 2480 1823 2552 legato-

235 2585 389 2634 rnni,
439 2572 582 2640 quod
624 2569 771 2625 salva
821 2579 994 2625 vestra
1046 2571 1169 2627 dico
1228 2573 1551 2636 reverentia,
1601 2582 1823 2626 vocatus

238 2662 424 2717 venire
450 2677 548 2717 nec
576 2677 810 2731 possum.
844 2677 944 2718 nec
973 2662 1163 2718 debeo.
1193 2662 1328 2719 Nam
1358 2665 1570 2723 noverit
1596 2664 1821 2719 dilectio

237 2762 442 2818 vestra,
470 2752 765 2824 privilegiis
788 2752 1159 2809 Romanorum
1193 2754 1534 2824 pontiﬁcum.
1567 2754 1818 2816 Victoris.

235 2845 467 2913 Nicolai,
498 2845 816 2911 Alexandri,
861 2845 1130 2918 Gregorii,
1163 2846 1389 2912 Urbani,
1433 2845 1735 2910 Paschalis,
1765 2855 1822 2902 et

238 2935 432 2991 Calixti
479 2935 591 3008 (9t)
638 2938 737 2992 sub
779 2939 1124 2992 anathemate
1169 2938 1551 2993 contirmatnm
1597 2954 1718 2994 esse
1766 2947 1823 2995 et

238 3028 587 3083 interdictum
617 3043 684 3082 nc
713 3025 1024 3082 attodiarins
1054 3028 1203 3083 Beati
1247 3027 1392 3083 Petri
1421 3029 1591 3086 abbas
1620 3028 1819 3087 Vindo-

238 3118 513 3183 cinensis,
562 3119 630 3173 ab
679 3119 963 3189 episcOpo,
1022 3120 1102 3173 vel
1130 3136 1159 3173 a
1218 3120 1457 3191 quolibet
1509 3121 1821 3189 apostolica:

1922 1923 2086 1977 etiam
2112 1922 2252 1976 oculi
2269 1920 2589 1976 'Salvatoris
2611 1920 2836 1987 lesisse,
2862 1922 2945 1977 vel
2982 1923 3184 1979 invitos
3216 1941 3511 1996 agnosci-rc

1923 2024 2165 2084 cogatur.
2205 2010 2356 2079 Quod
2401 2012 2444 2068 si
2488 2010 2571 2066 sic
2601 2011 2842 2082 egeritis,
2889 2013 3106 2084 dignam
3139 2017 3440 2070 mercrdeni
3486 2033 3517 2071 ι

1924 2103 2056 2167 Deo,
2099 2113 2156 2157 et
2197 2119 2227 2157 a
2263 2105 2418 2158 nobis
2461 2102 2699 2158 debitam
2737 2105 3151 2161 retributionem
3203 2106 3508 2178 accipietis.

1925 2192 2032 2264 52
2056 2194 2112 2248 Si
2140 2210 2267 2249 vero
2294 2195 2515 2250 inimico
2542 2195 2805 2257 Ecclesia
2823 2196 2915 2249 Dci
2943 2197 3138 2252 timore
3160 2197 3243 2252 vel
3273 2214 3359 2252 am
3379 2210 3420 2257 α
3440 2199 3516 2255 tia

1923 2284 2171 2355 parcitis,
2211 2293 2421 2340 imitare
2453 2300 2558 2340 non
2588 2300 2877 2355 possumus
2906 2287 3033 2357 quin
3061 2288 3128 2342 ad
3176 2289 3359 2345 sedem
3388 2304 3514 2361 apo-

1923 2376 2171 2429 stolicam
2202 2390 2564 2443 recurrainos,
2604 2377 2691 2430 tibi
2718 2378 3058 2433 necessitate
3085 2388 3308 2450 cogente
3337 2395 3520 2436 iacc.e

1922 2483 2029 2522 non
2085 2468 2266 2523 licebit
2293 2485 2428 2539 quas
2473 2470 2523 2524 in
2562 2471 2879 2540 episcopatu
2908 2483 3089 2527 vestro
3134 2473 3512 2531 tribulatioqu

1922 2567 1976 2613 ct
2001 2560 2279 2630 angustias
2307 2559 2456 2615 vobis
2484 2563 2857 2617 consentiente
2888 2563 3238 2621 sustinemus.

2431 2649 2768 2714 EPISTOLA
2809 2644 3001 2715 XXXI.

1923 2744 2238 2803 Dulcissimo
2274 2751 2506 2817 domino,
2547 2762 2595 2806 et
2620 2753 2957 2822 prwcordiali
2988 2756 3180 2821 amico,
3209 2756 3402 2813 domno
3446 2757 3512 2814 Β.

1992 2841 2313 2897 honorabilis
2372 2842 2490 2899 rita:
2562 2843 2841 2899 [ternorum
2902 2847 3291 2918 archiepiscopo
3362 2849 3513 2921 (97),

1995 2933 2161 3003 frater
2188 2931 2635 3006 Go/fridus,qu0d
2655 2944 2839 3005 potest,
2862 2936 3004 3007 quod
3022 2937 3181 3007 sapit,
3197 2949 3244 2992 et
3262 2939 3353 3009 sei)
3370 2956 3513 2996 sum.

1995 3021 2154 3077 Pater
2181 3021 2341 3087 bone,
2389 3023 2591 3091 esurio,
2621 3033 2673 3079 et
2720 3025 2848 3080 sitio
2880 3041 2975 3082 vos
3022 3027 3226 3097 videre,
3257 3043 3312 3085 et
3336 3030 3509 3085 domi—

1926 3131 2053 3169 num
2098 3129 2292 3185 papam
2341 3117 2613 3171 vobiscum
2662 3116 2886 3173 visitare
2934 3117 3203 3177 desidero.
3247 3120 3511 3179 Dilectatn

238 3209 386 3266 sedis
420 3208 595 3280 legato
639 3209 707 3264 ad
747 3209 1038 3264 concilium
1089 3223 1329 3279 vocetur,
1379 3226 1480 3267 nec
1516 3212 1623 3267 ulto
1659 3213 1822 3267 modo
1852 3226 1895 3288 ρ
1928 3210 2056 3264 mihi
2086 3209 2463 3279 paternitatein
2498 3219 2734 3264 vestram
2783 3210 3063 3267 humiliter
3107 3228 3327 3283 precor,
3358 3224 3417 3270 ut
3463 3216 3509 3271 si

242 3302 427 3357 venire
457 3310 703 3372 cogatur.
743 3301 943 3358 Valete.

691 3390 793 3464 51
819 3392 1149 3449 EPISTOLA
1192 3393 1358 3450 XXX.

247 3485 478 3557 Rndulfo
522 3485 780 3540 laudabili
821 3484 1202 3542 Turonensium
1237 3489 1629 3560 archiepiscopo
1682 3490 1819 3563 (95),

312 3576 581 3648 (Io/fridus
620 3574 1015 3632 Vindociuensis
1048 3579 1353 3632 monasterii
1383 3580 1596 3634 humilis
1620 3597 1821 3647 servus,

274 3668 524 3740 griiligere
542 3668 681 3738 quod
706 3666 848 3721 Deus
868 3667 1059 3736 diligit,
1082 3679 1129 3723 et
1150 3669 1272 3721 odio
1291 3670 1480 3723 habere
1510 3671 1649 3739 quod
1686 3672 1821 3729 odit.

312 3757 489 3826 Super
515 3756 760 3810 Arduino
803 3756 870 3810 de
906 3755 1150 3811 Mattiaco
1198 3756 1312 3826 (96)
1365 3761 1508 3828 apud
1543 3775 1638 3814 vos
1684 3775 1826 3830 Stepe

238 3851 533 3920 conquesti
578 3864 789 3914 sumus,
820 3858 876 3903 et
902 3858 1121 3920 propter
1155 3850 1321 3904 multa
1347 3854 1686 3920 gravamina,
1706 3870 1827 3923 qua:

235 3943 578 4002 monasterio
609 3949 796 3997 nostro
828 3940 1042 4012 injuste,
1085 3950 1139 3996 et
1169 3940 1430 3996 violenter
1454 3940 1680 4008 fecerat,
1705 3958 1827 3999 eum

238 4052 270 4090 a
300 4034 459 4089 vobis
477 4032 622 4103 juste
649 4041 708 4087 et
729 4030 1120 4087 rationabiliter
1143 4032 1494 4104 cognovimus
1517 4046 1829 4089 excommu-

237 4129 503 4184 nicatum.
531 4123 638 4181 Sed
662 4125 866 4195 absque
893 4124 1237 4195 prxcedente
1269 4125 1648 4180 satisfactione
1670 4124 1820 4179 illum

310 4260 424 4332 (93)
470 4257 748 4332 (Umbaldo
778 4257 1189 4332 archiepiscopo.
1238 4257 1618 4332 Lugdunensis
1660 4259 1826 4315 etiam

239 4326 683 4402 archiepiscopus
725 4330 847 4402 fuit,
868 4326 1111 4402 )oannis
1146 4338 1267 4402 post
1294 4326 1681 4402 Gauceranntn
1702 4346 1829 4385 suc-

241 4398 450 4465 cessor,
478 4398 707 4470 quartus
749 4399 818 4453 ab
867 4398 1110 4470 ltugone.
1160 4399 1371 4470 legatus
1421 4411 1600 4455 autem
1641 4400 1827 4455 Hono-

240 4473 308 4526 rii
343 4471 407 4527 ll.
431 4468 584 4539 Quod
610 4472 769 4524 docet
786 4469 1022 4539 epistola
1051 4468 1141 4524 22.
1171 4468 1231 4524 Si
1262 4469 1551 4536 Bernardi,
1586 4470 1825 4527 Honorio

1926 3303 2151 3357 Romam
2183 3316 2351 3370 usque
2397 3303 2465 3356 ad
2496 3300 2704 3355 Pascha
2734 3301 2813 3355 ire
2853 3302 3085 3366 debetis,
3135 3319 3298 3360 servo
3331 3316 3513 3360 vestro

1925 3393 2067 3451 diem
2111 3401 2163 3445 et
2192 3391 2369 3445 locum
2402 3391 2686 3446 notiticare
2714 3390 3032 3463 dignemini.
3078 3408 3187 3464 quo
3228 3395 3514 3453 humiiitas

1927 3495 2111 3540 nostra
2174 3484 2455 3541 comitatui
2508 3494 2692 3540 vestro
2758 3484 2936 3540 valeat
3000 3487 3220 3543 sociari.
3258 3487 3506 3559 Insuper,

1924 3576 2088 3632 etiam
2128 3592 2227 3647 ego
2261 3587 2315 3632 et
2343 3592 2554 3633 mecum
2586 3588 2773 3634 nostra
2817 3582 3167 3651 congregatio
3199 3580 3514 3653 suppliciter

1926 3678 1980 3724 et
2003 3670 2287 3740 diligenter
2312 3684 2552 3736 oramus,
2583 3681 2635 3724 nt
2663 3671 2965 3742 benignitas
2998 3680 3174 3727 vestra
3193 3672 3509 3744 episcopum

1927 3760 2389 3829 Andegavensem,
2418 3768 2473 3815 et
2506 3760 2569 3814 tl.
2603 3762 3047 3818 archidiaconnm
3078 3762 3196 3831 ejus
3253 3772 3350 3818 aut
3392 3779 3512 3818 mo-

1929 3862 2078 3911 nere,
2114 3861 2206 3903 aut
2240 3866 2429 3920 rogare
2458 3850 2735 3922 dignetur,
2776 3868 2845 3907 ne
2883 3853 3292 3908 concessionem
3321 3853 3513 3909 Eccle-

1929 3939 2155 4001 siarmn,
2203 3956 2363 4009 qnam
2394 3945 2746 4012 _monasterio
2792 3954 2978 3998 nostro
3023 3944 3253 4015 benigne
3285 3944 3515 4009 fecistis,

1929 4034 2252 4101 perturbare
2302 4046 2588 4092 conentur.
2647 4035 2799 4101 Quod
2870 4035 2914 4088 si
2973 4036 3278 4091 sanctitatis
3322 4047 3517 4093 vestrae

1929 4139 2143 4195 precem
2207 4126 2321 4182 sive
2371 4126 2795 4180 admonitionem
2843 4127 3303 4195 contempserint,
3354 4128 3513 4184 nobis

1929 4258 2090 4331 epist.
2131 4256 2368 4331 255.,De
2395 4257 2598 4331 eodem,
2622 4265 2902 4331 etgnoster
2938 4257 3032 4314 lib.
3065 4273 3113 4320 v,
3143 4259 3309 4329 epist.
3343 4261 3432 4317 11.

2001 4330 2133 4403 (91)ὶῄ
2166 4328 2497 4403 Arduiaode
2542 4327 2812 4383 Mattiaco.
2862 4327 3014 4403 Haud
3062 4327 3193 4403 scio
3215 4349 3283 4385 an
3334 4331 3506 4387 frater

1926 4399 2196 4472 Jaquetini
2227 4399 2614 4473 dedMalliaco,
2637 4415 2798 4471 quem
2825 4416 2946 4455 cum
2973 4400 3240 4473 (fratribus
3278 4409 3512 4473 quatuor

1928 4469 2260 4543 expeditioni
2293 4470 2546 4526 Fulcanis
2575 4469 2638 4532 V,
2657 4469 2936 4527 adversus
2971 4471 3264 4543 lteniricmn
3299 4469 3509 4543 regem,

240 4537 498 4635 positiﬁce
531 4537 1038 4635 seripta.lUiiibaldo
1064 4539 1407 4610 Lugduneusi
1429 4543 1821 4612 archiepiscopo
1857 4581 1898 4635 Β
1925 4537 2013 4635 de
2045 4543 2454 4635 quaxsiiperiu‘s
2504 4544 2706 4635 dictum
2759 4551 2865 4625 est,
2924 4542 3234 4635 it‘ilte'r't'uisse
3285 4537 3510 4635 narrant

239 4611 288 4669 et
316 4612 571 4666 Romana:
590 4611 728 4665 sedis
750 4612 940 4669 legato.

316 4684 429 4752 (94)
468 4681 715 4744 Victoris,
762 4679 996 4752 Nicolai.
1033 4680 1387 4752 etcLHorum
1425 4682 1668 4739 omnium
1708 4681 1819 4752 pri-

238 4749 435 4824 vilegia
483 4753 702 4808 exhibet
747 4749 1535 4824 tabularium__Vindocinense.
1579 4749 1721 4824 Quin
1763 4762 1820 4807 et

238 4820 375 4879 ante
397 4827 497 4877 hos
524 4837 714 4893 omnes
751 4822 1046 4893 Clentetttis
1081 4820 1121 4876 ΙΙ
1152 4823 1219 4878 de
1252 4823 1441 4878 eadem
1466 4840 1526 4878 re
1556 4823 1816 4893 diploma,

240 4910 312 4949 ne
342 4895 510 4947 abbas
543 4890 823 4946 Vindocini
851 4903 1075 4946 coactus
1106 4893 1173 4947 ad
1204 4893 1491 4948 concilium
1533 4890 1696 4948 ultum
1728 4909 1822 4948 ve-

243 4968 381 5026 niat,
429 4965 577 5034 quod
627 4963 697 5034 ab
739 4963 866 5034 ipso
907 4961 1156 5034 Romano
1200 4964 1453 5031 pontiﬁce
1511 4981 1618 5019 non
1658 4964 1823 5019 fuerit

244 5032 598 5088 celebratum.
631 5032 811 5098 Quare
855 5032 1044 5103 legans
1093 5032 1240 5103 illum
1283 5049 1476 5089 vocare
1506 5034 1659 5090 uetas
1680 5045 1821 5089 erat.

244 5104 552 5175 Alexander
574 5103 615 5158 tl
642 5103 870 5175 Qderico
892 5100 1104 5157 {Abbati
1139 5100 1548 5175 Vindociaensis,
1575 5106 1663 5175 qui
1691 5104 1826 5159 allo-

244 5174 451 5228 diaritts
488 5172 635 5228 Beati
664 5171 811 5227 Petri
851 5176 1103 5237 noscitur,
1139 5173 1205 5226 ab
1235 5177 1495 5244 episcopo,
1533 5171 1608 5230 uel
1634 5194 1666 5228 a
1695 5192 1825 5241 quo-

242 5246 368 5299 libet
412 5254 601 5298 nostra:
640 5244 777 5298 sedis
831 5245 1024 5298 vicario
1078 5244 1148 5298 ad
1196 5244 1478 5299 concilium
1528 5245 1825 5299 nullatenus

242 5325 475 5371 rocetur.
506 5315 659 5381 Quod
693 5314 875 5369 cancri
923 5323 1107 5381 postea
1136 5315 1420 5383 pontiﬁces
1447 5317 1658 5373 iteratis
1698 5332 1827 5371 san-

243 5385 518 5440 ctionibus
549 5386 782 5454 approba
792 5392 939 5438 runt.

314 5455 430 5526 (95)
462 5453 714 5526 Radulfog
739 5453 1119 5526 Turoricasium
1162 5457 1571 5526 archiepiscopo.
1618 5456 1735 5511 Duo
1770 5457 1823 5510 in

242 5524 335 5579 ea‘
370 5526 498 5582 sede
546 5524 758 5579 Radutti
809 5524 947 5578 alter
1002 5524 1160 5578 alteri
1216 5524 1617 5583 successerunt.
1670 5527 1827 5582 Prior

244 5595 492 5652 Futcredi
517 5594 679 5666 ﬁlius,
710 5596 777 5648 ad
803 5610 965 5666 quem
1005 5593 1188 5666 multae
1215 5606 1433 5666 exstant
1455 5597 1702 5666 Gregorii
1739 5597 1825 5653 Vll

244 5664 840 5738 epistola.__Post_erior
879 5664 1294 5738 Aurelianensis
1322 5667 1532 5738 (patria,
1573 5664 1671 5738 qui
1720 5672 1824 5725 sub

300 5737 468 5793 rbano
511 5735 557 5791 ll
600 5736 746 5801 iniit,
796 5750 939 5790 anno
984 5734 1142 5792 1094.
1190 5738 1274 5792 Ad
1319 5734 1466 5792 hunc
1495 5734 1686 5795 scribit
1716 5754 1824 5794 non

243 5808 421 5865 solum
445 5805 718 5863 Goll‘ridus
745 5807 847 5861 hoc
876 5805 1020 5874 loco,
1050 5809 1142 5862 sed
1171 5805 1262 5862 tvo
1280 5809 1446 5865 etiam
1474 5808 1826 5867 Carnotensis

1925 4614 2088 4669 Gesta
2124 4613 2382 4684 comitum
2412 4615 2908 4684 Andegavensium.
2948 4612 3224 4669 Malliacus
3250 4615 3509 4684 oppiduni

1927 4694 2009 4739 est
2032 4684 2145 4754 agri
2161 4682 2433 4754 _'l‘nronici
2468 4699 2658 4738 versus
2684 4683 3024 4754 Ainlegavos.

1999 4751 2112 4825 (97)
2145 4751 2225 4825 li.)
2264 4753 2542 4808 Remorum
2566 4751 2998 4825 iarchiepis'cOpo.
3034 4753 3318 4825 llainalilo,
3363 4755 3515 4825 prius

1928 4822 2182 4893 epi'scOpo
2204 4824 2602 4895 Anitegnvensi,
2623 4841 2731 4895 qua
2755 4822 2820 4877 ex
2851 4822 3107 4878 cathedra
3132 4822 3389 4882 Ludovici
3426 4825 3510 4895 Vl,

1930 4897 2075 4966 regis
2101 4910 2204 4962 ope
2246 4894 2516 4949 subnisus
2562 4893 2649 4948 ad
2678 4893 3004 4949 Remensein
3053 4894 3347 4953 translatus
3389 4893 3506 4964 est;

1934 4964 2182 5036 Utgerius
2232 4963 2286 5036 in
2315 4963 2670 5036 ejustoeum
2705 4965 3049 5036 subrogatus.
3085 4964 3258 5023 Breve
3283 4968 3506 5024 Chroni-

1930 5032 2055 5091 cuin
2088 5033 2273 5088 Sancti
2299 5033 2477 5088 Albini
2505 5053 2518 5087 :
2548 5034 2701 5089 Anno
2732 5032 2897 5091 “24:
2928 5036 3208 5091 Exercitus
3228 5038 3295 5092 de
3315 5036 3513 5095 Moste-

1930 5103 2085 5178 i-iolo.
2122 5102 2433 5178 ‘Baiualdus
2480 5102 2746 5178 Bernensis
2786 5106 3219 5178 archiepiscopus
3278 5108 3510 5178 eligitur.

1932 5174 2075 5248 Obiit
2111 5172 2361 5229 Callistus
2386 5191 2547 5248 papa.
2579 5175 2731 5248 Anno
2775 5175 2934 5231 “25.
2964 5172 3216 5248 _Ulgerius
3241 5172 3514 5248 episcopus

1930 5244 2212 5324 ordinatur
2263 5259 2361 5324 χιε.
2386 5242 2923 5324 Κισιςηάκιοιζεοζζςὶει
2962 5242 3108 5318 l’apa
3134 5242 3301 5318 igitur
3323 5249 3380 5324 in
3412 5242 3513 5324 hac

1929 5314 2157 5384 epistola
2193 5324 2278 5369 est
2315 5313 2586 5370 Honorius
2620 5314 2686 5379 ll,
2717 5313 2923 5373 Callisti
2977 5313 3285 5375 successor.
3332 5319 3519 5372 Ande-

1931 5386 2182 5457 gavensis
2225 5385 2532 5455 episcopus,
2590 5385 2837 5456 Utgerius
2883 5389 3317 5457 archidiaconus,
3372 5386 3516 5456 ejus,

1938 5452 2276 5529 Richardus,
2310 5452 2537 5529 dequo
2581 5452 2720 5528 epist
2763 5458 2877 5529 27.,
2911 5458 3115 5514 Fuerat
3164 5452 3353 5529 paucis
3379 5452 3518 5529 ante

1936 5526 2106 5599 annis,
2127 5524 2265 5579 alter
2309 5526 2435 5582 huic
2469 5524 2807 5599 cognominis
2850 5528 3145 5599 Remorum
3165 5524 3246 5582 ex
3284 5527 3345 5599 S_.
3377 5524 3519 5581 Mar-

1939 5597 2038 5652 tini
2070 5596 2413 5670 thesaurario
2450 5596 2892 5670 archiepiscopus
2933 5598 3254 5670 Ruinaldus.
3295 5596 3521 5670 Grtccite

1935 5675 2123 5739 postea
2154 5668 2447 5723 comitissa:
2478 5668 2651 5734 titius,
2689 5670 2769 5739 ad,
2794 5668 2972 5739 'quem
3001 5668 3111 5739 tvo,
3139 5668 3304 5739 epist.
3344 5668 3438 5732 l5,
3468 5679 3520 5725 et

1934 5737 2004 5794 de
2047 5752 2157 5807 quo
2200 5739 2491 5795 Anselmus
2537 5740 2589 5794 in
2634 5737 2952 5809 putatione
2998 5737 3118 5793 libri
3150 5737 3227 5796 De
3257 5738 3521 5803 incarna-

1937 5811 2102 5865 tione.
