3990 6500
488 422 552 477 7|
1492 410 1811 469 GOFFRIDI
1852 406 2142 463 ABBATIS
2187 402 2711 461 VINDOCINENSIS
3693 401 3754 456 7ft

479 538 700 609 quidem
726 537 966 592 laborem
998 532 1352 605 generabant,
1383 527 1481 581 sed
1509 540 1661 580 suam
1687 522 2059 576 sollicitabunt
2088 524 2133 578 Λ
2159 532 2349 571 eorum
2378 515 2674 569 annullabit
2702 521 2949 569 conatus.
2975 512 3188 578 Valete,
3217 522 3270 568 et
3290 516 3431 584 quod
3462 514 3744 584 placuerit,

479 641 740 701 quietem,
764 641 817 685 et
844 631 1015 684 beata:
1040 622 1324 680 Trinitatis
1353 618 1548 682 virtus,
1572 626 1627 672 et
1646 612 2061 683 Omnipotentia,

2175 607 2477 662 rescribite.

1589 745 1953 835 LIBER
2022 740 2679 833 SECUNDUS.

896 904 1000 975 53
1042 901 1371 958 EPISTULA
1409 899 1642 955 PRIMA.

472 1002 790 1056 Dulcissimo
828 998 973 1051 Patri
1009 1014 1104 1050 suo
1140 996 1291 1050 lvoni
1314 996 1432 1049 vita:
1464 992 1770 1049 venerabilis
1818 991 2058 1058 episcopo

544 1093 695 1163 (98),
758 1087 1029 1158 Go/fridus
1106 1086 1501 1140 Vindocinensis
1564 1084 1784 1138 coenobii
1840 1086 2059 1141 humilis

540 1184 721 1247 abbas,
749 1181 888 1252 quod
908 1179 1047 1250 patri
1068 1177 1231 1247 ﬁlius,
1263 1185 1311 1231 et
1338 1176 1548 1231 domino
1573 1192 1774 1230 servus.

544 1274 934 1330 Beneficiorum
963 1281 1269 1325 vestrorum
1303 1268 1576 1324 recordari
1607 1268 1830 1324 minime
1859 1267 2055 1332 debeo.

469 1369 564 1422 sed
593 1366 679 1421 illa
711 1366 891 1436 potius
914 1365 968 1418 in
990 1364 1155 1418 corde
1186 1362 1289 1415 fisa
1324 1369 1529 1425 tenere,
1557 1376 1626 1415 ne
1651 1360 1897 1431 qualibet
1920 1361 2059 1415 obli-

468 1460 626 1514 vione
654 1474 685 1512 a
728 1457 987 1512 memoria
1032 1470 1151 1509 mea
1184 1465 1386 1523 queant
1436 1453 1709 1507 recedere.
1765 1452 2060 1508 Becordari

472 1551 682 1620 utique,
712 1557 770 1602 ut
797 1548 909 1618 ipse
935 1546 1128 1602 melius
1155 1545 1349 1610 uestis,
1370 1560 1560 1599 eorum
1585 1543 1805 1614 proprie
1835 1544 2056 1605 dicitur,

472 1659 593 1715 quae
623 1642 892 1698 interdum
928 1639 1185 1695 oblivioni
1231 1639 1538 1692 traduntur.
1591 1637 1658 1692 Et
1704 1637 1827 1693 ideo
1855 1637 2059 1693 benefi-

471 1736 680 1791 ciorum
727 1742 1052 1794 vestrorum,
1103 1739 1162 1785 ut
1205 1730 1341 1794 dixi,
1386 1728 1662 1784 recordari
1706 1743 1812 1783 non
1866 1727 2057 1790 debeo,

470 1829 565 1884 sed
613 1844 678 1883 ca
739 1828 791 1881 iit
838 1835 1019 1881 mente
1067 1838 1283 1892 semper
1332 1822 1567 1888 habere,
1618 1821 1742 1890 quia
1793 1830 1924 1891 quot
1972 1819 2054 1874 vel

467 1933 671 1992 quanta
707 1935 833 1989 erga
878 1934 964 1973 me
997 1917 1330 1983 exstiterint,
1364 1917 1452 1970 vix
1496 1916 1677 1986 lingua
1723 1930 1844 1970 mea
1873 1914 2057 1970 dicere

471 2022 670 2083 posset,
713 2014 758 2068 si
808 2011 1015 2083 singula
1067 2018 1361 2065 conaretur
1410 2008 1637 2064 referre.
1687 2009 1752 2064 Et
1791 2008 2055 2078 quidquid

464 2104 648 2172 lingua
679 2103 824 2157 dicat
859 2101 940 2155 vel
973 2109 1164 2164 taceat,
1207 2115 1372 2154 unum
1403 2098 1708 2154 certissime
1736 2098 1871 2161 scio,
1913 2096 2056 2165 quod

468 2195 798 2249 conscientia
831 2193 983 2247 vobis
1009 2192 1239 2247 ulterius
1270 2207 1377 2246 non
1405 2190 1609 2260 poterit
1635 2203 1957 2260 repugnare.
1992 2188 2059 2242 Et

462 2286 643 2356 lingua
686 2286 903 2355 quidem
941 2286 1152 2355 ingrata
1192 2282 1348 2339 valde
1376 2282 1658 2349 existeret,
1690 2298 1755 2337 ac
1796 2280 1944 2352 justo
1970 2280 2056 2353 ju-

466 2379 608 2432 dicio
654 2376 764 2449 54
810 2378 1141 2447 sempiterno
1200 2375 1416 2431 silentio
1464 2375 1647 2445 digna,
1694 2375 1750 2429 ‘si
1813 2389 2055 2444 unquam

464 2479 663 2526 contra
695 2470 1026 2524 voluntatem
1074 2478 1311 2522 vestram
1365 2466 1523 2521 aliter
1570 2465 1702 2521 foris
1746 2465 2058 2535 loqueretur

464 2578 632 2633 quam
657 2562 803 2616 intus
842 2560 1043 2615 clamat
1078 2557 1434 2615 conscientia.
1465 2555 1671 2619 Valete,
1725 2565 1782 2611 et
1826 2555 1915 2610 ubi
1960 2570 2056 2627 vos

469 2652 714 2708 invenire
738 2660 926 2722 potero
948 2661 1139 2719 quarta
1161 2647 1250 2703 die
1273 2658 1393 2719 post
1415 2647 1766 2703 festivitatem
1793 2644 2053 2701 Omnium

462 2743 816 2809 Sanctorum,
867 2742 996 2796 mibi
1041 2740 1323 2795 notilicare
1372 2738 1596 2799 curetis,
1628 2737 1779 2808 quia,
1814 2737 1857 2791 si
1906 2736 2053 2792 aliud

469 2835 745 2891 sanctitati
796 2847 990 2890 vestnc
1037 2832 1359 2902 obsequium
1414 2841 1675 2903 praestare
1728 2844 1834 2885 non
1877 2829 2051 2895 valeo,

463 2942 587 2982 eam
608 2927 802 2984 saltem
831 2926 1079 2983 desidero
1116 2925 1354 2979 visitare.

1047 3038 1385 3096 EPISTULA
1422 3037 1463 3093 ll
1474 3078 1488 3092 .

2174 888 2243 940 ita
2270 889 2404 952 sint,
2451 890 2594 943 scire
2621 898 2801 942 tanton
2836 887 3026 942 vellem
3054 889 3184 959 quid
3212 889 3413 954 lateat;
3447 904 3568 957 quae
3595 904 3751 943 causa

2169 981 2386 1043 existat,
2411 996 2511 1035 cur
2533 980 2747 1034 bonitas
2771 989 2950 1034 vestra
2986 996 3128 1036 nunc
3157 981 3288 1035 mihi
3318 981 3471 1050 quasi
3519 981 3754 1036 crmlclis

2172 1082 2450 1144 appareat.
2488 1071 2624 1126 Nam
2651 1087 2772 1126 cum
2808 1073 2860 1126 in
2889 1071 3148 1140 majorem
3188 1073 3474 1128 ecclesiam
3512 1082 3748 1126 nostram

2171 1164 2285 1237 (99)
2329 1179 2548 1219 manum
2589 1163 2802 1218 mittere
2846 1181 2951 1219 non
3001 1164 3248 1235 potestis,
3279 1179 3379 1220 nec
3424 1163 3657 1229 audetis,
3698 1165 3749 1218 in

2167 1258 2403 1320 ctcteris,
2452 1273 2573 1329 qua:
2618 1258 2670 1311 in
2721 1256 3036 1327 episcopatu
3094 1267 3278 1311 vestro
3329 1266 3497 1320 sunt,
3555 1259 3751 1311 nostris

2167 1347 2410 1402 ccclesiis
2460 1348 2700 1402 divinum
2753 1349 2987 1402 ofﬁcium
3038 1365 3143 1402 non
3175 1349 3392 1418 quidem
3445 1348 3577 1403 satis
3608 1349 3750 1418 justo

2167 1438 2492 1503 abstulistis,
2544 1449 2598 1493 et
2640 1439 2769 1509 quia
2813 1450 2993 1493 vestra
3048 1441 3374 1494 auctoritate
3412 1441 3517 1495 boc
3559 1440 3753 1507 injuste

2166 1538 2346 1584 actunt
2386 1529 2746 1600 dignoscitur,
2793 1530 3122 1585 auctoritate
3164 1530 3428 1594 Romana,
3463 1534 3749 1600 quaeonmi

2165 1636 2434 1689 perversae
2462 1621 2771 1676 auctoritati
2801 1628 2888 1676 est
2921 1622 3215 1685 contraria,
3254 1622 3305 1676 in
3348 1622 3481 1691 ipsis
3510 1623 3751 1678 ecclesiis

2163 1711 2269 1783 55
2297 1729 2326 1766 a
2365 1710 2625 1768 fratribus
2662 1712 2867 1767 nostris
2895 1711 3150 1780 privotim
3174 1721 3229 1766 et
3258 1713 3473 1782 publice
3498 1714 3713 1767 cantabi
3733 1744 3745 1755 -

2165 1811 2269 1855 tur.
2302 1802 2502 1857 Sancta
2532 1811 2587 1857 et
2614 1802 2995 1858 irretraclabili
3024 1802 3395 1857 Romanorum
3426 1805 3746 1874 pontificum

2093 1860 2133 1918 Β
2166 1891 2380 1946 licentia
2425 1893 2584 1947 nobis
2611 1892 2952 1956 conceditur,
2985 1902 3043 1946 ut
3075 1893 3118 1948 si
3170 1860 3515 1949 interdictum
3556 1895 3609 1949 in
3651 1910 3747 1951 ec-

2163 1982 2341 2038 clesiis
2371 1985 2573 2039 nostris
2610 1984 2759 2057 (100)
2786 2000 2815 2037 a
2860 1984 3101 2053 quolibet
3147 1986 3405 2058 episcopo
3436 1986 3635 2055 injuste
3674 1988 3751 2043 la-

2160 2081 2306 2127 ctum
2335 2074 2629 2141 exstiterit,
2664 2074 2972 2130 nullatenus
3023 2093 3052 2130 a
3107 2076 3266 2132 nobis
3313 2078 3653 2134 observetur.
3692 2079 3752 2135 Si

2161 2177 2291 2217 vero
2316 2165 2478 2219 nimis
2516 2166 2794 2231 audacter,
2834 2166 2917 2221 vel
2956 2177 3386 2238 praesumptuose
3416 2184 3517 2224 nos
3557 2180 3751 2227 contra

2161 2269 2256 2307 vos
2284 2270 2450 2323 super
2482 2255 2585 2309 hoc
2614 2272 2777 2327 agerc
2820 2257 3025 2322 dicitis,
3079 2259 3205 2313 hinc
3231 2257 3396 2327 judcx
3443 2261 3752 2328 invocetur,

2160 2356 2215 2400 ct
2242 2346 2338 2400 flat
2385 2348 2672 2404 sinceritas
2702 2349 3013 2420 apostolicae
3052 2350 3233 2415 sedis;
3282 2352 3436 2422 cujus
3479 2354 3757 2422 tequitatis

2153 2437 2415 2504 judicium
2447 2441 2537 2510 qui
2568 2443 2871 2497 contemnit
2912 2443 3123 2510 audire,
3174 2442 3234 2497 ll.
3273 2443 3492 2500 Petrum
3524 2461 3592 2501 ne
3625 2462 3757 2502 sen-

2162 2529 2259 2584 tiat
2284 2530 2480 2585 iratum
2517 2532 2676 2586 debet
2704 2549 2808 2587 non
2846 2532 3193 2588 mediocriter
3217 2534 3531 2591 formidare.

2722 2622 3058 2679 EPISTULA
3098 2623 3181 2678 Ill.

2159 2709 2311 2766 Ivoni
2350 2714 2659 2769 honorando
2704 2715 2855 2771 valde
2896 2718 3158 2786 episcopo,
3188 2716 3462 2788 Coﬂ'ridus
3497 2718 3751 2775 Vindoci-

2227 2807 2399 2860 uensis
2450 2809 2754 2862 monasterii
2808 2808 3183 2879 qualiscunque
3251 2826 3461 2875 servus,
3514 2813 3751 2868 debitum

2228 2912 2377 2963 pura:
2399 2898 2691 2952 dilectionis
2716 2898 3041 2968 obsequium.

2227 2989 2385 3044 Circa
2415 2988 2637 3045 fratrem
2669 2990 2840 3061 (lUl),
2872 3006 2969 3060 pro
2997 3005 3105 3060 quo
3136 2992 3391 3062 rogastis,
3422 2994 3752 3049 miscricor-

2158 3080 2297 3136 diter
2320 3081 2537 3152 quidem
2584 3097 2748 3152 agere
2775 3082 3053 3147 volumus;
3086 3083 3181 3137 sed
3212 3083 3338 3152 quia
3370 3084 3748 3141 inordinatam

465 3154 582 3211 δυο
614 3155 925 3248 είιατίδειξῖιο
952 3153 1104 3209 Pam
1130 3165 1183 3248 cf
1200 3154 1414 3248 ἀοξπίξιο
1441 3151 1594 3248 Hm".
1620 3152 2049 3248 νίπλίηηάηθξζξδ
2081 3224 2122 3248 ἦ
2160 3171 2534 3227 remissionem
2587 3174 2844 3242 pietatem
2905 3184 3028 3229 esse
3082 3190 3191 3229 non
3244 3176 3552 3242 credimus,
3612 3179 3752 3233 utile

537 3248 796 3317 episcopo,
824 3246 1097 3317 Goﬁridus
1144 3244 1545 3300 Viudoct'nensis
1590 3244 1810 3298 coenobii
1831 3246 2048 3300 humilis

2161 3260 2281 3325 sibi,
2314 3261 2420 3317 imo
2442 3264 2805 3318 necessarium
2824 3263 3155 3333 judicamns,
3179 3274 3239 3321 ut
3259 3264 3327 3320 ad
3350 3266 3748 3322 monasterium

539 3352 738 3403 servus,
764 3354 880 3391 cum
905 3336 1181 3390 dilectione
1206 3336 1569 3390 reverentiam.

537 3451 701 3506 Pater
733 3460 939 3517 sancte,
976 3466 1099 3506 cum
1129 3466 1215 3505 me
1241 3466 1271 3505 a
1303 3451 1458 3506 vobis
1491 3466 1821 3522 prtegravart
1852 3451 2051 3513 sentio,

463 3544 665 3600 nollem
701 3544 941 3614 quidem,
995 3544 1091 3599 sed
1140 3544 1282 3614 quod
1339 3542 1628 3599 inlirmitas
1680 3543 1862 3598 carnis
1906 3543 2053 3598 velut

464 3635 629 3690 anxia
681 3635 935 3701 susdnet,
991 3635 1093 3689 hoc
1141 3633 1342 3690 mentis
1393 3634 1602 3689 ratione
1649 3634 1822 3690 levius
1873 3646 2051 3704 porto.

470 3726 605 3781 Dum
676 3726 819 3780 enim
877 3726 1181 3782 sanctitatis
1248 3735 1440 3781 vestra:
1502 3725 1760 3782 beneﬁcia
1811 3726 2053 3782 exhibita

468 3820 600 3875 mibi
645 3836 787 3890 saepe
832 3829 1009 3875 meme
1036 3827 1327 3889 pertracto,
1368 3819 1413 3874 si
1446 3819 1499 3873 in
1541 3819 1722 3889 aliquo
1750 3828 1939 3875 contra
1967 3836 2054 3875 me

466 3913 670 3982 facitis,
719 3914 910 3979 fateor,
947 3926 1289 3967 murmurare
1314 3927 1415 3966 nec
1457 3927 1698 3983 possunt,
1732 3927 1831 3968 nec
1860 3912 2050 3968 debeo.

465 4006 618 4061 Satis
650 3990 986 4077 congruum,
1018 4005 1127 4059 into
1171 4003 1439 4059 laudabile
1482 4004 1716 4070 videtur,
1750 4013 1833 4070 ut,
1870 4004 1960 4074 qui
1989 4005 2054 4059 de

472 4114 635 4153 mantt
666 4108 847 4155 vestra
882 4100 1021 4153 bona
1069 4098 1348 4167 suscipere
1395 4098 1681 4162 consuevi,
1711 4098 1850 4152 mala
1887 4100 2051 4153 etiam

465 4191 790 4262 quandoque
829 4192 946 4246 sine
996 4205 1270 4245 tttttt'mure
1311 4189 1535 4245 debeam
1573 4190 1704 4260 pati.
1751 4189 1881 4258 Qttte
1929 4207 2051 4247 cum

540 4302 652 4373 (98)
688 4300 838 4356 Iconi
870 4303 1128 4371 episcopo.
1158 4300 1504 4373 Carnuteusi.
1539 4300 1733 4357 Notior
1758 4311 1843 4358 est
1874 4318 2041 4373 quam

467 4384 527 4428 ut
550 4372 712 4427 deeo
740 4374 845 4427 dici
879 4374 1045 4426 nmlta
1080 4373 1331 4426 debeant.
1367 4372 1440 4426 De
1475 4373 1733 4442 auspiciis
1761 4372 2050 4442 episcOpa-

467 4455 554 4498 tus
582 4444 721 4512 ejus,
746 4452 954 4496 tantum
988 4445 1238 4506 tnenebo,
1262 4459 1385 4497 cum
1412 4443 1721 4513 discrepent
1745 4445 2050 4509 sententiae,

460 4525 678 4570 cet-tuin
709 4513 880 4567 vidi-ri
911 4528 975 4567 ea
1009 4514 1261 4569 incidisse
1306 4514 1358 4567 in
1390 4529 1590 4568 annum
1634 4514 1794 4568 1092.
1842 4514 1921 4567 Ac
1970 4515 2051 4567 la-

2156 3376 2310 3415 suum
2339 3361 2560 3416 veniens
2588 3378 2770 3417 coram
2800 3363 3062 3419 fratribus
3094 3365 3159 3419 ad
3188 3365 3566 3436 paenitentiam
3593 3382 3746 3422 conto

2155 3463 2442 3525 pungatur,
2473 3464 2529 3508 ct
2557 3456 2635 3510 sic
2664 3454 2732 3510 de
2763 3472 2860 3510 sua
2890 3459 3328 3527 transgressione
3364 3459 3576 3513 veniam
3607 3473 3747 3513 con-

2154 3544 2306 3613 sequi
2353 3555 2661 3609 mereatur;
2703 3556 2758 3601 et
2798 3547 2883 3600 cui
2938 3547 3090 3611 olim,
3133 3558 3470 3618 suggerente,
3503 3548 3744 3611 diabolo,

2155 3650 2260 3689 non
2291 3634 2564 3705 displicuit
2602 3637 2937 3708 negligenter
2977 3653 3159 3707 agere,
3203 3654 3345 3693 nunc
3376 3639 3590 3694 tandem
3630 3655 3742 3694 non

2153 3727 2437 3797 displiceat
2473 3728 2791 3796 regulariter
2829 3728 3068 3783 obedire.
3107 3729 3219 3784 Nos
3263 3730 3446 3799 itaque
3473 3746 3568 3800 pro
3598 3732 3709 3786 dile
3742 3768 3743 3771 η

2152 3822 2331 3877 ctione
2364 3830 2543 3876 vestra
2576 3822 2624 3877 ei
2653 3822 2913 3892 quidquid
2942 3822 3170 3891 deliquit
3217 3822 3335 3877 sine
3364 3822 3747 3879 satisfactione

2155 3915 2577 3979 rcmittercmus,
2622 3914 2715 3969 sed
2768 3914 2972 3969 homini
3017 3929 3202 3969 veram
3254 3913 3628 3970 infelicitatem
3687 3922 3748 3971 et

2155 4006 2346 4061 falsam
2386 4007 2771 4062 beatitudinem
2824 4022 2923 4061 nec
2959 4008 3222 4061 audemus
3256 4008 3597 4077 promittere,
3636 4025 3747 4064 nec

2153 4099 2429 4153 debemus.
2464 4096 2658 4151 Veniat
2686 4097 2849 4166 igitur
2890 4096 2956 4150 ad
2993 4098 3404 4161 monasterium,
3451 4096 3593 4152 sicut
3624 4097 3747 4166 jam

2153 4190 2410 4253 diximus,
2443 4196 2495 4241 ct
2523 4203 2580 4241 se
2608 4202 2823 4242 errasse
2852 4187 3129 4243 humiliter
3162 4188 3506 4255 confiteatur,
3537 4200 3748 4260 quate-t

2153 4307 2314 4361 etiam
2345 4306 2412 4360 de
2454 4305 3013 4359 excommunicatione
3058 4316 3114 4360 et
3166 4307 3456 4363 interdicto
3483 4320 3737 4373 caverat,

2155 4386 2214 4429 ut
2238 4375 2535 4430 Clementis
2576 4374 2616 4427 ll
2652 4375 2989 4445 aliorumque
3036 4377 3349 4445 pontiﬁcum
3399 4379 3593 4433 littera:
3640 4382 3747 4434 de-

2154 4446 2385 4520 clarant.
2437 4445 2683 4520 Denique
2728 4463 2842 4520 non
2894 4447 3154 4520 subnubid
3186 4450 3431 4520 Avctitntn
3480 4452 3745 4520 episcopo

2154 4516 2496 4579 Carnoteusi,
2530 4519 2622 4588 sed
2653 4515 2779 4570 nulli
2806 4518 3046 4588 Δθηιιιὶηυ
3075 4518 3222 4571 licuit
3272 4529 3466 4588 pra-ter
3509 4515 3611 4574 loci
3644 4515 3747 4574 alio

472 4587 652 4656 bcn-te,
682 4584 898 4656 quidem
924 4600 1103 4656 anno,
1143 4594 1517 4656 consecratum
1552 4584 1749 4656 fuisse.
1804 4584 2047 4656 iudicant
2087 4597 2126 4649 ῃ
2155 4588 2307 4656 bates
2333 4596 2389 4639 et
2414 4586 2743 4656 pontificem.
2787 4586 3094 4641 Alexander
3140 4588 3201 4648 ll,
3245 4584 3476 4645 Oderico
3506 4591 3693 4645 abbati
3727 4610 3746 4646 :

460 4652 712 4726 epistolaﬁ
735 4653 934 4726 urbani
965 4655 1139 4710 lvenis
1158 4655 1399 4726 epistolis
1418 4654 1682 4725 pnetixie;
1709 4652 2050 4726 nam‘Captue

464 4722 564 4781 vin
615 4724 838 4779 Kalend.
872 4722 1209 4781 Decembris
1240 4728 1382 4780 datae
1423 4722 1680 4795 leguntur
1723 4722 1884 4847 raulo
1923 4734 2051 4792 post

465 4796 955 4847 consecrationem.
986 4800 1200 4847 Annum
1238 4808 1418 4847 autent
1443 4795 1644 4847 Christi
1681 4795 1715 4847 il
1745 4811 1832 4847 um
1860 4793 2047 4847 fuisse.

465 4796 955 4851 consecrationem.
986 4800 1200 4852 Annum
1238 4808 1418 4851 autem
1443 4793 1644 4850 Clu-isti
1681 4793 1832 4848 illum
1860 4793 2047 4859 fuisse,

466 4883 632 4935 quem
673 4867 781 4920 dixi
815 4882 920 4921 non
953 4878 1297 4938 sequentem,
1341 4866 1484 4936 quod
1530 4864 1767 4919 nonnulli
1798 4865 2045 4938 tradunt,

465 4934 793 5019 argumento
821 4934 1118 5019 estnjecits,
1147 4940 1312 5019 ainde
1345 4934 1561 5019 scripta;
1597 4945 1744 5019 sunt.
1794 4934 2048 5019 llrba'rt‘uS

461 5003 614 5062 enim
651 5025 793 5062 anuu
826 5008 983 5072 1093,
1033 5026 1084 5064 a.
1107 5003 1180 5063 'd.
1212 5023 1307 5062 vm
1346 5006 1569 5060 Kalend.
1604 5005 1914 5060 Decembris
1943 5003 2049 5060 Ta-

467 5079 610 5132 renti
639 5088 779 5144 crat,
818 5094 923 5133 non
955 5080 1170 5147 Capuae.
1205 5080 1469 5133 Praeterea
1504 5077 1550 5129 si
1580 5076 1682 5131 hoc
1710 5075 2047 5147 annojnau.

468 5159 719 5218 guratum
751 5149 975 5214 dixeris,
1010 5144 1117 5204 non
1141 5148 1409 5204 constabit
1440 5156 1564 5199 ante
1599 5149 1804 5200 obitum
1843 5144 2047 5218 Urbani

464 5216 676 5290 septem
715 5236 979 5275 annorum
1012 5235 1288 5280 Illllllel'lls,
1317 5230 1452 5290 quos
1484 5232 1512 5290 ξι
1553 5227 1803 5286 suscepto
1840 5216 2053 5285 episco-

464 5285 597 5359 patu
632 5302 853 5346 exactos
893 5300 1143 5345 numerat
1171 5290 1329 5359 epist.
1361 5287 1449 5339 61.
1488 5285 1671 5359 Itaque
1699 5285 2049 5359 consecratus

466 5356 541 5416 ab
566 5361 786 5417 Urbano
813 5362 1094 5430 episcopus
1115 5356 1216 5430 fuit
1244 5358 1332 5412 lvo
1355 5371 1496 5430 anno
1526 5356 1682 5430 1092.
1714 5358 1828 5425 Ipse
1862 5369 2045 5427 postea

462 5431 769 5487 (ξυστίδων
824 5424 1051 5485 electum
1105 5428 1352 5481 abbatem
1401 5424 1625 5480 solemni
1682 5424 2049 5487 benedictione

466 5502 755 5573 impertiit.
789 5501 941 5568 Quod
964 5499 1243 5573 _nim_irun_t
1286 5496 1749 5573 interdictteticia,
1797 5515 1916 5568 qua:
1959 5518 2050 5555 ac-

466 5566 628 5644 cepta
657 5576 759 5644 hoc
799 5566 917 5644 loco
959 5567 1064 5622 fert
1091 5566 1619 5644 lvoniaprazcipuum
1645 5568 1760 5644 fuit_.

543 5636 660 5712 '(99)
696 5642 773 5712 in
807 5640 1062 5712 majorem
1103 5636 1397 5712 ecclesiam_
1404 5647 1677 5712 nostrain.
1738 5639 2045 5695 Monasterii

471 5705 652 5782 ipsius
684 5705 1118 5782 Vindocineusis,
1166 5705 1718 5782 quod_Tl_teodericus
1763 5715 2048 5780 episcopus

475 5776 844 5841 Carnotensis,
877 5789 935 5833 ut
966 5780 1056 5832 lib.
1084 5796 1098 5832 ι
1127 5780 1281 5844 epist.
1318 5776 1353 5829 4
1376 5776 1716 5834 observatum
1748 5776 1850 5843 est,
1888 5796 1915 5833 a
1949 5776 2043 5834 sua

476 5864 529 5909 et
559 5864 928 5907 successorum
978 5858 1243 5920 potestate
1284 5858 1576 5915 exemerat,
1621 5867 1683 5908 ac
1727 5852 2041 5906 nominatim

2156 4655 2271 4708 [loc
2329 4655 2486 4709 etiam
2527 4656 2830 4725 adjicimus,
2877 4670 2930 4710 ut
2981 4670 3297 4714 memoratus
3340 4659 3748 4717 Vimlocinensis

2154 4725 2299 4799 locus
2338 4726 2638 4781 nullatenus
2663 4728 2763 4781 nisi
2793 4728 3068 4799 abrabbate
3108 4730 3209 4782 loci
3237 4748 3331 4799 pro
3361 4733 3472 4784 suis
3498 4730 3746 4798 injuriis,

2154 4795 2229 4848 vel
2252 4814 2284 4849 a
2317 4799 2501 4865 primm
2525 4799 2662 4851 sedis
2684 4798 2928 4867 pontiﬁce
2959 4795 3436 4854 excontmuniretur
3462 4795 3750 4855 rel-inte?

2153 4867 2385 4946 dicatur,
2412 4869 2637 4946 _etiantsi
2679 4867 3052 4922 Carnotenseut
3099 4872 3331 4938 patrium
3375 4874 3749 4925 etrcomnmnio

2144 4939 2261 4989 euri
2284 4939 2574 5006 contigerit.
3391 4997 3394 4999 λ

2224 5006 2373 5077 (10οὶ
2423 5008 2768 5061 lnterdictum
2816 5009 2870 5062 in
2926 5008 3155 5063 ecclesiis
3210 5014 3424 5066 nostris.
3483 5010 3746 5068 Sulnlitis

2156 5080 2486 5152 monasterio
2542 5079 2941 5152 Vindociuensi.
2978 5079 3284 5152 Gregorius
3339 5083 3426 5137 γη
3475 5081 3744 5139 Oderit-0.

2156 5147 2339 5218 Neque
2364 5150 2518 5203 etiam
2555 5149 2791 5202 subditas
2840 5147 3252 5219 prwdicto'loco
3295 5153 3562 5215 ecclesias,
3611 5157 3747 5207 ubi-

2153 5234 2356 5290 cunque
2392 5221 2520 5282 sint,
2555 5221 3007 5273 excommunicare
3034 5221 3113 5273 vel
3140 5223 3452 5275 interdicere
3484 5225 3745 5290 cuiquam

2154 5288 2330 5362 liceat,
2358 5291 2457 5362 nisi
2485 5291 2678 5359 apertis
2717 5306 2812 5358 pro
2837 5290 3042 5362 culpis,
3088 5302 3134 5343 et
3162 5310 3292 5362 quas
3332 5288 3747 5348 Vintlocin‘eusis

2153 5359 2386 5431 abbaset
2425 5359 2612 5427 fratres
2656 5361 2904 5413 canonice
2947 5360 3011 5411 ab
3039 5359 3445 5431 ipsis'episcopis
3471 5363 3748 5418 admoniti

2150 5429 2429 5502 emendare
2458 5431 2891 5502 contempserint.
2920 5431 3148 5499 Apenas
3195 5429 3378 5502 culpas
3419 5433 3644 5501 excipit,
3676 5446 3751 5492 ut

2151 5498 2426 5572 Gntfridus
2450 5497 2653 5565 justum
2678 5497 3059 5572 interdictum,
3093 5505 3219 5572 quia
3265 5497 3316 5556 iit
3343 5503 3494 5556 cellis
3529 5497 3749 5557 Vind"-

2149 5569 2450 5624 cincnsium
2497 5584 2602 5622 non
2650 5571 2872 5638 proinde
2920 5588 2984 5624 ac
3013 5571 3065 5623 itt
3112 5569 3451 5627 monasterio
3498 5575 3741 5629 vetitum

2149 5650 2266 5694 etut
2294 5655 2455 5695 omne
2489 5639 2854 5694 interdictum.

2222 5712 2371 5781 (illi)
2413 5710 2566 5765 Circa
2597 5709 2839 5778 fratrem.
2875 5712 3149 5781 Dauielem
3180 5713 3416 5768 nomine.
3463 5711 3555 5768 Sic
3579 5714 3745 5770 enim

2148 5781 2375 5902 appellat
2410 5782 2497 5836 lvo
2523 5784 2681 5852 epist.
2714 5781 2780 5837 82
2811 5781 2877 5833 ad
2915 5796 3074 5850 quam
3099 5780 3371 5839 Gollridus
3399 5786 3481 5839 Inc
3506 5801 3749 5854 respmt-

2183 5864 2213 5900 c
2243 5886 2254 5900 .

2183 5857 2254 5901 et.
