3990 6456
485 431 554 489 ἻἩ
1500 416 1808 482 COFFMDI
1849 416 2143 475 ABBATIS
2188 413 2720 473 VINDOCINENSIS
3686 405 3753 458 7b

480 547 925 606 directasaudivi
954 542 1130 617 (HIS);
1162 553 1297 610 quas
1323 545 1532 591 vestras
1562 533 1783 588 minime
1805 533 2063 589 credidis-
2096 537 2140 591 A
2168 529 2483 587 columbam
2517 527 2819 595 seductum,
2848 542 2942 584 cor
2963 543 3069 583 non
3110 526 3402 584 habentem
3441 540 3525 580 me
3551 522 3758 591 dicens,

480 658 624 706 sem,
653 641 759 696 nisi
800 639 870 694 ibi
909 633 1140 706 sigillum
1183 636 1422 684 vestrum
1463 624 1764 695 appositum
1788 623 2065 678 vidissem.

486 730 908 789 Dicebant‘enim
924 727 1114 780 litterae
1128 721 1289 776 vobis
1309 736 1339 775 a
1357 717 1603 774 ﬁdelibus
1621 715 1815 772 vestris
1838 714 2071 769 relatum

481 827 651 881 fuisse
682 839 769 878 me
796 824 982 875 contra
1000 831 1097 870 vos
1116 824 1169 868 et
1192 810 1637 868 contra‘elericos
1660 817 1873 863 vestros
1894 807 2071 877 turpia

482 924 538 971 et
584 908 971 969 contumeliosa
1006 905 1172 960 verba
1223 903 1436 975 publice
1478 900 1789 973 pretuiisse.
1816 898 1898 953 Ad
1934 897 2072 964 haec,

481 1006 630 1062 salva
664 1002 912 1065 veritate,
944 1011 1168 1068 prorsus
1212 994 1515 1063 respondeo
1557 989 1698 1061 quod
1739 991 1805 1045 de
1842 1004 2075 1059 persona

481 1105 663 1152 vestra
719 1090 854 1146 nihil
903 1104 1138 1157 unquam
1190 1083 1549 1140 inhonestatis
1602 1082 1687 1138 vel
1737 1080 2078 1137 contumeliae

482 1183 630 1248 dixi;
660 1179 754 1237 sed
785 1193 905 1249 qua:
934 1175 1081 1246 potui
1115 1175 1253 1228 bona
1297 1172 1495 1241 ubique
1526 1169 1592 1226 de
1630 1170 1784 1225 vobis
1822 1183 1993 1239 usque
2023 1169 2076 1223 in

482 1274 807 1331 hodiernum
838 1265 1146 1340 pratdicavi.
1165 1263 1390 1320 Clericis
1419 1276 1548 1318 vero
1574 1259 1788 1327 vestris,
1818 1260 2075 1331 quoniam

484 1368 585 1439 ipsi
615 1363 747 1421 mihi
776 1360 914 1417 male
934 1356 1462 1422 cantaverunt,bcne
1479 1352 1678 1410 saltare
1706 1367 1806 1409 nec
1829 1367 2075 1424 possunt,

486 1473 587 1512 nec
616 1453 788 1527 potui.
820 1450 953 1507 liiud
979 1448 1229 1518 equidem
1257 1446 1415 1517 plane
1446 1444 1714 1500 conﬁteor
1755 1443 1901 1515 quod
1935 1441 2077 1497 nulla

487 1548 747 1618 injuriosa
768 1544 931 1600 verba
955 1540 1059 1595 illis
1080 1538 1339 1609 irrogavi,
1356 1536 1460 1592 nisi
1484 1537 1610 1606 quia
1634 1536 1847 1591 illorum
1872 1533 2079 1603 judicio

484 1645 882 1714 praegravatum
947 1647 1033 1687 me
1087 1631 1349 1694 sentiens,
1419 1630 1720 1714 Romanam
1778 1627 2076 1683 Ecclesiam

488 1731 774 1804 appellavi,
831 1726 986 1798 cujus
1030 1723 1336 1782 veneranda
1392 1720 1672 1792 privilegia
1724 1718 1973 1775 videbam
2010 1718 2079 1774 ab

491 1824 622 1893 ipsis
668 1818 1067 1903 despicabiliter
1114 1815 1366 1877 refutari,
1421 1813 1544 1869 licet
1600 1822 1787 1868 sancta
1836 1811 2079 1866 Romana

2173 635 2229 679 et
2282 622 2631 677 vehementer
2670 620 2977 690 increpans,
3011 619 3139 675 illud
3182 619 3449 675 veraciter
3490 617 3622 671 mibi
3669 632 3766 685 pro

2173 713 2406 770 crimine
2429 713 2773 782 imputasset,
2803 712 2847 766 si
2877 711 3199 782 ignorantia:
3229 724 3363 765 meae
3393 722 3458 764 ae
3490 706 3762 776 iuventuti

2175 800 2607 858 misericorditer
2635 817 2739 855 non
2766 800 3113 871 pepercisset.
3146 799 3283 867 Quid
3310 812 3442 853 vero
3467 811 3631 866 super
3665 796 3768 851 hoc

2175 903 2363 950 contra
2395 907 2491 947 vos
2530 890 2836 963 protulerit,
2869 907 2969 963 pro
3018 891 3321 946 reverentia
3353 888 3524 945 vestri
3559 885 3769 942 ordinis

2176 987 2373 1043 melius
2402 994 2489 1041 est
2519 985 2644 1041 inde
2681 985 2844 1042 silere
2873 1001 3035 1056 quam
3080 984 3249 1055 loqui.
3282 982 3453 1055 igitur
3478 981 3627 1053 quod
3666 980 3769 1036 iiii-

2177 1080 2283 1136 eite
2309 1076 2686 1134 eommiseram
2716 1077 2930 1132 irritum
2957 1077 3103 1143 fecit,
3134 1084 3193 1131 et
3211 1090 3283 1132 ne
3311 1062 3570 1147 deinceps
3599 1074 3766 1130 abbas

2179 1171 2493 1226 monasterii
2536 1168 2705 1224 nostri
2729 1169 2835 1241 θι
2869 1169 3123 1238 cuiquam
3147 1168 3401 1238 episcopo
3425 1168 3769 1240 proﬁteatur,

2178 1261 2446 1333 privilegii
2475 1262 2557 1317 sui
2596 1260 2978 1317 irretractabili
3009 1259 3266 1315 ﬁrmitate
3281 1260 3583 1330 prohibuit.
3607 1257 3775 1328 Cujus

2181 1354 2563 1410 auctoritatem
2592 1362 2811 1410 secutus
2860 1353 3114 1408 dominus
3151 1351 3432 1408 Paschalis
3480 1367 3644 1423 papa,
3675 1354 3768 1423 qui

2182 1461 2326 1502 nunc
2376 1456 2482 1513 est,
2520 1444 2652 1501 illud
2706 1445 2903 1501 iterum
2952 1459 3047 1501 sua
3100 1445 3392 1515 apostolica
3443 1444 3773 1501 auctoritate

2182 1536 2437 1593 ﬁrmavit.
2470 1538 2527 1594 in
2565 1538 2762 1594 litteris
2797 1545 3059 1608 praeterea
3084 1536 3282 1591 vestris
3321 1536 3660 1609 divulgatum
3690 1546 3773 1593 est

2180 1627 2335 1684 laieis
2371 1629 2539 1700 quod,
2586 1630 2631 1685 si
2679 1628 2743 1683 ad
2773 1643 2870 1684 vos
2934 1627 3315 1684 satisfacturus
3347 1642 3459 1684 non
3497 1628 3763 1695 venirem,

2181 1720 2443 1775 auxilium
2469 1728 2712 1775 vestrum
2736 1717 2967 1789 amplius
2999 1733 3104 1774 non
3130 1718 3414 1785 haberem,
3449 1728 3504 1775 et
3542 1720 3774 1790 quicun-

2181 1829 2288 1883 que
2338 1812 2717 1869 malefaetores
2761 1827 2850 1866 res
2889 1810 3205 1866 monasterii
3233 1810 3404 1866 nostri
3445 1810 3768 1882 diriperent,

490 1913 729 1971 Ecclesia
771 1911 897 1967 talia
947 1895 1194 1980 recipere
1238 1908 1308 1963 ab
1342 1921 1529 1963 eorum
1567 1902 1933 1974 magnitudine
1973 1918 2077 1957 non
2109 1895 2153 1954 Β
2184 1920 2280 1961 vos
2326 1905 2627 1977 adjutorem
2682 1919 2838 1959 suum
2879 1903 3058 1974 potius
3094 1918 3256 1973 quant
3304 1911 3550 1958 nostrum
3588 1901 3773 1958 defen-

484 2002 871 2074 promeruerit,
903 2001 1028 2071 quia
1054 2000 1197 2071 quod
1227 1999 1300 2054 illi
1328 1996 1465 2053 male
1487 1997 1802 2067 ligaverant,
1838 1994 1926 2048 illa
1966 2010 2076 2050 sua:

490 2093 957 2166 pietatis.intuitu
1011 2091 1394 2157 relaxavit,et,
1430 2090 1473 2145 si
1518 2087 1566 2143 ei
1613 2086 1751 2141 mala
1793 2101 1889 2155 pro
1925 2086 2081 2140 bonis

490 2187 862 2249 reddiderunt,
888 2184 1033 2239 hanc
1062 2189 1214 2238 certe
1241 2196 1337 2237 eos
1370 2177 1780 2235 retributionem
1812 2174 1950 2231 Deus
1972 2190 2077 2230 non

490 2278 692 2333 docuit.
749 2277 852 2346 Qui
909 2290 1034 2333 eum
1102 2288 1189 2329 me
1253 2273 1528 2329 hominem
1591 2268 1762 2325 amari
1815 2268 2082 2324 sermonis

494 2368 878 2438 appellassent,
900 2361 1254 2420 credidissem
1278 2360 1503 2417 forsitan
1534 2356 1719 2420 illis,si
1744 2353 2081 2410 dulcedinem

494 2453 805 2526 apostolica:
837 2449 951 2523 60
986 2448 1233 2504 veritatis
1265 2447 1476 2517 plenius
1518 2442 1881 2516 agnovissent.
1917 2438 2082 2511 Cujus

495 2543 776 2602 beneﬂciis
802 2541 1041 2613 quanJiu
1065 2539 1305 2609 ingratus
1336 2538 1550 2603 videbo,
1580 2539 1744 2594 etiam
1773 2539 1825 2594 in
1852 2540 2083 2595 veritate

494 2643 778 2707 suspectos
835 2629 1065 2687 habebo.
1120 2627 1207 2685 Me
1262 2628 1536 2685 subditum
1588 2628 1840 2685 Ecclesia:
1887 2639 2084 2686 vestra

495 2726 832 2791 asseruistis,
865 2723 1007 2779 unde
1053 2736 1157 2792 ego
1178 2719 1492 2776 nullatenus
1538 2718 1898 2784 seandalizor,
1932 2720 2083 2791 quia,

496 2818 745 2889 quamvis
770 2816 909 2871 inter
922 2814 1224 2868 Romanum
1241 2810 1547 2881 pontiﬁcem
1563 2817 1616 2865 et
1641 2824 1724 2864 me
1746 2820 2083 2880 peccatorum

498 2908 664 2973 nulla,
696 2905 1065 2975 cujuscunque
1087 2901 1366 2974 dignitatis
1393 2900 1475 2954 vel
1501 2900 1707 2956 ordinis
1737 2902 1827 2966 sit,
1854 2914 2084 2970 persona

500 3000 674 3054 media
729 2996 878 3068 (106)
937 2995 1224 3059 habeatur,
1281 2994 1326 3048 si
1376 2992 1671 3049 auctoritas
1716 2992 2084 3047 Romanorum

484 3087 817 3157 pontiﬁcum
848 3082 1103 3141 inviolata
1134 3090 1400 3147 servatur,
1421 3082 1670 3136 omnibus
1700 3090 1881 3136 tamen
1901 3080 2087 3136 Eccle-

500 3182 596 3235 siis
621 3194 725 3233 non
745 3176 919 3235 solum
940 3174 1234 3237 subditum,
1253 3188 1438 3230 verum
1460 3173 1625 3229 etiam
1643 3186 1828 3228 earum
1843 3170 2084 3226 inutilem

2182 2014 2361 2054 sorem
2394 1998 2718 2053 invenirent.
2761 1994 2874 2050 Hoc
2917 2010 2980 2050 ex
3032 2007 3213 2050 vestra
3254 2007 3405 2066 parte
3448 1993 3647 2049 litteris
3669 2008 3773 2047 non

2183 2086 2419 2142 arbitror
2491 2087 2663 2142 fuisse
2703 2087 2991 2149 insertum,
3052 2085 3310 2155 quoniam
3372 2099 3402 2138 a
3460 2083 3774 2140 Christiana

2184 2178 2444 2252 religione
2497 2179 2721 2236 omnino
2776 2178 3079 2247 discrepat,
3137 2185 3195 2231 et
3254 2174 3472 2231 Satanae
3525 2175 3775 2231 noscitur

2185 2272 2616 2328 incitamentum.
2674 2267 2809 2324 Illud
2868 2267 3027 2323 amici
3080 2274 3134 2321 et
3192 2265 3398 2320 inimici
3460 2264 3776 2320 ﬁrmissime

2184 2362 2435 2429 credant,
2467 2361 2612 2435 quod
2658 2359 2790 2416 nulli
2827 2356 2971 2435 dabo
3007 2355 3314 2414 mercedem
3356 2357 3537 2419 istam,
3570 2364 3632 2409 ut
3677 2370 3780 2425 pro

2185 2470 2286 2510 suo
2306 2429 2509 2510 auxilio
2536 2449 2925 2508 monasterium
2959 2429 3227 2511 nostrum,
3248 2446 3501 2504 allodium
3527 2445 3588 2500 Β.
3607 2445 3777 2511 Petri,

2185 2545 2288 2602 sibi
2332 2544 2642 2601 inordinate
2685 2541 2993 2612 subjiciam.
3054 2536 3208 2594 Uade
3260 2538 3307 2595 si
3358 2537 3781 2595 necessitatibus

2186 2635 2321 2692 meis
2350 2633 2611 2690 auxilium
2638 2640 2878 2689 vestrum
2912 2627 3168 2696 defuerit,
3195 2628 3409 2686 conﬁdo
3434 2628 3502 2685 de
3529 2628 3780 2684 bonitate

2187 2726 2332 2779 beati
2382 2706 2555 2791 Petri,
2606 2722 2731 2793 quia
2764 2720 2899 2788 mihi
2954 2720 3073 2793 ipse
3110 2736 3217 2776 non
3256 2719 3463 2785 deerit;
3519 2719 3607 2775 cui
3649 2718 3779 2774 dum

2192 2816 2350 2872 ﬁdem
2371 2829 2592 2872 servare
2611 2812 2881 2877 desidero,
2912 2811 3093 2867 uuilus
3115 2813 3185 2868 ob
3208 2813 3313 2868 hoc
3335 2813 3621 2884 episcopus
3646 2814 3779 2872 mibi

2190 2907 2455 2963 auxilium
2500 2910 2792 2978 denegare,
2845 2921 2943 2964 nec
2991 2905 3133 2979 quod
3183 2904 3325 2959 illius
3374 2912 3481 2970 est,
3539 2905 3783 2975 qualibet

2189 2998 2477 3055 occasione
2539 2999 2642 3054 sibi
2699 2999 2921 3054 deberet
2970 3009 3257 3065 usurpare.
3319 2994 3781 3052 Vindocinensctu

2192 3088 2486 3145 Ecclesium
2519 3097 2719 3143 sanetae
2752 3087 3012 3163 ilotnanae
3051 3084 3307 3139 Ecclesia:
3355 3098 3454 3139 nec
3503 3082 3649 3151 dedi,
3682 3101 3783 3140 nec

2191 3179 2452 3236 auferam.
2489 3177 2641 3246 Quod
2695 3179 2740 3234 si
2802 3177 3043 3249 qualibet
3092 3175 3442 3248 suggestione
3486 3183 3782 3239 tentarem,

500 3284 716 3325 servum
757 3283 844 3325 me
869 3282 987 3324 esse
1016 3274 1312 3324 οοηιθειοτ.
1349 3262 1660 3319 Professnm
1694 3274 1824 3319 \‘81‘0
1848 3272 2084 3317 vestrum
2115 3239 2159 3300 α
2194 3286 2476 3344 peccare":
2509 3271 2561 3325 in
2599 3270 2836 3325 animam
2869 3283 3065 3332 meam,
3085 3282 3185 3322 nec
3211 3266 3373 3323 etiam
3411 3281 3532 3320 cum
3558 3277 3785 3336 peccato

505 3379 589 3417 me
636 3360 870 3416 vocastis
908 3357 1079 3431 (107).
1113 3358 1259 3416 Satis
1305 3356 1499 3414 melius
1541 3355 1733 3411 fuisset
1779 3366 1838 3408 ut
1870 3368 1899 3431 ρ
1939 3353 2091 3408 vobis

504 3461 782 3507 sacratum
829 3451 1128 3507 dixissetis.
1168 3450 1320 3518 Quod
1360 3458 1414 3504 et
1460 3449 1502 3504 si
1544 3463 1641 3518 pro
1684 3448 2092 3505 consecratione

506 3542 923 3613 professionem,
963 3552 1018 3598 et
1061 3558 1160 3615 pro
1208 3541 1545 3614 professione
1583 3542 1650 3597 ab
1698 3541 1978 3598 allodiario
2027 3538 2087 3592 Β.

506 3635 649 3690 i'ctri
681 3636 1071 3706 subjectionem
1096 3634 1251 3690 vobis
1274 3634 1611 3699 vindicastis,
1629 3632 2090 3689 consecrationem

510 3728 694 3795 utique
731 3726 875 3781 illam
902 3725 1071 3797 gratis
1104 3726 1327 3781 minime
1366 3726 1722 3799 impendistis.
1772 3724 1889 3784 Non
1945 3727 2089 3784 enim

509 3817 676 3889 gratis
704 3815 1058 3886 impenditur,
1087 3830 1182 3886 per
1203 3817 1348 3887 quod
1380 3817 1542 3874 homo
1569 3818 1775 3873 homini
1819 3818 2093 3888 subjectus

508 3908 758 3965 efﬁcitur.
784 3908 840 3963 iu
865 3906 1203 3979 professione
1237 3910 1501 3980 siquidem
1530 3911 1619 3966 illa
1649 3911 1879 3968 consilio
1907 3919 2092 3967 vestro

512 4002 674 4058 nimia
692 4001 1037 4072 simplicitate
1064 4002 1341 4073 acquievi;
1370 4003 1481 4068 uhi,
1512 4004 1555 4057 si
1582 4004 1710 4072 quid
1733 4003 1892 4058 aliter
1911 4012 2091 4057 actum

510 4103 614 4154 cst.
668 4108 764 4147 vos
824 4093 1061 4149 scienter
1115 4092 1346 4161 fecistis,
1381 4080 1479 4165 ego
1534 4101 1713 4148 autem
1782 4092 2095 4164 ignoranter

511 4187 750 4255 peccavi.
782 4186 890 4243 Sed
936 4186 1187 4243 dominus
1220 4194 1405 4242 noster
1452 4184 1785 4242 honorabilis
1822 4183 2096 4241 memoriae

512 4293 648 4350 papa
676 4278 927 4335 Urbanus
955 4277 1106 4347 (108)
1133 4291 1257 4332 cum
1298 4291 1394 4347 per
1419 4291 1519 4332 nos
1565 4275 1845 4339 transiret,
1874 4272 2091 4329 audivit

504 4385 541 4422 a
597 4367 853 4425 fratribus
906 4382 993 4422 me
1047 4366 1199 4423 vobis
1248 4366 1644 4437 professionem
1698 4365 1913 4421 fecisse.
1948 4362 2097 4419 Unde

584 4516 731 4592 (105)
784 4518 1006 4573 Litteras
1050 4528 1265 4573 vestras.
1318 4515 1471 4571 Nunc
1515 4524 1733 4571 exstant
1783 4515 1865 4568 ha".
1901 4512 2097 4567 littera:

509 4593 710 4646 ivonis.

585 4660 734 4733 (ltiti)
755 4657 939 4733 _Nulla
966 4675 1188 4733 persona
1225 4655 1510 4733 »κᾶξω-111
1547 4656 1831 4733 privilegio
1858 4654 2094 4733 Victoris

510 4733 554 4788 ll
578 4721 1004 4799 {Confirmamtis
1032 4730 1214 4799 igitur,
1233 4740 1387 4797 atque
1412 4725 1524 4779 BB.
1547 4721 2093 4799 vapostot'oruntd’letri

514 4813 562 4855 et
593 4793 749 4853 Pauli
770 4793 1080 4853 auctoritate
1100 4799 1270 4867 ipsum
1299 4793 1672 4867 naeuustcrittm
1700 4796 1774 4848 ita
1795 4793 2096 4867 specialiter

423 4914 431 4926 .
515 4871 931 4931 torroboramns,
947 4862 1350 4940 quatenusinter
1367 4865 1552 4940 primm
1569 4862 1941 4940 etttpostolicre
1956 4863 2095 4917 sedis

512 4940 832 5011 pontiﬁcem,
859 4948 903 4991 et
937 4932 1376 5011 uenerabilis‘loci
1411 4932 1812 5011 yittdocinensis
1854 4933 2093 5011 abbatem

514 5002 675 5063 'nutia'
717 5002 965 5077 cujusque
1020 5006 1290 5077 dignitatis
1345 5002 1422 5077 rei
1484 5003 1685 5077 ordinis
1732 5017 1956 5077 persona
2002 5003 2094 5077 sit,

517 5078 690 5132 media
719 5071 1000 5142 habeatur;
1033 5071 1154 5145 quae
1175 5076 1378 5145 eadem
1396 5071 1505 5126 fere
1535 5072 1697 5145 verba
1736 5071 1992 5145 leguntur
2016 5072 2090 5145 in

520 5149 746 5202 aliorum
775 5140 1084 5217 pontiﬁcum
1108 5142 1433 5213 diplontatis,
1455 5149 1615 5210 atquc
1640 5142 1691 5195 in
1708 5140 1905 5196 tabulis
1929 5142 2096 5210 ipsius

516 5219 868 5274 fttudationis.

596 5288 737 5361 (107)
765 5285 1068 5361 l‘rofessunt
1097 5292 1318 5361 vestrum
1341 5297 1420 5333 me
1448 5280 1684 5335 vocastis.
1714 5278 1845 5336 Jttre
1870 5290 2095 5351 antiquo

518 5351 745 5414 abbates
807 5351 995 5411 omnes
1052 5354 1105 5404 in
1171 5351 1544 5419 episcoporum
1598 5360 1756 5405 erant
1802 5360 2092 5421 potestate.

517 5423 1218 5497 ConciliumAurelianense
1244 5421 1476 5497 primum
1496 5423 1681 5475 can.“
1712 5440 1723 5473 :
1754 5421 1976 5476 Abbatcs
1999 5439 2094 5497 pro

520 5500 686 5554 Inani!
710 5511 814 5550 tute
847 5490 1196 5561 rcligiottisin
1219 5490 1584 5561 episcoporum
1632 5503 1882 5559 potestate
1927 5496 2095 5545 consi-

520 5580 680 5622 stunt.
706 5556 961 5629 Synodns
1003 5556 1453 5629 Chalcedonensis
1478 5573 1600 5611 can.
1632 5556 1680 5613 Ἰι
1708 5577 1721 5613 :
1764 5561 1931 5629 ἔδοξεν
1976 5566 2095 5625 τοὺς

520 5640 627 5696 δῆθ’
656 5626 877 5694 ίκάξτην
916 5631 1060 5707 πρ).ι-δ
1088 5629 1169 5676 καὶ
1193 5628 1704 5707 χώρανδμονάζοντας
1731 5637 1757 5686 ὑ
1763 5656 1828 5689 πο
1831 5626 2086 5705 riu-£7.01:

519 5718 592 5774 τῷ
621 5704 1108 5774 δπισκόπμριιξιιῖ
1139 5704 1420 5774 _t‘ptscopis
1465 5713 1590 5753 ante
1635 5704 2094 5758 consecratioitem

522 5762 673 5832 suain
694 5762 1073 5835 subge'ctitinis,
1101 5762 1525 5839 tiliedictttiactjttc
1553 5773 1937 5839 professionem
1970 5775 2097 5827 ede-

523 5850 674 5909 bant,
706 5847 772 5899 ad
801 5833 916 5893 eam
962 5833 1268 5905 formulam,
1298 5847 1386 5890 aut
1416 5833 1532 5909 ejus
1554 5833 1707 5895 certe
1737 5842 2093 5907 consimilem,

2195 3360 2457 3433 perﬁcere
2504 3359 2765 3415 valerem.
2825 3359 3082 3413 Romana:
3139 3356 3319 3427 itaque
3371 3354 3648 3423 Ecclesiae,
3694 3357 3783 3411 cui

2196 3460 2363 3507 totum
2388 3463 2475 3504 me
2500 3451 2691 3516 debeo,
2726 3449 2872 3504 oumi
2904 3457 3146 3520 tempore
3185 3446 3342 3502 ﬁdem
3382 3448 3639 3514 servabo;
3684 3463 3785 3516 pro

2194 3542 2348 3612 cujus
2390 3556 2575 3596 amore
2624 3558 2689 3597 ac
2745 3541 3003 3598 ﬁdelitate
3056 3540 3411 3611 multipficata
3464 3541 3785 3624 gravamina

2194 3633 2393 3688 virtute
2413 3634 2756 3698 constantirc,
2780 3644 2835 3688 et
2862 3633 3024 3686 animi
3058 3632 3369 3702 integritate
3388 3636 3654 3700 sustineo,
3680 3647 3785 3688 nec

2194 3723 2363 3780 multo
2415 3724 2645 3794 majora,
2701 3724 2746 3778 si
2804 3722 3147 3787 emerserint,
3206 3736 3305 3792 pro
3356 3721 3446 3776 illa
3511 3723 3786 3779 sustinere

2195 3832 2408 3873 recuso.
2441 3816 2592 3871 illam
2634 3817 2687 3871 in
2725 3818 2861 3873 meis
2913 3818 3184 3888 pressuris
3225 3816 3537 3885 reclamavi,
3578 3818 3688 3889 62
3726 3827 3786 3875 et

2195 3911 2371 3966 adhuc
2401 3911 2701 3966 reclamare
2725 3926 2831 3964 non
2855 3908 3066 3965 desino.
3099 3907 3232 3964 Nam
3278 3908 3321 3965 si
3364 3907 3533 3964 modo'
3564 3909 3782 3979 ignorat

2197 4013 2396 4072 quanta
2428 4018 2526 4074 pro
2567 4002 2655 4057 illa
2695 4002 2896 4071 patior,
2935 4001 3070 4066 scio,
3103 4015 3224 4056 cum
3250 4001 3550 4073 agnoverit,
3578 4002 3784 4072 petenti

2199 4094 2457 4150 auxilium
2492 4079 2612 4147 'non
2675 4090 2893 4161 negabit
2939 4106 3062 4160 qua:
3118 4106 3335 4162 semper
3395 4091 3785 4146 misericordia:

2197 4186 2495 4241 visceribus
2542 4182 2760 4237 amuens
2809 4184 3085 4254 oppressis
3132 4184 3405 4250 omnibus,
3443 4196 3499 4239 et
3544 4186 3785 4240 maxime

2198 4275 2518 4334 domesticis
2542 4275 2678 4342 suis,
2720 4277 3010 4333 subvenire
3049 4279 3352 4333 consuevit.
3393 4277 3633 4333 Domuus
3676 4277 3784 4333 Er-

2199 4366 2394 4421 naldus
2423 4364 2597 4437 (109),
2632 4383 2791 4438 quem
2820 4368 3084 4423 decanum
3111 4378 3348 4425 vestrum
3376 4369 3577 4432 dicitis.
3605 4373 3649 4425 si
3678 4370 3784 4425 sibi

2198 4534 2359 4588 quam
2383 4535 2412 4573 a
2442 4519 2891 4576 Cistercienstous
2934 4523 3017 4576 eoi
3056 4523 3265 4578 solitam
3304 4533 3461 4579 uocet
3505 4524 3783 4579 llonorius

2202 4592 2286 4665 111,
2316 4605 2366 4645 c.
2402 4588 2485 4665 {Ve
2511 4590 2605 4665 Dei
2640 4589 2953 4665 Ecclesium,
2988 4595 3054 4648 de
3075 4593 3336 4648 Sitnonia.
3370 4595 3481 4665 Ego
3510 4593 3585 4648 Ν.
3618 4595 3785 4647 abbas

2199 4659 2556 4732 Cisterciensis
2585 4662 2805 4726 ordinis,
2831 4663 3201 4732 subiectionem
3240 4673 3287 4716 et
3336 4659 3698 4729 reverentiam,
3732 4676 3783 4717 et

2199 4729 2543 4783 obedientiam
2571 4749 2602 4784 π
2632 4735 2827 4786 sanctis
2852 4729 3095 4785 Pluribus
3115 4736 3471 4798 constitutam,
3493 4734 3782 4787 secundum

2199 4797 2452 4869 Regulam
2465 4804 2633 4874 sancti
2647 4801 2939 4874 Benedicti,
2954 4803 3067 4862 tibi,
3079 4804 3287 4874 domine
3303 4797 3559 4872 epistOpe,
3576 4808 3785 4874 tuisque

2199 4872 2582 4925 successoribus
2630 4873 2879 4927 canonice
2925 4872 3211 4925 instituend
3234 4890 3282 4937 s,
3321 4882 3369 4925 et
3401 4885 3595 4926 sanctae
3641 4872 3785 4928 sellis

2199 4940 2682 5007 apostolica’,su!t~o
2709 4943 2893 4995 ordine
2939 4958 3073 5004 meo,
3104 4959 3350 5010 perpetuo
3376 4959 3453 4995 me
3477 4943 3785 4996 habiturum

2198 5010 2463 5081 promitto.
2522 5011 2622 5076 Qui
2681 5026 2808 5065 vero
2887 5014 3031 5066 sedis
3104 5014 3416 5081 apostolica:
3486 5011 3785 5081 privilegiis

2200 5079 2431 5153 exempti
2486 5081 2701 5153 inerant
2743 5083 2811 5153 ab
2839 5079 3209 5153 episcoporum
3258 5091 3542 5153 potestate,
3573 5092 3630 5136 ut
3658 5079 3785 5135 Vin-

2200 5148 2539 5219 doeinenses,
2572 5151 2605 5204 ii
2639 5148 2890 5204 nimirum
2937 5148 3325 5219 professionem
3351 5155 3495 5207 illam
3539 5167 3643 5207 non
3692 5153 3789 5205 de-

2201 5217 2419 5272 bebant.
2446 5220 2643 5292 Elicuit
2672 5232 2850 5274 tamen
2876 5217 2965 5273 lvo
2985 5221 3263 5291 episcopus
3279 5238 3309 5277 a
3332 5223 3595 5288 Goil'rido,
3618 5235 3783 5292 quem

2201 5298 2485 5364 propterea
2513 5289 2787 5364 subditum
2816 5301 2871 5344 et
2908 5289 3209 5364 professum
3253 5308 3407 5348 suum
3450 5289 3783 5364 appellabat.

2202 5359 2512 5432 Sed_lvonis
2535 5360 2735 5413 factum
2760 5359 2979 5432 ut,‘mov
3004 5362 3165 5427 dicet,
3193 5359 3786 5432 improbavit-Urbanus

2202 5428 2697 5504 professionemqne
2750 5446 2776 5481 a
2834 5430 3087 5504 Coifi-ide
3141 5428 3405 5488 extoitam
3456 5433 3781 5504 antiquavit.

2201 5502 2352 5563 Quod
2387 5500 2581 5553 iterum
2617 5508 2813 5568 repett
2842 5503 2998 5568 epist.
3037 5502 3119 5554 11.

2272 5568 2419 5640 (108)
2449 5568 2553 5624 Sed
2582 5585 2717 5638 papa
2750 5566 3016 5624 Urbanus.
3048 5570 3246 5625 Urbani
3288 5572 3389 5627 hac
3418 5574 3485 5627 de
3514 5589 3573 5627 re
3616 5574 3755 5641 privi

2201 5636 2410 5711 legum]:
2453 5636 2713 5711 insertum
2766 5649 2850 5694 cst
2905 5642 3147 5711 epistola:
3186 5642 3255 5695 27
3316 5644 3477 5709 hujus
3525 5636 3671 5707 libri,
3715 5642 3785 5695 ad

2202 5705 2509 5778 Gdii'ridtnn
2530 5709 2842 5778 episcopum
2868 5705 3042 5764 ironia
3073 5705 3458 5778 successorem.

2278 5777 2426 5847 (109)
2485 5776 2732 5831 Domuus
2774 5778 3063 5833 Ernaldns.
3126 5777 3427 5836 Sttbscribit
3488 5783 3532 5837 is
3585 5781 3784 5835 litteris

2202 5847 2397 5912 leonis,
2430 5862 2548 5917 quae
2582 5849 2960 5902 canonicorum
2992 5848 3174 5903 Sancti
3207 5849 3428 5905 Joannis
3455 5852 3783 5908 Valiacemis
