3992 6352
272 368 341 423 77

269 477 569 536 secundum
632 475 900 548 justitiam
956 476 1278 548 placuisset,
1335 489 1476 538 teste
1525 480 1731 539 ﬂocello
1785 485 1853 539 de
1882 487 1931 545 Α

267 570 448 640 capite
479 567 625 639 (110)
658 583 780 632 suo.
810 567 994 637 potius
1026 568 1080 624 in
1121 582 1327 639 nostra,
1362 587 1525 642 quam
1572 577 1626 629 in
1668 584 1849 631 vestra

265 668 415 717 sorte
468 659 619 730 (111)
669 673 891 714 manere
942 658 1242 716 debuisset.
1292 659 1500 730 Valete,
1557 672 1615 720 et
1663 674 1851 721 contra

261 762 510 809 sanctam
538 751 842 807 Romanam
876 751 1196 820 Ecclesiam,
1236 753 1395 824 cujus
1421 755 1646 826 pietatis
1676 758 1850 828 gratia

259 859 358 899 vos
376 859 481 899 non
507 843 685 899 minus
706 845 910 901 creavit
934 845 1248 918 episcopum
1265 861 1429 917 quam
1442 848 1630 921 religio
1645 859 1757 906 vest
1770 867 1848 913 ra.

256 951 422 1008 agere
453 935 639 993 nolite.

798 1028 1133 1085 EPISTOLA
1181 1028 1314 1087 Vill.

254 1117 582 1199 ﬂamminio
627 1121 776 1199 {fatri
806 1141 903 1199 suo
933 1125 1110 1199 leonis
1145 1125 1426 1199 laudabilis
1445 1128 1563 1199 uiue
1587 1126 1847 1199 episcopo,

326 1193 603 1262 (-oﬂ'ridus
636 1191 1040 1250 Vindocinensis
1068 1199 1375 1266 monasterii
1399 1191 1841 1266 hutnilis'sert'us,

330 1266 673 1319 reverentiam
703 1280 820 1317 cum
842 1282 988 1334 pura:
1015 1265 1309 1320 dilectionis
1328 1267 1539 1337 affectu.

328 1354 404 1411 De
433 1352 909 1430 archipresbytero
929 1369 1110 1414 vestro
1139 1355 1382 1416 Goll'rido
1432 1360 1670 1417 Danielis
1694 1361 1740 1434 (1
1760 1361 1844 1431 l2)

248 1447 394 1518 apud
420 1446 721 1503 bonitatem
753 1458 988 1504 vestram
1028 1458 1450 1520 conquerentes,
1499 1451 1747 1508 misimus
1777 1453 1847 1509 ad

246 1553 348 1597 vos
375 1541 513 1597 duos
549 1536 617 1599 de
644 1540 905 1598 fratribus
936 1543 1158 1608 nostris,
1204 1546 1294 1613 qui
1323 1544 1391 1600 ad
1436 1532 1596 1601 au’res
1633 1555 1847 1603 vestras

242 1642 304 1689 et
333 1633 628 1690 clamorem
658 1615 929 1701 nostrum,
977 1644 1039 1690 ut
1080 1636 1375 1704 credimus,
1434 1636 1760 1703 detulerunt,
1789 1648 1846 1694 et

239 1720 290 1781 si
316 1725 446 1796 quid
473 1720 640 1781 aliter
662 1741 691 1780 a
716 1722 921 1781 l‘amilia
944 1735 1132 1781 nostra
1155 1735 1335 1783 actum
1355 1727 1662 1794 exstiterat,
1688 1728 1842 1785 vobis

243 1816 639 1871 rectitudinem
668 1810 1006 1871 obtulerunt.
1034 1810 1192 1871 Unde
1235 1814 1394 1872 nobis
1448 1815 1750 1872 mandastis
1784 1824 1844 1871 ut

240 1916 442 1977 quarto
473 1906 560 1962 die
588 1915 711 1974 post
736 1904 1087 1961 festivitatem
1114 1904 1367 1962 Omnium
1410 1904 1763 1972 Sanctorum,
1793 1907 1839 1962 si

246 1997 318 2051 ad
343 2004 530 2065 partes
555 2003 769 2050 nostras
792 1996 1010 2050 interim
1041 2010 1150 2050 non
1182 1995 1607 2062 descenderetis,
1642 1999 1710 2052 ad
1742 2012 1840 2053 vos

247 2084 588 2151 veniremus,
628 2082 867 2142 habituri
899 2095 956 2141 et
990 2084 1186 2141 facturi
1237 2095 1500 2155 quantum
1553 2089 1835 2143 debemus.

245 2174 523 2245 Optinmm
550 2175 768 2245 quidem
815 2175 921 2231 hoc
958 2184 1206 2231 vestrum
1263 2177 1580 2232 mandatum
1634 2175 1840 2243 l‘uit,et

244 2265 455 2322 idcirco
498 2280 606 2321 non
648 2265 831 2321 minus
871 2264 1107 2322 actionis
1136 2280 1300 2336 quam
1350 2266 1653 2323 devotionis
1706 2267 1838 2323 bra-

238 2357 382 2415 chiis
418 2356 873 2428 amplectendam.
929 2354 1041 2430 63
1095 2356 1205 2413 Sed
1236 2358 1560 2428 quibusdam
1629 2358 1834 2416 detenti

239 2447 669 2519 impedimentis,
698 2462 840 2521 quae,
872 2458 1169 2518 antequam
1215 2449 1284 2504 ad
1334 2464 1432 2506 vos
1464 2451 1831 2517 misissemus,

237 2540 632 2597 archidiacono
681 2546 866 2596 vestro
917 2538 1067 2611 (115)
1114 2540 1489 2609 machinante,
1520 2551 1581 2598 ut
1604 2544 1829 2610 dicitur,

235 2641 359 2687 orta
398 2631 513 2701 jam
547 2629 783 2696 fuerant,
815 2630 946 2687 illud
976 2632 1270 2688 observare
1308 2632 1532 2690 minime
1558 2633 1826 2703 valemus,

235 2722 467 2790 etquod
510 2721 651 2775 ratio
693 2721 902 2791 pariter
931 2735 996 2775 ac
1023 2721 1277 2778 voluntas
1327 2724 1595 2797 agendum
1642 2736 1828 2781 monet

232 2820 293 2867 et
325 2811 591 2884 praecipit,
622 2824 785 2881 agere
821 2809 1124 2866 necessitas
1165 2810 1282 2867 sola
1332 2828 1440 2868 non
1491 2812 1716 2884 patitur.
1756 2815 1829 2869 At

235 2918 357 2959 cum
392 2901 632 2976 Spiritus
683 2900 858 2958 sancti
916 2902 1090 2974 gratia
1114 2916 1214 2957 nos
1249 2901 1584 2970 consolante,
1618 2918 1648 2959 a
1682 2918 1825 2975 prm-

233 2996 402 3060 santi,
435 3009 543 3068 qua
574 2996 905 3057 detinentur,
933 2993 1264 3050 necessitate
1292 2992 1505 3050 liberati
1534 2993 1822 3060 fuerimus,

231 3088 321 3143 die
346 3103 448 3156 qua
474 3087 892 3153 mandaveritts,
942 3085 1011 3141 ad
1042 3100 1141 3140 vos
1181 3086 1486 3153 veniemus,
1514 3097 1569 3144 ct
1596 3088 1824 3146 consilio

229 3187 418 3236 vestro
446 3179 626 3235 omnia
656 3178 941 3235 iaciemus.
979 3176 1252 3249 Rogamus
1273 3187 1475 3246 tamen,
1514 3180 1822 3237 humilitate

1556 368 1820 428 EPISTOI

1932 412 1940 425 .
1970 372 2173 427 —LIB.
2211 373 2270 429 11.
3481 394 3549 449 73

2524 489 2853 549 EPISTOLA
2894 495 2984 551 IX.

1961 595 2186 652 Domino
2217 615 2313 654 suo
2344 608 2393 654 et
2422 603 2591 656 amico
2620 600 2772 659 ιυοηὶ
2813 606 3107 665 honorabili
3142 612 3543 671 Caruetensiam

2003 688 2290 760 .episcopo,
2316 688 2591 762 Go/j'ridus
2637 693 3036 755 Vindociaensis
3096 708 3406 761 monasterii
3447 710 3548 763 lm-

2031 777 2173 832 mitis
2191 795 2394 846 servus,
2419 797 2538 836 cum
2561 782 2841 841 dilectione
2875 788 3118 846 salutem.

2030 867 2332 926 Mandastis
2371 873 2501 942 quia
2544 874 2812 944 inducias,
2862 896 3002 950 quas
3030 898 3059 937 a
3095 885 3247 943 vobis
3284 891 3543 960 quaesivi-

1958 973 2101 1022 mus.
2127 976 2229 1017 nec
2261 961 2426 1028 datis,
2454 979 2556 1021 nec
2605 966 2739 1022 dare
2765 968 3067 1037 debuistis;
3108 990 3215 1031 non
3248 980 3396 1035 enim
3426 997 3547 1037 cer-

1957 1055 2069 1103 tum
2112 1048 2277 1114 diem,
2326 1062 2386 1105 ut
2424 1052 2625 1119 dicitis,
2683 1058 3062 1116 mandavimus
3107 1065 3281 1120 vobis.
3306 1066 3389 1124 Ad
3429 1069 3545 1127 hate

1954 1140 2103 1195 salva
2122 1143 2356 1199 veritate
2369 1146 2880 1221 respondemuseﬁl
2896 1152 3155 1221 quoniam
3173 1166 3383 1213 certum
3399 1159 3542 1216 diem

1950 1231 2108 1288 vobis
2168 1235 2430 1292 mandare
2497 1237 2721 1293 minime
2791 1242 3087 1310 potuimus,
3142 1248 3269 1316 quia
3322 1254 3543 1320 quando

1950 1325 2273 1392 necessitas,
2332 1343 2438 1399 qua
2489 1327 2886 1400 detinebamur,
2919 1333 3080 1391 tinem
3128 1338 3375 1409 haberet,
3405 1344 3540 1401 certi

1951 1430 2057 1471 non
2089 1431 2328 1474 eramus.
2361 1419 2615 1478 Famulos
2648 1434 2866 1480 nostros
2899 1428 3144 1485 asseritis
3173 1446 3268 1487 vos
3318 1446 3542 1491 excom—

1946 1511 2287 1582 municasse;
2311 1519 2455 1585 quod
2472 1516 2630 1573 valde
2646 1517 2927 1585 miramur,
2950 1536 3074 1578 cum
3096 1522 3149 1579 in
3184 1523 3304 1582 loco
3327 1538 3537 1597 nostro,

1947 1601 2079 1658 nulli
2107 1605 2366 1677 episcopo
2397 1607 2573 1680 (115),
2615 1609 2722 1665 nisi
2751 1610 2850 1666 soli
2880 1628 3092 1670 suntme
3124 1614 3375 1676 Romano
3403 1636 3538 1692 pon-

1948 1693 2105 1760 titici,
2136 1701 2638 1766 escommunicare,
2687 1716 2783 1758 seu
2855 1704 3180 1764 interdicere
3228 1710 3410 1779 liceat,
3450 1716 3538 1770 vel

1946 1788 2245 1856 quamlibet
2269 1799 2616 1861 potestatem,
2648 1793 2733 1849 vel
2779 1793 3205 1855 dominationem
3250 1816 3529 1861 exercere.

1946 1874 2055 1933 Nos
2082 1887 2261 1936 tamen
2295 1896 2633 1953 quaecunque
2667 1881 2965 1953 jusseritis,
3020 1889 3174 1946 salvo
3220 1895 3535 1964 apostolica:

1942 1968 2092 2025 sedis
2117 1970 2429 2043 privilegio,
2470 1973 2767 2044 diligenter
2804 1975 3095 2047 faciemus,
3141 1993 3335 2039 contra
3378 1985 3535 2055 cujus

1910 2062 2329 2118 .auctoritatem
2381 2064 2515 2119 nihil
2569 2080 2599 2118 a
2649 2064 2807 2121 nobis
2855 2069 2999 2138 exigi
3061 2070 3246 2137 debet,
3291 2088 3393 2130 nec
3434 2091 3534 2131 nos

1943 2146 2166 2205 obedire
2214 2151 2493 2208 debemus.
2548 2153 2838 2224 Dignitatis
2886 2159 3074 2229 utique
3128 2163 3533 2229 excellentiam.

1940 2254 2104 2310 quam
2141 2240 2392 2300 Christus
2412 2244 2664 2302 dominus
2687 2260 2876 2308 noster
2910 2251 2965 2307 in
2990 2250 3047 2307 Β.
3079 2251 3242 2310 Petro
3274 2256 3532 2315 Romana:

1940 2328 2201 2388 Ecclesia:
2219 2333 2450 2390 contulit
2488 2351 2590 2393 nec
2631 2354 2945 2409 possumus,
2990 2356 3092 2398 nec
3135 2344 3398 2403 debemus
3428 2351 3532 2404 mi-

1937 2436 2129 2489 nuere,
2180 2438 2282 2478 nec
2300 2425 2369 2480 ad
2407 2425 2511 2481 huc
2544 2438 2601 2481 ut
2628 2444 2749 2485 eam
2796 2431 3128 2499 minuantus,
3189 2435 3352 2493 debet
3400 2439 3524 2508 quis

1938 2511 2203 2570 laborare.
2255 2514 2333 2571 De
2394 2516 2730 2588 hominibus,
2797 2537 3031 2593 quorum
3092 2527 3314 2583 nomina
3371 2532 3528 2587 nobis

1932 2604 2250 2675 scripsistis,
2297 2618 2537 2680 quatuor
2567 2627 2634 2668 ex
2677 2613 2809 2685 ipsis
2854 2627 3074 2676 nostros
3121 2635 3244 2677 esse
3270 2623 3524 2693 dicimus.

1932 2695 2001 2752 de
2020 2698 2219 2768 quibus
2265 2710 2462 2771 quarto
2491 2702 2578 2758 die
2606 2711 2729 2772 post
2763 2703 3197 2778 Theophaniam,
3249 2724 3521 2782 quantum

1929 2787 2271 2857 debebimus,
2324 2790 2556 2848 libenter
2610 2795 2897 2864 faciemus,
2952 2802 3201 2870 quamvis
3252 2804 3319 2860 de
3368 2806 3523 2861 vobis

1931 2878 2157 2937 multum
2191 2886 2450 2955 conqueri
2496 2901 2801 2958 possemus,
2827 2892 2917 2962 qui
2966 2907 3076 2949 non
3104 2894 3278 2951 solum
3312 2900 3380 2955 de
3405 2915 3521 2955 ma-

1928 2974 2282 3032 leiactorihus
2342 2979 2567 3045 nostris,
2614 2983 2973 3052 quod‘nomo
3039 2986 3180 3046 alius
3226 2991 3520 3065 episcopus

1929 3081 2167 3138 unquam
2214 3066 2408 3125 fecisse
2433 3071 2787 3143 dignoscitur,
2836 3077 2992 3133 nobis
3024 3076 3291 3147 justitiam
3347 3083 3518 3141 deaes-

1926 3161 2122 3232 gastis,
2154 3175 2347 3216 verum
2386 3163 2554 3219 etiam
2584 3177 2776 3223 contra
2807 3184 2906 3225 nos
2936 3179 3135 3227 vestire
3175 3177 3517 3234 auctoritatis

229 3285 339 3340 qua
362 3285 671 3340 possumus,
702 3270 846 3340 quod
878 3269 923 3326 si
957 3225 1316 3325 Vindocinum
1343 3271 1531 3326 venire
1559 3272 1769 3330 debetis
1802 3314 1817 3339 ,
1850 3225 1894 3281 δ
1927 3252 2148 3308 decreto
2205 3253 2495 3311 ineitastis.
2555 3255 2679 3314 "me
2732 3272 2861 3315 vero
2918 3276 3041 3332 qua:
3102 3268 3421 3324 mandamus
3465 3272 3514 3324 si

231 3364 392 3418 nullis
423 3363 769 3419 suasionibus
793 3361 1090 3418 Carnotum
1116 3363 1197 3419 ire
1230 3376 1329 3418 nos
1360 3360 1615 3435 fatigetis.
1644 3364 1821 3436 Super

227 3452 489 3511 Nivelone
514 3461 570 3512 et
591 3452 701 3510 tllio
721 3452 839 3525 ejus
866 3450 1098 3510 Ursione
1124 3451 1298 3526 (114),
1324 3468 1622 3528 eorumque
1645 3457 1820 3513 homi-

227 3546 389 3602 nibus
436 3545 858 3617 proclamantes,
933 3560 1093 3603 aures
1162 3555 1365 3601 vestra:
1409 3547 1627 3617 pictatis
1675 3564 1817 3620 smpc

225 3636 583 3713 pulsavimus,
618 3648 674 3693 et
704 3639 883 3695 adhuc
937 3631 1156 3709 pulsare
1200 3656 1309 3697 non
1359 3655 1657 3708 cessamus,
1691 3642 1815 3697 utsi

225 3744 336 3785 non
387 3743 488 3798 pro
530 3727 798 3793 amicitia,
842 3729 1031 3783 saltem
1096 3744 1195 3799 pro
1243 3731 1589 3799 improbitate
1631 3741 1814 3788 nostra

216 3818 494 3891 justitiam
525 3818 801 3873 valeamus
832 3819 1083 3874 obtinere
1124 3834 1287 3889 quam
1316 3819 1573 3890 petimus.
1608 3819 1813 3888 Valete,

222 3927 278 3973 et
306 3931 500 3971 eorum
531 3914 868 3982 incitatione,
898 3913 990 3985 qui
1020 3929 1130 3983 me,
1153 3915 1200 3971 si
1231 3922 1476 3986 possent,
1506 3923 1692 3972 contra
1720 3931 1814 3973 vos

223 4007 422 4076 saepius
443 4005 786 4071 incitassent,
809 4004 1088 4059 servitium
1117 4013 1172 4060 et
1195 4004 1543 4062 dilectionem
1568 4015 1814 4062 nostram

222 4096 518 4167 diligenter
542 4097 794 4163 obsecro,
827 4096 1056 4167 perdere
1091 4095 1279 4153 nolite.

224 4251 598 4324 laudationem
628 4250 927 4324 continent,
962 4250 1324 4324 teganturque
1371 4253 1516 4309 inter
1553 4254 1813 4324 epistolas

221 4322 403 4376 lvonis
455 4336 604 4376 num.
651 4321 779 4377 296.
835 4319 1059 4390 Signum
1084 4319 1318 4376 Ernaldi
1352 4324 1557 4379 decani.
1585 4319 1813 4382 Videtur

224 4394 365 4447 idem
407 4401 592 4463 postea
647 4406 713 4446 ex
763 4391 962 4463 clerico
994 4392 1186 4463 lactus
1234 4395 1563 4463 monachus;
1618 4397 1811 4453 deinde

221 4462 419 4535 iterum
482 4462 693 4531 altjecto
755 4462 1004 4535 monachi
1037 4463 1338 4535 proposito
1400 4467 1467 4519 ad
1518 4466 1808 4535 pristinum

216 4533 457 4603 gradum
489 4530 790 4603 regressus.
843 4530 1173 4587 Monachum
1213 4531 1415 4588 factum
1459 4530 1688 4592 testatur
1714 4537 1806 4594 lvo

216 4601 544 4688 epist._.262
589 4602 658 4656 ad
711 4602 962 4657 Pontium
1018 4604 1269 4688 abbatem
1316 4604 1800 4688 gumiacensem;

217 4670 561 4726 (Iollectiones
613 4688 873 4727 canonum
912 4688 1005 4742 per
1023 4673 1294 4728 dominum
1318 4670 1617 4730 Ernaldum
1644 4680 1802 4733 modo

214 4743 528 4797 monachum
562 4753 814 4806 vestrum,
846 4742 972 4798 olim
1000 4742 1247 4799 clericum
1269 4756 1504 4798 nostrum
1525 4750 1802 4803 transmisi

213 4812 378 4936 ἒοῡᾶεε
401 4810 522 4932 lNon
540 4827 938 4883 perseverasse,
956 4814 1121 4868 tacito
1143 4829 1306 4870 sensu
1333 4816 1535 4871 indicat
1553 4817 1656 4873 hoc
1680 4817 1800 4874 loco

259 4897 293 4936 o
338 4896 402 4935 ru
422 4896 503 4936 us.

259 4896 331 4936 ου
338 4896 503 4937 riuus.

282 4950 433 5021 (110)
487 4950 637 5006 Teste
682 4953 886 5023 ποτειιο
935 4953 1002 5024 de
1046 4956 1237 5024 capite.
1289 4955 1571 5012 Monastici
1618 4956 1799 5014 cultus

208 5031 385 5093 parte,
415 5037 577 5091 quam
612 5025 899 5080 retinebat.
931 5023 1147 5089 Elaeus,
1169 5036 1229 5080 ut
1262 5026 1416 5081 docet
1446 5025 1700 5083 Clemens
1726 5028 1788 5092 ν,

208 5093 289 5147 l}e
307 5103 447 5147 statu
467 5096 862 5165 monac/torum,
887 5094 1053 5165 capite
1072 5098 1264 5164 primo,
1290 5112 1353 5150 ea
1383 5108 1468 5152 est
1495 5099 1794 5154 monacho-
1821 5137 1825 5141 ν

207 5179 328 5236 Qui
359 5162 527 5236 vestis
574 5164 926 5236 qumjlongas
953 5162 1025 5219 'et
1063 5162 1273 5236 amplas
1318 5166 1481 5222 habet
1524 5168 1787 5224 manicas.

206 5233 460 5305 Floculus
488 5243 546 5289 et
575 5233 1041 5299 llocellus,'minor
1064 5233 1252 5293 lloc'us.
1277 5236 1563 5293 Nostrates
1599 5239 1786 5305 hodie,

206 5304 443 5376 litterata
473 5315 698 5368 mutata,
726 5320 977 5376 magnum
999 5315 1053 5359 et
1076 5322 1300 5376 parvum
1329 5308 1536 5364 frocum
1563 5304 1785 5364 vocant.

205 5374 304 5440 Qui
357 5389 421 5429 ex
472 5379 749 5431 canonicis
800 5375 924 5430 facti
979 5374 1193 5431 fuerant
1237 5379 1508 5442 tnanachi,
1540 5379 1593 5434 hi
1638 5382 1682 5434 si
1715 5380 1784 5436 ad

204 5445 501 5517 canonicos
520 5447 796 5517 redibant,
820 5446 1085 5517 cucullam
1107 5449 1440 5517 deincepsad
1466 5451 1784 5506 memoriam

200 5528 266 5637 sit
304 5514 507 5575 Urbani
547 5516 590 5572 ll
619 5518 838 5573 decreto
882 5515 1217 5572 deferebant.
1261 5514 1379 5584 xix,
1411 5534 1467 5588 q.
1508 5534 1597 5587 Ill,
1628 5537 1785 5576 utan-

237 5602 408 5637 amas.

237 5602 408 5641 amas.

270 5658 319 5719 ll
337 5658 421 5726 11)
446 5655 629 5711 Potius
654 5659 708 5710 in
731 5668 930 5731 nostra,
953 5675 1112 5731 quam
1138 5663 1192 5714 in
1216 5668 1383 5713 vestra
1405 5668 1564 5715 sorte.
1592 5660 1786 5717 Hona-
1830 5697 1843 5717 .

197 5741 335 5781 caus
354 5732 537 5796 potius
558 5744 719 5796 quam
754 5728 1003 5785 clericus.

264 5796 420 5869 4112)
446 5796 686 5867 tiog‘rido
715 5796 966 5853 Dautclis.
998 5800 1484 5861 Archiuresbvtero
1525 5800 1775 5859 Vindocin

1923 3342 2670 3415 displicentvobis,etmole
2725 3359 2920 3409 vestrae
2966 3353 3360 3423 magnitudinis
3412 3372 3514 3416 nos

1921 3450 2192 3505 premere,
2225 3444 2283 3492 et
2312 3437 2606 3507 cujuslibet
2650 3441 2986 3512 incitatione,
3039 3445 3123 3501 vel
3159 3450 3378 3518 propria
3414 3467 3514 3507 vo-

1918 3527 2128 3585 luntate
2176 3544 2411 3602 gravare
2469 3533 2651 3600 vultis,
2705 3535 2884 3606 ipsam
2958 3553 3057 3608 pro
3122 3541 3278 3613 cujus
3324 3558 3512 3603 altiora

1918 3619 2088 3677 multa
2128 3625 2445 3693 gravamina
2475 3634 2654 3683 vestra
2685 3629 2774 3685 diu
2803 3634 3161 3703 portavimus,
3206 3635 3508 3696 Romanam

1916 3710 2218 3772 Ecclesiam
2286 3718 2643 3789 appellamus,
2707 3736 2832 3778 eum
2865 3737 2976 3795 qua
3025 3736 3082 3783 et
3119 3730 3508 3790 adversitatem

1915 3804 2193 3861 sustinere
2269 3818 2537 3878 optamus,
2602 3820 2660 3866 et
2737 3814 2856 3870 sine
2911 3831 3020 3888 qua
3084 3822 3504 3891 prosperitatem

1838 3900 1839 3903 ‘
1915 3894 2122 3952 habere
2176 3912 2512 3957 recusamus.
2548 3902 2705 3959 Unde
2748 3905 2792 3959 si
2823 3911 3244 3967 necessitatibus
3266 3913 3377 3987 65
3406 3931 3507 3971 no-

1916 3987 2048 4043 stris
2070 3990 2329 4046 auxilium
2357 4002 2619 4060 vestrum,
2654 3996 2797 4064 quod
2827 3998 2916 4052 diu
2941 4001 3104 4056 nobis
3123 4004 3503 4072 subtraxistis,

1915 4078 2170 4147 defuerit,
2194 4082 2523 4139 confidimus
2542 4084 2607 4139 dc
2631 4084 2875 4140 bonitate
2896 4087 2956 4142 Β.
2990 4090 3158 4156 Petri,
3182 4094 3308 4162 quia
3340 4097 3501 4154 nobis

1915 4242 2093 4326 nensi,
2140 4242 2525 4326 cujusiterum
2578 4246 2827 4326 meminit
2875 4249 3035 4326 epist.
3077 4250 3131 4318 9,
3186 4253 3261 4311 li
3290 4267 3349 4312 et
3398 4259 3494 4326 2t,

1917 4314 2008 4369 ubi
2050 4315 2273 4371 easdem
2297 4315 2364 4370 de
2393 4315 2487 4372 illo
2535 4317 2787 4388 querelas
2812 4314 3032 4396 retexit.

1988 4402 2569 4489 (313),.Arcltidiacono
2631 4420 2834 4489 vest_ro._
2876 4411 3282 4489 Vindocinensi,
3334 4433 3497 4489 quem

1917 4477 2083 4555 tacito
2106 4476 2270 4531 etiam
2303 4479 2520 4555 nomine
2544 4479 2882 4555 perstringit,
2912 4491 2970 4555 et
2993 4476 3290 4555 gloriosum
3314 4476 3499 4545 archi-

1915 4543 2136 4627 levitam
2170 4557 2327 4627 vocat
2350 4554 2508 4627 epist.
2544 4543 2632 4627 '17.
2672 4543 3063 4627 Raimbaldu's',
3091 4558 3310 4627 opinor,
3336 4543 3491 4615 dice-

1909 4615 2289 4695 batur._lvon_i§
2315 4615 2680 4695 salnelitteris,
2722 4625 2920 4695 quibus
2941 4615 3143 4695 Majbri'
3162 4615 3495 4687 Monasterio

1909 4683 2203 4759 Ecclesium
2235 4687 2611 4746 Hanchensem
2644 4683 2935 4759 concessit,
2967 4683 3110 4751 anno
3134 4698 3191 4751 11
3211 4683 3279 4754 lar
3322 4683 3493 4759 testes

1905 4755 2080 4830 primo
2105 4758 2222 4813 loco
2242 4760 2464 4830 ascripti
2496 4760 2846 4819 ltaimbaldns
2875 4755 3287 4825 Vindocineusis
3309 4755 3492 4829 archi;

1904 4826 2200 4900 diaconus,
2216 4839 2272 4883 et
2299 4826 2575 4899 Ansgerus
2641 4831 2915 4889 Blcsensis
2960 4826 3490 4900 archidiaconusvln

1906 4894 2144 4976 Ecclesia
2163 4894 2481 4979 Carnoten'si
2501 4911 2697 4969 praeter
2721 4900 2994 4979 Urbanum
3018 4894 3484 4979 archidiacoinun,

1901 4968 1992 5042 qui
2044 4981 2291 5042 mang
2303 4968 2630 5037 appellatur,
2666 4973 2902 5042 quinque
2942 4989 3070 5031 sunt
3118 4968 3488 5041 archidiaconi

1905 5034 2197 5117 giganteos,
2251 5034 2729 5117 cast‘rotlunensis,
2764 5034 3142 5115 Pisciacensis,
3187 5034 3482 5117 sulendi;

1905 5105 2192 5162 Drocensis
2212 5117 2269 5161 et
2299 5108 2730 5165 Vindocinensis.

1973 5197 2121 5323 (1142
2148 5197 2421 5254 Nivelloae
2443 5211 2489 5255 et
2510 5201 2623 5271 ﬁlio
2645 5203 2759 5271 ejus
2788 5203 3032 5263 Ursione.
3062 5210 3133 5267 De
3162 5212 3246 5267 his
3274 5212 3412 5268 libro
3438 5229 3481 5274 t.

1973 5272 2055 5323 ist.
2126 5267 2159 5322 :2
2186 5280 2244 5323 et
2287 5270 2423 5323 infra
2461 5275 2618 5323 eiust.
2670 5275 2753 5323 11.
2788 5278 2854 5323 ts;
2903 5278 2989 5323 «ἰῇΔ
3031 5283 3115 5323 λη
3167 5280 3392 5323 Rue-mn
3426 5283 3479 5323 in

1898 5267 2244 5343 ερῑειτλη-ρι
2278 5270 2423 5343 nam
2461 5267 2618 5343 epist.
2665 5267 3118 5343 'tt,15.25,50.
3167 5267 3395 5337 Exstant
3425 5267 3480 5338 iu'

1899 5338 2120 5395 scriniis
2155 5340 2643 5397 Vindocincnsibus
2673 5344 2950 5403 Paschalis
2976 5338 3013 5404 ll
3040 5350 3231 5405 littera:
3271 5354 3339 5405 ad
3363 5352 3480 5409 lvo-

1896 5424 2042 5487 nem,
2071 5411 2123 5465 in
2146 5412 2346 5487 quibus
2374 5420 2664 5487 utrumque
2691 5415 2761 5487 ob
2788 5418 3011 5487 injurias
3037 5430 3092 5475 et
3123 5421 3317 5475 damna
3348 5419 3477 5476 Vin-

1896 5427 2042 5476 nem,
2071 5427 2123 5465 m
2146 5427 2346 5536 quibus
2374 5427 2664 5483 utrumque
2691 5427 2761 5469 ob
2788 5427 3011 5487 injurias
3037 5430 3092 5475 et
3123 5427 3317 5475 datnna
3351 5427 3473 5476 Vin-

1888 5482 2151 5611 1(:éi‘cinens
2244 5483 2575 5539 monasterio
2654 5482 2878 5554 inﬂicta,
2933 5493 3101 5544 sacris
3168 5496 3341 5545 arceri
3383 5490 3473 5561 jn-

1948 5642 2553 5727 1(il§i)_Nulli_episf_opo
2594 5649 2694 5704 nisi
2736 5647 2991 5705 Rotnano.
3042 5649 3203 5707 Libro
3230 5668 3272 5721 ι,
3307 5655 3468 5727 epist.

1889 5715 1956 5773 18
1980 5726 2034 5773 et
2061 5715 2197 5773 inira
2222 5715 2381 5788 epist.
2410 5715 2500 5775 27.

2558 5878 2595 5892 νδ
2647 5864 2660 5883 ⁸
2828 5878 2843 5889 ο
3058 5880 3091 5892 ιο
3112 5887 3123 5895 ,
3258 5881 3287 5889 υ·-
3301 5884 3317 5890 ..

3326 5888 3418 5909 -.ἧι
