3990 6458
487 446 560 502 gg
1500 429 1824 487 GOFFIKIDI
1864 424 2154 483 ABBATiS
2199 421 2718 479 κἰδυοεικεκδιδ
3686 421 3750 478 80

489 563 605 631 ipse
627 574 733 614 non
763 556 935 612 deerit
967 570 981 619 ;
1022 566 1106 606 cui
1139 563 1263 603 nuzn
1326 544 1485 598 tidem
1516 542 1764 597 volumus
1810 557 2062 607 servare,
2096 545 2143 606 Α
2172 538 2461 594 ritudinem
2491 550 2803 608 respergere
2856 531 3094 599 dixistis,
3145 533 3444 589 secundum
3517 544 3756 591 nostram

488 653 678 711 nullus
720 650 791 706 ob
825 650 925 704 hoc
947 645 1232 715 episcopus
1284 637 1440 692 nobis
1468 635 1898 692 ecclesiasticam
1920 633 2076 702 justi-

492 748 625 802 tiam
669 744 959 809 denegare,
1015 749 1115 789 nec
1161 733 1214 787 in
1256 745 1355 784 nos
1404 728 1742 785 saecularium
1798 727 2077 782 hominum

492 837 718 892 incitare
756 827 1039 891 saevitiam,
1072 839 1193 888 nec,
1222 822 1366 892 quod
1389 829 1590 877 sanctae
1611 820 1869 875 Romana:
1893 818 2079 874 Eccle-

481 925 590 981 siae
617 930 702 978 est
751 915 1056 989 proprium,
1102 912 1203 969 sub
1253 912 1353 966 hac
1400 911 1692 966 occasione
1728 908 1830 965 sibi
1858 908 2080 963 deberet

495 1026 758 1089 usurpare
786 1027 800 1077 ;
831 1025 862 1065 a
889 1006 1046 1079 cujus
1078 1004 1334 1061 ﬁdelitate
1357 1018 1462 1058 non
1490 1001 1681 1067 fames,
1714 1016 1820 1057 non
1846 999 2075 1070 gladius,

480 1120 598 1162 non
659 1102 903 1167 nuditas,
951 1112 1057 1154 non
1117 1094 1419 1159 tribulatio,
1485 1108 1593 1148 non
1652 1095 1922 1162 angustia,
1964 1106 2075 1145 non

488 1193 798 1268 persecutio
854 1189 1035 1259 aliqua
1076 1202 1178 1242 nos
1218 1186 1303 1240 vel
1343 1185 1627 1240 defunctos
1668 1182 1868 1253 putarit
1917 1198 2077 1254 sepao

480 1292 619 1341 irare
661 1281 836 1353 (Rom.
884 1295 1003 1343 vut,
1031 1277 1143 1348 35).
1171 1274 1306 1330 Natn
1337 1273 1382 1328 si
1412 1273 1571 1328 modo
1607 1273 1824 1344 ignorat
1876 1280 2079 1342 quanta

485 1391 594 1448 pro
616 1375 704 1430 illa
737 1373 999 1445 patimur,
1017 1367 1250 1433 scimus,
1279 1381 1403 1421 cum
1438 1365 1747 1437 agnoverit,
1770 1365 2080 1435 petentibus

488 1467 755 1524 'auxnium
804 1480 909 1520 non
965 1460 1203 1532 negabit,
1252 1474 1373 1529 qua:
1418 1473 1635 1529 semper
1693 1458 2080 1537 misericordia

492 1559 800 1615 visceribus
833 1554 1081 1619 aﬂluens,
1132 1552 1412 1623 Oppressis
1467 1551 1722 1607 omnibus
1756 1560 1814 1607 et
1840 1551 2079 1606 maxime

494 1646 812 1706 domesticis
857 1645 973 1701 suis
1040 1641 1329 1698 subvenire
1393 1639 1697 1696 consuevit.
1765 1639 1845 1696 De
1893 1639 2080 1695 archi-

492 1740 812 1813 presbytero
834 1744 1039 1800 vestro,
1065 1743 1120 1789 et
1146 1731 1404 1788 Nivelone
1432 1732 1660 1803 ejusque
1691 1730 1801 1788 tilio
1825 1730 2078 1796 Ursione,

494 1843 662 1906 atque
714 1827 1061 1885 Buatmundo
1086 1833 1144 1880 et
1188 1838 1375 1878 eorum
1433 1822 1766 1889 hominibus,
1816 1823 1958 1893 apud
1983 1837 2080 1878 vos

2179 629 2587 700 intelligentiam
2646 627 2793 681 omni
2856 624 3216 679 amaritudine
3258 632 3575 689 caruerunt,
3639 628 3756 692 quia

2181 720 2465 774 cltai'itatis
2538 717 2824 772 duhedine
2894 714 3065 784 plenae
3137 713 3377 768 fuerunt.
3447 710 3605 780 Quod
3661 717 3756 771 ite-

2184 827 2302 866 rum
2350 810 2664 868 asseruistis
2716 808 3016 865 Romanam
3061 805 3355 863 Ecclesiam
3408 821 3438 860 a
3483 807 3595 861 Deo
3650 808 3761 862 titil-

2183 899 2287 955 lam
2337 899 2593 970 injustam
2642 899 2919 969 accepisse
2978 904 3326 967 potestatem,
3377 894 3450 949 ita
3477 906 3561 949 est
3586 894 3756 963 plane,

2182 1002 2358 1049 etuos
2405 1007 2505 1049 nec
2556 1006 2865 1062 possumus,
2916 1003 3018 1044 nec
3049 988 3310 1043 debemus
3335 1001 3441 1041 non
3499 1001 3756 1053 annuere,

2182 1085 2438 1156 quoniam
2508 1084 2903 1139 infructuosum
2954 1088 3041 1136 est
3095 1086 3283 1135 contra
3344 1078 3479 1133 adeo
3521 1088 3757 1148 apertam

2180 1177 2289 1250 67
2326 1177 2614 1231 veritatem
2671 1174 2942 1230 laborare.
2996 1171 3130 1240 Quis
3183 1169 3329 1225 enim
3378 1168 3603 1224 insanus
3643 1184 3760 1225 cre-

2182 1262 2312 1325 dere
2373 1269 2456 1324 vel
2519 1268 2759 1339 cogitare
2817 1267 3013 1321 audeat
3071 1265 3273 1319 bonum
3331 1261 3498 1316 Deum
3564 1261 3762 1334 aliquid

2188 1373 2429 1433 unquam
2453 1358 2653 1429 injuste
2715 1343 2949 1424 dedisse,
2983 1364 3078 1409 aut
3122 1353 3239 1423 ejus
3290 1362 3533 1409 sanctam
3584 1353 3764 1409 Eccle-

2183 1452 2320 1507 siam
2379 1450 2674 1522 quidquam
2732 1449 2800 1504 ab
2844 1462 2911 1504 co
2966 1446 3165 1518 injuste
3212 1445 3523 1517 accepisse?
3577 1444 3683 1501 Sed
3724 1447 3762 1500 si

2188 1555 2311 1610 qua:
2380 1548 2523 1595 suut-
2575 1537 2831 1594 solvenda
2894 1536 3169 1604 solvendi,
3237 1547 3294 1593 et
3344 1550 3466 1607 quae
3551 1534 3764 1606 ligando

2184 1631 2386 1704 ligandi
2437 1645 2466 1685 a
2516 1629 2745 1687 Domino
2781 1627 3031 1684 collatam
3080 1628 3129 1684 ei
3177 1636 3497 1699 potestatem
3524 1627 3763 1692 credits,

2185 1708 2327 1779 sicut
2361 1719 2517 1777 nobis
2566 1719 2885 1790 scripsistis,
2932 1718 3239 1773 mirandum
3294 1730 3401 1772 non
3458 1724 3561 1784 est,
3596 1716 3643 1772 si
3682 1715 3765 1771 ili

2184 1815 2321 1868 bene
2342 1813 2501 1868 solvit
2523 1812 2665 1883 quod
2692 1827 2788 1866 vos
2830 1811 2975 1865 male
3013 1810 3242 1882 ligastis.
3276 1808 3575 1874 Professio,
3604 1824 3767 1879 quam

498 1901 698 1994 sapius
725 1917 1008 1990 conquesti
1062 1930 1251 1971 sumus
1281 1923 1339 1970 et
1361 1909 2081 1985 conquerimur,necjusti-
2112 1921 2155 1979 Β
2186 1922 2217 1961 a
2266 1921 2351 1962 me
2406 1904 2556 1977 (117)
2602 1904 2780 1960 adhuc
2836 1902 3036 1974 juvene
3077 1912 3133 1959 et
3182 1902 3388 1958 novitio
3440 1901 3766 1966 extorsistis,

496 2015 651 2078 tiam,
687 2026 787 2066 nec
811 2007 1041 2078 justitite
1070 2004 1361 2062 scintillam
1405 2006 1640 2076 aliquam
1667 2005 1846 2062 adhuc
1876 2006 2081 2062 sentire

500 2103 789 2175 potuimus.
851 2099 1004 2183 Unde
1064 2115 1093 2153 a
1147 2097 1303 2153 vobis
1345 2096 1581 2167 juratam
1660 2111 1848 2167 pacem
1901 2097 2107 2153 minus-

494 2193 721 2247 observa
734 2191 774 2244 ri
803 2187 1193 2258 conspicimus.

1067 2275 1399 2331 EPISTOLA
1443 2274 1506 2329 Χ.

499 2375 644 2428 lroni
711 2369 1017 2425 honorando
1061 2367 1441 2423 Carnotcnrum
1501 2383 1760 2436 episcopo,
1811 2365 2081 2436 (Io/Triduo

578 2458 971 2515 l'indoeinensia
992 2457 1296 2511 monasterii
1322 2455 1538 2510 humilis
1568 2472 1770 2523 servus,
1806 2456 2003 2510 antica:
2026 2456 2080 2510 in

487 2580 493 2587 ρ
574 2551 762 2613 Deum,
799 2557 845 2600 et
873 2547 1117 2600 inimicos
1154 2530 1367 2615 propter
1394 2544 1561 2599 Deum
1594 2545 1829 2615 diligere.

576 2640 729 2695 Licet
755 2636 971 2708 injuria
998 2634 1415 2702 etvexationes,
1452 2645 1511 2690 et
1553 2636 1752 2705 quibus
1808 2648 2080 2699 monaste-

492 2731 641 2785 rium
667 2737 934 2793 nostrum,
962 2734 1016 2780 et
1039 2739 1136 2792 nos
1190 2741 1299 2781 non
1350 2725 1693 2782 mediocriter
1716 2726 1832 2798 66
1852 2741 2079 2798 oppres-

496 2820 666 2884 sistis,
712 2826 771 2873 et
815 2817 1048 2887 opprimi
1106 2815 1338 2885 fecistis,
1385 2816 1441 2869 in
1490 2815 1713 2872 auribus
1762 2817 2080 2888 populorum

490 2909 950 2981 frequentissime
998 2918 1275 2974 resonent,
1332 2907 1619 2965 eharitatis
1667 2918 1869 2978 tamen,
1917 2926 2081 2981 quam

500 3003 642 3058 Deus
701 3000 964 3072 praecipit,
1023 3000 1242 3057 funibus
1299 2999 1526 3072 alligati,
1585 3016 1770 3058 amare
1837 3005 2081 3076 cogimur

498 3093 667 3149 etiam
715 3105 823 3147 non
879 3101 1175 3147 amantem.
1246 3090 1352 3146 Vos
1406 3100 1610 3157 autem,
1671 3096 1763 3163 qui
1801 3096 2081 3165 graviores

498 3182 780 3241 molestias
848 3182 1151 3253 irrogastis,
1220 3183 1457 3238 maxime
1517 3183 1763 3255 diligere,
1808 3199 1876 3240 ac
1926 3187 2079 3243 vobis

2186 1998 2451 2073 regularis
2503 1997 2725 2053 minime
2769 1995 2891 2060 fuit,
2930 2009 3162 2065 eamque
3215 1992 3433 2059 fecisse,
3486 2001 3770 2064 peceatum

2184 2090 2414 2156 exstitit,
2448 2098 2503 2145 et
2522 2074 2797 2161 accepisse
2826 2086 3212 2157 irreligiosum.
3256 2085 3391 2139 Nam
3419 2085 3461 2139 si
3488 2102 3583 2155 pro
3608 2084 3776 2137 bent:-

2184 2181 2448 2246 dictione,
2481 2196 2644 2250 quam
2675 2179 2898 2236 omnino
2928 2179 3099 2248 gratis
3124 2177 3254 2232 dare
3277 2176 3562 2239 debuistis,
3606 2191 3772 2229 usur-

2183 2273 2352 2350 pastis
2381 2272 2795 2349 professionem,
2827 2279 2882 2325 et
2907 2285 3005 2342 pro
3044 2267 3382 2350 professione
3413 2268 3481 2321 ab
3510 2267 3776 2321 allodario

2185 2366 2244 2420 Β.
2274 2346 2416 2419 Petri
2441 2363 2594 2433 (118)
2620 2361 2836 2434 exigitis
2862 2346 3276 2439 subjectionem,
3304 2356 3528 2427 profana
3556 2354 3659 2410 fuit
3685 2356 3774 2410 illa

2185 2458 2474 2529 professio,
2504 2465 2558 2517 et
2587 2456 2705 2531 ideo
2731 2468 2838 2511 non
2869 2451 3123 2516 tenenda,
3149 2451 3405 2521 quoniam
3435 2450 3778 2518 subsequens

2183 2548 2509 2626 benedictio,
2588 2561 2751 2616 quam
2798 2542 3144 2617 exhibuisqtis,
3206 2539 3539 2596 navieularia
3590 2540 3779 2610 potius

2182 2640 2417 2705 videtur,
2457 2654 2620 2710 quam
2677 2636 2849 2710 gratis
2914 2637 3041 2691 data
3098 2634 3272 2707 (119),
3334 2631 3775 2704 quandoquidem

2183 2748 2282 2807 pro
2314 2733 2403 2788 illa
2459 2730 2812 2805 temporalem
2858 2728 3162 2784 mercedem
3224 2742 3346 2795 cum
3404 2726 3602 2797 injuria
3646 2723 3777 2794 fidei

2180 2828 2510 2897 Christianae
2539 2826 2759 2899 exigere
2796 2840 2903 2878 non
2955 2821 3297 2879 erubescitis.
3338 2819 3399 2876 In
3429 2818 3777 2890 professione

2181 2920 2452 2992 siquidem
2511 2918 2625 2986 illa,
2675 2915 2904 2972 consilio
2984 2909 3385 2992 vestro‘nimis
3446 2906 3781 2979 simpliciter

2182 2986 2449 3081 acquievi.
2506 3007 2609 3077 Ubi
2667 3015 2845 3061 tamen
2910 2986 3195 3073 quidquid:
3230 3014 3518 3072 perperam
3580 3009 3775 3056 actum

2180 3115 2283 3172 est,
2329 3117 2425 3158 vos
2485 3101 2721 3157 scienter
2770 3096 2998 3160 fecistis,
3055 3109 3158 3164 ego
3210 3103 3393 3148 autem
3456 3092 3780 3162 ignarantcr

2183 3194 2424 3266 peccavi.
2451 3193 2558 3250 Sed
2586 3206 2748 3264 quem
2788 3198 2986 3245 vestra:
3030 3186 3363 3259 itnpuritatis
3396 3185 3621 3240 consilio
3657 3199 3781 3239 rea-

502 3273 789 3346 diligenter
825 3272 1035 3330 servire
1066 3271 1344 3338 volumus,
1384 3273 1429 3328 si
1460 3273 1841 3329 amaritudinis
1867 3277 2078 3345 pocula,

2189 3298 2300 3341 tum
2357 3282 2629 3350 contraxi,
2697 3278 2996 3350 apostolica
3069 3276 3380 3342 sinceritas,
3451 3277 3781 3347 ignorantice

492 3379 622 3435 quae
668 3363 824 3420 nobis
871 3362 1069 3430 stepius
1114 3363 1469 3433 propinastis,
1523 3362 1681 3421 melle
1747 3365 2081 3432 dilectionis,

501 3467 808 3527 temperare
828 3455 1113 3525 placuerit.
1144 3454 1329 3513 Genus
1380 3471 1509 3511 vero
1547 3456 1869 3525 dilectionis,
1898 3476 2006 3531 quo
2029 3473 2086 3516 et

490 3562 603 3611 nos
631 3546 878 3615 diligere,
907 3557 962 3601 et
983 3560 1015 3600 a
1044 3547 1201 3605 nobis
1252 3548 1449 3603 serviri
1470 3547 1635 3603 vultis
1656 3559 1712 3606 et
1738 3550 1910 3622 diligi,
1942 3552 2083 3609 litte-

496 3641 580 3695 ris
619 3640 815 3704 vestris
844 3637 1167 3708 signiﬁcate,
1224 3640 1351 3708 quia
1404 3653 1593 3709 pacem
1635 3648 1690 3697 et
1738 3641 2082 3711 dilectionem

504 3739 740 3795 vestram
796 3729 1147 3789 vehementer
1201 3739 1474 3800 optamus.
1531 3731 1601 3787 Et
1649 3733 1701 3793 si
1752 3735 2086 3793 senserimus

493 3821 645 3892 quod
666 3836 765 3878 nos
784 3822 837 3877 in
868 3821 1100 3877 veritate
1138 3821 1396 3893 diligatis,
1428 3822 1634 3881 nullum
1657 3834 1902 3883 vestrum
1932 3843 2085 3885 recu-

494 3929 688 3979 samus
705 3912 1006 3978 servitium,
1035 3913 1087 3967 in
1115 3927 1226 3983 quo
1250 3913 1454 3969 domini
1480 3928 1630 3986 papae
1660 3916 2084 3989 indignationem

494 4020 609 4075 non
642 4019 968 4071 mereamur,
998 4018 1101 4062 nec
1119 4004 1327 4062 OtdiUiS
1356 4008 1528 4062 nostri
1578 4009 1918 4069 incurramus
1946 4012 2086 4083 peri-

491 4096 699 4159 culum.

1071 4186 1404 4245 EPISTOLA
1436 4189 1523 4247 XI.

499 4276 656 4333 Iconi
689 4293 896 4348 magna:
922 4277 1083 4347 fama:
1118 4279 1375 4348 pontiﬁci,
1420 4277 1693 4353 Go/frtdu‘s
1731 4283 2084 4363 Vindogineno

567 4370 639 4424 sis
668 4369 973 4424 monasterii
1028 4369 1244 4425 humilis
1288 4387 1486 4439 servus,
1510 4377 1793 4443 prudenter
1814 4388 1860 4430 et
1881 4377 2085 4447 simpli-

570 4462 698 4515 citer
723 4464 778 4515 in
800 4461 1040 4515 omnibus
1080 4479 1253 4532 agere.

570 4554 1009 4611 Littertenostrtc
1053 4556 1221 4627 (116),
1274 4573 1409 4629 quas
1436 4560 1487 4614 in
1516 4560 1842 4630 quibusdam
1907 4559 2082 4614 mellis

2188 3394 2321 3435 meae
2350 3392 2413 3433 ac
2433 3373 2709 3447 juventuti
2734 3371 3091 3441 compatiens,
3119 3369 3545 3424 misericorditer
3592 3367 3782 3422 indul-

2186 3468 2278 3532 sit,
2305 3478 2450 3521 etne
2488 3463 2610 3534 quis
2653 3476 3029 3519 successorum
3085 3467 3401 3516 nnstrorum
3442 3458 3497 3512 in
3548 3467 3780 3529 puteum

2185 3556 2380 3613 similis
2432 3552 2769 3624 deceptiouis
2816 3551 3075 3622 deinceps
3139 3559 3378 3616 corruat,
3416 3548 3615 3603 virtute
3666 3563 3783 3604 sua:

2188 3645 2529 3702 auctoritatis
2573 3643 2870 3713 prohibuit.
2929 3640 2989 3697 Si
3037 3655 3166 3696 vero
3212 3651 3399 3695 contra
3454 3639 3571 3696 haec
3608 3638 3771 3694 vobis

2187 3744 2348 3808 agere
2405 3738 2606 3808 placet,
2654 3737 2803 3807 illam
2860 3734 3120 3804 majorem
3168 3732 3523 3800 audientiam,
3588 3746 3619 3785 a
3670 3746 3780 3802 qua

2185 3829 2362 3884 omnis
2409 3828 2795 3886 Christianitas
2863 3826 3211 3898 dijudicatur,
3270 3837 3381 3879 non
3450 3821 3619 3894 fugio.
3681 3821 3781 3878 sed

2186 3922 2420 3993 appello,
2451 3920 2606 3991 cujus
2641 3920 2759 4001 68
2782 3919 3055 3990 aequitatis
3099 3915 3362 3988 judicium
3387 3915 3480 3987 qui
3525 3924 3783 3971 contem-

2187 4015 2267 4069 nit
2297 4015 2526 4077 audire;
2575 4011 2638 4066 Β.
2689 4010 2906 4066 Petrum
2973 4023 3040 4067 ne
3097 4008 3297 4065 sentiat
3368 4006 3566 4062 iratum
3609 4006 3786 4062 debet

2187 4104 2396 4160 timere.
2923 4119 2927 4123 ‘
3618 4118 3626 4124 '

2743 4190 3077 4248 EPISTULA
3114 4190 3227 4247 XII.

2186 4282 2513 4337 Charissimo
2558 4281 2766 4335 domino
2797 4298 2892 4335 suo
2944 4291 2991 4335 et
3042 4277 3217 4348 Patri,
3276 4280 3428 4339 Iconi
3485 4279 3783 4349 laudabilis

2258 4374 2375 4427 rita:
2412 4371 2669 4440 pontiﬁci,
2707 4370 2981 4441 Goﬂ'ridus
3022 4371 3419 4425 Vindocinensis
3464 4372 3782 4426 monasterii

2255 4462 2628 4534 qualiscunque
2668 4478 2865 4528 servus,
2912 4479 3043 4517 certe
3083 4463 3395 4516 humilitatis
3443 4463 3785 4531 obsequium,

2258 4567 2302 4610 et
2333 4571 2479 4621 parte
2506 4556 2801 4609 dilectionis
2833 4556 3101 4625 alfectnm.

494 4645 840 4700 dulcedinem
891 4645 1152 4712 redolere,
1211 4658 1264 4704 et
1295 4650 1346 4703 in
1375 4652 1694 4719 quibusdam
1742 4650 1881 4703 fellis
1933 4665 2082 4703 ama.
2115 4632 2160 4687 D
2258 4646 2543 4702 Formatas
2569 4658 2619 4702 et
2648 4647 2914 4702 formosas
2952 4647 3158 4701 litteras
3186 4656 3416 4713 vestras,
3475 4662 3617 4717 quas
3675 4662 3781 4717 pro

573 4862 718 4935 (ll6)
740 4860 948 4919 Littera
975 4871 1186 4935 nostra'.
1214 4865 1283 4918 Ea
1319 4874 1404 4935 est
1434 4866 1658 4935 cpistola
1684 4866 1724 4935 77
1749 4865 1907 4934 hujus
1934 4866 2080 4920 libri.

503 4931 679 4986 lvonis
720 4944 899 5004 autem
931 4932 1177 5004 epistola,
1217 4936 1301 4988 cui
1332 4931 1602 4989 Goll'ridtis
1639 4934 1729 4989 hic
1770 4931 2079 5004 respondet,

502 5017 728 5059 innuero
757 5003 876 5067 195,
938 5002 1042 5057 hoc
1082 5003 1244 5058 habet
1295 5005 1615 5071 exordium:
1649 5004 1834 5072 Accepi
1858 5002 2081 5060 'litteraa

509 5087 630 5143 tuas
679 5073 951 5143 palpantes
994 5083 1049 5143 et
1090 5083 1396 5141 pungentes,
1439 5074 1492 5125 in
1537 5076 1848 5143 quibusdam
1912 5076 2079 5131 mellis

500 5141 827 5196 dulcedinem
856 5142 1165 5198 redolent“,
1191 5143 1243 5193 in
1266 5141 1576 5211 quibusdam
1600 5143 1739 5211 fellis
1761 5148 2079 5200 anturitttdi-

504 5226 616 5263 nem
642 5221 1015 5280 respengentes.

574 5282 723 5350 illi)
760 5280 1031 5356 Professio
1072 5294 1229 5356 quam
1254 5296 1426 5356 ‘a_me.
1477 5281 1686 5337 Dictum
1741 5293 1824 5338 est
1863 5286 2020 5356 epist.
2048 5289 2077 5342 7

504 5347 834 5420 dicetttrque
854 5349 1051 5420 iterant
1071 5347 1340 5420 epist._27.

571 5415 750 5496 ςιιδί
774 5418 857 5496 A_b
887 5415 1177 5496 allodlia‘rio.
1210 5415 1277 5469 B.
1299 5417 1504 5496 ‘pell‘i._
1538 5422 1875 5496 Beneﬁcario
1916 5443 2077 5496 supra

501 5483 663 5570 spis}.
697 5483 768 5570 7.Δ
798 5483 1248 5570 υιιίθςιέυξεξςίιεβ
1299 5490 1528 5570 Domini
1563 5488 1780 5570 digitur,
1830 5498 1922 5570 qui
1962 5483 2080 5570 ejus

502 5551 722 5612 féudum
758 5562 902 5608 tenet
922 5552 1051 5632 ;‘sic
1076 5551 1406 5632 allodiarius,
1439 5562 1528 5631 qui
1557 5551 1969 5622 :tllodiuitt.'Nec
1987 5551 2079 5632 'ta;

504 5642 624 5699 men
649 5634 906 5699 perpetuo
946 5623 1066 5699 liceo
1090 5623 1192 5699 sibi
1222 5623 1570 5699 reSpondent.
1615 5634 1732 5690 Non
1756 5636 1924 5692 abbas
1954 5629 2078 5692 Vin?

501 5689 1481 5778 ducitiensisaglglodiftjusIbeaOti'Petri
1517 5714 1663 5778 recte
1695 5689 1919 5774 dicitur,
1948 5689 2076 5778 quia

503 5761 912 5846 {noqaﬂegﬁinng
948 5761 1082 5846 ςὶρξ
1110 5761 1368 5846 aufidium
1403 5780 1489 5846 est
1535 5775 1681 5829 sedis
1719 5761 2070 5846 apostolicae;

504 5829 834 5884 feudalal'ius
864 5829 967 5882 dici
999 5843 1103 5884 ιιοη
1125 5843 1326 5903 potest,
1360 5841 1483 5910 quia
1514 5829 2073 5902 monaste‘riuin‘fcmli

2179 5794 2247 5858 9."
2253 5795 2282 5830 η
2290 5794 2339 5830 m
2402 5797 2433 5849 q
2439 5791 2565 5835 καῖε(
2573 5798 2601 5834 ιι
2607 5798 2657 5833 ηι

2179 5860 2286 5901 ιω.-

2176 4864 2301 4935 jure
2330 4880 2434 4921 non
2470 4867 2647 4922 habet.

2286 4937 2403 5007 119)
2440 4936 2975 5011 Ναυὶσυιᾳνίαροιωε
2994 4956 3151 5010 quam
3191 4942 3357 5011 gratis
3386 4941 3534 4995 data.
3588 4939 3786 4997 Utitur

2181 5009 2377 5080 eadem
2415 5009 2779 5080 vocereadem
2830 5011 2884 5064 in
2923 5024 2982 5065 re
3008 5009 3276 5080 'opusculo
3314 5027 3368 5075 χ,
3414 5011 3785 5079 navicularia,

2188 5077 2494 5133 benedictio
2545 5078 2845 5145 dicitur,ut
2875 5077 3208 5135 navicularia
3232 5082 3439 5137 functio
3478 5082 3532 5136 in
3580 5077 3785 5138 codice

2187 5148 2409 5203 seualio
2440 5164 2626 5203 sensu.
2686 5148 3087 5206 Naviculariam
3134 5153 3281 5207 enim
3332 5153 3783 5207 benedictionem

2186 5219 2439 5299 appellat,
2473 5234 2591 5299 non
2638 5222 2952 5299 gratuitam,
3003 5224 3098 5278 sed
3148 5224 3786 5299 mercenariam,et_pro

2186 5304 2289 5359 qua
2322 5288 2524 5358 aliquid
2565 5288 2917 5367 exigatur,_ut
2952 5306 3051 5367 pro
3095 5294 3499 5367 transvectione
3545 5288 3783 5367 naulum

2186 5372 2243 5413 et
2268 5373 2477 5412 merces
2514 5373 2543 5410 a
2568 5360 2936 5416 naviculariis.
2956 5360 3085 5419 Non
3115 5364 3349 5419 absimili
3400 5364 3783 5419 translatione

2188 5428 2988 5508 institoriamlectionemuixit
3041 5435 3198 5504 epist.
3237 5436 3289 5489 1.
3323 5434 3639 5508 lldebertus,
3679 5435 3781 5490 cui

2188 5498 2464 5581 sordidus
2495 5498 2872 5581 etkilliberalis
2927 5498 3287 5581 quazs'tuseSt
3335 5498 3665 5581 propositus,
3716 5517 3785 5581 ut

2185 5568 2393 5649 lucrum
2452 5568 2708 5649 institori,
2755 5573 2835 5649 sic
2870 5568 3016 5649 enim
3079 5577 3304 5649 scribit:
3335 5568 3480 5649 tunc
3523 5586 3597 5629 est
3619 5578 3779 5644 quod

2182 5639 2516 5716 ambitiosam
2541 5640 2922 5716 supellectilem
2966 5646 3276 5716 inexorabili
3328 5648 3449 5700 odio
3486 5639 3788 5716 prose-quc—

2183 5710 2255 5762 ria
2281 5723 2297 5762 :
2323 5709 2462 5779 quod
2499 5711 3083 5791 institoriamnabdicas
3130 5715 3423 5780 lectionem,
3466 5709 3602 5785 quoa
3648 5709 3783 5768 ina-

2723 5782 2938 5851 jndicas
3012 5787 3251 5853 pietatem
3315 5803 3437 5841 cum
3479 5782 3787 5855 sufﬁcien-
