3992 6352
227 334 293 397 81
1529 331 1813 390 EPISTOL

1963 361 2015 368 ——
2036 330 2159 384 LIB.
2204 329 2262 382 ll.
3444 329 3522 384 l3-

236 457 494 512 lacieuda
530 452 907 524 nobisjustitia
933 442 1409 521 archipresbytero
1461 460 1640 504 vestro
1691 449 1816 504 ϐοΐ·
1853 444 1895 498 Α
1925 441 2092 512 (ιξι),
2136 442 2275 495 sicut
2307 439 2421 508 ipse
2450 439 2656 494 melius.
2681 437 2868 503 nostis,
2919 445 3212 507 antequam
3258 439 3365 509 7o
3391 456 3513 509 qua:

236 548 383 604 frido
409 547 557 620 (120)
584 546 826 608 misistis,
852 544 1106 609 vidimus,
1138 552 1192 597 et
1215 544 1260 597 si
1290 555 1394 596 non
1423 550 1620 606 tantas,
1650 555 1822 610 quan-

236 649 323 693 tas
369 638 643 696 debemus,
690 635 882 692 saltem
959 642 1196 705 quantas
1276 647 1564 702 possumus
1623 630 1825 699 gratias

235 739 435 784 vestrae
466 728 740 782 sanctitati
795 727 1107 782 referimus.
1161 725 1239 779 lbi
1285 724 1432 778 enim
1505 721 1637 777 nihil
1681 721 1826 775 aliud

234 819 407 873 videri
433 819 514 872 vel
547 819 771 888 intelligi
803 819 997 888 potuit,
1047 817 1147 872 nisi
1174 831 1299 886 erga
1334 829 1432 870 nos
1485 821 1680 868 vestra:
1710 827 1825 867 ma-

234 927 358 984 gnae
387 911 674 968 charitatis
696 910 943 966 affectus.
1001 909 1202 966 Omnes
1251 907 1466 976 quidem
1521 903 1821 975 presbyteri

235 1003 446 1060 castelli
497 1002 914 1058 Vindociuensis
960 1016 1083 1055 cum
1131 997 1608 1069 archipresbytero
1639 1003 1823 1050 vestro

235 1095 448 1150 litteras
505 1095 780 1160 viderunt,
838 1093 934 1148 sed
992 1106 1116 1147 cum
1167 1090 1276 1158 illo,
1337 1089 1446 1145 imo
1490 1102 1588 1158 per
1648 1085 1820 1150 illum,

235 1189 516 1243 nescimus
543 1188 742 1258 quibus
769 1185 996 1255 privatis
1031 1181 1298 1247 consiliis,
1360 1181 1554 1234 litteris
1602 1177 1822 1232 obedire

237 1288 706 1348 contempserunt.
735 1277 911 1341 Unde,
944 1274 1298 1330 dilectissime
1327 1271 1512 1337 Pater,
1561 1269 1819 1340 pietatem

243 1381 502 1434 Vestram,
580 1370 777 1440 quibus
849 1368 1090 1422 valemus
1154 1365 1430 1437 precibus,
1507 1376 1814 1420 exoramus,

255 1470 524 1528 quatenus
567 1461 708 1515 circa
742 1475 829 1524 ea,
880 1475 1000 1528 qua:
1039 1457 1190 1513 vobis
1222 1457 1274 1511 in
1325 1457 1554 1511 veritate
1590 1455 1816 1524 scripsi-

237 1565 380 1616 mus,
405 1549 485 1605 sic
514 1561 734 1620 paterna
757 1550 1045 1606 dilectione
1072 1550 1193 1604 sitis
1234 1547 1524 1611 sollicitus,
1557 1557 1617 1603 ut
1653 1564 1817 1618 quam

236 1657 402 1710 grave
427 1640 679 1710 sitjustis
713 1658 817 1696 non
863 1643 1246 1711 obtemperare
1309 1640 1602 1704 mandatis,
1654 1656 1821 1711 agno-

237 1746 396 1786 scere
445 1732 615 1786 valeat
669 1733 754 1788 ille
787 1733 1170 1788 ecclesiasticae
1207 1732 1432 1802 justitiam
1479 1731 1812 1798 interlcetor,

237 1832 295 1879 et
331 1832 530 1878 sanctae
557 1823 812 1879 Ecclesia:
842 1824 1112 1878 inimicus.
1187 1863 1192 1870 .

713 1915 826 1986 39
852 1914 1179 1970 EPISTOLA
1214 1915 1328 1970 xui

241 2001 558 2058 Honorabili
582 2005 792 2058 domino
817 2022 908 2058 suo
931 2016 978 2058 et
1007 2005 1227 2058 cordiali
1265 2007 1458 2070 antica,
1541 2021 1655 2059 rom
1697 2005 1819 2059 reli-

312 2093 472 2162 giosa:
494 2095 607 2146 vitta
626 2093 880 2161 pontiﬁci,
907 2091 1178 2162 Co/fridus
1209 2093 1606 2148 Vindocinensis
1638 2110 1823 2146 mona-

312 2182 458 2235 sterii
479 2183 690 2236 Immitis
713 2199 908 2247 servus,
925 2200 956 2236 a
973 2182 1082 2236 Deo
1104 2183 1297 2237 sanctis
1320 2185 1680 2252 repromissum
1705 2183 1824 2235 bea-

311 2273 608 2339 titudinem,
669 2285 718 2327 et
764 2293 796 2328 a
850 2292 906 2330 se
951 2291 1140 2345 puram
1181 2287 1230 2330 et
1272 2277 1528 2346 integram
1587 2275 1824 2331 dilectio-

308 2382 443 2419 nent.

311 2455 543 2511 Litteras
590 2457 807 2526 quidem
861 2465 1056 2512 vestrae
1103 2456 1408 2511 sanctitatis
1453 2444 1574 2510 cum
1626 2458 1820 2527 gaudio

236 2554 293 2598 et
326 2546 530 2602 honore
557 2547 912 2616 suscepimus,
942 2545 1038 2601 sed
1065 2546 1172 2610 die,
1203 2561 1364 2614 quem
1417 2545 1574 2601 nobis
1604 2546 1656 2600 in
1690 2546 1820 2616 ipsis

235 2637 606 2707 significastis,
660 2638 726 2692 ad
755 2653 852 2694 vos
881 2637 1070 2693 venire
1115 2635 1259 2691 nullo
1305 2635 1466 2691 modo
1495 2636 1815 2707 poterimus,

234 2727 554 2782 monasterii
605 2729 774 2782 nostri
829 2725 1127 2782 inevitabili
1182 2727 1507 2782 necessitate
1563 2727 1810 2793 detenti;

233 2809 358 2890 quas
397 2819 560 2875 etiam
595 2821 646 2873 in
675 2820 1005 2875 monasterio
1033 2828 1162 2874 tunc
1190 2833 1412 2874 manere
1455 2818 1600 2873 nulla
1656 2834 1820 2875 occa-

235 2912 390 2967 sione
435 2928 534 2968 nos
570 2914 791 2983 patitur.
847 2912 1130 2967 Fratribus
1179 2921 1360 2967 autem
1411 2911 1637 2978 nostris,
1667 2913 1817 2967 utde

235 3003 672 3071 possessionibus
708 3002 1026 3058 monasterii
1059 3003 1262 3072 absque
1297 3003 1581 3074 praesentia
1629 3012 1813 3056 nostra

227 3093 500 3164 judicium
551 3094 799 3158 subeant,
847 3095 1076 3148 suadere
1121 3109 1227 3148 non
1277 3092 1541 3158 valemus,
1589 3101 1646 3147 et
1671 3093 1811 3162 quod

1927 533 2007 587 eis
2039 533 2218 588 ablata
2253 541 2399 596 sunt,
2423 531 2676 585 universa
2715 529 2967 599 potestati
2994 545 3182 585 eorum
3221 531 3515 584 restituan-

1929 630 2042 685 tur,
2091 621 2157 676 ad
2201 618 2469 688 judicium
2523 618 2747 674 minime
2796 617 2999 673 debent
3048 619 3372 676 convocari..
3406 619 3516 678 Va-

1928 713 2054 769 lete.

2461 803 2796 860 EPISTOLA
2838 802 2994 863 XIV..

1932 897 2272 954 Di'ertissimo
2321 899 2532 952 domino
2584 896 2737 950 Ivoni
2785 896 3065 950 venerabili
3113 895 3530 956 Carnotensium-

1993 991 2250 1059 episcopo,
2278 1002 2324 1044 et
2357 987 2498 1042 omni
2521 995 2717 1040 sancta:
2749 984 2940 1039 Maria:
2965 985 3216 1054 capitulo,
3241 984 3514 1056 Goﬂ’ridus

2007 1079 2400 1135 liindocinensis
2445 1076 2748 1132 monasterii
2791 1075 3005 1131 humilis
3056 1092 3268 1142 servus,
3319 1094 3353 1132 ι
3401 1075 3512 1132 Deo

1993 1172 2236 1239 salutem,
2267 1181 2314 1226 et
2344 1189 2375 1225 a
2401 1187 2456 1224 se
2483 1184 2632 1240 parte
2659 1166 2952 1221 dilectionis
2978 1165 3298 1220 servitutem.

1995 1263 2145 1318 llanc
2192 1277 2315 1318 esse
2365 1263 2618 1316 virtutem
2669 1257 3021 1329 cognovimus
3065 1271 3209 1312 verte
3249 1255 3512 1327 justitiae,

1922 1357 2154 1410 amicum
2181 1369 2286 1410 non
2313 1353 2512 1411 debere
2532 1353 2724 1424 juvare
2749 1348 3050 1413 mendacio,
3082 1363 3182 1404 nec
3212 1349 3432 1405 Inimico
3457 1351 3514 1405 in

1921 1448 2149 1501 veritate
2175 1447 2382 1500 deesse.
2430 1445 2507 1498 De
2538 1442 2876 1513 depositione
2923 1439 3102 1496 domui
3129 1437 3351 1496 Goll'ridi
3382 1441 3511 1496 olim

1922 1535 2194 1593 Blesensis
2241 1535 2454 1591 abbatis
2502 1533 2681 1606 (122),
2733 1541 2786 1588 et
2831 1532 2899 1587 de
2941 1531 3281 1600 promotione
3325 1531 3512 1588 domui

1922 1628 2195 1693 Mauricii,
2234 1628 2322 1697 qui
2361 1635 2550 1683 contra
2591 1640 2690 1680 nos
2725 1624 2814 1680 diu
2862 1622 3090 1692 injustas
3129 1624 3371 1679 exercuit
3407 1623 3514 1684 ini-
3585 1637 3590 1642 ‘

1922 1718 2156 1773 mieitias
2185 1717 2358 1788 (12³5),
2386 1726 2440 1773 et
2471 1731 2658 1787 parum
2692 1714 3016 1779 fructuosas,
3046 1713 3146 1769 sibi
3178 1713 3289 1782 egit
3317 1729 3524 1784 quere-

1850 1813 1890 1869 t)
1924 1809 2022 1877 las,
2067 1809 2208 1866 sicut
2252 1810 2484 1864 vidimus
2527 1817 2581 1862 et
2629 1806 2934 1862 audivimus
2975 1805 3218 1860 veritatis
3265 1806 3510 1861 testimo-

1925 1901 2072 1954 nium
2125 1901 2272 1974 (124)
2322 1900 2690 1972 perhibemus.
2739 1898 2981 1953 Vidimus
3029 1897 3211 1967 itaque
3257 1899 3514 1953 domuum

1921 1991 2219 2048 Goll‘ridum
2268 1994 2320 2048 in
2363 1992 2651 2062 praesentia
2710 1989 2892 2046 domui
2943 1988 3212 2042 Brunonis
3258 1987 3514 2042 Romanas

1923 2083 2180 2140 Ecclesia:
2203 2092 2332 2139 tunc
2353 2082 2513 2153 legati
2540 2079 2687 2152 (123)
2713 2079 2985 2134 abbatiam
3007 2092 3159 2132 suam
3187 2076 3518 2146 relinquere,

1923 2183 1976 2230 et
2006 2175 2262 2230 domuum
2291 2173 2609 2228 Mauricium
2641 2170 2693 2225 in
2726 2168 2976 2224 abbatem
3002 2167 3221 2238 propria
3251 2182 3382 2222 voce
3411 2167 3512 2222 eli-

1923 2285 2072 2341 gere,
2101 2284 2333 2338 eumque
2359 2267 2610 2330 electum,
2643 2274 2693 2320 et
2727 2262 2840 2318 suis
2865 2261 3114 2316 manibus
3141 2260 3430 2316 deductum
3459 2261 3506 2316 is

1922 2363 2124 2430 locum,
2151 2377 2313 2432 quem
2348 2369 2475 2415 ante
2507 2359 2619 2428 ipse
2665 2361 2934 2420 tenuerat,
2962 2352 3252 2407 collocare.
3287 2352 3399 2408 Hoc
3434 2353 3506 2408 vi-

1921 2449 2119 2517 dimus,
2162 2459 2218 2506 et
2246 2465 2428 2506 coram
2461 2449 2568 2504 Deo
2594 2454 2648 2500 et
2683 2443 2994 2500 hominibus
3030 2441 3385 2498 testiticamur
3416 2449 3516 2512 pa-

1921 2545 2026 2599 lam
2055 2545 2126 2598 ita
2164 2542 2366 2598 factum
2409 2538 2596 2594 fuisse.
2642 2536 2748 2592 Sed
2775 2535 2819 2590 si
2846 2534 2973 2605 quid
3022 2531 3179 2589 aliter
3219 2544 3396 2589 actum
3424 2541 3526 2592 est.

1919 2634 1974 2689 in
2021 2630 2266 2697 occulto,
2311 2630 2636 2688 conﬁtemur
2674 2641 2775 2682 nos
2809 2639 3032 2696 prorsus
3063 2625 3331 2694 ignorare.
3365 2621 3507 2680 Fieri
3523 2643 3535 2682 ς

1919 2723 2064 2778 enim
2110 2711 2286 2792 potuit
2332 2730 2390 2776 ut
2421 2709 2564 2774 aliud
2612 2719 2790 2788 lingua
2820 2715 3051 2772 domnus
3079 2713 3350 2770 Goll'ridus
3380 2729 3507 2786 pro.

1921 2814 2218 2878 nuntiaret,
2247 2821 2302 2868 et
2332 2811 2473 2865 aliud
2503 2807 2801 2864 occultaret
2839 2792 2890 2861 in
2936 2814 3175 2876 pectore.
3219 2805 3326 2860 Sed
3353 2807 3510 2876 quid-

1918 2903 2046 2974 quid
2067 2902 2238 2959 Blesis
2259 2901 2416 2956 nobis
2439 2897 2794 2970 praesentibus
2813 2910 2974 2964 super
2992 2893 3092 2948 hac
3117 2909 3278 2949 causa
3304 2895 3506 2951 factum

1917 2995 2146 3062 exstitit,
2181 2995 2234 3049 in
2277 2999 2537 3062 quantum
2583 3003 2914 3060 cognoscere
2961 2985 3263 3056 potuimus,
3309 2988 3536 3044 domno.

1920 3087 2024 3157 '71
2073 3085 2357 3152 Mauricio,
2405 3091 2465 3138 ut
2513 3081 2809 3147 credimus,
2841 3095 2945 3135 non
2993 3077 3228 3146 obesset,
3277 3081 3323 3136 si
3372 3081 3528 3144 nihil,

238 3157 427 3238 eorum
458 3183 714 3239 voluntati
754 3157 1082 3238 contrarium
1129 3182 1525 3238 rationabiliter
1553 3157 1814 3250 cernitur,
1848 3157 1889 3215 θ
1921 3179 2065 3236 aliud
2092 3177 2396 3250 impediret.

233 3276 337 3336 cis,
369 3291 435 3330 ne
458 3275 592 3330 forte
623 3275 1077 3338 scandalizentur,
1102 3275 1368 3345 imperare
1403 3289 1506 3328 non
1531 3273 1810 3328 audemus.

232 3366 344 3419 Sed
376 3381 496 3419 cum
527 3367 843 3430 necessitas,
876 3381 995 3435 qua:
1043 3363 1432 3419 ineritabiliter
1459 3379 1556 3418 nos
1584 3363 1811 3427 detinet,

233 3455 399 3507 linem
439 3455 702 3518 habuerit,
737 3465 862 3509 ante
913 3455 1170 3510 bonitatis
1218 3464 1410 3510 vestrae
1439 3464 1812 3524 conspectum,

228 3543 357 3596 loco
378 3553 430 3598 et
449 3552 688 3614 tempore
713 3545 1059 3615 competenti,
1089 3545 1371 3615 diligenter
1398 3559 1498 3601 nos
1520 3554 1815 3614 praesenta-

226 3635 414 3689 bimus
441 3651 455 3700 ;
489 3636 554 3690 de
583 3635 856 3698 Nivelone,
884 3652 1044 3706 quem
1076 3653 1175 3692 nec
1226 3638 1532 3690 reverentia
1582 3637 1812 3704 ordinis,

227 3739 339 3778 nec
389 3723 561 3777 honor
606 3725 921 3791 sacerdotii,
975 3739 1079 3779 nec
1136 3724 1404 3777 adventus
1454 3723 1812 3780 Salvatorisa

226 3827 438 3884 genere
463 3815 586 3868 novi
610 3814 830 3868 sceleris
852 3813 1101 3876 retraxit,
1151 3812 1426 3880 accepturi
1466 3821 1522 3866 et
1548 3813 1596 3866 ei
1621 3813 1815 3870 facturi

227 3911 504 3971 quantum
561 3901 840 3957 debemus.
877 3901 1148 3972 Rogamus
1193 3901 1434 3966 interim,
1466 3901 1816 3960 dilectissime

228 3993 422 4056 Pater,
461 3991 769 4048 humilitate
821 4008 923 4062 qua
977 4007 1282 4061 possumus,
1334 3999 1393 4045 ut
1450 3990 1515 4046 de.
1562 3991 1666 4058 his,
1697 4008 1818 4063 qua:

229 4080 426 4137 Nivelo
463 4090 520 4138 et
561 4083 644 4138 sui
682 4084 838 4139 nobis
877 4083 1143 4138 violenter
1170 4083 1528 4148 abstulerunt,
1557 4092 1613 4138 et
1641 4084 1817 4140 adhuc

231 4173 532 4230 crudeliter
579 4173 843 4242 detinent,
894 4185 1074 4231 vestra
1123 4190 1216 4232 eos
1285 4184 1511 4247 cogente
1579 4173 1814 4244 justitia,

232 4266 994 4337 mereamurinvestiri,quia.
1038 4267 1200 4322 rebus
1249 4268 1481 4337 propriis
1531 4266 1816 4336 exspoliati

307 4402 455 4471 (120)
481 4403 938 4472 Archipresbytero
973 4413 1138 4458 vestro
1167 4399 1422 4472 Golfrirlo.
1450 4401 1618 4468 Epist.
1642 4401 1704 4472 k8,.

307 4468 327 4536 (
336 4468 454 4542 121)
499 4468 669 4542 ljebus
697 4468 921 4538 proin-iis
949 4468 1602 4542 exspoliari]nl‘ra_epist.
1633 4469 1720 4542 297.

306 4539 457 4606 (122)
497 4539 722 4609 6οῇνὶάὶ
745 4542 866 4596 olim
889 4542 1148 4596 Blesensis
1169 4540 1388 4593 abbatis.
1411 4539 1652 4594 ρωποι)ἱὶ
1677 4541 1816 4595 San-

234 4613 308 4666 cti
343 4611 690 4682 L'aunomari,
715 4612 780 4664 ad
810 4627 967 4682 quem
998 4614 1202 4682 honore
1225 4609 1341 4682 jam
1368 4609 1698 4682 defunctum,
1731 4619 1812 4682 at-

235 4697 343 4750 que
370 4696 437 4734 ex
461 4681 663 4750 ‘abbate
693 4679 1074 4735 anachoretam
1119 4679 1660 4750 pristinaasolitudini
1682 4681 1813 4750 red-

237 4747 406 4805 ditum
442 4759 553 4820 tres
582 4749 832 4820 leguntur
858 4752 1097 4820 epistola:
1120 4747 1300 4820 lvouis
1326 4747 1446 4810 164,
1475 4747 1598 4820 208,
1631 4748 1754 4802 210.

309 4820 460 4887 (125)
503 4819 751 4873 Exercuit
788 4820 1104 4874 inimicitias.
1148 4819 1228 4876 Ob
1266 4819 1690 4872 controversiam
1739 4819 1813 4872 vi-

239 4889 432 4945 delicet
476 4889 616 4943 inter
641 4889 934 4952 lBlesenses
973 4890 1264 4944 monachos
1303 4897 1358 4942 et
1393 4887 1814 4943 Vindocinenses

237 4961 490 5026 agitatam
517 4959 583 5012 de
607 4958 968 5014 oblationibus
990 4959 1259 5028 parochia:
1285 4956 1591 5022 Ulchensis,
1618 4958 1685 5012 de
1707 4975 1816 5028 qua

237 5027 326 5082 lvo
357 5030 514 5082 enist.
553 5028 677 5082 162.

261 5043 326 5082 vo
357 5040 514 5084 etnst.
553 5040 574 5082 1
588 5040 677 5082 0'2.

407 5047 437 5080 ιι
501 5068 514 5083 .
662 5067 677 5080 .

307 5047 752 5166 (ἓαίῗινὲἓῗηιὶε
779 5099 1147 5154 testimonium.
1176 5097 1284 5154 Cur
1313 5097 1676 5154 testimonium
1715 5098 1819 5152 hoc

238 5169 554 5235 exquisierit
591 5169 698 5228 lvo.
734 5169 958 5236 intelligi
991 5176 1170 5238 potest
1195 5183 1260 5221 ex
1288 5167 1458 5222 tribus
1485 5183 1649 5238 supra
1677 5167 1816 5221 scri-

239 5239 343 5309 ptis
366 5239 483 5307 ejus
510 5241 766 5309 epistolis,
809 5242 858 5309 in
886 5235 1079 5308 quibus
1101 5235 1600 5309 docetpmuituiss‘e
1629 5244 1821 5309 postea

241 5307 440 5362 relictae
470 5307 699 5363 abbatia:
725 5307 1055 5372 Gollridum,
1105 5307 1469 5377 Mauricioque
1513 5308 1815 5363 successori

238 5387 519 5444 propterea
545 5379 852 5434 obtrectare
880 5388 933 5433 et
965 5375 1237 5432 adversari
1269 5375 1505 5432 solitum;

308 5443 456 5517 (125)
483 5445 759 5517 _Brunonis
789 5459 912 5517 tunc
941 5449 1117 5516 legati.
1151 5447 1242 5502 lvo
1267 5451 1420 5517 epist.
1460 5447 1562 5501 161
1591 5447 1655 5502 ad
1686 5447 1816 5503 Gol—

308 5465 456 5517 uzo)
497 5465 759 5502 urunoms
789 5465 912 5501 tunc
941 5465 1117 5516 tegau.
1151 5465 1242 5502 IVO
1267 5465 1296 5503 e
1339 5465 1420 5504 εει.
1460 5465 1562 5501 ms
1591 5465 1655 5502 au
1686 5465 1816 5503 u0t—

241 5505 434 5585 lridum
478 5513 784 5574 Blesensem
823 5533 838 5571 :
873 5516 977 5585 Qui
1008 5518 1059 5570 in
1094 5534 1253 5571 manu
1289 5465 1540 5572 iiomame
1565 5517 1816 5572 Ecclesia:

243 5578 418 5658 legati,
465 5585 607 5658 nullo
642 5599 705 5658 te
729 5578 958 5658 cogente,
1000 5587 1814 5658 imoipsolegatojissuadenle

244 5652 499 5708 abbatiam
529 5652 868 5722 dimisisti,'et
895 5652 954 5710 in
974 5652 1221 5711 electione
1246 5652 1405 5725 ipsius
1435 5654 1684 5710 Mauricii
1705 5662 1812 5725 pri-

244 5731 376 5774 mum
404 5739 574 5780 vocem
601 5726 804 5780 dedisti.
837 5727 1026 5782 Incidit
1049 5725 1316 5782 Brunonis
1347 5725 1543 5799 Signire
1573 5727 1624 5783 in
1656 5726 1811 5782 Cam-

1843 4513 1892 4571 D

2471 3263 2802 3322 EPISTOLA
2843 3262 2962 3318 XV...

1919 3357 2238 3416 C‘hartssimo
2263 3359 2477 3414 domino
2501 3366 2548 3412 et
2577 3357 2745 3410 amica
2775 3353 2948 3417 leoni,
2980 3353 3274 3408 honorabili
3302 3353 3500 3408 Carna,

1988 3452 2208 3507 tensium
2244 3449 2480 3520 praesuli,
2513 3446 2785 3518 Go/fridus
2816 3445 3214 3500 Vindocinensis
3245 3457 3509 3502 monaste-

1987 3544 2054 3598 rii
2076 3541 2288 3598 Immitis
2311 3557 2509 3607 servus,
2535 3539 2944 3610 delinquentium
2972 3538 3300 3593 subditorum
3327 3542 3532 3611 culpas,

1987 3636 2060 3690 ita
2088 3635 2298 3706 judicio
2329 3633 2498 3689 sancti
2529 3631 2756 3703 Spiritus
2779 3630 3148 3694 condemnare,
3177 3639 3234 3684 ut
3269 3631 3522 3703 incalpa—.

1989 3727 2105 3782 bilis
2145 3735 2264 3782 ante
2293 3734 2621 3796 conspectum
2662 3722 2914 3778 tremendi
2949 3720 3156 3776 Judicis
3197 3719 3366 3777 raleat
3409 3740 3506 3794 ap-

1986 3833 2191 3885 parere.

1987 3909 2200 3979 Optime
2219 3909 2615 3976 nostris,Pater
2627 3908 2849 3975 optime,
2865 3905 3090 3960 clericos
3107 3915 3318 3962 vestros
3333 3907 3506 3979 (126),

1918 4013 2056 4068 quos
2102 3997 2377 4053 humilitas
2424 3997 2483 4051 Β.
2524 3995 2704 4050 Mariae
2741 3993 2870 4048 fecit
2907 3993 3188 4061 superbos,
3236 4008 3344 4050 non
3383 3993 3508 4062 jure

1919 4087 2196 4153 cteli,_nec
2236 4085 2441 4155 judicio
2481 4083 2686 4147 saeculi,
2729 4083 2823 4138 sed
2869 4081 3027 4136 solita
3073 4081 3272 4136 mentis
3302 4091 3508 4152 tempe.

1918 4188 2058 4235 state
2088 4177 2287 4249 gradus
2317 4177 2508 4230 domus
2545 4181 2745 4227 nostra:
2773 4169 2922 4242 (127)
2959 4169 3312 4225 destruxisse.
3349 4170 3507 4228 Unde

1917 4267 2230 4341 paternitati
2261 4271 2454 4322 vestrae
2499 4261 2780 4320 humiliter
2824 4259 3188 4333 supplicamus
3217 4262 3444 4331 ut-quod
3475 4280 3540 4325 a,

1917 4403 2076 4472 pania
2103 4401 2284 4458 Italica
2315 4401 2552 4473 episcopi
2582 4399 2778 4473 legatio
2805 4399 2856 4454 in
2880 4414 3080 4473 annum
3101 4397 3312 4473 fibristi
3345 4400 3503 4473 1106.

1921 4467 2032 4529 Hoc
2064 4473 2333 4544 siquidem
2351 4467 2515 4544 'anno
2540 4471 2593 4526 in
2627 4467 2839 4544 Gallias
2861 4471 3071 4544 venisse
3101 4467 3518 4544 ljuatmundum.

1918 4544 2105 4599 ducem
2129 4539 2281 4598 notat
2305 4542 2630 4598 Chronicum
2655 4540 2840 4596 Sancti
2871 4539 3068 4594 Albini.
3102 4540 3516 4600 Buatmundum.

1917 4622 2096 4668 autem
2138 4612 2415 4681 Paschalis
2432 4611 2584 4679 jussu
2621 4611 2910 4681 comitatus
2935 4618 3020 4681 est
3057 4608 3236 4681 Bruno
3268 4610 3503 4681 legatus.

1915 4685 2179 4739 Auctores
2207 4679 2398 4738 Petrus
2423 4678 2711 4744 Diaconus,
2745 4693 2803 4735 et
2827 4678 3087 4750 Sugerius
3116 4680 3305 4744 abbas,
3324 4678 3420 4750 qui
3449 4692 3530 4736 et

1914 4753 2107 4876 εμπ)όὶ
2135 4751 2205 4808 ab
2241 4753 2434 4808 eodem
2463 4750 2603 4820 apud
2639 4750 2891 4814 Pictavos
2916 4749 3203 4812 celebratae
3244 4749 3513 4816 memines

1914 4837 2014 4877 run
2047 4860 2062 4874 .

1987 4891 2135 4960 (126)
2184 4889 2418 4946 Clericos.
2459 4897 2671 4949 vestros.
2700 4887 3004 4950 Canonicos
3057 4887 3290 4947 Sanctia.
3321 4891 3512 4955 Maria:

1919 4960 2292 5016 Carnotensis.

1993 5029 2141 5102 (127)
2178 5027 2391 5102 Gradus
2419 5029 2854 5102 damusnnostrte.
2901 5029 3174 5102 Ecclesias
3208 5030 3449 5102 quinque
3473 5048 3503 5088 δ

1920 5099 2256 5170 Theoderico
2299 5100 2550 5170 episcopo
2584 5099 3092 5170 Vindocinensibus
3118 5099 3276 5156 datas
3323 5099 3508 5158 osten-

1921 5170 2052 5223 dunt
2091 5169 2284 5224 litterae
2318 5167 2652 5238 pontificum.
2691 5167 2941 5226 Clemens
2968 5170 3027 5232 II,
3055 5169 3240 5232 Victor
3256 5173 3418 5238 item,
3451 5181 3508 5225 et

1919 5237 2172 5295 Nicolaus
2200 5239 2238 5294 11
2257 5281 2269 5302 ,
2309 5235 2705 5310 i'njrivilegiis
2732 5241 3160 5295 conﬁrmationis
3190 5259 3203 5294 :
3239 5235 3526 5301 Ecclesiae;

1917 5310 2164 5380 quinque,
2199 5326 2335 5380 quas
2360 5307 2705 5369 Theodericus
2736 5310 3373 5380 Carnotensisepiscopns
3395 5325 3506 5362 mo.-

1925 5377 2152 5434 nasterio
2203 5377 2570 5435 Vindocinensi
2610 5379 2752 5437 dedit
2793 5397 2968 5434 amore
3012 5380 3104 5433 Dei
3132 5377 3212 5438 et,
3243 5379 3506 5445 supplica-

1925 5395 2152 5434 nasterro
2208 5395 2568 5435 rmaocmenst
2610 5395 2752 5437 aeau
2793 5397 2968 5434 amore
3012 5395 3102 5433 uer
3148 5395 3212 5438 et,
3243 5395 3502 5445 supmca-

1922 5448 2067 5518 tiane
2081 5446 2304 5518 Coﬂ‘ridi
2327 5449 2526 5518 comitis
2551 5447 2863 5515 ,Ecclesiam
2891 5449 3084 5502 scilicet
3115 5447 3300 5518 Sancti
3326 5395 3502 5518 beati,

1921 5516 2189 5571 ecclesiam
2217 5517 2402 5574 Sancti
2430 5517 2652 5573 Joannis
2683 5521 2746 5573 de
2773 5517 3204 5580 Castrodunensi,
3227 5516 3528 5580 ecclesiam,

1921 5587 1985 5640 de
2013 5585 2299 5652 Balneolis,
2340 5587 2611 5642 ecclesiam
2649 5589 2714 5642 de
2744 5586 3048 5648 Villarebla,
3076 5585 3358 5645 ecclesiam
3390 5591 3520 5646 Ana.

1920 5655 2130 5730 cherici.
2175 5655 2282 5712 Sed
2320 5659 2514 5730 harum
2563 5659 2704 5714 nulla
2743 5657 2982 5713 Carnuto
3021 5655 3287 5725 proxima.
3318 5657 3524 5730 Quare

1921 5726 2048 5780 alibi
2085 5725 2370 5802 quaerenda
2405 5737 2519 5786 est..
