3992 6352
240 305 309 359 85
515 345 528 356 .
1536 289 1919 349 EPISTOLA‘J.
1953 322 2022 333 -—-
2047 291 2172 346 LIB.
2214 292 2274 346 ll.
3451 289 3520 346 86

238 426 551 502 possumus,
583 433 684 474 nec
709 417 990 472 audemus.
1039 413 1145 470 Sed
1188 413 1332 468 salva
1373 420 1546 466 vestra
1588 427 1741 481 pace,
1777 418 1827 463 et
1861 415 1905 473 Α
1937 409 2240 466 inordinata
2293 409 2539 463 remissio
2590 408 2760 478 pietas
2804 409 2882 462 vel
2931 408 3301 464 misericordia
3347 422 3516 472 esset,

240 515 545 569 reverentia
572 512 822 578 dicimus,
852 511 896 566 si
939 507 1203 579 insepulta
1235 517 1579 562 remanerent
1608 521 1704 576 pro
1731 505 1832 559 Ec-

238 607 420 670 clesia:
445 604 676 674 justitia,
705 605 822 658 non
856 602 979 657 ideo
1018 601 1216 655 anima:
1244 599 1423 653 minus
1471 597 1734 652 haberent
1768 596 1834 650 de

238 697 428 767 gloria.
463 696 529 749 Et
558 695 684 764 quia
716 709 745 747 a
769 695 1063 748 sanctitate
1090 699 1271 746 vestra
1304 687 1633 758 pauperibus
1656 685 1834 756 sepul-

239 799 357 839 tura
387 786 729 849 conceditur,
775 785 878 840 sub
903 783 1123 838 nomine
1156 795 1453 852 pauperum
1484 795 1512 833 a
1553 777 1834 848 sepultura

230 875 344 944 jam
373 875 553 931 nullus
577 874 902 930 excluditur.
941 873 1146 928 Valete.

769 960 1106 1023 EPISTULA
1150 964 1308 1020 XVII.

235 1063 618 1118 Amantiuimo
647 1061 860 1116 domino
887 1069 935 1114 et
969 1059 1121 1113 Patri
1155 1057 1335 1128 lvonij,
1375 1055 1680 1112 venerabilis
1717 1055 1835 1109 citra

305 1155 569 1224 pontiﬁci,
600 1155 768 1224 frater
789 1150 1064 1228 Goﬁ'ridns
1097 1166 1303 1206 omnem
1330 1149 1510 1204 ulcisci
1539 1147 1834 1202 inobedien—

209 1296 216 1304 .
309 1248 460 1310 tiam,
491 1256 539 1300 et
563 1247 642 1301 sic
669 1246 827 1300 vitam
855 1244 1139 1314 promereri
1165 1253 1433 1297 a’teruam.

313 1337 570 1404 Noverit,
596 1337 918 1393 charissime
960 1336 1136 1400 Pater,
1169 1344 1346 1390 vestra
1376 1333 1618 1399 dilectio,
1655 1333 1705 1387 in
1739 1348 1832 1388 ca-

236 1440 354 1484 stro
399 1429 684 1484 Vindociui
733 1428 904 1497 (152),
956 1427 1130 1482 dictos
1185 1426 1306 1481 illos
1353 1425 1627 1496 regulares
1681 1423 1825 1480 beati

233 1515 454 1586 Georgii
480 1516 774 1570 canonicos
793 1513 962 1585 (155),
988 1514 1040 1567 in
1068 1512 1312 1568 Ecclesia
1337 1511 1486 1566 Beati
1513 1510 1654 1566 Petri
1681 1525 1832 1580 aper-

227 1609 311 1662 -tis
352 1606 536 1673 januis
582 1615 774 1662 contra
830 1603 1180 1660 interdictum
1226 1615 1466 1659 vestrum
1518 1600 1832 1656 solemniter

237 1695 590 1752 festivitatem
641 1697 980 1759 celebrasse,
1032 1694 1275 1764 aliosque
1329 1691 1572 1765 ejusdem
1626 1690 1830 1746 castelli

1936 501 2080 556 circa
2109 500 2501 570 delinquentes,
2533 501 2625 556 sed
2653 501 3073 571 impcenitentes,
3107 501 3397 570 plurimum
3424 517 3517 554 ex-

1937 589 2180 655 hiberet;
2211 591 2410 661 quibus
2437 593 2602 646 etiam
2632 607 2739 646 non
2783 591 3136 661 pulsantibus,
3162 590 3278 660 ejus
3309 591 3517 646 miseri-

1936 683 2134 738 cordia:
2172 683 2339 754 janua
2382 692 2550 754 patet.
2596 683 2731 738 Nam
2761 685 2884 754 quis
2931 700 2994 739 ex
3043 683 3300 738 divitibus
3329 692 3518 738 contra

1937 778 2285 834 interdictum
2318 788 2555 833 vestrum
2583 777 2699 833 vult
2733 779 2972 848 sepeliri,
3007 787 3061 832 et
3088 793 3194 832 non
3229 776 3522 848 sepelitur?

1936 870 2269 941 Pauperibus
2315 878 2518 935 autem,
2551 871 2641 940 qui
2678 869 2890 940 culpam
2921 879 3048 926 non'
3074 870 3299 934 habent,
3343 869 3521 938 sepula

1845 996 1852 1003 -
1939 969 2059 1016 tura
2090 970 2339 1032 negatur.
2388 961 2705 1016 Potentibus
2744 961 2852 1032 75
2891 961 3206 1030 aperiuntur
3235 957 3517 1023 Ecclesiae;

1937 1054 2262 1123 impotentes
2303 1067 2398 1123 per
2437 1067 2575 1124 quos
2599 1053 2743 1122 quod
2779 1051 2920 1106 male
2950 1061 3128 1107 actum
3171 1060 3284 1116 est,
3325 1049 3529 1120 corrigi

1937 1160 2042 1200 non
2073 1151 2272 1214 potest,
2314 1145 2384 1200 ab
2410 1143 2656 1214 ecclesiis
2701 1142 3084 1200 excluduntur.
3117 1141 3320 1199 Sancto
3350 1142 3528 1196 Evan-

1935 1235 2075 1308 gelio
2127 1245 2266 1292 teste
2311 1238 2684 1309 cognovimus,
2736 1245 2790 1291 et
2838 1234 3148 1291 nullatenus
3194 1235 3527 1300 dubitamus,

1934 1326 2224 1398 benignum
2267 1325 2446 1382 Jesum
2478 1326 2766 1381 Dominum
2814 1334 3058 1382 nostrum
3099 1323 3163 1378 Β.
3207 1325 3367 1379 Petro
3406 1340 3526 1395 qtm

1936 1418 2148 1490 liganda
2172 1427 2327 1474 erant
2355 1419 2578 1492 ligandi,
2612 1427 2668 1474 et
2695 1434 2816 1489 qua:
2859 1417 3114 1473 solvenda
3159 1417 3398 1472 solvendi
3430 1433 3526 1487 po-

1938 1522 2184 1568 testatem
2212 1513 2497 1568 tradidisse
2521 1497 2738 1582 (Matth.
2767 1527 2879 1577 ιη,
2907 1509 3016 1580 19).
3048 1508 3157 1564 Sed
3183 1508 3342 1564 aliter
3363 1524 3525 1579 quam

1935 1605 2194 1660 Dominus
2223 1605 2394 1671 dedit,
2438 1604 2524 1660 vel
2555 1604 2616 1659 Β.
2651 1603 2847 1660 Petrus
2888 1603 2958 1659 ah
2997 1602 3090 1658 illo
3120 1601 3409 1672 acceperit,
3445 1603 3527 1655 in-

1938 1697 2172 1753 discrete
2205 1697 2472 1768 gloriosus
2496 1705 2674 1752 vester
2706 1695 3046 1763 archilevita,
3075 1693 3231 1764 quasi
3263 1692 3527 1764 prapheta

235 1787 468 1844 clericos
511 1787 797 1856 quemdam
851 1787 1176 1858 burgensem
1223 1783 1534 1839 defunctum
1556 1825 1571 1848 ,
1617 1793 1668 1836 et
1710 1797 1831 1836 cum
1865 1765 1909 1824 Β
1937 1788 2139 1843 docens
2164 1765 2528 1852 mendacium,
2557 1787 2814 1842 solvenda
2841 1785 2991 1857 ligat,
3019 1792 3076 1841 et
3104 1783 3264 1840 solvit
3290 1782 3524 1852 liganda.

239 1877 497 1934 defuncto
519 1876 787 1944 justitiam
816 1875 925 1948 74
965 1877 1120 1947 quasi
1148 1876 1459 1931 detunctam
1491 1872 1833 1944 sepelientes,

242 1967 476 2038 publicis
503 1968 938 2036 processmnibus
967 1967 1256 2036 Septtllttt‘m
1285 1966 1594 2021 tradidisse.
1627 1965 1704 2020 De
1733 1979 1840 2033 qua

245 2056 630 2113 ecclesiasticae
677 2054 903 2125 iustitia:
957 2057 1269 2127 sepultura,
1315 2072 1435 2127 qua:
1482 2055 1840 2111 contumacia:

246 2147 430 2201 studio
457 2159 577 2202 acta
611 2146 970 2216 dignoscitur,
1007 2156 1064 2200 et
1104 2146 1172 2200 de
1205 2146 1510 2214 huiusmodi
1551 2145 1842 2215 sepultura:

247 2238 508 2302 vindicta,
539 2248 736 2294 vestrm
762 2236 1084 2293 sublimitati
1119 2247 1303 2293 nostra
1331 2236 1840 2309 humilitasaliquid

245 2330 577 2398 scripsisset,
627 2329 671 2384 si
721 2329 1018 2384 monachus
1047 2345 1186 2385 unus
1226 2327 1500 2385 sufﬁceret
1545 2329 1612 2385 de
1655 2329 1841 2384 inobe-

248 2421 450 2476 dientia
501 2420 825 2474 clericorum
874 2435 1133 2476 accusare
1179 2419 1602 2484 multitudinem,
1632 2429 1686 2475 et
1711 2434 1843 2489 prae-

244 2519 620 2581 sumptuosum
648 2527 755 2566 non
786 2511 1058 2566 videretur
1082 2518 1242 2566 tanta:
1269 2510 1616 2566 discretionis
1643 2511 1842 2567 docere

245 2603 582 2676 pontiﬁcem.
622 2601 756 2657 lllud
808 2610 987 2658 tamen
1036 2602 1336 2674 perpendat
1385 2612 1564 2658 vestra
1623 2601 1842 2657 dilectio

243 2695 417 2765 quod,
449 2695 496 2749 si
543 2702 693 2750 tanta
733 2693 960 2763 justitim
1011 2693 1206 2762 injuria
1251 2696 1527 2766 patienter
1569 2703 1838 2764 portatur,

243 2785 546 2842 verendum
576 2795 661 2842 est
702 2801 770 2841 ne
797 2794 982 2842 sancta
1019 2785 1258 2842 Ecclesia
1302 2785 1405 2840 hac
1443 2784 1732 2840 occasione
1777 2779 1844 2841 de

244 2887 395 2934 statu
421 2893 521 2933 suo
545 2877 838 2940 plurimum
863 2878 1077 2950 perdat,
1105 2886 1159 2932 et
1200 2892 1312 2933 sua:
1335 2876 1642 2933 honestatis
1672 2885 1730 2931 et
1752 2889 1839 2932 ore

244 2969 393 3024 diois
441 2968 831 3025 intolerabilem
875 2969 1145 3036 iacturam
1179 2967 1439 3038 patiatur.
1465 2966 1620 3022 Unde
1646 2976 1843 3022 vestra:

242 3062 562 3132 patermtati
612 3061 755 3117 liliali
804 3061 1092 3117 dilectione
1123 3060 1522 3131 supplicamus,
1571 3070 1839 3128 quatenus

244 3155 318 3210 ad
347 3168 446 3209 nos
476 3154 642 3210 misso
673 3161 869 3208 vestra:
909 3152 1254 3208 auctoritatis
1296 3152 1535 3217 decreto,
1582 3159 1690 3205 tam
1720 3165 1840 3220 per-

243 3245 458 3300 niciosa
496 3243 844 3316 presumptio
872 3245 990 3300 sine
1030 3243 1271 3298 vindicta
1312 3237 1534 3296 minime
1576 3249 1840 3306 transeat,

243 3348 312 3394 ut
341 3353 500 3408 quam
530 3353 693 3408 grave
723 3339 796 3394 sit
824 3353 924 3394 suo
952 3339 1210 3409 episcopo
1246 3352 1352 3392 non
1379 3335 1618 3401 obedire,
1649 3335 1732 3392 vel
1763 3337 1844 3392 sic

241 3430 624 3499 unusquisque
650 3438 1018 3492 transgressor
1037 3436 1317 3499 agnoscat.
1345 3427 1420 3483 De
1443 3428 1640 3483 domno
1662 3426 1844 3483 archi-

244 3519 480 3574 diacono
509 3518 683 3590 (151),
722 3519 874 3589 cujus
917 3519 1146 3575 virtutes
1190 3517 1276 3572 vel
1321 3517 1454 3572 vitia
1501 3517 1842 3586 prudentiant

242 3619 492 3666 vestram
524 3611 776 3682 ignorare
807 3627 914 3666 non
947 3603 1241 3676 credimus,
1269 3609 1421 3664 vobis
1450 3623 1577 3664 vera
1605 3609 1845 3664 scribere

242 3718 362 3758 non
407 3703 689 3766 audemus,
736 3716 803 3756 ne
838 3712 1026 3756 nostra
1072 3702 1279 3756 veritas
1305 3699 1422 3767 ejus
1464 3700 1646 3754 odium
1688 3699 1846 3754 nobis

243 3801 565 3866 generaret,
597 3801 655 3846 et
696 3791 786 3859 qui
838 3791 979 3845 male
1007 3791 1116 3861 agit
1145 3787 1541 3860 pejusageret.
1587 3787 1765 3854 Certe,
1801 3789 1845 3843 si

247 3899 291 3956 δῖ
328 3904 479 3971 (152)
522 3905 586 3958 1η
621 3915 792 3959 castro
839 3902 1135 3958 Vindocini.
1171 3899 1551 3964 Vindocinum,
1590 3899 1732 3971 quod
1761 3915 1850 3955 ca-

246 3969 432 4034 atrum
477 3974 720 4031 Goﬂrido
757 3983 812 4029 et
844 3973 1128 4030 castellum
1181 3972 1400 4036 dicitur,
1454 3983 1560 4023 non
1607 3969 1851 4025 obscurae

250 4055 405 4106 nota:
431 4054 515 4100 est
539 4046 793 4115 oppidum
837 4046 904 4099 ad
940 4041 1354 4115 LediAﬂuminis
1400 4040 1594 4109 ripam,
1633 4038 1689 4093 in
1719 4039 1852 4093 Car-

250 4126 451 4176 nutum
497 4111 628 4186 agro
671 4130 736 4169 ac
781 4115 1025 4186 dioecesi.
1069 4111 1221 4186 Quod
1268 4127 1430 4165 unum
1475 4117 1850 4186 argumentum

253 4189 396 4242 satis
426 4186 507 4240 est
534 4178 605 4239 5d
638 4185 982 4238 minuendam
1028 4178 1359 4252 opinionem,
1396 4196 1526 4252 qua:
1545 4178 1850 4233 multorum

253 4257 423 4314 hodie
451 4256 660 4310 animos
689 4256 951 4323 pervasit.
981 4250 1269 4308 Vindocini
1319 4269 1350 4306 ιι
1395 4250 1687 4306 Ptolomaeo
1710 4264 1854 4323 __geo-

296 4327 470 4394 rapho
529 4317 857 4380 mentionem
914 4323 1521 4394 ﬁeriLV’indinumque
1571 4317 1851 4394 appellari.

296 4343 470 4394 rapno
529 4343 857 4380 Inenuonent
915 4343 1068 4388 Hert,
1130 4343 1521 4390 thuuuunque
1571 4343 1851 4388 appeuarh

254 4343 558 4452 gindinnm
595 4396 739 4448 enim
772 4393 1038 4450 Οὒῖνδινον
1075 4393 1397 4448 Ptolomaeus
1432 4406 1537 4445 non
1570 4390 1622 4444 in
1653 4390 1856 4444 Carnu-

1938 1879 2223 1936 Providete
2253 1881 2456 1950 itaque,
2488 1879 2839 1936 dilectissime
2870 1879 3049 1945 Pater,
3095 1895 3164 1934 ne
3197 1877 3406 1946 iustitia
3431 1893 3527 1932 ve-

1939 1981 2076 2034 stra,
2099 1987 2220 2041 qua:
2245 1986 2312 2028 ex
2338 1969 2630 2042 parteiam
2655 1971 2834 2041 perire
2857 1971 3044 2042 coepit,
3073 1970 3293 2026 omnino
3318 1977 3527 2040 pereat,

1941 2069 1995 2116 et
2015 2062 2155 2116 uuod
2181 2063 2447 2117 veraciter
2467 2061 2620 2114 vobis
2645 2060 2983 2123 mandamus,
3009 2061 3166 2116 nobis
3187 2075 3294 2114 non
3317 2067 3556 2120 noceat...

2439 2148 2774 2205 EPISTOLA
2813 2149 3001 2204 XVll-l.

1945 2241 2260 2297 Honorabili
2313 2242 2548 2304 domino,
2600 2251 2647 2319 et
2702 2241 3038 2310 praecordiali
3085 2239 3284 2303 amico,
3339 2239 3558 2292 domuo-

2003 2332 2782 2402 lvortiCarnotensiepiscopo,
2834 2332 3003 2401 frater
3023 2331 3297 2401 Go/fridus
3342 2328 3537 2384 Vindo-

2012 2426 2241 2480 cincnsir
2271 2424 2574 2480 monasterii
2599 2441 2805 2490 servus,
2851 2423 3107 2496 quidquid
3142 2433 3309 2494 potest
3354 2422 3536 2476 haberi

2013 2514 2282 2571 salubrius

2015 2605 2091 2658 De
2114 2612 2261 2658 statu
2294 2604 2496 2660 domini
2527 2620 2678 2677 pap:e
2708 2603 2857 2676 (155)
2886 2613 2939 2660 et
2969 2603 3226 2659 Romana:
3278 2600 3536 2658 Ecclesia

1941 2695 2101 2752 vobis
2147 2697 2416 2752 veraciter
2438 2697 2704 2753 annuntio
2733 2696 2877 2767 quod
2900 2695 3152 2751 dominus
3183 2710 3320 2766 papa
3345 2703 3401 2750 et
3421 2692 3540 2748 Bo-t

1945 2803 2087 2844 mam
2139 2797 2195 2846 et
2247 2788 2552 2844 Romanam
2611 2789 2910 2844 Ecclesiam
2966 2804 3092 2844 cum
3156 2802 3352 2856 magna
3403 2801 3550 2858 pare-

1943 2879 2184 2951 possidet
2233 2887 2288 2934 et
2339 2878 2758 2950 tranquillitate.
2789 2877 2974 2933 Roma:
3024 2875 3302 2933 dominum
3340 2890 3545 2947 papam

1945 2970 2150 3035 inveni,
2177 2986 2301 3026 eum
2338 2987 2447 3042 quo
2489 2971 2633 3026 inter
2660 2971 2766 3026 alia
2803 2970 2872 3026 de
2930 2967 3084 3025 vobis
3131 2968 3364 3034 locutus,
3392 2968 3533 3022 bona

1945 3075 2066 3128 quae
2090 3061 2240 3131 potui
2272 3073 2325 3116 et
2355 3060 2514 3118 debui
2564 3063 2630 3118 de
2656 3075 2886 3131 persona
2917 3069 3097 3116 vestra
3144 3059 3348 3126 dicere,
3377 3057 3538 3128 quid-

1943 3153 2072 3222 quid
2103 3153 2194 3208 alii
2225 3153 2598 3220 musitasscnt,
2628 3153 2703 3210 illi
2729 3169 2836 3210 non
2868 3155 3032 3209 tacui.
3053 3153 3176 3208 Inde
3207 3168 3331 3209 cum
3363 3151 3534 3208 redis-

1943 3259 2059 3299 sem
2115 3254 2169 3300 et
2225 3246 2335 3317 76
2381 3245 2631 3318 Lugduni
2685 3261 2716 3300 a
2780 3246 2982 3302 domno
3043 3245 3274 3316 primate
3320 3243 3540 3315 Lugdu.

1944 3335 2101 3391 nensi
2133 3335 2312 3407 (156),
2347 3344 2450 3392 eta
2483 3345 2593 3392 tota
2629 3336 2877 3392 Ecclesia
2905 3335 3023 3404 ejus
3058 3335 3286 3390 multum
3310 3336 3533 3390 honori-

1947 3429 2048 3486 ﬁce
2100 3438 2421 3501 susceptus,
2471 3438 2528 3486 et
2579 3444 2675 3500 per
2739 3428 2980 3499 quinque
3033 3427 3149 3482 dies
3215 3441 3336 3482 cum
3387 3428 3535 3482 omni

1946 3521 2212 3577 comitatu
2261 3530 2450 3578 nostro
2473 3520 2764 3593 diligenter
2788 3527 3114 3592 procuratus
3143 3518 3394 3586 fuissem,
3433 3535 3543 3573 aug

1946 3613 2056 3670 divi
2105 3614 2174 3670 ab
2225 3613 2343 3684 ipso
2388 3613 2801 3684 archiepiscopo
2848 3627 2968 3684 quae
3015 3621 3210 3668 vestra:
3263 3611 3542 3666 dilectioni

1948 3705 2224 3761 occultare
2273 3721 2376 3762 nec
2428 3721 2672 3777 possum,
2701 3720 2804 3762 nec
2850 3705 3042 3762 debeo.
3081 3689 3530 3774 Audivi-inique,

1949 3797 2206 3852 domnum
2256 3796 2630 3855 Senonensem
2686 3797 2858 3870 (157),
2899 3811 3022 3853 cum
3073 3795 3165 3852 illo
3212 3795 3404 3852 fecisse
3439 3811 3533 3866 pa-

1951 3915 2010 3962 ut
2038 3917 2282 3974 apparet,
2313 3909 2474 3968 1112..

2038 3923 2282 4030 agparet,
2313 3923 2474 3968 1112..

2026 3977 2072 4045 (1
2119 3976 2171 4040 6)
2200 3975 2399 4032 Domno
2425 3979 2647 4048 primate
2673 3979 3010 4048 Lngdtmensi
3029 4020 3042 4040 ,
3067 3977 3273 4034 Joanne
3297 3978 3558 4048 llugonis.

1953 4061 2290 4117 successore,
2309 4062 2469 4117 quem
2493 4051 2690 4102 mirum
2717 4058 2802 4103 est
2834 4048 2992 4102 abiis
3024 4049 3285 4102 hactenus
3316 4057 3539 4117 przeter-

1956 4118 2093 4172 itum
2119 4115 2435 4186 fuissegqui
2453 4118 2765 4186 antistitum
2795 4117 3235 4184 Lugdunensium
3262 4115 3568 4186 catalogOs..

1957 4195 2270 4242 texuerunt.
2306 4185 2414 4240 Sed
2445 4185 2670 4256 Joannis
2702 4186 3112 4256 archiepiscopi
3157 4185 3540 4256 Lugdunensis

1957 4270 2181 4319 nomen,
2212 4263 2537 4324 tempusque
2567 4255 2844 4310 vindicant
2887 4255 3128 4324 cpistolrc
3158 4255 3298 4324 apud
3325 4256 3537 4311 lvonem

1959 4325 2066 4381 256
2101 4334 2155 4380 et
2179 4325 2311 4390 257,
2341 4340 2479 4394 quas
2527 4327 2780 4394 scriptas
2809 4335 3023 4381 constat
3056 4341 3201 4379 atmo
3233 4327 3392 4393 1111,
3417 4342 3557 4381 suc-.

1958 4397 2127 4468 cessit
2161 4395 2546 4466 ergO-Joanncs
2578 4395 3388 4468 llugoni,rexittptoEcclesiatn
3414 4408 3544 4453 ante
3573 4437 3578 4442 -

256 4468 431 4530 tibus,
463 4466 557 4520 sed
605 4467 656 4519 in
689 4465 953 4519 Aulerciis
996 4463 1323 4518 Cenomanis
1369 4462 1530 4526 locat,
1558 4469 1613 4530 et
1658 4460 1856 4529 prima—
1889 4464 1934 4520 ι)
1961 4460 2365 4524 Gauceraﬁum.

256 4537 400 4590 riam
447 4550 634 4589 eorum
667 4538 854 4590 urbem
901 4533 1052 4588 facit.
1103 4532 1281 4600 Quare
1329 4529 1468 4585 haud
1509 4529 1727 4600 dubium
1770 4541 1856 4600 est

257 4606 425 4659 aliam
457 4620 560 4659 non
599 4619 719 4659 esse
741 4620 903 4673 quam
928 4596 1298 4673 Cenomanum
1327 4602 1526 4672 ipsum,
1562 4596 1854 4673 totips__(_3e-

258 4677 603 4729 nomannicae
638 4668 942 4744 provinciae
974 4682 1165 4741 caput;
1200 4668 1362 4744 cuius
1407 4685 1600 4744 nomen
1642 4668 1852 4744 gallica

257 4738 658 4814 consuetudine
709 4759 884 4814 suum
923 4738 1080 4814 fecit,
1120 4743 1302 4814 etiam
1361 4738 1854 4814 apud__Goll‘t_-idunt

259 4815 357 4869 lib.
391 4830 485 4876 tu.
523 4811 683 4885 epist.
716 4814 802 4868 16.
844 4812 1128 4885 Vindoeini
1160 4827 1290 4868 vero
1328 4809 1537 4866 castelli
1584 4809 1856 4885 antiquis-

261 4887 424 4948 sima,
473 4879 592 4952 quae
641 4899 783 4938 nunc
828 4883 1044 4952 quidem
1095 4891 1398 4945 succurrat,
1444 4880 1646 4935 mentio
1673 4879 1856 4952 estAin

260 4949 517 5022 pactione
556 4949 860 5008 Guntratmi
900 4962 955 5008 et
988 4951 1325 5009 Childeberti
1365 4965 1586 5022 regum,
1619 4963 1739 5019 qua:
1767 4949 1856 5022 in-

261 5018 408 5078 serta
439 5022 792 5093 esth-egorii
819 5023 1154 5093 Turonensis
1183 5018 1562 5093 historiaelib,
1582 5018 1739 5093 tx'._c_.
1763 5018 1856 5072 20.

335 5093 484 5164 (155)
525 5087 806 5164 Regulam:
839 5093 902 5147 Β.
929 5091 1141 5163 Georgii
1165 5093 1467 5164 canonicos.
1500 5088 1565 5142 Hi
1595 5087 1857 5164 originem

261 5159 418 5218 suam
453 5159 649 5218 debent
685 5165 878 5232 Agneti
910 5159 1233 5232 connit'issaa,
1257 5162 1332 5216 illi
1363 5161 1462 5231 ipsi
1498 5173 1622 5232 qum
1649 5159 1854 5232 Yindo-

262 5234 486 5288 cinense
521 5228 908 5288 tnonastErium
935 5249 1058 5288 cum
1091 5231 1352 5288 Gaulrido
1383 5228 1500 5285 viro
1529 5228 1629 5284 suo
1657 5228 1854 5283 funda-

262 5304 358 5363 vit.
403 5318 502 5357 nec
532 5303 700 5360 multo
725 5312 853 5360 sunt
897 5303 1244 5371 posteriores,
1281 5316 1405 5358 cum
1444 5297 1858 5371 tabulaaufunda-

265 5373 433 5428 tionis
461 5388 661 5435 annum
691 5369 982 5446 praeferant
1009 5373 1170 5430 1048.
1207 5371 1504 5442 Regulares
1546 5369 1705 5424 hodie
1751 5382 1856 5423 non

262 5453 411 5497 sunt.

335 5512 489 5638 .(1'347)
527 5511 606 5570 De
643 5514 835 5570 domno
870 5513 1265 5570 archidiacono.
1303 5508 1644 5567 Raimbaldo.
1678 5505 1853 5579 Supra

335 5600 379 5638 ts
411 5623 424 5637 .
493 5623 511 5638 .
1273 5616 1278 5621 .

335 5593 424 5639 lSl.
454 5593 511 5642 7.
1273 5616 1278 5621 ·

264 5595 619 5727 missing
638 5663 780 5727 statu
803 5671 973 5727 papte.
998 5616 1282 5727 Paschalis
1301 5650 1364 5727 ll,
1396 5649 1465 5727 ad
1508 5663 1668 5727 quem
1724 5663 1852 5720 pro-

271 5719 1048 5786 ‘ec'tum'Goﬂ'ridum'vidimus
1073 5723 1169 5780 lib.
1200 5721 1412 5795 t,epist.
1440 5719 1471 5777 ι
1495 5719 1596 5777 sub
1627 5719 1848 5787 annum,

2033 4536 2180 4607 (157)
2205 4535 2468 4591 Domuum
2498 4535 2849 4594 Senonensem
2879 4537 3562 4606 Daimbcrtttm.archiepi-.

1961 4621 2186 4676 scopum
2212 4622 2250 4680 ;Δ
2285 4607 2371 4680 cui
2429 4622 2554 4662 cum
2603 4607 3038 4680 archiepiscopis
3087 4607 3582 4680 Lugdunensibus,

1965 4675 2074 4732 non
2099 4693 2203 4748 una
2227 4675 2329 4731 fuit
2352 4677 2672 4748 contentio.
2697 4675 2879 4734 Prima
2921 4675 3044 4733 cum
3086 4675 3309 4748 Huéone
3339 4677 3556 4748 legato,-

1964 4761 2087 4802 cum
2117 4747 2236 4813 ejus
2263 4747 2661 4802 ordinationem
2691 4758 3017 4810 moraretur,
3050 4756 3113 4802 ut
3163 4749 3316 4803 docet
3366 4747 3543 4804 lvonis

1965 4817 2205 4896 epistola
2223 4815 2312 4870 60.
2333 4817 2516 4872 Altera
2539 4832 2663 4896 cum
2694 4817 2936 4896 Joanne...
2952 4833 3077 4874 cum
3101 4819 3170 4874 ab
3211 4832 3277 4874 eo
3320 4819 3388 4872 ad
3411 4835 3543 4874 con-

1968 4885 2154 4956 cilipni
2177 4885 2452 4956 Ansanum
2476 4894 2631 4956 extra
2662 4889 3012 4956 provinciam
3029 4898 3335 4952 vocaretur,
3366 4899 3425 4944 ut
3457 4901 3568 4945 est.

1965 4955 2019 5009 in
2053 4954 2348 5028 Daimberti
2395 4954 2826 5028 ip_sius_ep'istola
2875 4959 3299 5028 apudalvonem.
3333 4959 3539 5019 Tertia.

1965 5038 2128 5094 quam
2143 5021 2430 5094 Goﬂ'ridns'
2444 5025 2546 5081 hoc
2574 5021 2703 5082 loco
2717 5027 2892 5084 indica
2901 5021 2940 5091 ἱ,
2956 5044 3076 5084 cum
3103 5028 3312 5087 Joanne
3325 5031 3541 5090 eodem,

1966 5093 2060 5149 sed
2093 5093 2252 5164 paulo
2275 5103 2399 5170 ante
2419 5095 2646 5170 alteram
2677 5107 2802 5153 nata
2849 5098 2918 5154 ob
2940 5109 3180 5170 veterem
3213 5101 3280 5155 de
3305 5100 3558 5170 primatu

1965 5165 2724 5246 cotttroversiam.j‘requens
2747 5170 2892 5225 enim
2943 5169 3064 5246 fuit,
3095 5165 3353 5246 QttodelV-O
3397 5168 3558 5246 idem.

1965 5233 2248 5309 epist._51,
2271 5235 2495 5309 scribit,
2514 5233 2614 5291 hac
2636 5238 2703 5309 de
2747 5255 2805 5295 re
2825 5233 3129 5309 praesulem"
3145 5237 3561 5309 Senonensinm.

1966 5318 2088 5358 cum
2136 5302 2584 5380 Lugdunensibgs
2614 5302 2927 5374 altercatio,
2970 5311 3136 5366 etiam
3180 5317 3307 5380 post
3347 5307 3541 5380 nescri-

2012 5381 2122 5448 tum
2177 5371 2424 5448 Gregorii
2457 5374 2718 5448 Vll.quo
2771 5371 2962 5435 statuit
3021 5389 3080 5435 ut
3129 5371 3554 5446 archiepiscopo

2019 5444 2318 5519 ngdunensi
2346 5444 2862 5519 tanquam—primati
2895 5464 2995 5519 suo
3036 5455 3262 5519 pareant
3280 5517 3288 5519 _
3307 5444 3558 5519 quatuor.

1968 5511 2357 5589 Lugdunenses
2378 5511 2692 5589 provincia},
2717 5519 2771 5589 id
2822 5527 2908 5574 est
2948 5511 3344 5589 Lugdunensis,
3374 5516 3560 5574 Roto--

1965 5599 2051 5712 per:
2065 5585 2246 5712 ggnlsis
2289 5585 2583 5656 Turonica,
2625 5599 2679 5646 et
2705 5588 2960 5655 Senonia,
2987 5585 3080 5647 lih.
3103 5602 3180 5653 vt,
3202 5588 3364 5657 epist.
3395 5589 3470 5653 51.
3485 5601 3559 5652 et.

2057 5671 2086 5710 u
2126 5671 2157 5711 ιι
2188 5673 2220 5712 ι.
3033 5707 3038 5712 .
3556 5705 3559 5708 -

1959 5666 2220 5725 sequenti.
3033 5707 3038 5712 .
3556 5705 3560 5708 .
