3990 6452
479 329 549 386 87
1508 343 1829 400 COFFlllDl
1871 343 2159 399 ABB.\TiS
2203 344 2724 404 VINDOCINENSIS
3483 371 3488 374 '
3687 361 3755 417 83

477 461 594 499 cem
627 446 776 518 (158)
813 456 867 502 et
907 462 1122 505 omnem
1149 450 1510 506 obedientiam
1538 454 1649 518 illi,
1685 464 1942 523 tanquam
1968 469 2066 510 suo
2094 457 2139 513 Α
2168 467 2483 512 unctionem
2515 458 2855 516 inﬁrmorum
2888 460 3198 532 (“0),cum
3228 481 3260 519 a
3281 477 3468 523 saneta
3496 470 3754 530 catholica

480 536 722 602 primati,
749 539 1068 607 promisisse
1095 579 1113 603 ,
1146 553 1245 593 nec
1280 554 1375 594 vos
1419 539 1562 595 illius
1605 543 1757 610 pacis
1783 542 1960 612 aliqua
2007 559 2073 598 ex

480 635 635 694 parte
654 626 826 683 fuisse
852 630 1195 698 participem.
1221 628 1466 686 Litteras
1487 633 1678 698 etiam,
1700 648 1836 704 quas
1860 634 1912 688 in
1941 649 2068 705 per-

483 733 618 770 sona
677 733 776 773 sua
825 717 1035 772 fecistis
1066 717 1240 788 (159),
1288 735 1390 775 sua
1441 721 1719 778 voluntate
1774 722 1912 777 dixit
1965 738 2073 778 non

482 809 654 865 tuisse
681 808 878 873 factas,
912 823 1013 863 nec
1051 809 1274 866 domino
1316 827 1468 884 papae
1515 813 1889 870 transmissus.
1919 814 2073 871 Unde

483 899 585 954 sub
613 900 893 958 celeritate
914 902 1136 958 domino
1164 918 1316 975 papa:
1349 907 1648 973 nuntiaret,
1679 907 1823 978 quod
1863 907 2074 964 litteras

484 994 603 1048 illas
659 1007 787 1048 suas
820 993 991 1050 fuisse
1039 996 1351 1054 nullatenus
1409 1001 1675 1058 crederet.
1720 1001 1845 1057 Hrcc
1891 1012 2070 1057 autem

481 1099 604 1139 cum
635 1085 932 1152 audissem,
965 1087 1033 1143 de
1085 1088 1260 1154 vobis,
1307 1089 1446 1146 sicut
1482 1092 1551 1148 de
1594 1092 1921 1149 cbarissimo
1973 1095 2071 1152 do-

480 1178 628 1233 mino
655 1187 711 1232 ct
732 1178 911 1235 amico
930 1180 1219 1249 sollicitus,
1244 1197 1365 1237 cum
1391 1183 1590 1240 domno
1619 1185 1853 1254 primate
1883 1197 1936 1242 et
1966 1188 2074 1243 ele-

482 1269 614 1327 ticis
649 1269 786 1334 suis,
816 1270 910 1341 qui
967 1271 1121 1327 vobis
1148 1273 1325 1329 modis
1367 1275 1642 1338 omnibus.
1697 1277 1894 1347 quibus
1924 1288 2074 1349 pote-

484 1371 632 1427 rant,
665 1364 1116 1430 adversabantur,
1158 1364 1369 1422 loeutus
1399 1365 1507 1431 fui,
1536 1377 1592 1423 et
1620 1369 1744 1424 vitae
1786 1379 1839 1425 et
1881 1387 2069 1442 perso-

483 1472 566 1510 me
593 1464 790 1511 vestra:
829 1456 1170 1512 honestatem
1203 1466 1258 1513 et
1285 1460 1715 1531 magnitudinem
1747 1462 2066 1531 ostendens,

481 1549 626 1602 inter
678 1562 776 1602 vos
825 1554 883 1601 et
936 1547 1082 1617 ipsos
1126 1563 1314 1619 pacem
1371 1530 1771 1606 studiosissime
1823 1530 2066 1620 quaesivi.

485 1629 639 1693 Unde
693 1637 970 1693 vobiscum
1027 1652 1136 1707 quo
1201 1647 1258 1693 et
1319 1639 1536 1709 quando
1588 1639 1892 1710 placuerit,
1945 1641 2071 1697 volo

480 1728 684 1783 habere
713 1726 1065 1798 colloquium,
1095 1729 1222 1798 quia
1253 1730 1356 1785 ista
1401 1741 1456 1785 et
1481 1730 1728 1800 quietiam
1752 1730 1856 1786 alia
1880 1731 1948 1787 ad
1973 1732 2070 1788 ho-

2180 559 2234 604 et
2287 552 2580 619 apostolica
2635 552 2760 606 sede
2801 565 3199 610 sacramentum
3253 570 3500 626 vocetur,
3531 573 3587 616 et
3635 579 3752 620 cum

2180 639 2386 694 nullum
2413 652 2813 698 sacramentum
2858 644 3045 700 iterari
3090 648 3304 715 debeat,
3333 650 3642 706 iterandum
3666 669 3757 722 pu-

2179 737 2316 784 tant.
2367 732 2650 790 Unctionis
2699 736 2885 806 utique
2933 750 3334 796 sacramentum
3395 742 3455 797 B.
3503 743 3760 800 Innocen-

2179 821 2288 877 tius
2309 822 2455 894 (141)
2487 839 2624 894 papa
2658 827 2795 883 adeo
2827 843 3078 899 magnum
3107 831 3261 898 dicit,
3290 834 3432 904 quod
3458 836 3759 902 paenitenti-

2177 913 2302 979 bus,
2331 917 2527 985 quibus
2547 927 2743 974 caetera
2771 933 3114 977 sacramenta
3165 934 3454 996 negantur,
3502 927 3644 981 nulla
3677 944 3760 982 ra-

2177 1005 2322 1060 tione
2365 1017 2585 1076 putatur
2613 1025 2770 1079 posse
2799 1013 3048 1068 concedi.
3078 1014 3216 1081 Quid
3265 1025 3444 1071 tamen
3475 1033 3639 1088 super
3665 1019 3760 1076 hoc

2176 1098 2492 1168 magnitudo
2541 1110 2736 1156 vestra:
2767 1104 3110 1161 discretionis
3160 1107 3393 1172 sentiat,
3439 1118 3493 1163 et
3523 1109 3653 1179 quid
3687 1123 3759 1166 te-

2177 1189 2411 1244 nendum
2463 1190 2678 1258 doceat,
2710 1193 2852 1249 scire
2898 1194 3295 1262 desideramus,
3337 1199 3465 1267 quia
3517 1204 3761 1269 quamvis

2175 1279 2278 1335 ista
2303 1289 2358 1336 et
2387 1283 2624 1352 ratione,
2651 1293 2705 1340 et
2731 1287 3057 1343 auctoritate
3093 1302 3216 1344 esse
3244 1304 3376 1344 vera
3405 1305 3513 1344 non
3545 1291 3758 1347 dubite-
3783 1319 3788 1326 -

2175 1385 2317 1438 mus,
2351 1385 2413 1426 ea
2455 1381 2632 1429 tamen
2663 1387 2858 1432 vestrae
2889 1379 3235 1434 auctoritatis
3284 1381 3505 1436 decreto
3557 1381 3758 1438 ﬁrmari

2174 1462 2447 1531 volumus,
2475 1474 2530 1520 et
2552 1481 2827 1537 rogamus.

2555 1559 2666 1630 73
2701 1559 3033 1617 EPISTOLA
3076 1563 3172 1618 xx
3213 1564 3384 1636 (ita).

2174 1644 2266 1701 1ιό
2293 1645 2633 1705 Carnotensis
2669 1649 2919 1707 Ecclesia:
2949 1655 3204 1718 ntinister,
3234 1653 3474 1725 Co/frido
3511 1656 3758 1713 Vindoci-

2408 1742 2553 1797 nensi
2597 1743 2793 1807 abbati,
2826 1745 3050 1800 salutem
3089 1758 3137 1802 et
3166 1748 3516 1804 dilectionem.

486 1837 674 1877 norem
699 1829 962 1885 vestrum,
990 1831 1046 1874 et
1076 1820 1390 1887 utilitatem,
1428 1831 1488 1877 ut
1526 1823 1758 1889 :estimo,
1787 1823 1888 1879 soli
1940 1839 2066 1894 ρίγ-
2102 1811 2144 1866 Β
2245 1829 2566 1887 Unctionem
2595 1832 2935 1888 inﬁrmorum
2963 1851 3071 1892 non
3122 1839 3335 1894 astimo
3389 1842 3759 1910 repetendam,

482 1926 629 1969 sonte
677 1922 874 1967 vestrae
909 1913 1262 1970 manifestare
1315 1915 1584 1970 desidero.
1613 1914 1950 1970 Conductum
1989 1925 2069 1970 ta-

480 2019 628 2069 men,
657 2004 706 2058 si
736 2003 922 2070 vultis,
951 2013 1010 2058 ut
1033 2019 1134 2076 ego
1166 2005 1400 2071 veniam,
1446 2007 1578 2061 mihi
1605 2007 1866 2077 quaeratis
1896 2023 2058 2064 seen-

480 2111 624 2160 rum,
655 2094 784 2165 quia
831 2095 1161 2166 sacrilegos,
1183 2097 1273 2166 qui
1306 2112 1395 2152 me
1446 2097 1498 2151 in
1531 2099 1767 2152 adventu
1797 2098 2000 2153 domini
2037 2114 2067 2152 a

482 2188 632 2242 curia
670 2195 847 2242 vestra
871 2197 1235 2244 revertentem
1259 2198 1538 2260 ceperunt,
1572 2191 1750 2246 adhuc
1797 2201 1852 2247 et
1875 2193 2070 2248 merito

481 2282 654 2336 habeo
677 2287 976 2347 suspectos.
995 2280 1185 2338 Valete
1220 2291 1276 2338 et
1299 2281 1631 2355 voluntatem
1648 2291 1885 2339 vestram
1909 2299 2071 2354 super

483 2373 570 2428 his
599 2375 728 2430 mihi
757 2377 1061 2433 rescribite.

943 2489 1048 2558 77
1083 2487 1412 2543 EPISTOLA
1457 2489 1598 2542 xnx.

479 2572 635 2630 leoni
692 2576 1092 2632 Carnatensium
1125 2577 1372 2646 pra'suli,
1416 2579 1583 2647 frater
1632 2579 1929 2648 (io/fridus,
1986 2597 2071 2635 sa-

555 2664 717 2721 lutem
738 2683 769 2718 a
802 2665 1051 2722 Domino.
1083 2675 1130 2719 et
1180 2685 1210 2719 a
1265 2682 1320 2720 se
1365 2666 1554 2720 debitae
1583 2668 1882 2722 dilectionis
1918 2672 2072 2725 servi-

555 2765 735 2811 "(l8)".

560 2846 712 2902 Sicut
764 2850 1186 2907 consuetudines
1242 2852 1632 2907 monachorum
1697 2854 1755 2908 Β.
1792 2853 2068 2910 Βειιθιιίοιί

481 2937 682 3009 regulre
709 2940 1106 2995 eoneordantes
1136 2939 1436 3005 laudamus,
1466 2941 1543 2996 sic
1563 2957 1673 3004 cas,
1693 2957 1826 3012 quas
1849 2957 2070 3000 sanctus

478 3026 807 3084 Benedictus
836 3043 935 3084 nec
964 3030 1144 3094 docet,
1172 3044 1273 3084 nec
1301 3031 1566 3100 praecipit,
1592 3040 1644 3084 et.
1665 3046 1786 3101 quas
1806 3047 1835 3084 a
1861 3034 2070 3090 ratione

481 3118 698 3186 penitus
725 3117 1037 3188 discrepare
1063 3118 1337 3186 videntur,
1370 3119 1592 3176 laudare
1618 3135 1724 3175 non
1755 3135 2062 3191 possumus.

477 3209 618 3264 Sunt
665 3208 808 3264 enim
857 3209 1102 3279 quaedam
1134 3210 1275 3279 apud
1316 3211 1615 3267 monachos
1672 3212 2095 3280 institutiones,.

476 3311 616 3366 quas.
642 3298 778 3352 ratio
815 3298 1122 3355 nullatenus
1153 3299 1408 3366 admittit,
1443 3315 1544 3356 nec
1566 3308 1878 3358 sanctorum
1905 3303 2064 3374 quili-

476 3393 567 3443 bet
592 3388 809 3444 Patrum
834 3390 1058 3458 invenit,
1083 3390 1176 3448 sed
1207 3390 1579 3462 insipientium
1607 3397 1943 3450 consuetudo
1967 3397 2063 3451 ho-

477 3481 680 3536 minum
700 3480 956 3536 instituit.
982 3481 1091 3538 llas
1117 3483 1170 3537 in
1190 3484 1538 3538 monasteriis
1559 3483 1779 3553 quidam
1811 3488 2060 3542 monachi

474 3572 577 3628 sibi
621 3588 720 3643 pro
765 3573 881 3643 lege
909 3573 1213 3642 vindicant,
1248 3585 1304 3632 et
1347 3590 1470 3631 cum
1535 3577 1786 3633 Christus
1819 3578 2058 3633 dixerit:

473 3662 588 3732 Ego
625 3679 738 3717 sum
783 3665 975 3719 veritas
1024 3663 1206 3736 (Joan.
1257 3681 1368 3733 ιη’,
1400 3666 1478 3735 6),
1519 3682 1622 3723 nec
1660 3669 1862 3724 dixerit
1898 3687 1910 3722 :
1947 3669 2060 3739 Ego

474 3770 592 3808 sum
617 3755 1088 3826 consuetudo,pro
1118 3772 1213 3812 sua
1249 3766 1427 3814 tamen
1463 3760 1860 3814 consuetudine
1888 3759 2059 3830 legem

474 3847 726 3903 veritatis
754 3848 1066 3904 immutant.
1099 3849 1187 3915 Et,
1218 3860 1277 3906 ut
1302 3859 1496 3906 caetera
1527 3861 1824 3918 taceamus,
1851 3853 1901 3907 in
1933 3853 2058 3918 hoc,

471 3947 534 3992 nt
582 3939 740 3994 nobis
787 3941 1040 4007 videtur,
1097 3957 1204 3997 non
1260 3944 1611 3998 mediocriter
1667 3953 1872 4012 errant,
1915 3949 2059 4017 quod

545 4090 692 4163 ([58)
723 4091 962 4163 Cmnil/o
983 4093 1170 4162 fecisse
1197 4111 1397 4162 pacem.
1442 4095 1516 4149 De
1549 4096 1649 4150 hac
1675 4107 1834 4163 pace,
1872 4093 1926 4148 ni
1956 4093 2054 4148 fal-

468 4161 574 4223 lor.
595 4159 833 4216 Joannes
874 4159 990 4230 ipse
1043 4165 1108 4217 ad
1144 4159 1513 4218 Daimbcrtum
1545 4159 1814 4228 scribens,
1870 4163 2061 4218 Memi-

469 4233 611 4305 nisse
634 4242 812 4305 potes,
839 4233 1037 4305 inquit,
1089 4235 1232 4305 quid
1255 4250 1319 4305 ea;
1356 4252 1459 4305 quo
1487 4237 1779 4290 amicitiam
1816 4245 1866 4289 et
1899 4235 2058 4304 fami-

469 4301 752 4375 liaritatem
784 4301 1147 4375 Lugdunensis
1187 4301 1437 4358 Ecclesiw
1488 4306 1826 4374 recupcrnsti,
1870 4301 2057 4375 gratu-

469 4373 644 4444 tenter
665 4381 712 4424 te
757 4373 901 4444 vidit,
932 4372 1255 4444 exsultantcr
1309 4376 1520 4440 recepit,
1551 4372 1619 4427 et‘
1640 4386 1837 4444 quanta
1872 4372 2055 4444 'potuit

469 4441 742 4512 affectione
776 4443 1069 4512 honorauit.
1118 4443 1267 4503 Noli.
1294 4444 1459 4512 frater
1479 4483 1493 4508 ,
1527 4441 1672 4498 omni
1702 4441 1912 4512 spiritui
1940 4461 2057 4496 cre-

2170 1923 2320 1992 quia,
2380 1925 2520 1979 sicut
2567 1925 2685 1997 ipse
2725 1928 3041 1993 asseruisti,
3100 1930 3395 1986 secundum
3452 1933 3758 1988 institutum

2171 2015 2477 2083 apostolicae
2507 2016 2674 2081 sedis,
2718 2033 2888 2088 genus
2915 2028 3000 2074 est
3041 2023 3368 2077 sacramenti
3391 2063 3405 2086 ,
3436 2024 3526 2092 qui
3581 2034 3761 2077 autem

2171 2116 2512 2162 sacramenta
2560 2108 2761 2165 Christi
2809 2120 2862 2165 et
2911 2111 3168 2167 Ecclesiae
3216 2114 3455 2182 repetit,
3509 2114 3762 2183 iniuriam

2172 2197 2305 2267 ipsis
2337 2200 2698 2255 sacramentis
2731 2201 2949 2272 ingerit.
2979 2201 3177 2259 Unctio
3219 2204 3364 2259 enim
3417 2205 3760 2262 inﬁrmorum

2169 2289 2394 2360 publica:
2451 2291 2786 2360 paenitentise
2835 2301 2920 2348 est
2964 2303 3363 2350 sacramentum
3414 2295 3563 2366 (145)
3594 2313 3759 2366 quam

2172 2397 2276 2437 non
2310 2395 2430 2438 esse
2484 2385 2857 2454 repetendam,
2889 2386 3032 2442 sicut
3053 2401 3155 2441 nec
3190 2387 3552 2456 baptismum,
3587 2397 3763 2442 testa-

2173 2486 2264 2530 tur
2305 2476 2666 2548 Augustinus,
2697 2489 2929 2535 testatur
2955 2480 3294 2537 Ambrosius.
3338 2482 3676 2553 Augustinus
3709 2485 3761 2538 in

2170 2569 2407 2640 Epistola
2453 2573 2519 2627 ad
2551 2569 2922 2628 Macedoniam
2960 2593 2972 2627 :
3027 2573 3193 2629 Caute
3229 2573 3611 2644 salubriterque
3643 2593 3762 2644 pro-

2170 2659 2335 2714 risum
2358 2671 2454 2726 est,
2492 2673 2547 2716 ut
2573 2662 2719 2718 locus
2742 2663 2887 2718 illius
2916 2663 3228 2718 humillimae
3253 2663 3574 2732 poenitentia:
3594 2665 3764 2720 semel

2169 2750 2224 2802 in
2257 2747 2497 2806 Ecclesia
2525 2755 2865 2820 concedatur,
2890 2769 2954 2807 ne
2977 2753 3236 2807 medicina
3259 2754 3375 2807 vilis
3417 2756 3590 2809 minus
3615 2756 3762 2811 utilis

2169 2849 2302 2892 esset
2328 2842 2571 2910 wgrotis;
2609 2859 2724 2912 quia
2769 2853 2914 2897 tanto
2945 2845 3112 2914 magis
3161 2844 3390 2897 salubris
3419 2855 3495 2898 est
3515 2886 3530 2909 ,
3559 2858 3762 2916 quanto

2171 2931 2343 2984 minus
2393 2934 2792 3003 contemptibilis
2840 2935 3019 3002 fuerit.
3066 2935 3387 2989 Ambrosius
3417 2935 3470 2989 in
3516 2939 3764 2993 secundo

2169 3019 2310 3074 libro
2331 3020 2398 3076 de
2434 3020 2763 3078 Pmnitcntia
2799 3042 2811 3076 :
2841 3023 2993 3079 Sicut
3020 3036 3092 3078 est
3116 3041 3276 3078 unum
3299 3025 3579 3096 baptisma,
3613 3028 3690 3080 ita
3713 3039 3759 3082 et

2169 3129 2276 3167 una
2329 3113 2671 3183 paenitentia;
2721 3131 2839 3184 quia
2883 3124 3061 3170 tamen
3114 3115 3321 3185 publice
3377 3117 3575 3188 agitur.
3617 3116 3760 3175 Nam

2167 3204 2399 3274 quotidie
2426 3221 2519 3259 nos
2559 3205 2704 3260 debet
2733 3207 2977 3274 panitere
3003 3209 3239 3277 peccati;
3266 3209 3357 3263 sed
3381 3209 3512 3276 lucc,
3539 3211 3760 3266 delicto-

2165 3315 2282 3354 rum
2308 3298 2557 3353 leviorum
2610 3300 2704 3354 illa
2725 3301 3048 3370 graviorum.

2699 3390 3034 3448 EPISTOLA
3074 3392 3216 3448 XXI.

2165 3480 2404 3550 (ἔσθ’ιῆάο
2449 3483 2568 3537 vita!
2615 3484 2902 3538 laudabilis
2945 3483 3184 3555 episcopo
3229 3485 3398 3556 (144).
3449 3487 3756 3543 dulcissimo

2229 3573 2442 3626 domino
2464 3589 2585 3639 suo,
2608 3583 2655 3628 et
2679 3575 3019 3644 prcecordiali
3049 3576 3222 3630 amico
3240 3616 3256 3642 ,
3289 3577 3456 3646 frater
3482 3575 3754 3648 (Io/fndus

2235 3678 2360 3716 suus
2383 3663 2542 3730 quale
2567 3674 2614 3719 et
2639 3675 2895 3736 quantum
2935 3677 3122 3735 potest,
3149 3677 3196 3721 et
3227 3668 3385 3738 sapit,
3429 3669 3754 3739 obsequium,

2234 3765 2280 3808 et
2307 3772 2457 3826 pura:
2477 3756 2775 3811 dilectionis
2803 3759 3066 3827 affectant.
3091 3759 3096 3762 ’

2235 3847 2388 3916 Apud
2437 3848 2735 3904 bonitatem
2783 3859 3050 3912 vestram,
3094 3850 3423 3905 venerabilis
3471 3850 3658 3918 Pater,
3688 3852 3753 3907 de

2166 3937 2544 3994 \‘iudocinensi
2577 3939 2856 3994 comitissa
2884 3939 3036 4009 (145)
3055 3955 3164 4012 ego
3194 3954 3518 4010 conqueror,
3553 3953 3608 3998 et
3647 3959 3757 3997 me-

2162 4101 2305 4156 ceat,
2333 4107 2436 4147 non
2459 4091 2631 4146 solum
2655 4091 2708 4144 in
2733 4089 2965 4144 diversis
3003 4090 3230 4158 morbis,
3265 4105 3456 4146 verum
3493 4092 3666 4145 etiam
3701 4093 3754 4144 in

2163 4179 2270 4217 uno
2295 4163 2506 4224 eodem,
2535 4160 2966 4229 quandocunque
3001 4160 3220 4215 morbus
3255 4175 3321 4214 ex
3354 4161 3647 4217 intervallo
3680 4163 3748 4215 ita

2162 4231 2519 4295 recrudescit,
2554 4238 2612 4282 ut
2636 4229 2759 4284 vita:
2791 4245 2988 4282 novum
3017 4229 3074 4282 ﬁt
3105 4230 3422 4286 discrimen.

2234 4300 2381 4370 (141)
2423 4299 2487 4372 Β.
2518 4298 2878 4353 Innocentius.
2912 4299 3082 4369 Epist.
3109 4300 3176 4354 ad
3213 4300 3531 4357 Decentium
3584 4301 3754 4372 Eugu-

2162 4369 2346 4424 biuum
2387 4369 2718 4438 episcopum.

2235 4439 2382 4508 (142)
2414 4437 2655 4505 Epistula
2678 4437 2766 4492 20.
2793 4437 2972 4494 lvonis
3001 4448 3084 4494 est
3105 4439 3357 4509 epistola.
3380 4455 3500 4509 quas
3528 4440 3754 4495 totidem

468 4509 610 4583 itere.
641 4511 912 4583 sensimus
938 4511 1060 4583 olim
1087 4509 1369 4583 procellam
1400 4515 1573 4578 istam,
1598 4515 1688 4567 sed
1713 4509 1820 4567 Deo
1847 4515 2052 4582 favente
2082 4524 2128 4583 υ
2156 4510 2345 4583 verbis
2363 4509 2556 4583 legitur
2578 4509 2629 4583 in
2659 4509 2885 4579 epistola
2915 4509 3023 4564 255
3050 4510 3119 4563 ad
3164 4509 3452 4564 Radulfum
3479 4511 3742 4566 abbatem

466 4581 788 4654 aliquandiu;
819 4581 1023 4643 resedit,
1054 4593 1100 4637 et
1128 4582 1240 4648 ipso
1265 4583 1487 4652 faciente
1514 4585 1727 4654 quievit.

539 4648 688 4719 (159)
725 4648 951 4722 Litteras
979 4653 1194 4722 quasiin
1248 4648 1468 4722 persona
1518 4648 1614 4706 sua
1651 4654 1868 4721 fecistis.
1897 4652 2042 4718 Quas

467 4719 586 4785 ejus
612 4721 836 4792 nomine
855 4719 1087 4792 dictasti.
1108 4719 1415 4790 Scripserat
1445 4723 1556 4786 lvo,
1575 4719 1779 4792 utpote
1808 4723 2049 4792 omnium

469 4791 883 4862 metropolitani
903 4792 982 4845 sui
1012 4793 1508 4862 controversiarum
1535 4791 1718 4862 socius
1737 4801 1792 4862 et
1813 4791 2047 4862 adiutor,

468 4859 680 4914 litteras
718 4860 1009 4916 Daimbcrti
1038 4862 1262 4918 nomine
1285 4861 1351 4916 ad
1398 4861 1732 4926 Paschalem,
1767 4861 1824 4915 in
1855 4859 2054 4928 quibus

468 4929 732 4984 Joannem
750 4933 1037 5000 primatem
1065 4931 1482 5000 perstringebat.
1501 4931 1606 4986 Eas
1637 4930 1850 4986 litteras
1873 4931 2054 4985 Dalm-

468 5002 677 5060 bertus.
710 4998 830 5054 eum
861 5017 1046 5071 pacem
1067 4998 1198 5054 eum
1222 4998 1452 5066 Joanne,
1486 5001 1658 5057 inscio
1687 4999 1873 5065 lvone,
1901 5001 2047 5056 face-

469 5079 570 5130 ret,
601 5084 700 5123 suo
725 5082 861 5124 'nutu
886 5073 1140 5139 scriptas,
1171 5071 1472 5138 missasque
1517 5071 1586 5125 ad
1617 5071 1926 5139 pontiﬁcem
1957 5088 2052 5127 ne-

471 5141 652 5206 gabat.
683 5140 777 5200 llic
807 5155 1100 5210 germanus
1123 5139 1281 5210 hujus
1306 5141 1405 5193 loci
1446 5156 1641 5210 sensus
1679 5141 1988 5205 viiletur,et
2007 5143 2051 5198 si

471 5210 635 5280 alium
663 5211 780 5264 viro
811 5207 969 5272 docto
992 5207 1260 5280 placuisse
1287 5210 1531 5265 seutioin
1562 5207 2050 5269 Observationibus

470 5282 537 5334 ad
560 5279 795 5344 lvnnem,
824 5282 982 5349 epist.
1009 5279 1098 5349 (il.

538 5349 685 5417 (ιω)
722 5345 1431 5420 Undionfmjnﬁrmprttm.
1463 5348 1519 5403 In
1556 5365 1618 5420 ea
1644 5351 1896 5406 videntur
1923 5368 2049 5408 sen-.

469 5413 641 5491 tentia
663 5419 828 5491 fuisse
849 5414 1125 5472 Coifi-idus
1151 5421 1210 5491 et
1234 5413 1324 5467 lvo
1349 5418 1510 5491 epist.
1546 5415 1813 5491 sequenti.
1850 5433 1902 5476 ut
1931 5424 2048 5477 nul-

467 5488 575 5562 lum
605 5489 860 5542 Ecclesia;
883 5523 886 5526 ~
909 5490 1312 5562 sacramentum
1359 5486 1545 5562 iterari
1574 5486 1733 5562 posse
1761 5493 2050 5547 existima-

464 5560 593 5620 rint,
651 5573 774 5612 cum
818 5570 886 5608 ex
934 5549 1219 5632 tbeologim
1255 5549 1590 5632 placitisgea'
1637 5563 1810 5618 solum
1865 5563 2046 5632 reperi

461 5636 757 5700 nequeant,
785 5638 908 5700 qua}
927 5621 1316 5700 cbat‘flclgrem
1343 5625 1694 5700 imprimunt,
1741 5621 1972 5700 baptism
1987 5649 2050 5687 us

461 5689 737 5768 nimirum,
768 5689 1110 5768 conﬁrmatio
1141 5697 1192 5741 et
1220 5693 1372 5748 ordo.
1397 5689 1515 5764 Quo
1545 5701 1604 5756 ﬁt
1651 5689 1711 5756 u't
1736 5689 2040 5757 exiremam

461 5766 792 5826 unctionem,
819 5766 944 5827 quia
994 5771 1062 5810 ex
1093 5771 1157 5812 eo
1203 5775 1428 5822 numero
1460 5785 1566 5826 non
1613 5784 1714 5839 est,
1747 5773 1949 5828 iterare
1984 5773 2044 5827 li-

2163 4580 2348 4633 Sancti
2374 4579 2647 4641 Fusciani.

2234 4649 2384 4718 (145)
2419 4647 2655 4718 Publica:
2703 4651 3019 4717 paenitentia:
3044 4659 3120 4704 est
3143 4650 3755 4704 sacramentum.Futilc

2162 4717 2560 4790 argumentum.
2587 4717 2686 4784 Qui
2718 4721 2861 4772 enim
2893 4722 2998 4774 dici
3045 4730 3221 4790 potest
3279 4721 3464 4774 unctio
3504 4720 3754 4774 inﬁrmu-

2160 4806 2280 4862 rum
2307 4789 2374 4862 ad
2388 4788 2667 4862 publicam
2720 4788 3103 4862 pmnitentiam
3153 4791 3452 4862 pertinere,
3491 4805 3619 4844 cum
3656 4807 3751 4860 pu-

2159 4859 2299 4913 blice
2326 4858 2453 4914 olim
2491 4858 2898 4929 paenitentibus,
2954 4869 3012 4912 ut
3056 4858 3405 4915 Innocentius
3450 4875 3593 4929 papa
3654 4858 3750 4913 do-

2159 4929 2292 4993 cuit,
2315 4929 2550 4999 permitti
2583 4943 2687 4982 non
2725 4928 2958 4984 soleret?
2986 4929 3167 4996 Quare
3219 4946 3408 4984 verum
3453 4928 3597 4984 sane
3645 4940 3748 4992 est,

2159 5001 2302 5079 quod
2328 4999 2663 5079 Augustinus
2693 4999 3112 5079 el.Ambl‘OS§tlS_
3144 4999 3436 5079 afﬁrmant,
3469 4999 3748 5079 publicani

2157 5068 2532 5148 pteuitentiam
2585 5083 2691 5123 non
2746 5069 2956 5124 iterari.
3007 5069 3113 5125 Sed
3167 5072 3273 5127 hoc
3321 5068 3557 5148 ad‘rem
3615 5068 3750 5124 nihil

2158 5140 2309 5194 facit.
2359 5161 2370 5172 ι
3416 5140 3424 5148 ’
3541 5149 3544 5154 ’

2229 5211 2378 5282 (lli)
2402 5208 2640 5282 Goffrida
2661 5211 2902 5280 episcopo
2928 5209 3269 5268 Carnotensi.
3297 5211 3602 5267 Successor
3645 5211 3746 5265 fuit

2155 5281 2451 5354 lvonisvir
2466 5281 2651 5354 multis
2673 5282 2819 5354 vitfe,
2857 5296 3146 5351 rerumque
3175 5292 3453 5354 gestarum
3487 5282 3742 5335 laudibus

2158 5351 2400 5423 insignis,
2440 5350 2836 5423 inAquitanica
2881 5350 3201 5423 praesertim'
3235 5353 3527 5423 legatione,
3577 5366 3740 5420 quam

2157 5419 2419 5491 adversus
2461 5419 3244 5491 GirardumEngolismensem
3263 5419 3554 5491 [aliosque
3597 5425 3745 5474 Aua-

2158 5491 2282 5544 cleti
2341 5490 2578 5546 fautores
2626 5490 2792 5559 gessit
2841 5506 2939 5559 pro
2990 5492 3306 5548 Innocentio
3353 5490 3616 5547 secundo.
3673 5492 3745 5544 De

2160 5577 2268 5630 quo
2291 5561 2342 5613 iu
2380 5560 2501 5614 Vita
2535 5560 2709 5614 sancti
2757 5559 3020 5616 Bernardi
3054 5561 3144 5614 lib.
3177 5577 3250 5626 ll,
3286 5563 3598 5617 Bernartius
3632 5562 3744 5627 ipse

2158 5629 2382 5697 epistola
2430 5630 2498 5683 47
2520 5640 2578 5690 et
2613 5629 2716 5694 55;
2767 5631 2958 5685 Petrus
3009 5630 3381 5687 Cluniacensis
3429 5632 3592 5699 epist.
3636 5629 3749 5699 41η

2161 5699 2400 5773 Joannes
2421 5700 2692 5773 §arisber.
2719 5699 2812 5773 lib.
2845 5716 2909 5760 v;
2941 5699 3264 5773 Polycratici
3292 5718 3412 5773 cap.
3452 5701 3539 5773 15.

2235 5768 2380 5837 (115)
2421 5769 2820 5825 Vindocinensis
2852 5768 3137 5824 comitissa.
3158 5771 3277 5828 Lib.
3313 5768 3551 5842 t,'cpis.t.
3574 5769 3632 5827 ὅ.
