3992 6352
233 363 304 422 εν

1511 357 1896 417 EPISTOLE.
1924 393 1991 404 --
2012 361 2141 417 LIB.
2182 361 2241 416 ll.

3438 370 3510 428 99

232 491 360 534 cum
382 473 563 531 omnis
593 469 943 544 congregatio
975 471 1326 544 nostrau79
1352 470 1470 544 Ipsa
1494 475 1661 536 enim,
1688 475 1817 530 dum
1847 482 1894 541 Α
1925 478 2234 534 nullatenus
2256 479 2588 534 dubitamus.
2606 477 2684 533 Ad
2710 480 3040 541 voluntatem
3071 494 3248 542 tamen
3274 498 3509 546 vestram

232 587 334 641 pro
366 562 695 625 necessitate
724 564 1046 621 monasterii
1087 579 1263 621 essem
1322 565 1376 621 in
1408 581 1547 639 pago
1573 567 1822 638 Andega-

234 662 409 728 vensi,
441 669 642 715 terram
671 673 835 729 quam
887 659 1280 715 monasterium
1325 666 1572 715 nostrum
1596 659 1823 731 paciﬁce

234 758 504 816 tenuerat,
520 749 681 805 nobis
706 749 793 804 bis
816 748 1056 814 abstulit,
1078 750 1337 806 corticem
1360 751 1523 806 etiam
1541 752 1820 822 arborum,

234 858 395 914 quam
418 843 486 897 ad
513 855 647 896 usus
679 855 812 896 suos
834 840 1087 897 homines
1115 841 1288 897 nostri
1311 841 1666 913 collegerant,
1683 843 1826 899 sicut

235 938 325 991 diu
352 941 777 999 consueverunt,
805 934 1039 990 cremari
1070 933 1222 989 fecit.
1259 932 1530 989 Praeterea
1571 935 1824 991 monachi

235 1026 455 1107 Majoris
488 1024 802 1083 Monasmrii
846 1024 1020 1099 (146),
1049 1040 1189 1096 quos
1216 1025 1275 1080 Β.
1301 1024 1515 1080 Martini
1546 1027 1826 1083 lmmililas

236 1121 634 1195 aliquantulum
668 1120 933 1177 sublimes
961 1119 1112 1185 fecit,
1137 1119 1428 1187 decimam,
1483 1120 1551 1177 de
1577 1120 1709 1190 qua,
1730 1135 1828 1176 vo-

238 1211 326 1267 bis
354 1210 644 1282 praesente,
682 1212 765 1266 eis
806 1209 1105 1266 obtulimus
1150 1211 1440 1282 justitiam,
1471 1211 1630 1267 nobis
1674 1211 1825 1266 aufe-

238 1312 369 1359 runt
392 1303 644 1358 violentia
669 1302 940 1358 saeculari.
971 1302 1238 1358 Robertus
1263 1304 1331 1359 de
1367 1300 1548 1359 Biante
1580 1303 1824 1369 laudato,

239 1392 688 1459 nonlaudantlus,
718 1393 956 1464 pandam
1009 1401 1254 1449 nostram
1306 1396 1507 1465 rapuit,
1560 1396 1628 1451 de
1674 1396 1828 1466 cujus

241 1486 614 1557 redemptione
639 1498 855 1542 centum
886 1488 1094 1558 accepit
1118 1487 1344 1554 solidos,
1378 1500 1514 1559 quos
1570 1488 1711 1543 male
1737 1505 1826 1544 ac-

190 1598 193 1601 ‘
239 1591 447 1651 ceptos,
474 1579 758 1635 Viudociui
787 1578 941 1651 pejus
978 1580 1254 1651 expendit.
1287 1579 1422 1649 Quis
1450 1581 1676 1637 istorum
1700 1597 1825 1653 erga

240 1686 340 1727 nos
365 1668 557 1726 melior
594 1670 778 1738 fuerit,
805 1684 905 1726 nec
952 1672 1022 1725 ab
1085 1671 1328 1736 homine.
1366 1687 1469 1729 nec
1506 1672 1576 1728 ab
1636 1673 1829 1744 angelo

240 1763 368 1817 sciri
421 1769 620 1833 potest,
676 1775 803 1815 cum
841 1760 1215 1831 unusquisque
1256 1776 1447 1817 eorum
1492 1770 1682 1819 contra
1730 1778 1828 1818 nos

1928 573 2009 627 ire
2031 582 2085 627 et
2119 573 2319 638 redire.
2352 575 2444 629 ubi
2478 576 2560 631 vel
2594 577 2811 648 quando
2835 575 3122 646 placuerit,
3174 586 3355 633 vestro
3378 595 3510 635 con-

1926 663 2093 721 ductu
2142 682 2249 721 non
2306 682 2648 725 recusamus.
2715 668 2952 726 llonesta
3012 682 3188 729 tamen
3256 673 3513 730 discretio

1925 765 2131 823 vestra,
2162 757 2241 812 sic
2268 767 2450 814 vestro
2503 759 2718 824 honori,
2766 768 2822 815 et
2867 772 3066 817 nostrae
3093 763 3308 819 utilitati
3334 766 3515 833 provi-

1927 840 2074 911 deat,
2114 861 2184 901 ne
2210 855 2514 902 vestrorum
2558 848 2859 904 amicorum
2898 849 3245 909 ﬁdelissimus
3288 853 3514 923 iustitia:

1927 950 2039 992 sua:
2073 937 2457 994 detrimentum
2489 940 2749 1011 patiatur,
2786 940 2872 998 vel
2896 958 3140 1014 personze
3164 948 3512 1017 opprobrium

1927 1028 2168 1101 qualibet
2217 1033 2506 1089 occasione
2554 1033 2818 1090 incurrat.
2843 1033 3066 1104 Valete,
3097 1040 3317 1110 etquod
3362 1040 3517 1096 vobis

1926 1122 2217 1194 placuerit,
2248 1124 2445 1179 litteris
2473 1125 2801 1195 signiﬁcate.

2353 1213 2459 1285 ει
2518 1210 2853 1286 EPISTULA
2896 1213 3085 1272 χχιιι.

1929 1300 2254 1356 Charissimo
2281 1304 2495 1357 domino
2519 1321 2615 1361 suo
2646 1314 2693 1358 et
2719 1304 3023 1359 dulcissimo
3051 1307 3244 1372 ami‘co,
3276 1306 3515 1379 Goﬁ'rido

1998 1394 2306 1448 venerabilis
2345 1396 2460 1448 rita?
2484 1393 2796 1450 Carueteusi
2828 1399 3096 1468 episcopo,
3126 1400 3293 1470 frater
3320 1400 3518 1473 Goﬂ‘rio

1998 1488 2098 1542 dus
2133 1505 2165 1541 a
2198 1484 2305 1541 Deo
2336 1488 2723 1556 salutem,-el'a
2752 1506 2807 1544 se
2848 1502 2998 1563 pura:
3034 1490 3329 1547 dilectionis
3357 1497 3518 1550 serti-

1998 1586 2180 1632 tutem.

2003 1667 2495 1740 Audivitparvitas
2539 1678 2724 1726 nostra
2776 1671 2844 1728 tle
2891 1681 3070 1729 vestra
3118 1674 3514 1747 magnitudine,

1930 1762 2076 1832 quod
2121 1760 2240 1816 sine
2278 1761 2642 1818 admiratione
2689 1765 2879 1820 audire
2929 1781 3037 1820 non
3082 1765 3277 1837 potuit.
3322 1766 3519 1825 Frater

241 1854 478 1923 pessime
537 1854 732 1923 egerit.
774 1852 882 1907 Pro
918 1852 1117 1923 quibus
1165 1852 1417 1909 omnibus
1461 1866 1659 1910 vestrm
1696 1855 1828 1911 dite-
1860 1839 1902 1899 Β
1934 1865 2076 1905 tutus
2106 1864 2173 1905 ex
2198 1850 2422 1917 nostris,
2448 1851 2588 1905 sicut
2615 1852 2771 1907 nobis
2799 1852 3005 1918 retulit,
3033 1854 3164 1907 olim
3195 1854 3262 1909 ad
3294 1870 3391 1911 vos
3425 1870 3518 1911 ve-

239 1944 409 2001 ctioni
454 1943 681 1997 multum
725 1943 1003 1998 humiliter
1030 1944 1415 2014 supplicamus,
1466 1955 1733 2016 quatenus
1760 1944 1829 2001 ad

247 2033 675 2089 \iinzlocinenses
717 2033 951 2088 clericos
1014 2035 1181 2089 misso
1230 2043 1424 2091 vestrae
1484 2038 1831 2092 auctoritatis

248 2124 495 2189 decreto,
525 2122 603 2178 sie
630 2123 1003 2193 unusquisque
1035 2125 1470 2193 supradictorum
1512 2125 1834 2180 malefaclor

245 2217 575 2287 corrigatur,
606 2224 664 2269 ut
696 2215 751 2269 in
776 2214 865 2270 his
891 2230 1013 2286 quas
1033 2224 1222 2271 contra
1248 2231 1350 2272 nos
1379 2212 1519 2272 male
1540 2218 1832 2273 commise-

250 2318 424 2370 runt,
480 2306 659 2362 nullus
713 2321 907 2361 eorum
960 2306 1281 2378 gratuletur.
1346 2308 1835 2381 Archipresbytcro

242 2407 429 2455 vestro
456 2399 603 2471 (147)
626 2406 825 2453 vestrae
873 2398 1133 2455 bonitatis
1168 2400 1339 2470 gratia
1368 2401 1734 2471 praecepistis,
1764 2412 1824 2456 ut
1850 2440 1857 2447 .

245 2493 423 2562 nobis,
470 2494 515 2549 si
565 2493 936 2548 necessarium
982 2502 1149 2558 esset,
1202 2493 1572 2552 ecclesiastica
1621 2495 1830 2567 justitia

245 2585 583 2641 subveniret.
603 2584 722 2654 Ipse
734 2583 951 2653 quidem
974 2585 1040 2640 ad
1062 2584 1362 2656 iussionem
1387 2597 1626 2642 vestram
1647 2589 1831 2644 omnia

244 2690 306 2731 se
337 2673 609 2730 facturum
636 2673 947 2745 pollicetur,
963 2674 1069 2731 sed-
1082 2690 1150 2730 ex
1179 2677 1433 2732 omnibus
1448 2677 1580 2732 nihil
1610 2678 1831 2734 omnino

241 2775 519 2837 operatur.
564 2763 726 2822 Certe
757 2765 902 2822 circa
938 2781 1003 2822 ea
1051 2781 1174 2838 quae
1199 2767 1383 2823 szeculi
1415 2777 1561 2837 sunt,
1600 2785 1828 2840 pronum

245 2872 370 2913 eum
419 2857 691 2923 novimus,
741 2866 799 2915 et
853 2859 1083 2915 multum
1110 2858 1445 2925 sollicitum,
1492 2871 1549 2917 et
1596 2861 1828 2917 alienam

246 2964 442 3018 aquam
479 2949 617 3004 satis
668 2948 967 3020 prudenter
1021 2948 1325 3005 conducere
1364 2949 1515 3005 novit
1565 2950 1631 3004 ad
1672 2965 1838 3004 suum

244 3039 639 3096 molendinum.
665 3039 722 3094 ln
745 3040 832 3096 his
857 3050 1065 3107 autem,
1104 3054 1225 3110 quae
1270 3041 1338 3097 ad
1387 3041 1644 3098 Ecclesia:
1667 3040 1832 3111 justi-

243 3133 376 3186 tiam
404 3133 695 3202 pertinent,
723 3146 848 3187 eum
871 3131 1087 3202 quidem
1122 3132 1495 3199 laudaremus,
1523 3134 1616 3190 sed
1640 3150 1741 3204 pro
1765 3149 1831 3188 eo

243 3226 526 3280 incurrere
550 3222 892 3279 mendacium
917 3222 1190 3279 nolumus.

695 3359 809 3430 80
846 3355 1179 3414 EPISTOLA
1215 3355 1378 3413 XXII.

246 3472 604 3527 Dilectissimo
641 3473 853 3527 domino
878 3487 1007 3536 suo,
1053 3469 1247 3524 domno
1277 3469 1517 3541 Gn/fritlo
1563 3470 1834 3525 catholicae

318 3564 437 3619 vitae
474 3564 739 3634 episcopo,
768 3564 938 3634 frater
963 3562 1274 3632 Golfridus,
1302 3560 1583 3615 dimidium
1633 3560 1829 3636 animle

319 3671 430 3710 sure
454 3697 469 3719 ,
503 3666 552 3711 et
577 3697 593 3723 ,
618 3656 796 3712 sinon
821 3656 1008 3725 sufficit
1034 3693 1050 3720 ,
1078 3665 1241 3735 totam
1280 3654 1515 3708 animam
1537 3661 1586 3706 et
1623 3668 1831 3722 corpus.

325 3794 654 3864 Multiplices
683 3796 982 3865 gratiarum
1015 3793 1280 3856 actiones,
1306 3790 1614 3845 dulcissime
1654 3789 1834 3855 Pater,

244 3904 351 3961 pro
404 3885 592 3942 multis
640 3883 924 3939 beneﬁciis
966 3885 1185 3948 vestris,
1238 3880 1392 3935 vobis
1437 3879 1748 3944 referimus,
1785 3890 1837 3935 et

246 3977 495 4047 maxime
517 3990 615 4047 pro
638 3971 941 4030 visceribus
977 3982 1176 4030 vestrae
1203 3970 1508 4036 charitatis,
1538 3985 1659 4041 qua:
1691 3970 1838 4025 circa

250 4084 352 4127 nos
402 4067 577 4133 firma,
629 4074 685 4123 et
741 4065 1066 4124 inconcussa
1106 4065 1395 4121 sentimus.
1440 4062 1520 4118 De
1556 4060 1841 4143 monachis

252 4156 498 4227 llajoris,
545 4163 607 4210 ut
656 4154 877 4221 dicitur,
918 4153 1256 4217 Mouasterii,
1313 4166 1453 4223 quos
1498 4149 1563 4205 Β.
1620 4148 1839 4205 Martini

252 4243 531 4300 humilitas
552 4242 703 4314 (M8)
756 4243 1052 4314 superbos,
1084 4250 1140 4298 et
1181 4240 1299 4312 ejus
1337 4246 1634 4313 paupertas
1677 4253 1841 4309 pecu-

253 4337 436 4393 niosos
467 4334 619 4393 fecit.
644 4335 845 4405 saepius
873 4335 1179 4405 conquesti,
1211 4333 1389 4390 adhuc
1418 4331 1837 4402 conquerimur;

252 4432 310 4477 et
357 4423 425 4479 de
470 4423 603 4494 ipsis
662 4424 718 4479 in
780 4425 1069 4494 praesentia
1135 4432 1321 4479 vestra
1376 4422 1465 4478 die
1524 4421 1841 4477 festivitatis

252 4511 314 4566 Β.
332 4511 531 4582 Egidii
552 4513 819 4584 justitiam
852 4515 1099 4583 accipere
1122 4513 1517 4571 desideramus.
1540 4512 1836 4569 Carnutum
1869 4537 1914 4596 ο

252 4615 435 4661 autem
489 4606 677 4661 venire
737 4614 959 4677 propter
1017 4604 1167 4660 illum
1226 4603 1499 4677 leprosum
1561 4602 1833 4659 Guillclmi

250 4696 447 4763 ﬁlium,
488 4706 544 4752 et
580 4707 798 4769 propter
838 4697 973 4753 alios
1014 4696 1273 4754 Ecclesia:
1329 4703 1534 4750 nostrae
1580 4694 1836 4752 inimicos

249 4805 361 4844 non
396 4788 771 4855 audemus;,et
813 4805 912 4861 pro
948 4791 1260 4861 importuna
1288 4788 1456 4844 etiam
1487 4785 1835 4870 multitudine

248 4879 535 4949 laicorum,
566 4896 727 4951 quam
766 4882 1055 4953 pradictos
1084 4879 1383 4937 monachos
1430 4877 1505 4933 ibi
1550 4877 1833 4935 habituros

322 5009 472 5081 (146)
497 5011 744 5067 Monac/ti
767 5010 989 5079 Maioris
1024 5010 1355 5081 Monasterii.
1372 5008 1530 5081 infra
1554 5007 1826 5081 eyislﬂﬁ.

325 5078 474 5151 (147)
520 5083 986 5207 .A‘rcléipresbytero
1042 5092 1228 5137 vestro.
1279 5078 1520 5137 Gol'l'rido
1569 5078 1832 5145 Danielis,

325 5168 418 5207 ora
452 5168 566 5207 etus
596 5192 609 5204 .
678 5193 693 5206 .

254 5168 418 5208 suora
452 5153 609 5208 euist.
639 5153 693 5207 8.

323 5168 737 5346 iiiisfipijjiisak.
760 5220 976 5277 Martini
1003 5221 1296 5304 humilitas.
1327 5219 1419 5276 Sic
1441 5217 1669 5346 epistola
1702 5234 1834 5301 pra}.

323 5303 467 5346 tetttt
507 5293 573 5345 de
603 5294 790 5346 llStielll
815 5293 1121 5346 monachis.
1146 5300 1306 5346 emst.
1351 5292 1418 5346 l5
1492 5309 1521 5346 e
1550 5304 1831 5345 cauomms

254 5289 482 5364 cedenti
507 5292 790 5364 deAiisdcm
815 5293 1121 5349 monachis.
1146 5292 1306 5364 epist.
1351 5292 1418 5347 l5
1454 5289 1521 5346 de
1550 5289 1831 5345 canonicis

252 5360 315 5420 Β.
352 5359 536 5418 Mariae
556 5360 928 5420 Carnotensis.

324 5432 472 5502 (149)
513 5431 816 5505 Molendina
843 5449 962 5505 qum
990 5432 1131 5505 apud
1167 5432 1465 5488 Pisostum.
1494 5429 1831 5505 Numeratur

253 5502 778 5574 iuter_molendiua,
815 5502 941 5574 quae
966 5502 1240 5574 fundator
1287 5502 1615 5574 monasterio
1661 5502 1831 5570 dedit,

254 5575 394 5651 apud
419 5572 687 5627 Pisostum
711 5570 898 5629 unum.
925 5573 981 5628 Id
1003 5572 1226 5629 castello
1259 5587 1451 5626 nomen
1474 5570 1635 5652 paulo
1664 5586 1826 5640 supra

256 5638 615 5698 \indocinum
646 5643 700 5696 in
728 5644 915 5698 eadem
965 5642 1094 5699 Letli
1128 5643 1240 5709 ripa
1271 5643 1497 5709 positos,
1528 5655 1684 5709 cujus
1716 5656 1826 5695 me-

305 5658 615 5698 tnuoctnum
646 5659 700 5696 tn
728 5658 915 5698 eadem
965 5658 1094 5699 heat
1128 5658 1240 5705 ripa
1271 5658 1497 5705 nosnos,
1528 5658 1684 5705 cujus
1716 5658 1826 5695 me-

261 5656 615 5723 vmuocmum
646 5659 700 5696 in
728 5656 915 5698 eadem
965 5656 1094 5699 Ledt
1128 5657 1240 5713 ripa
1267 5656 1497 5725 positos,
1528 5656 1684 5709 cujus
1716 5656 1826 5724 tne-

254 5721 414 5766 uuntt
462 5713 626 5768 etiam
658 5711 776 5768 Odo
813 5712 1151 5775 Tusculanus
1198 5726 1483 5782 episcopus
1531 5708 1737 5782 legatus
1775 5728 1826 5766 tn

255 5782 450 5839 litteris
480 5783 545 5838 ad
580 5781 830 5840 abbatem
862 5779 1315 5841 \‘indocinensem
1352 5779 1494 5838 anno
1523 5779 1681 5835 l2“.

1857 3186 1909 3251 ο

1928 1938 2437 2009 nit,querimoniam
2462 1937 2703 1995 facturus
2729 1939 2794 1995 de
2830 1940 3061 1997 Ursione
3092 1940 3202 1997 ﬁlio
3219 1941 3514 2015 Nivelouis,

1931 2024 2086 2099 cujus
2107 2030 2391 2085 dimidium
2412 2029 2708 2086 clamorem
2738 2030 2827 2085 vix
2855 2031 3045 2087 audire
3069 2031 3344 2103 dignatus,
3368 2035 3512 2103 quod

1933 2132 1962 2172 a
2017 2117 2282 2174 fratribus
2347 2118 2555 2174 nostris
2610 2119 3070 2175 excommunicati
3137 2123 3301 2177 vestri
3356 2124 3521 2180 susci-

1932 2209 2245 2280 piebantur,
2268 2206 2319 2263 ei
2359 2208 2709 2279 opposuistis.
2742 2208 2856 2266 lloc
2900 2225 3006 2266 non
3045 2226 3076 2268 a
3128 2212 3302 2279 vobis,
3332 2214 3426 2270 sed
3452 2216 3521 2271 ab

1933 2300 2042 2357 alio
2063 2300 2343 2355 inventum
2377 2300 2653 2356 credimus
2681 2300 2795 2371 qui,
2822 2303 2975 2371 quasi
3006 2302 3312 2360 Susannam
3340 2304 3525 2363 crimi:

1934 2402 2114 2455 natus,
2145 2392 2515 2448 testimonium
2544 2391 2766 2461 protulit
2792 2393 3068 2451 falsitatis.
3107 2396 3264 2452 Absit
3313 2399 3459 2453 enim
3489 2415 3520 2455 a

1932 2482 2250 2539 sinceritate
2278 2482 2508 2537 fratrum
2535 2493 2842 2538 nostrorum
2878 2493 3028 2540 tanta
3065 2485 3265 2542 Christi
3296 2488 3521 2558 injuria,

1932 2584 1986 2632 et
2015 2574 2401 2631 ecclesiastica:
2417 2575 2646 2646 justitite
2676 2584 2784 2630 tam
2839 2577 3181 2637 detestabilis
3204 2582 3517 2652 scpultural

1930 2666 2036 2739 Ipsi
2061 2666 2207 2723 enim
2238 2666 2334 2722 Dei
2372 2666 2646 2737 justitiam
2674 2668 2907 2739 sepelire
2935 2686 3041 2726 non
3072 2685 3372 2742 noverunt;
3426 2672 3522 2732 sed

1932 2761 2021 2815 ubi
2050 2769 2321 2816 mortuam
2374 2769 2699 2830 agnoscunt,
2733 2763 2848 2817 suis
2875 2764 3219 2821 orationibus
3254 2777 3525 2824 conantur

1934 2854 2222 2910 suscitare.
2252 2853 2327 2909 De
2350 2854 2611 2924 praedicto
2641 2854 2899 2922 Ursione,
2932 2865 2990 2911 et
3018 2857 3084 2912 de
3112 2856 3334 2930 Pagauo
3356 2860 3519 2915 Nive-

1934 2944 2074 3001 louis
2127 2944 2330 3013 fratre,
2383 2945 2628 3003 honestae
2673 2949 2799 3013 vita:
2854 2947 3051 3019 Pater,
3099 2950 3521 3023 conquerimur,

1938 3054 2171 3110 quorum
2211 3055 2371 3107 unus,
2416 3039 2576 3097 Ursio
2605 3040 2835 3110 scilicet,
2870 3053 2993 3113 post
3025 3044 3191 3100 multa
3219 3045 3324 3101 alia
3357 3036 3523 3114 mala,

1935 3125 2178 3199 qua-jam
2196 3129 2351 3184 nobis
2374 3127 2524 3196 fecit,
2545 3131 2688 3186 mille.
2708 3147 2836 3186 oves
2848 3140 2903 3186 et
2931 3134 3339 3203 quatuordecim
3359 3136 3524 3195 boves

1937 3218 2090 3275 nobis
2111 3220 2350 3275 abstulit.
2382 3218 2634 3290 Pagauus
2665 3238 2794 3277 vero
2825 3222 3129 3278 molendina
3160 3235 3365 3289 nostra,
3395 3241 3520 3296 qua:

1934 3313 2075 3385 apud
2107 3311 2383 3368 Pisostum
2413 3312 2559 3385 (H9)
2584 3313 2942 3379 habebamus,
2972 3315 3094 3384 igne
3140 3317 3422 3370 cremavit.
3451 3318 3526 3373 De

1933 3403 2218 3458 monachis
2232 3402 2453 3473 Majoris
2473 3401 2785 3457 Monasterii
2810 3404 2950 3474 apud
2975 3404 3268 3460 bonitatem
3286 3414 3525 3461 vestram

1934 3490 2212 3548 multoties
2279 3491 2771 3562 proclamavimus,
2843 3500 2900 3548 ct
2960 3501 3019 3548 ut
3066 3492 3275 3550 clamor
3335 3507 3527 3553 noster

1935 3583 2091 3640 nobis
2136 3583 2408 3655 proﬁciat,
2456 3584 2682 3639 multum
2731 3585 3056 3656 suppliciter
3098 3602 3194 3644 vos
3241 3602 3521 3660 rogamus.

1936 3674 2126 3731 Valete

2365 3766 2475 3837 32
2524 3766 2854 3823 EPISTOLA
2898 3768 3091 3824 xxw.

1938 3859 2087 3915 Bono
2109 3861 2324 3916 dontino
2351 3873 2400 3915 et
2420 3862 2760 3931 ρωποι-αἰαιὶ
2814 3867 2986 3918 amico
3025 3864 3266 3934 Co/frido
3297 3867 3527 3921 honora-

2010 3953 2128 4007 bilis
2153 3954 2270 4008 rita:
2290 3956 2549 4029 episcopo,
2573 3954 2738 4023 frater
2764 3952 3038 4025 Goffridus
3060 3958 3315 4029 quidquid
3342 3978 3373 4013 a
3416 3959 3526 4015 Deo

2010 4043 2204 4098 anima:
2231 4042 2379 4113 ﬁdeli
2406 4028 2569 4097 detur
2590 4042 2879 4098 salubrius.

2010 4131 2224 4201 Optime
2245 4133 2438 4205 nostis,
2460 4132 2624 4186 Pater
2647 4131 2877 4200 optime,
2921 4132 2990 4187 de
3016 4135 3293 4191 comitissa
3322 4135 3526 4193 Vindo-

1941 4222 2149 4280 ciuensi
2182 4238 2272 4278 me
2300 4223 2439 4292 apud
2480 4221 2863 4293 pateruitatem
2894 4232 3136 4280 vestram
3167 4238 3529 4300 conquestum

1942 4315 2129 4371 fuisse.
2186 4314 2475 4372 Postulaus
2526 4314 2706 4371 adhuc
2769 4332 2929 4388 rogo,
2985 4325 3041 4373 et
3090 4334 3289 4391 rogans
3313 4323 3531 4392 postulo

1942 4419 2088 4476 saepe
2117 4406 2400 4476 quaesitam
2423 4405 2489 4462 de
2515 4406 2734 4462 domina
2762 4407 2848 4462 illa
2872 4408 3167 4479 justitiam.
3193 4411 3319 4467 Mihi
3347 4423 3530 4470 vestra

1941 4497 2184 4554 bonitate
2227 4500 2546 4565 mandastis,
2592 4501 2737 4569 quod
2793 4502 2939 4555 inter
2994 4516 3081 4558 me
3128 4513 3184 4559 et
3232 4505 3374 4561 illam
3433 4516 3527 4564 aut

1944 4590 2239 4662 placitandi
2270 4588 2442 4663 (l50),
2467 4601 2559 4646 aut
2581 4595 2928 4651 concordiam
2954 4594 3185 4655 faciendi
3219 4608 3526 4670 respectum

1944 4699 2116 4755 usque
2143 4684 2211 4740 ad
2242 4683 2591 4742 festivitatem
2639 4687 2787 4757 (l5!)
2816 4691 2990 4745 sancti
3033 4693 3176 4746 beati
3216 4693 3537 4762 accepistis.

1943 4776 2035 4832 Dei
2064 4778 2269 4834 domini
2298 4778 2437 4833 bona
2455 4781 2654 4849 gratia,
2674 4796 2794 4836 cum
2826 4783 2973 4837 omni
2995 4783 3307 4841 Christiano
3337 4800 3527 4856 pacem

1940 4869 2141 4927 Christi
2170 4880 2226 4926 et
2273 4873 2618 4928 concordiam
2668 4874 2863 4932 habeo.
2895 4885 2950 4930 et
2987 4876 3123 4932 satis
3148 4878 3529 4949 desiderarem

2017 5004 2530 5084 (159)_P_l_acitantli.
2584 5011 2964 5084 Disceptandi,
3018 5011 3284 5084 litigandi.
3350 5013 3532 5084 Honos

1941 5077 2057 5135 rius
2089 5079 2129 5133 ll
2157 5077 2399 5141 Golfrido
2440 5081 2622 5136 abbati
2653 5100 2666 5135 :
2702 5077 3044 5138 Prohibentus
3081 5077 3145 5139 n'e
3180 5085 3321 5139 ullus
3365 5097 3413 5137 te
3450 5082 3530 5137 vel

1941 5149 2172 5224 aliquem
2225 5167 2650 5224 successorum“
2687 5151 2750 5205 de
2776 5153 2855 5207 Itis
2906 5170 3022 5224 quin
3062 5154 3152 5208 ille
3213 5154 3526 5208 venerabilis

1941 5211 2088 5292 locus
2153 5221 2251 5274 sub
2280 5290 2298 5292 _
2333 5211 2999 5292 tricennali'ipossessioue
3067 5225 3287 5278 tenuerit
3354 5234 3527 5292 rugat

1936 5290 2210 5362 placitura.
2279 5290 2412 5362 Item
2494 5293 2546 5345 in
2612 5290 2811 5360 placito
2873 5295 3266 5350 monachorum
3340 5290 3526 5346 Sancti

1936 5361 2185 5447 ﬁliuni...
2236 5372 2290 5415 et
2363 5361 2789 5447 Sancti"_Scrgii
2863 5365 2930 5419 tle
2988 5364 3358 5447 controversia
3428 5376 3529 5447 pro

1935 5430 2290 5500 Campiniaco
2319 5445 2462 5484 anno
2504 5431 2661 5486 1704.
2692 5430 2763 5487 Et
2805 5451 2924 5489 cum
2955 5434 3237 5488 voluissent
3279 5431 3528 5485 monachi

1934 5500 2117 5558 Sancti
2145 5500 2321 5573 Sergii
2357 5502 2421 5573 de
2459 5502 2750 5573 minoribus
2780 5505 2930 5559 rebus
2965 5505 3114 5573 prius
3160 5502 3434 5573 placitura,
3476 5510 3525 5555 et

1931 5582 2114 5645 postea
2144 5571 2208 5625 de
2237 5569 2619 5645 Campiniaco,
2647 5575 2817 5645 risum
2869 5569 2975 5645 fuit
2998 5569 3269 5645 judicibus
3294 5572 3390 5625 Itoc
3414 5569 3527 5629 esse

1933 5642 2215 5713 injustam,
2246 5650 2302 5695 ut
2343 5658 2517 5713 causa
2560 5643 2654 5698 illa
2702 5642 2962 5713 posterior
3000 5642 3386 5705 discuteretur,
3428 5659 3523 5713 pro

1931 5728 2037 5781 qua
2070 5712 2279 5781 abbates
2302 5714 2471 5766 vocati
2493 5712 2724 5779 fuerant,
2757 5714 2883 5767 etin
2913 5726 3074 5765 unum
3114 5724 3484 5770 convenerant.

2005 5783 2154 5854 (151)
2200 5780 2499 5853 Respectth
2532 5800 2693 5853 usque
2734 5784 2804 5837 ad
2839 5781 3192 5852 festivitatem.
3244 5782 3529 5853 Frequens
