3992 6352
467 348 524 399 91
1484 342 1805 400 ουϊιιίιιθι
1841 341 2057 397 ABBA'I

2173 337 2691 396 VINDOCINENSIS

465 462 669 514 habere
717 462 1067 518 concordiam
1121 474 1241 514 cum
1299 457 1509 513 domina
1563 455 1670 519 illa,
1710 457 1805 512 sed
1835 470 2052 526 semper
2079 483 2127 540 Α

463 560 547 605 est
581 551 790 607 discors
836 553 952 622 ejus
1001 549 1308 606 concordia.
1344 548 1457 619 Ego
1509 556 1689 602 tamen
1747 556 1841 602 aut
1895 547 2046 602 vobis

468 644 766 698 mediatore
791 643 913 697 volo
938 641 1306 705 concordiam,
1339 648 1433 693 aut
1461 639 1616 694 vobis
1647 637 1832 707 judice
1861 652 2048 708 quasso

467 728 748 795 iustitiam.
801 731 976 786 Verbo
1023 741 1079 785 et
1133 731 1358 802 scripto,
1418 746 1487 786 ne
1538 745 1758 786 causam
1802 739 2045 785 nostram

469 838 683 891 agerem
732 823 850 878 sine
885 821 1089 890 judicio
1139 833 1343 888 vestro,
1393 823 1524 878 mihi
1575 822 1955 888 interdixistis,
1993 829 2050 878 et

471 915 688 968 merito.
720 911 953 969 Omnino
981 915 1126 969 enim
1157 914 1418 982 injustum
1446 923 1552 980 est,
1591 924 1646 969 et
1673 914 1844 970 sacris
1876 929 2049 969 cano-

469 1004 648 1068 nihus,
701 1002 838 1058 sicut
887 1004 1003 1073 ipse
1064 1003 1259 1059 melius
1313 1003 1506 1070 nostis,
1561 1003 1776 1073 penitus
1827 1003 2050 1059 obviare

471 1094 701 1160 videtur,
743 1103 801 1148 ut
857 1093 1228 1165 ecclesiastica
1287 1109 1450 1149 causa
1509 1093 1754 1149 saeculari
1802 1092 1950 1164 (152)
1996 1101 2053 1150 et

465 1183 753 1252 peregrino
780 1183 986 1250 judicio
1019 1185 1361 1251 terminetur,
1387 1185 1612 1254 etquod
1632 1199 1731 1239 vos
1751 1193 1807 1239 et
1836 1191 2050 1240 vestros

466 1273 647 1329 faece
677 1275 860 1338 decet,
913 1275 1055 1341 aliis,
1101 1276 1266 1330 etiam
1319 1277 1567 1346 personis
1622 1276 2048 1343 ecclesiasticis,

466 1367 817 1423 concedatur.
879 1366 992 1422 Hoc
1040 1367 1085 1421 si
1137 1368 1250 1422 ﬁeri
1308 1377 1509 1438 posset,
1566 1368 1810 1423 Ecclesia
1871 1375 2052 1423 vestra

467 1456 724 1510 damnum
763 1466 1062 1528 pateretur,
1095 1467 1150 1512 et
1177 1458 1257 1512 sui
1284 1458 1422 1528 juris
1453 1467 1507 1513 et
1553 1457 1777 1513 honoris
1803 1457 2054 1527 perderet

469 1544 786 1612 plurimum.
815 1546 1071 1602 Ecclesia:
1116 1547 1317 1601 etenim
1369 1557 1568 1602 vestra:
1615 1547 1842 1616 gloriam
1892 1546 2053 1602 alteri

468 1637 618 1699 dare,
655 1653 752 1691 nec
778 1639 1080 1692 sanctitatis
1111 1654 1281 1708 geuus
1311 1648 1417 1704 est,
1449 1654 1547 1692 nec
1576 1637 1852 1709 religionis
1884 1653 2054 1693 mem-

467 1725 646 1779 brum.
696 1725 807 1780 Iloc
846 1729 1010 1782 etiam
1065 1729 1203 1783 bene
1247 1730 1432 1792 nostis,
1489 1729 1861 1796 dileCtissitne,
1908 1731 2050 1800 quod

3670 339 3776 393 9‘2

2672 445 3004 503 EPISTOIA
3047 442 3212 498 XXV.

2151 545 2504 602 Dilectissimo
2535 543 2751 596 domino
2780 551 2826 594 et
2861 537 3015 591 Patri
3048 536 3291 605 (io/Iride
3321 530 3595 594 catholica:
3625 543 3752 596 vita

2220 637 2479 708 pontiﬁci,
2527 634 2693 704 frater
2742 631 3016 703 Goll'ridus
3059 652 3154 706 pro
3200 633 3410 702 Christo
3454 651 3767 699 carcerein,

2221 729 2487 796 exsilium,
2520 726 2597 782 vel
2625 736 2846 780 mortem
2877 743 2982 781 non
3023 726 3226 791 timere,
3266 741 3359 779 nec
3390 742 3452 780 ea
3476 743 3594 794 qute
3620 739 3769 781 suns

2221 823 2302 877 bis
2330 820 2622 887 contraria,
2650 820 2878 890 justitite
2897 830 2946 874 et
2969 822 3178 876 veritati
3213 821 3440 892 qualibet
3471 825 3770 880 occasione

2219 929 2543 986 prteponere.

2228 1003 2626 1059 Adversitatem
2653 1001 2920 1073 siquidem
2951 1012 3190 1059 vestram
3225 1013 3552 1069 audivimus,
3577 1020 3762 1074 quam

2150 1095 2426 1152 veraciter
2452 1095 2684 1150 facimus
2713 1103 2957 1150 nostram
3007 1097 3134 1152 totis
3179 1096 3498 1164 visceribus,
3530 1106 3585 1152 et
3606 1082 3760 1167 quia

2151 1188 2272 1244 sine
2306 1188 2457 1244 vobis
2484 1187 2904 1259 prosperitatem
2939 1187 3140 1243 habere
3171 1203 3277 1244 non
3325 1188 3644 1260 gaudemus,
3691 1199 3764 1245 et

2153 1277 2537 1333 adversitatem
2568 1276 2682 1350 84
2710 1277 2982 1333 sustinere
3031 1278 3310 1334 vobiscum
3355 1289 3627 1350 optamus,
3659 1282 3764 1336 di-

2153 1369 2388 1440 ligenter
2413 1377 2468 1424 et
2498 1369 2778 1424 humiliter
2797 1369 3166 1440 supplicamus
3187 1371 3360 1437 vobis,
3389 1380 3448 1426 ut
3473 1373 3518 1428 si
3547 1382 3764 1428 nostra

2153 1462 2474 1518 humilitatis
2515 1461 2739 1518 servitio
2779 1461 3052 1534 indigetis,
3083 1463 3242 1519 nobis
3280 1463 3482 1520 litteris
3529 1465 3760 1532 signiti-

2153 1555 2312 1619 cetis,
2366 1553 2491 1623 quia
2523 1552 2801 1623 ,privatim
2857 1564 2914 1608 et
2967 1554 3204 1624 publice,
3255 1565 3312 1610 et
3360 1555 3624 1613 voluntati
3682 1567 3752 1612 et

2154 1646 2469 1703 necessitati
2498 1652 2695 1700 vestra:
2721 1660 2821 1702 nos
2853 1654 2910 1702 et
2949 1655 3134 1702 nostra
3171 1645 3471 1702 oli'erimus.
3512 1646 3626 1702 Non
3663 1652 3748 1706 sit

2155 1738 2309 1793 vobis
2360 1735 2666 1801 anxiosum,
2723 1736 3037 1792 dulcissime
3077 1737 3260 1802 Pater,
3299 1737 3354 1791 in
3407 1747 3591 1792 vestra
3647 1756 3755 1795 ne-

469 1819 763 1874 saeculares
801 1820 910 1890 83
961 1821 1207 1876 homines
1261 1838 1356 1877 sua
1412 1823 1804 1880 consuetudine
1849 1837 2052 1880 sancta:
2085 1845 2129 1904 Β
2158 1828 2436 1894 cessitate,
2471 1834 2673 1882 nostra:
2717 1827 3027 1897 parvitatis,
3063 1827 3172 1882 imo
3209 1827 3602 1897 magnitudinis
3629 1843 3762 1885 ser-

470 1909 724 1965 Ecclesiae
752 1914 1133 1968 auctoritatem
1177 1928 1446 1970 conantur
1493 1915 1794 1970 annullare.
1829 1915 2049 1972 Etcum

465 1999 544 2054 eis
574 2001 625 2055 in
653 2002 862 2058 modico
882 2005 1098 2060 occasio
1123 2006 1410 2076 cujuslibet
1437 2007 2050 2064 consuetudiniscontra

467 2093 837 2149 ecclesiastica
881 2096 1004 2165 jura
1057 2099 1393 2165 conceditur,
1443 2099 1550 2154 hoc
1603 2099 1858 2169 deinceps
1903 2100 2050 2154 omni

471 2194 712 2254 tempore
739 2185 840 2239 sibi
873 2187 1149 2242 vindicare
1198 2189 1461 2242 nituntur.
1502 2187 1596 2243 Sic
1641 2189 1732 2258 qui
1780 2188 1880 2244 hoc
1923 2187 2057 2243 facit

468 2284 657 2329 contra
689 2291 838 2329 suam
864 2277 1184 2340 Ecclesium,
1211 2279 1538 2334 mundialem
1586 2281 1816 2334 suscitat
1856 2281 2051 2346 rixam,

471 2376 681 2420 etcum
730 2368 1022 2438 aliquando
1057 2369 1214 2422 aliter
1252 2370 1433 2422 facere
1482 2368 1735 2433 voluerit,
1778 2369 2057 2424 smcularis

470 2465 766 2527 tempestas
789 2475 895 2514 non
935 2460 1160 2530 patitur.
1199 2459 1549 2515 Dilectionem
1584 2461 1767 2531 itaque
1819 2471 2056 2516 vestram

473 2548 538 2600 ad
573 2547 750 2604 locum
796 2560 1064 2613 nostrum,
1099 2550 1207 2604 imo
1240 2558 1502 2614 vestrum,
1549 2551 1735 2604 venire
1780 2551 2058 2604 humilitas

473 2649 662 2692 nostra
694 2639 923 2692 multum
957 2650 1233 2708 precatur,
1267 2639 1333 2693 ad
1372 2653 1472 2692 uos
1518 2647 1712 2693 vestra:
1754 2639 2062 2693 sanctitatis

475 2743 666 2783 servos
692 2730 954 2798 praedicto
999 2731 1230 2786 termino
1277 2729 1539 2784 accedere
1577 2729 1834 2784 discretio
1881 2740 2060 2784 vestra

476 2836 584 2876 non
627 2821 936 2891 pigritetur.
965 2820 1118 2890 Quod
1164 2823 1208 2876 si
1253 2821 1407 2875 vobis
1454 2829 1581 2875 tunc
1634 2837 1740 2874 non
1801 2821 1946 2881 licet,
1980 2820 2062 2876 vel

474 2912 747 2982 displicet.
800 2915 939 2968 alius
988 2915 1254 2968 terminus
1311 2914 1452 2966 inter
1501 2926 1586 2966 me
1609 2919 1662 2966 et
1705 2912 2058 2978 couiitissaui,

478 3000 598 3056 loco
646 3004 776 3056 mihi
808 3014 863 3056 et
891 3003 992 3057 sibi
1027 3017 1242 3067 securo,
1282 3019 1312 3055 a
1357 3002 1508 3056 vobis
1538 3011 1792 3072 ponatur,
1841 3001 1928 3058 ubi
1970 3012 2064 3058 aut

477 3102 660 3145 vestro
709 3093 940 3147 consilio
986 3093 1335 3147 concordiam
1394 3091 1679 3159 faciamus,
1731 3101 1825 3146 aut
1883 3103 2062 3148 vestro

2104 1951 2108 1956 ι
2155 1919 2348 1974 vitium
2379 1916 2677 1988 suscipere,
2712 1931 2813 1972 nec
2839 1927 3080 1972 vestrum
3103 1931 3269 1987 super
3297 1917 3423 1985 hoc,
3450 1919 3543 1974 sed
3570 1933 3744 1976 sanet.

2159 2009 2400 2081 Spiritus
2436 2022 2656 2063 sensum
2687 2007 2934 2064 habeatis
2969 2022 3066 2078 per
3089 2007 3438 2064 Salomonem
3473 2009 3706 2066 dicentis
3733 2031 3754 2066 -.

2159 2100 2221 2157 Si
2254 2100 2490 2171 possides
2529 2097 2778 2166 amicum,
2816 2100 2872 2153 in
2906 2099 3191 2154 tentatione
3225 2099 3432 2170 posside
3455 2117 3573 2154 eum
3619 2098 3761 2170 (Ee—

2157 2193 2244 2248 cli.
2277 2209 2351 2260 vt,
2387 2195 2464 2266 7).
2497 2193 2722 2248 Amicus
2750 2192 2896 2247 enim
2929 2191 2981 2246 in
3018 2191 3348 2248 necessitate
3383 2192 3664 2262 probatur,
3689 2205 3761 2248 et

2159 2285 2420 2341 medicus.
2453 2283 2662 2350 Valete,
2704 2291 2760 2338 et
2786 2283 2832 2338 si
2863 2281 2992 2352 quid
3045 2297 3286 2352 unquam
3316 2282 3384 2337 de
3413 2282 3566 2337 vobis
3609 2282 3760 2340 ben.

2162 2377 2582 2446 promeruimus.
2657 2375 2813 2432 nobis
2883 2375 2937 2429 in
3009 2383 3191 2430 vestra
3254 2374 3582 2432 necessitate
3637 2391 3756 2432 non

2162 2468 2310 2539 parci
2321 2477 2389 2522 te.

2676 2554 3010 2612 EPISTOLA
3059 2553 3250 2609 XXVI.

2163 2649 2404 2720 Coﬁ‘rido
2447 2649 2770 2704 nonat-abitis
2799 2647 2916 2702 vita:
2957 2644 3110 2700 Patri
3144 2645 3451 2700 Carnotensi
3497 2645 3760 2702 Ecclesia

2235 2763 2266 2798 a
2302 2745 2411 2800 Deo
2439 2747 2564 2798 dato
2594 2741 2815 2815 pastori,
2847 2741 3017 2810 frater
3051 2737 3329 2809 Goﬁ'ritlus
3359 2748 3409 2794 et
3441 2748 3757 2808 perpetuam

2235 2835 2456 2889 salutem
2518 2851 2550 2888 a
2626 2832 2876 2897 Domino,
2939 2838 2989 2885 et
3042 2846 3074 2884 a
3121 2846 3177 2884 se
3216 2828 3404 2884 debita:
3447 2827 3758 2882 dilectionis

2236 2928 2555 2982 servitutem.

2241 3022 2314 3075 De
2335 3018 2615 3074 monachis
2641 3015 2861 3086 Majoris
2902 3015 3214 3072 Monasterii
3247 3015 3446 3084 saepius
3468 3017 3760 3083 conquesti

2167 3111 2345 3166 adhuc
2369 3110 2780 3180 conquerimur,
2806 3108 2898 3178 qui
2923 3107 3138 3178 sagittis
3169 3106 3372 3177 rapina:
3393 3115 3448 3160 et
3477 3106 3761 3164 saecularis

472 3179 685 3251 judicio
726 3185 967 3240 Ecclesia
999 3195 1183 3241 nostra
1211 3185 1479 3258 justitiam
1524 3195 1909 3256 consequatur.
1955 3184 2057 3240 Va-

2173 3203 2436 3258 violeutim
2483 3179 2536 3256 iu
2587 3202 2744 3256 nobis
2785 3201 3002 3256 assidue
3055 3198 3388 3269 jaculantur.
3447 3197 3756 3258 Decimum.

478 3274 604 3331 lete.

478 3519 626 3574 illius
671 3521 772 3592 ειενί
824 3522 1180 3592 scriptoribus
1242 3520 1588 3583 vocabulum,
1641 3535 1748 3590 quo
1794 3520 1903 3576 litis
1951 3523 2062 3578 sive

481 3591 695 3662 negotii
715 3591 946 3644 alterius
970 3595 1213 3646 inducias
1237 3609 1298 3646 ac
1332 3595 1766 3661 prorogatiooetn
1793 3593 2062 3662 signiﬁca-

478 3661 628 3712 bant.
657 3660 924 3714 COsIcnus
970 3665 1256 3728 episcopus
1299 3660 1595 3716 Carnoteu.
1651 3662 1717 3714 ad
1777 3660 2061 3728 Su'gcrium

481 3729 734 3802 abbatem
783 3729 968 3785 Sancti
1000 3733 1233 3802 Dionysi
1290 3733 1355 3786 de
1401 3732 1687 3800 praeposito
1740 3731 2061 3789 Ilieuvillte:

480 3799 790 3872 Respectum
833 3802 980 3872 nobis
1029 3799 1412 3872 postulantibus
1463 3799 1590 3856 dare
1638 3802 1826 3864 noluit,
1876 3804 2062 3858 timens

481 3869 643 3921 lucris
671 3871 783 3923 suis
821 3869 1037 3936 aliquid
1061 3874 1312 3939 deperire,
1351 3875 1395 3926 si
1427 3888 1638 3925 causam
1671 3884 1903 3925 nostram
1936 3891 2062 3927 con-

483 3940 654 4006 tigerit
701 3942 769 3992 ad
809 3959 895 3995 vos
938 3943 1318 3996 discutiendum
1369 3943 1560 4001 venire,
1594 3940 1824 3996 Proinde
1869 3945 2064 3998 distre-

485 4010 683 4084 tionem
738 4026 957 4064 restrain
1005 4029 1160 4082 super
1219 4011 1737 4084 Itociimploramus,
1806 4027 1862 4066 ut
1905 4015 2063 4084 hujus

479 4080 555 4132 rei
577 4081 952 4135 discussionem
986 4080 1086 4136 non
1133 4098 1254 4137 ante
1295 4083 1458 4136 alium
1505 4099 1660 4152 quam
1709 4086 1762 4135 in
1787 4080 2061 4150 conspectu

481 4161 647 4201 vestro
677 4155 904 4218 ponatis,
935 4165 981 4206 et
1012 4155 1174 4206 donec
1203 4173 1234 4208 a
1277 4155 1421 4207 vobis
1464 4154 1516 4204 itl
1548 4155 1718 4223 ipsum
1766 4153 2064 4207 examinari

479 4224 643 4293 valeat
688 4223 959 4293 induciari
1009 4225 1260 4293 jubeatis.
1315 4224 1482 4293 Plura
1529 4224 1777 4293 exempla
1845 4223 2066 4292 collegit

481 4291 824 4361 ditt-tissiititis
878 4303 931 4347 et
979 4290 1422 4361 diligentissimus
1471 4292 1665 4346 Frauc.
1723 4290 1942 4345 Juretus
1995 4290 2063 4346 ad

481 4356 661 4429 Ivmiis
692 4366 850 4427 epist.
908 4363 1029 4416 1‘27.
1077 4356 1261 4416 Manet
1303 4363 1572 4429 hodieque
1620 4377 1721 4413 Vox
1754 4361 2060 4414 vernacula.

479 4426 612 4502 Nam
640 4426 751 4502 sine
778 4442 1012 4502 respectu
1042 4433 1270 4502 dicimus
1307 4433 1423 4484 sine
1468 4426 1893 4502 intermissione,
1939 4447 2062 4502 suns

478 4501 627 4570 repit.
678 4501 802 4554 bule
843 4499 906 4555 et“
937 4501 1276 4570 respectandi
1313 4503 1537 4554 verbum
1586 4499 1917 4570 formarunt.
1955 4501 2060 4555 lio-

479 4548 662 4624 duilius
689 4548 1174 4624 Virouuituludrum
1197 4585 1382 4624 comes
1403 4569 1634 4638 Sugerio
1657 4568 1830 4622 eidem
1851 4568 2063 4626 :Comes
2099 4548 2143 4606 ί)

479 4641 868 4707 Andegarensis
916 4643 1213 4707 respectavit
1252 4639 1590 4707 colloquium.
1645 4639 1786 4692 Idem
1838 4640 2059 4696 eidem:

483 4709 544 4761 Si
586 4726 709 4778 ergo
756 4711 982 4779 placeret
1016 4711 1155 4763 vobis
1204 4711 1411 4778 negotia
1463 4709 1705 4762 Parisius
1745 4709 1937 4777 facere,
1986 4711 2063 4766 vel

482 4793 791 4846 respectare,
842 4781 1062 4833 multum
1109 4781 1284 4834 vellem
1336 4789 1382 4833 et
1429 4779 1616 4832 bonum
1669 4788 1820 4833 esset.
1868 4779 2061 4836 Nescio

480 4851 615 4900 enim
664 4851 874 4918 quando
908 4853 1081 4904 venire
1105 4864 1284 4915 potero
1314 4869 1344 4902 a
1370 4851 1540 4904 curia.

551 4918 699 4987 (152)
734 4918 991 4990 Stecalnri
1019 4931 1064 4972 et
1093 4921 1364 4990 peregrino
1381 4920 1606 4989 judicio.
1627 4920 1872 4975 Alterum
1895 4922 2058 4990 perli-

483 4990 656 5066 netad
674 4994 893 5066 κςᾳμικὰ
913 4989 1225 5066 δικαστίρια.
1245 4991 1634 5066 Siccularia-seu
1663 4992 1872 5060 publica
1895 4993 2061 5066 tribu-

480 5059 620 5112 nalia
657 5073 672 5112 :
705 5062 931 5114 alterum
975 5065 1041 5114 ad
1087 5059 1339 5116 extranea
1363 5060 1590 5130 judicia,
1624 5059 1725 5116 hec
1754 5072 1854 5126 est,
1887 5063 2064 5118 eet-Ie-

478 5130 696 5184 siastiea
745 5132 985 5199 quidem,
1037 5132 1131 5185 sed
1185 5131 1342 5185 alieni
1388 5132 1586 5202 judicis
1633 5147 1736 5185 non
1767 5134 1871 5200 sui,
1915 5141 1973 5186 ut
2015 5133 2062 5187 si

478 5209 630 5254 extra
687 5203 1054 5269 provinciam,
1111 5217 1340 5271 quorum
1403 5212 1693 5272 utrumque
1756 5214 1838 5257 est
1888 5203 2063 5258 sacris

479 5272 686 5338 legibus
734 5272 1098 5326 interdictum.
1139 5273 1226 5326 Ivo
1276 5273 1432 5341 epist.
1468 5271 1757 5326 125(Cum
1789 5283 1961 5326 autent
2008 5274 2060 5327 in

476 5342 744 5411 provincia
795 5352 962 5396 vestra
1013 5345 1340 5412 peregrinum
1390 5345 1458 5396 sit
1496 5343 1763 5411 judicium
1804 5353 2056 5404 nostrum,

477 5417 806 5480 peregrinum
843 5425 1016 5466 tamen
1060 5430 1162 5467 non
1196 5423 1444 5484 putamus
1485 5429 1594 5468 esse
1633 5414 1910 5467 consilium
1961 5429 2058 5465 no-

477 5491 521 5535 st
530 5499 641 5536 rum
651 5524 664 5538 .

551 5553 700 5624 (I53)
768 5557 809 5608 Α
867 5558 1034 5624 primo
1093 5553 1277 5608 abbate
1332 5554 1637 5624 monasterii
1691 5554 1794 5607 sui.
1856 5553 1906 5606 Is
1963 5551 2063 5607 fuit

484 5623 818 5694 Ragiualdus
839 5623 904 5681 ex
939 5625 1204 5682 tuonacho
1233 5624 1451 5693 Majoris
1483 5623 1793 5679 Mouasterii
1825 5624 2063 5694 destina-

483 5693 756 5751 tus’abhas
792 5698 976 5752 Sancti
1014 5697 1218 5752 Νῆροιυί
1244 5695 1668 5762 Andegavcnsis,
1709 5696 1802 5749 sed
1833 5710 1862 5747 a
1893 5693 2062 5748 Gaul-

482 5765 624 5820 Irido
656 5767 895 5826 Martello
930 5766 1308 5826 Viudocineusi
1343 5765 1686 5836 praepositus.
1719 5764 1850 5820 lieni
1882 5765 2060 5834 prodit

2171 3313 2334 3366 quam
2393 3296 2592 3350 fratres
2648 3295 2817 3350 nostri
2869 3309 2900 3348 a
2957 3293 3135 3363 primo
3182 3292 3380 3350 abbate
3434 3297 3758 3350 monasterii

2165 3388 2249 3444 sui
2285 3386 2434 3459 (I53)
2481 3384 2707 3456 paeilice
2743 3393 3058 3453 tenuerunt,
3088 3392 3144 3439 et
3185 3383 3254 3439 de
3282 3399 3387 3454 qua
3441 3386 3544 3451 eis,
3600 3387 3758 3441 vobis

2166 3521 2330 3577 Falco
2377 3520 2546 3575 Nerra
2579 3535 2762 3576 comes
2816 3519 2867 3574 in
2916 3521 3328 3582 commentario,
3359 3535 3468 3589 quo
3515 3523 3754 3577 coenobii

2167 3592 2349 3646 Sancti
2403 3591 2630 3658 Nicolai,
2662 3590 2803 3659 quod
2859 3590 3134 3650 fundarat,
3191 3591 3458 3658 originem
3504 3594 3751 3658 exponit.

2166 3662 2450 3730 Postquam
2481 3677 2618 3727 vero,
2653 3661 2846 3730 inquit,
2873 3659 3155 3714 Baldricus
3186 3661 3345 3713 abbas
3375 3664 3752 3716 monasterium

2165 3732 2464 3801 dereliquit,
2514 3745 2843 3801 eremumque
2871 3731 3052 3789 furtim
3079 3731 3262 3801 petiit,
3300 3742 3654 3801 acipostremo
3679 3743 3750 3785 ad

2167 3800 2784 3872 Majtts-Monusterittni_
2805 3800 3128 3872 repatriavit,
3179 3802 3320 3872 apud
3368 3800 3749 3855 Tabennesium

2165 3869 2538 3925 monasterium
2563 3873 2720 3924 vitam
2751 3870 2908 3939 finiit.
2939 3869 3062 3924 Post
3086 3871 3224 3924 [tunc
3246 3871 3472 3924 domnus
3504 3871 3748 3924 Albertus

2165 3941 2325 3994 abbas
2357 3941 2706 4011 Raginaldum
2743 3941 3054 4011 monachum
3086 3940 3198 3994 loco
3233 3940 3637 4011 ejusrestituit;
3659 3945 3750 4010 qui

2166 4021 2286 4064 ante
2313 4009 2714 4064 benedictionem
2732 4009 2800 4062 ad
2820 4009 2995 4080 ﬁliuni
3010 4026 3181 4080 meum
3218 4009 3554 4079 Gaulfridum
3590 4009 3746 4080 fugit,

2166 4091 2320 4148 atque
2360 4083 2587 4149 regimen
2614 4081 2919 4132 monasterii
2959 4078 3360 4133 Vindocinensis
3402 4078 3601 4134 naviter
3622 4078 3751 4135 cou-

2167 4152 2354 4204 structi
2381 4153 2573 4220 absque
2595 4149 2806 4220 licentia
2852 4151 2935 4203 sui
2957 4149 3158 4202 abbatis
3187 4151 3434 4220 suscepit.
3457 4149 3750 4220 Postquam

2165 4237 2248 4273 me
2295 4221 2396 4274 vidi
2439 4219 2548 4274 esse
2595 4219 2807 4272 illusum
2870 4237 2902 4272 a
2959 4220 3161 4274 duobus
3217 4219 3524 4285 abbatibus,
3578 4219 3750 4274 iratus

2167 4289 2316 4344 valde
2361 4292 2500 4360 jussi
2543 4300 2598 4343 ut
2645 4289 2888 4360 monac/ii
2917 4289 3009 4342 alii
3057 4289 3126 4342 ad
3170 4292 3541 4360 monasterium
3592 4308 3747 4345 suum

2169 4361 2271 4413 cito
2328 4369 2639 4414 remearent.
2683 4359 2881 4412 Deinde
2919 4363 3094 4428 rogavi
3145 4360 3393 4428 damnum
3437 4359 3750 4414 Walterium

2169 4430 2406 4484 abbatem
2437 4429 2615 4483 Sancti
2634 4429 2833 4490 Albini,
2852 4439 2906 4482 ut
2934 4427 3183 4482 domuum
3215 4427 3488 4483 lli/tlinum
3523 4432 3752 4500 priorem

2169 4500 2312 4553 illius
2365 4501 2612 4554 It'cclesite
2661 4500 2984 4561 concederet,
3013 4500 3102 4568 qui
3131 4500 3406 4552 ordinatus
3447 4517 3586 4552 anno
3615 4501 3756 4555 I035

2171 4570 2235 4622 ab
2259 4567 2635 4624 Incarnatione
2671 4568 2904 4630 Domini,
2929 4570 3012 4620 die
3031 4567 3338 4621 Nativitatis
3353 4569 3516 4623 beata:
3542 4569 3755 4634 Mariae,

2169 4641 2259 4709 qui
2305 4651 2377 4693 est
2435 4655 2604 4694 annus
2661 4639 2847 4709 tertius
2903 4637 3119 4692 lienrici
3168 4639 3324 4708 regis,
3372 4643 3756 4694 monasterium

2173 4707 2485 4778 regulariter
2522 4709 2674 4762 rexit.
2736 4707 3028 4778 Ilucusque
3077 4707 3326 4777 ascripsi,
3370 4719 3430 4763 ut
3477 4724 3586 4778 quo
3616 4727 3760 4765 anno

2171 4777 2558 4833 utouastcrium
2598 4777 2992 4849 Vindociueuse
3015 4779 3267 4849 abbatem
3303 4777 3505 4834 habere
3527 4783 3762 4849 coeperit

2171 4850 2513 4919 exploratum
2540 4848 2858 4904 habeamus.
2881 4849 2965 4902 Ab
2984 4848 3084 4902 hoc
3101 4846 3401 4919 Raginaldo
3423 4851 3490 4902 ad
3520 4846 3762 4904 Michae-

2176 4918 2280 4974 lein
2321 4920 2623 4983 Subletum,
2675 4919 2764 4986 qui
2817 4918 3148 4972 monasterio
3184 4918 3566 4972 Vindociueusi
3617 4936 3760 4974 nunc

2212 4999 2388 5113 raeeslt,
2415 4990 2636 5113 orbatos
2680 4990 2898 5042 luerunt
2927 4988 3016 5052 57,
3063 5001 3294 5058 quorum
3322 4989 3522 5044 seriem
3555 4989 3758 5046 indicat

2212 5077 2260 5113 ic
2291 5076 2320 5113 e
2348 5075 2448 5113 euc
2472 5075 2573 5113 IIIS.

2212 5061 2260 5116 ic
2291 5061 2573 5115 elenchos.

2238 5172 2500 5227 Elencltus
2527 5173 2772 5228 abbatum
2808 5172 3111 5227 monasterii
3160 5180 3356 5226 sancta:
3406 5169 3687 5228 Trinitatis

2481 5244 2489 5252 '
2776 5241 3189 5296 Vindocinensis.

2235 5335 2276 5390 I.
2319 5333 2634 5388 Raiualdus.
2674 5333 2736 5387 II.
2769 5332 3054 5387 Odericus.
3086 5331 3171 5385 III.
3205 5332 3394 5385 David.
3426 5331 3517 5384 IV.
3557 5331 3756 5388 Berno.

2171 5406 2235 5460 V.
2269 5405 2562 5460 Gol'l'ridus.
2597 5403 2678 5457 VI.
2714 5401 3076 5457 Fromundus.
3131 5400 3236 5457 VII.
3283 5401 3574 5455 Ilubertus.
3627 5401 3757 5458 VIII.

2179 5476 2468 5529 Robertus.
2499 5473 2588 5528 IX.
2617 5472 2956 5528 Guillelmus.
2995 5471 3062 5525 X.
3092 5470 3389 5526 Gerardus.
3429 5469 3518 5526 XI.
3558 5472 3757 5529 Lucas.

2171 5545 2284 5601 XII.
2333 5545 2666 5600 Ilamelt'nus.
2715 5542 2844 5596 XIII.
2873 5540 3148 5597 GoITridus
3178 5541 3238 5595 II.
3264 5541 3401 5595 XIV.
3434 5541 3607 5606 llugo.
3641 5543 3758 5600 XV.

2180 5617 2479 5672 Rainaldns
2523 5614 2585 5668 II.
2621 5612 2757 5667 XVI.
2802 5612 3145 5684 Iiaginalilusi
3174 5611 3260 5666 Ill.
3309 5611 3764 5684 XVAIAILIIagiuals

2173 5689 2273 5743 dus
2295 5685 2384 5741 IV.
2403 5684 2589 5741 XVIII.
2613 5679 2912 5753 Philippus:
2946 5680 3086 5753 XIX.
3105 5679 3364 5753 Joannes.
3393 5680 3508 5753 XX.
3537 5679 3763 5738 Guillel-

2172 5773 2290 5814 Inus
2313 5757 2372 5812 ll.
2398 5755 2533 5810 XXI.
2565 5751 2818 5809 Joannes.
2845 5752 2899 5807 ll.
2931 5751 3070 5806 XXII
3100 5751 3347 5808 Michael.
3371 5751 3550 5808 XXIII.
3571 5754 3768 5816 Simon
