3990 6444
218 445 305 502 '97
1546 430 1921 488 EI‘ISTOLAL.
1953 463 2019 472 —-
2043 433 2169 488 LIB.
2210 433 2273 488 II.
3460 441 3529 494 ςε

244 558 468 616 omnino
492 555 811 620 hominum,
863 553 966 610 nisi
1012 550 1254 607 Romano
1291 549 1533 621 pontiﬁci
1562 557 1834 605 eteorum
1867 552 1912 610 Α
1943 548 2394 607 merito_tetteam
2435 565 2780 622 suspensum,
2836 554 2926 623 qui
2980 566 3066 608 me
3116 552 3387 608 immerito
3429 555 3530 608 Ita-

156 684 159 689 ‹
250 650 450 712 abbati,
491 647 546 701 in
577 646 721 715 ipsis
759 653 1084 715 potestatem
1126 642 1363 713 aliquam
1394 649 1484 696 aut
1512 638 1836 695 dominatio-

253 754 371 797 nem
417 737 578 791 liceat
628 736 939 791 vindicare.
970 733 1027 789 Si
1060 733 1181 804 quis
1213 742 1393 787 autem
1441 731 1542 787 ista
1569 737 1838 785 temerare

232 834 477 890 scienter
528 831 992 901 praesumpserit,
1045 827 1548 884 eveommunicatus
1594 833 1833 891 maneat,

248 921 348 979 nisi
402 919 721 989 resipuerit,
774 928 833 975 et
889 919 1141 973 Romana:
1181 914 1437 972 Ecclesia:
1487 913 1835 970 satisfecerit.

250 1015 437 1070 Datum
464 1012 675 1074 Romze,
702 1028 740 1067 ll
773 1011 1047 1068 Kalendas
1068 1009 1295 1080 Aprilis.
1334 1027 1355 1061 ι
1395 1007 1681 1078 Privilegia
1714 1021 1838 1062 san-

248 1117 345 1162 cte
360 1103 623 1159 Romana:
644 1102 931 1170 Ecclesiae,
958 1100 1155 1178 quibus
1178 1099 1566 1155 monasterium
1591 1106 1837 1152 nostrum

251 1197 506 1260 munitur,
560 1195 725 1251 vobis
771 1194 1005 1251 videnda
1057 1207 1199 1264 saepe
1230 1191 1545 1248 obtulimus.
1575 1190 1681 1247 Sed
1707 1190 1837 1260 quia

253 1288 551 1344 sublimitas
604 1294 790 1341 vestra
832 1284 1062 1340 distulit‘
1084 1283 1289 1347 videre,
1339 1281 1423 1338 vel
1464 1282 1655 1346 noluit,
1684 1296 1834 1352 quae-

248 1380 367 1435 dam
387 1393 455 1435 ex
484 1377 622 1446 ipsis
656 1387 857 1432 vestra:
885 1374 1159 1431 dilectioni
1184 1373 1515 1444 transcripta
1546 1374 1833 1438 mittimus,

257 1486 319 1526 ne
352 1470 612 1538 deinceps
658 1468 817 1539 quasi
866 1482 932 1522 ex
970 1464 1271 1534 ignorantia
1299 1473 1491 1519 contra
1527 1462 1837 1533 apostolicae

250 1542 526 1631 89'sedis
555 1558 953 1630 benignitatem
987 1555 1210 1612 brachia
1235 1553 1482 1626 erigatis,
1514 1568 1635 1624 quae
1664 1568 1760 1609 vos
1782 1549 1838 1610 e't

255 1669 349 1709 nos
378 1652 604 1719 creavit,
658 1666 768 1707 non
821 1651 1025 1707 nostris
1073 1650 1303 1715 meritis,
1354 1650 1450 1705 sed
1497 1664 1595 1707 sua
1632 1649 1831 1721 gratia.

258 1743 434 1801 Valete
463 1744 516 1799 in
543 1743 773 1799 Domino
800 1758 1037 1809 semper.
1164 1816 1171 1825 δ

730 1832 1065 1889 EPISTOLA
1104 1832 1336 1889 XXVIII.

1941 641 2134 697 buistis
2157 653 2488 713 suspectum.
2519 643 2746 700 Animus
2788 646 2985 715 quippe
3010 658 3164 699 meus
3179 641 3325 712 justo
3352 642 3530 698 luent

1938 736 2309 806 perturbatus,
2341 737 2468 807 quia
2504 737 2645 792 mala
2675 752 2773 807 pro
2797 737 2973 801 bonis,
3000 737 3183 793 odium
3216 736 3404 806 utique
3432 750 3531 805 po

1939 828 2224 884 dilectione
2268 844 2388 885 mea
2421 829 2722 885 sentiebam
2764 831 2893 885 mihi
2921 830 3172 895 retribui,
3216 813 3531 884 retributio-

1940 934 2065 973 nettl
2120 919 2396 985 videlicet,
2444 933 2610 989 quam
2661 919 2800 974 Deus
2837 935 2936 975 nec
2984 918 3155 983 novit,
3199 934 3297 973 nec
3324 919 3526 973 docuit.

1939 1010 2209 1080 Quidquid
2243 1012 2602 1066 seminatores
2640 1011 3032 1067 discordiarum
3065 1010 3409 1082 subpangant
3443 1012 3528 1066 vel

1936 1102 2246 1168 mussitent,
2276 1109 2572 1172 praesentes
2599 1099 2799 1156 littera:
2840 1116 2945 1155 non
2975 1099 3279 1155 fabularum
3304 1100 3528 1157 relatio-

1937 1206 2086 1256 nem,
2120 1192 2214 1266 sed
2246 1205 2436 1261 puram
2486 1189 2777 1260 loquentur
2814 1190 3121 1255 veritatem,
3161 1206 3249 1246 me
3273 1190 3529 1246 videlicet

1938 1283 2075 1340 nihil
2103 1299 2340 1355 unquam
2384 1295 2575 1338 contra
2624 1297 2748 1348 vos,
2773 1281 2860 1336 vel
2891 1290 3080 1337 contra
3110 1281 3405 1337 Ecclesium
3436 1298 3527 1336 vc-

1938 1387 2109 1432 stram
2135 1390 2165 1429 a
2209 1375 2429 1430 domino
2467 1390 2604 1447 papa
2631 1373 2847 1431 Calixto
2875 1374 3187 1445 ,qumsiissc,
3227 1373 3309 1429 vel
3349 1375 3523 1444 ipsum

1938 1468 2153 1524 fecisse.
2205 1467 2552 1539 Privilegium
2609 1466 2828 1537 quidem
2892 1466 3034 1537 apud
3089 1466 3344 1537 Stampas
3392 1468 3525 1521 mihi

1939 1558 2056 1616 fieri
2089 1560 2290 1626 debuit,
2323 1569 2377 1615 et
2404 1562 2666 1630 scriptum
2715 1557 2836 1613 fuit.
2872 1559 2978 1613 Sed
3009 1560 3135 1630 quia
3182 1559 3235 1613 in
3278 1574 3344 1613 eo
3374 1575 3520 1630 qua:-

1940 1652 2065 1706 dam
2100 1661 2231 1707 sunt
2258 1652 2452 1722 posita,
2482 1666 2602 1721 qua:
2634 1666 2809 1723 neque
2839 1651 3096 1707 Ecclesia:
3118 1659 3312 1706 vestra:
3345 1650 3524 1717 utilia,

1940 1756 2113 1811 neque
2141 1747 2470 1802 monasterio
2500 1753 2689 1800 nostro
2736 1744 3042 1800 necessaria
3086 1743 3428 1808 videbantur,
3469 1745 3524 1800 in

1940 1831 2079 1900 loco,
2136 1850 2246 1902 quo
2295 1836 2556 1905 scriptum
2614 1834 2823 1898 fuerat,
2873 1835 3139 1892 remansit
3194 1850 3300 1890 non
3347 1833 3524 1889 bulla-

256 1923 401 1980 Boao
442 1926 650 1981 domino
698 1934 749 1979 et
794 1925 885 1994 pio
922 1923 1073 1978 Patri
1113 1922 1374 1994 Goﬂ'rido,
1404 1922 1687 1979 laudabilis
1716 1925 1835 1979 vita
1868 1938 1909 1997 Β
1941 1930 2052 1978 tum
2086 1923 2255 1997 (165‘).
2302 1924 2495 1982 Postea
2536 1941 2665 1983 vero
2712 1925 2956 1981 Parisios
3000 1926 3204 1981 factum
3254 1924 3405 1993 1166)
3432 1934 3518 1981 est

330 2017 585 2087 cpiswpo,
640 2016 806 2086 frater
842 2014 1153 2084 G'oﬁ'rt'dus,
1210 2015 1465 2087 quidquid
1511 2015 1693 2070 haberi
1750 2015 1829 2071 vel

332 2109 577 2163 mandari
606 2118 766 2177 potest
792 2107 1083 2163 salubrius.

332 2199 472 2254 Dum
502 2201 644 2270 apud
687 2199 883 2255 Bonam
913 2197 1117 2254 Vallem
1149 2198 1298 2270 (161)
1326 2214 1422 2255 vos
1448 2208 1502 2256 et
1545 2215 1645 2256 nos
1667 2200 1829 2257 simul

253 2303 519 2354 essemus,
570 2305 684 2360 prae
722 2290 1080 2344 amaritudine
1120 2289 1285 2344 animi
1334 2291 1656 2362 perturbati,
1692 2308 1830 2364 pra:-

252 2393 375 2434 scnt
402 2378 586 2436 dicere
628 2380 771 2435 nolui
801 2380 949 2451 quod
981 2380 1179 2437 absens
1210 2380 1362 2437 vobis
1392 2382 1594 2451 scribo,
1626 2400 1695 2440 ne
1733 2400 1829 2441 vos

320 2574 463 2648 (164)
500 2575 706 2648 Bonam
746 2574 973 2631 Vallem.
1006 2576 1122 2648 Lib.
1160 2576 1419 2648 tv,epist.
1456 2577 1540 2632 LI.

318 2646 463 2716 (165)
499 2647 629 2701 Non
655 2647 937 2718 bellatum.
987 2646 1116 2718 Sine
1144 2646 1371 2702 bttlla’et
1397 2647 1591 2718 sigillo.
1622 2646 1828 2704 llatho-

251 2716 348 2771 dus
377 2718 827 2787 archiepiscopus
876 2716 1216 2788 Trevirensis
1242 2720 1296 2773 in
1325 2716 1548 2788 epistola
1581 2734 1677 2774 sua
1720 2720 1828 2775 for-

254 2785 582 2859 inata,haue
614 2785 893 2857 epistolam
938 2785 1147 2859 Grecis
1171 2785 1372 2859 litteris
1394 2790 1516 2843 hinc
1547 2790 1668 2859 inde
1712 2808 1830 2845 mu-

255 2858 363 2910 nire
396 2858 740 2927 decrevimus,
773 2867 822 2910 et
855 2856 1051 2910 annulo
1100 2857 1349 2912 Ecclesia.-
1396 2868 1587 2927 ttostra:
1627 2858 1831 2914 bullare

254 2928 559 2982 curauimus.
586 2926 801 2982 Boil-are
823 2928 987 2983 etiam
1008 2927 1218 2983 litteras
1241 2928 1375 2982 dixit
1394 2926 1587 2983 Petrus
1607 2928 1828 2983 Bleseuo

255 2996 342 3061 sis,
362 2997 682 3070 absignare.
719 2997 861 3066 Quin
888 3007 945 3070 et
970 2996 1244 3053 Bullarum
1272 2997 1397 3067 inde
1428 3013 1620 3070 n_omen
1652 3000 1827 3070 diplo-

255 3068 404 3138 malis
446 3067 770 3138 pontiﬁcum
798 3076 855 3122 et
898 3068 1310 3138 imperatorum,
1345 3079 1404 3125 ut
1446 3067 1827 3129 Formalarunt

254 3137 633 3196 ecclesiasticis
679 3137 986 3193 antistitum
1037 3137 1319 3208 epistolis,
1371 3154 1402 3195 a
1465 3138 1678 3201 forma,
1733 3157 1827 3196 seu

252 3208 418 3279 sigillo
442 3210 594 3279 quod
639 3209 961 3273 addebatur,
990 3207 1198 3279 utalibi
1230 3209 1333 3279 (Ad
1367 3209 1516 3278 epist.
1550 3208 1607 3276 8,
1639 3210 1737 3265 lib.
1779 3226 1826 3265 vt

252 3278 416 3348 Apoll.
447 3278 692 3349 Siglon.),
726 3280 773 3333 si
802 3278 946 3349 Deus
982 3278 1143 3347 volet,
1170 3279 1538 3349 ostendemus.

316 3351 459 3419 (l66)
500 3347 751 3405 Parisios
799 3348 998 3417 factum
1037 3360 1133 3402 est.
1187 3348 1679 3420 Privilcgiumhoc
1707 3351 1829 3406 Cal-

254 3419 375 3485 listi,
414 3437 525 3475 non
563 3420 740 3474 solum
786 3428 845 3473 ιιι
878 3419 1265 3474 conﬁrmentur
1293 3419 1411 3488 qua:
1438 3420 1503 3473 de
1528 3419 1617 3473 illo
1640 3422 1829 3479 scribit.

250 3488 537 3557 Com-idus,
585 3491 681 3547 sed
722 3490 848 3558 quia
877 3490 1176 3559 praecipuas
1219 3489 1532 3544 monasterii
1569 3488 1826 3546 Vindoci-

256 3561 433 3617 pensis
449 3560 843 3630 prmrogativas
871 3567 929 3614 et
966 3559 1336 3630 inununitates
1370 3559 1634 3625 continet,
1660 3561 1735 3615 ita
1767 3571 1826 3616 ut

254 3630 417 3701 instar
446 3629 739 3687 multorum
770 3644 891 3686 esse
922 3629 1115 3700 possit,
1141 3629 1409 3701 integrum
1429 3630 1823 3689 describemus.

254 3698 357 3755 Hoc
386 3717 513 3757 vero
533 3711 619 3757 est
640 3698 1074 3773 antigrapbutn‘:

253 3808 452 3867 Callisti
474 3810 536 3866 II
569 3810 1149 3885 priailegt’aptParisiis
1176 3813 1359 3869 datum
1379 3831 1474 3885 pro
1503 3818 1824 3875 monasterio

776 3880 781 3886 ’
848 3879 1240 3939 Vindacinensi.
1379 3879 1390 3885 ’
1526 3916 1535 3923 -

317 3971 903 4055 Callistas_episc3pus,
943 3988 1132 4055 servus
1158 3990 1439 4030 servorum
1478 3975 1596 4055 Dei,
1629 3977 1826 4055 dilecto

250 4039 357 4116 ﬁlio
403 4039 664 4098 Gaufrido
736 4039 1154 4116 Vindocineusis
1200 4047 1540 4116 rlllOllaSlel‘ii
1581 4039 1823 4116 abbati,

249 4113 468 4182 ejusque
517 4114 927 4170 successoribus
976 4114 1298 4185 regulariter
1340 4116 1733 4175 substituendis
1769 4113 1824 4175 in

252 4193 581 4250 perpetuum.
1382 4220 1387 4223 -

414 4199 581 4239 tuum.
1382 4220 1387 4223 -

319 4199 501 4330 :pgum
536 4255 805 4330 universis
836 4255 1092 4330 Ecclesiae
1138 4267 1339 4330 sancta:
1369 4257 1494 4313 filiis
1514 4273 1580 4313 ex
1603 4268 1823 4330 aposto-

252 4321 366 4379 lica:
384 4325 525 4380 sedis
555 4327 882 4382 auctoritate
913 4342 977 4381 ac
1006 4327 1377 4381 benevolentia
1404 4321 1678 4385 debitores
1706 4332 1822 4384 exi-

251 4401 471 4469 statttus,
504 4397 611 4452 illis
643 4408 833 4469 tamen
872 4395 1003 4469 locis
1035 4404 1204 4469 atque
1252 4398 1519 4469 personis,
1552 4415 1672 4469 qum
1699 4415 1822 4468 spe-

248 4464 434 4537 cialius
458 4477 622 4537 atque
666 4465 988 4521 familiarius
1035 4464 1291 4537 Romanae
1329 4464 1607 4523 adhteretit
1636 4464 1822 4525 Eccle-

252 4532 393 4607 size,
431 4532 767 4607 propensiori
829 4552 928 4591 nos
993 4536 1246 4607 convenit
1307 4537 1591 4595 charitatis
1642 4542 1821 4595 sttnlio

250 4604 546 4673 imminere.
600 4606 986 4673 Quamobrem,
1028 4606 1346 4661 cbarissime
1392 4609 1444 4661 in
1486 4607 1703 4664 Christo
1744 4612 1817 4667 lili

248 4672 498 4732 Gaufride
569 4672 758 4743 abbas,
826 4677 931 4731 tuis
987 4676 1336 4747 petitionibus
1387 4693 1492 4733 non
1545 4679 1816 4735 immerito

249 4747 583 4814 annuendum
631 4745 1064 4814 censuimus,‘nt
1110 4745 1504 4804 Vindocinense
1542 4752 1817 4805 mo‘naste-

249 4813 524 4886 rimo,icui
562 4818 674 4871 Deo
712 4827 933 4872 auctore
954 4813 1232 4886 pnesides,
1269 4818 1412 4886 quod
1454 4820 1711 4874 videlicet
1745 4821 1815 4876 ab

250 4882 377 4957 ipsis
407 4885 776 4957 fundatoribns
802 4882 1064 4942 Gziitfiido
1107 4882 1478 4957 Andegavensi
1530 4890 1726 4945 comite
1760 4900 1815 4945 et

249 4953 446 5027 Agnete
459 4956 784 5011 Pictaviensi
810 4958 1086 5012 couiitissa
1113 4957 1226 5011 sedi
1245 4953 1552 5027 apostolicae
1576 4960 1811 5015 ablatum

249 5035 354 5096 est.
378 5026 440 5079 ad
467 5030 930 5096 przedecessorum
972 5026 1291 5081 nostrorum
1306 5038 1508 5083 saneta:
1537 5032 1812 5085 memoria:

248 5094 548 5159 Alexandri,
591 5096 822 5170 Urbani,
874 5097 1155 5170 Paschalis
1168 5097 1562 5170 Romanorum
1595 5102 1809 5170 pontili-

250 5178 368 5218 eum
402 5168 673 5240 exemplar
712 5168 1021 5240 apostolicae
1060 5167 1211 5240 sedis
1256 5169 1531 5240 privilegio
1574 5167 1813 5225 munire-

251 5246 386 5289 mus.
413 5234 714 5308 Sicut'ergo
746 5234 910 5293 iidem
942 5234 1640 5306 lnndatores'devoverant,
1667 5251 1720 5295 et
1756 5242 1807 5295 in

188 5313 203 5321 ‘
248 5308 815 5380 eorumehirographo
838 5309 1160 5380 continetur,
1203 5310 1301 5364 sub
1332 5311 1639 5380 apostolica:
1664 5312 1811 5366 sedis

250 5372 547 5433 defensione
575 5372 642 5433 ac
686 5372 930 5433 Romana
962 5379 1209 5434 libertate
1237 5381 1305 5435 ab
1329 5372 1474 5435 omni
1503 5383 1812 5438 conditione

248 5443 465 5519 aliarum
508 5463 866 5518 personarum
913 5449 1215 5505 absolutum
1260 5466 1472 5519 semper
1498 5461 1550 5505 et
1581 5452 1809 5506 liberum

250 5513 386 5569 idem
416 5513 806 5575 monasterium
834 5533 1146 5587 permanere
1176 5513 1472 5576 sauciuius.
1509 5520 1587 5575 Ita
1623 5522 1811 5576 videli-

250 5591 336 5638 cet
385 5595 441 5643 ut
486 5588 628 5644 inter
681 5587 982 5661 Romanum
1028 5590 1336 5659 pontiﬁcem
1374 5601 1428 5644 et
1478 5600 1550 5657 te,
1584 5599 1810 5661 tuosque

251 5666 599 5731 ﬂtccessores,
624 5658 774 5731 nulla
784 5657 1153 5731 cujuscunque
1174 5661 1465 5731 dignitatis
1478 5662 1571 5731 vel
1594 5657 1806 5718 ordinis

254 5737 464 5800 pprsona
508 5730 602 5793 sit,
651 5727 833 5800 inedia
864 5727 1137 5800 habeatur.
1167 5727 1275 5784 Nec
1301 5731 1415 5800 ipse
1449 5730 1809 5785 Vindoeinen-

254 5794 506 5870 sisabbas
535 5802 603 5853 ad
630 5796 924 5854 concilium
972 5798 1068 5862 ire,
1118 5801 1204 5855 ubi
1247 5794 1397 5870 papae
1441 5816 1671 5870 persona
1701 5818 1805 5855 non

257 5865 433 5936 aderit,
473 5869 753 5924 ullatenus
800 5875 1043 5935 cogatur;
1091 5865 1262 5926 Porro
1286 5865 1568 5926 ecclesiam
1621 5869 1805 5927 Beata:

1933 2016 2295 2088 privilegium,
2348 2018 2401 2072 in
2459 2033 2568 2089 quo
2605 2019 2841 2090 dignitas
2888 2030 2944 2073 et
2988 2018 3160 2074 honor
3208 2019 3522 2075 monasterii

1932 2106 2103 2160 nostri
2154 2116 2491 2161 memoratur
2540 2109 2748 2177 pariter
2791 2116 2845 2163 et
2899 2107 3169 2174 firmatur,
3214 2123 3315 2163 nec
3364 2108 3414 2162 in
3451 2123 3518 2163 eo

1933 2197 2107 2252 honor
2145 2197 2537 2269 Ecclesiae”
2583 2209 2777 2254 vestra:
2820 2199 3101 2264 minuitur,
3141 2200 3235 2254 sed
3268 2208 3518 2268 augetur.

1933 2287 2084 2355 Quod
2116 2298 2265 2358 patet
2310 2291 2586 2357 omnibus,
2619 2291 2710 2361 qui
2761 2291 3000 2346 invidum
3026 2308 3243 2347 ocunun
3279 2308 3384 2345 non
3425 2293 3522 2346 ha-

1933 2380 2080 2446 bent,
2110 2394 2210 2434 nec
2234 2379 2456 2450 obliquo
2483 2381 2665 2435 srdere
2692 2395 2776 2435 res
2800 2380 2935 2436 bene
2963 2389 3145 2450 gestas
3167 2380 3521 2435 considerare

1934 2559 2130 2616 Priscae
2181 2561 2235 2616 in
2284 2572 2470 2618 monte
2511 2561 2786 2631 Aventino
2832 2562 3017 2625 sitam,
3051 2576 3213 2630 quant
3249 2578 3368 2615 cum
3396 2563 3520 2617 uni-

1933 2631 2105 2687 νει-εὶς
2135 2633 2477 2702 pertitreutiil
2510 2634 2627 2687 Suis
2654 2633 2892 2702 puedicti
2922 2633 3126 2687 domini
3172 2634 3344 2687 nostri
3389 2636 3518 2687 Alc-
3614 2642 3620 2648 '

1936 2702 2123 2757 xandri
2176 2717 2327 2773 papa:
2373 2703 2726 2776 concessione
2766 2703 3198 2776 prtedccessores
3228 2704 3303 2763 tui
3356 2704 3519 2776 longa

1935 2779 2180 2844 tempore
2225 2773 2529 2842 possedisse
2573 2782 2888 2839 noscuntur,
2923 2773 3018 2827 tibi
3054 2774 3267 2844 tuisque
3301 2773 3519 2830 succes-

1934 2840 2149 2914 soribus
2177 2840 2299 2914 cum
2329 2844 2474 2897 omni
2519 2845 2803 2914 dignitate,
2829 2858 2948 2913 qum
2974 2845 3040 2898 ad
3069 2840 3323 2914 eamdem
3343 2846 3521 2900 eccle‘

1933 2911 2070 2983 siam
2099 2912 2348 2981 pertinet,
2379 2911 2769 2969 confirmamus
2811 2911 2984 2969 sancti
3034 2914 3272 2980 Spiritus
3306 2913 3519 2983 judicio

1933 2982 2313 3054 decernentes,
2346 2995 2407 3038 ut
2447 2984 2591 3054 nulla
2632 2985 2889 3054 deinceps
2936 2986 3309 3041 ecclesiastica
3344 3002 3519 3043 stecm

1936 3049 2131 3108 larisve
2168 3068 2397 3124 persona
2430 3049 2741 3124 prdaliclam
2779 3049 2956 3110 Déalae
2995 3054 3200 3111 Priscae
3227 3056 3521 3119 ecclesiam

1934 3122 2322 3194 sett_eeclcsite
2356 3122 2675 3194 dignitatem
2731 3125 2824 3180 tibi
2880 3126 3056 3181 tuisve
3106 3126 3516 3182 successoribus

1933 3190 2174 3260 qualibet
2219 3190 2441 3249 astutia'
2472 3194 2554 3249 vel
2599 3196 2885 3251 occasione
2941 3194 3158 3251 auferre
3202 3208 3512 3264 praesumat.

1934 3264 2098 3336 Quod
2131 3264 2176 3318 si
2217 3264 2358 3320 forte
2382 3265 2670 3336 contigerit
2701 3266 2958 3321 Romam
2988 3267 3223 3335 legatum
3258 3267 3517 3324 Ecclesia:

1933 3334 2251 3410 praedictum
2281 3334 2726 3410 ___Vindocinense
2801 3334 3203 3410 monasterium
3246 3338 3512 3410 visitare,

1930 3404 2251 3477 charitative
2280 3405 2351 3461 ibi
2382 3406 2725 3475 suscipiatur,
2758 3417 2812 3462 et
2836 3409 2885 3462 ei
2921 3408 3075 3477 juxta
3103 3407 3205 3462 loci
3238 3404 3511 3476 possibili-

1932 3482 2097 3549 tatem
2150 3474 2438 3549 diligenter
2494 3474 2615 3547 quae
2662 3478 2876 3549 corpori
2923 3474 3140 3533 'l'ueriut
3203 3474 3509 3534 tieeessaria

1933 3545 2564 3620 ministrenturamrro
2625 3545 2835 3620 legatus
2883 3550 2997 3620 ipse
3046 3549 3100 3603 in
3155 3550 3346 3604 eodem
3391 3549 3514 3604 loco

1929 3616 2065 3691 nihil
2093 3632 2208 3691 per
2238 3634 2298 3691 se
2330 3619 2620 3689 disponere
2658 3616 2741 3673 v'eI
2763 3616 3040 3691 corrigere
3078 3619 3299 3687 audeat,
3336 3636 3513 3689 neque

1927 3686 2214 3757 occasione
2264 3686 2549 3757 legationis
2593 3699 2859 3745 rectorem
2901 3686 3004 3745 ioci
3040 3690 3122 3744 vel
3168 3686 3365 3745 fratres
3398 3686 3513 3743 nio-

1929 3756 2127 3812 lestare
2172 3756 2496 3831 praesumat;
2550 3760 2647 3831 sed
2698 3762 2743 3815 si
2772 3762 2901 3831 quid
2941 3761 3080 3816 forte
3128 3762 3509 3830 corrigendum

1927 3829 2261 3901 cognoverit,
2322 3845 2472 3899 papa:
2509 3829 2804 3901 notiﬁcaro'
2843 3832 3047 3887 licebit.
3080 3830 3138 3886 Si
3169 3829 3294 3901 quis
3329 3844 3511 3887 autem

1929 3901 2195 3972 adversus
2226 3900 2420 3972 locum
2468 3900 2747 3972 illumpro
2789 3902 3063 3972 aliquibus
3100 3900 3264 3958 rebus
3291 3903 3509 3958 causari

1930 3966 2180 4042 voluerit,
2226 3970 2532 4042 nullatenus
2590 3966 2760 4026 abbas
2807 3966 2897 4028 vel
2938 3977 3134 4029 fratres
3178 3973 3226 4026 ei
3284 3989 3511 4042 respon-

1927 4037 2115 4112 deant,
2163 4048 2453 4110 antequam
2504 4040 2806 4112 Romanum
2848 4042 3159 4112 pontiﬁcem
3194 4037 3511 4107 consulant,

1927 4109 2055 4180 quia
2081 4113 2223 4180 quod
2270 4109 2388 4166 sine
2435 4120 2623 4166 nostro
2654 4111 2736 4180 vel
2772 4109 3144 4167 successorum
3194 4124 3509 4167 nostrorum

1921 4177 2129 4246 judicio
2149 4180 2471 4237 distraetnm
2492 4180 2574 4233 vel
2603 4179 2889 4235 dilbnitum
2919 4182 3102 4246 fuerit,
3130 4182 3346 4236 irritum
3375 4184 3506 4237 erit.

1927 4249 2087 4322 Sane»
2111 4249 2178 4304 ad
2223 4251 2478 4322 iudicium
2508 4263 2772 4322 percepzto
2804 4251 2960 4321 hujus
2987 4267 3017 4305 a
3044 4252 3287 4307 Romana
3319 4253 3509 4311 Eccle-

1926 4320 2004 4392 sia
2036 4318 2304 4374 libertatis
2332 4318 2612 4392 duodecim
2651 4318 2889 4375 solidos'
2910 4332 3139 4376 itionette
3169 4333 3361 4376 vestrae
3409 4340 3507 4392 pa-

1929 4389 2044 4463 μήτε
2079 4391 2370 4463 quotannis
2411 4389 2662 4463 Lateran.
2703 4392 2903 4462 palatio
2933 4393 3272 4463 persolvetis.
3314 4392 3369 4446 Si
3400 4389 3505 4462 (tua

1927 4459 2089 4526 igitur
2116 4462 2166 4513 in
2205 4460 2443 4514 l’uturutn
2471 4459 2839 4516 ecclesiastica
2876 4459 3218 4517 saicularisve
3248 4459 3503 4532 persona,

1926 4532 2065 4585 hanc
2101 4540 2299 4586 nostra:
2329 4532 2731 4603 constitutionis
2787 4533 3036 4603 paginam
3075 4534 3279 4598 sciens,
3315 4546 3507 4590 contra

1852 4600 2040 4655 Deam
2096 4610 2300 4656 temere
2347 4602 2533 4655 venire
2591 4600 2901 4668 tentaverii,
2968 4603 3210 4658 secundo
3278 4606 3505 4660 tertiove

1923 4671 2343 4745 togumonita,‘si
2381 4687 2486 4725 non
2512 4670 2880 4745 satisfactione
2915 4689 3150 4745 congrua
3183 4675 3506 4730 emendave-

1924 4744 2011 4808 rit,
2039 4742 2322 4816 potestatis
2346 4743 2673 4816 honorisque
2694 4745 2777 4799 sui
2806 4742 3067 4816 dignitate
3091 4754 3298 4811 careat,
3319 4760 3499 4800 ream-

1922 4826 2029 4881 que
2059 4827 2120 4867 se
2150 4812 2559 4880 divinojudicio
2608 4814 2675 4868 de
2725 4812 3031 4884 perpetrata
3084 4816 3370 4885 iniquitate
3416 4832 3507 4881 eo-

1922 4891 2171 4955 gnoscat,
2217 4892 2332 4955 eta
2362 4885 2733 4955 sacratissimo
2779 4900 3004 4955 corpore
3032 4894 3086 4940 et
3118 4887 3381 4955 sanguine
3412 4888 3504 4943 llei

1921 4963 1976 5005 et
2026 4953 2232 5007 Domini
2284 4953 2661 5023 Redemptoris
2705 4953 2889 5009 nostri
2918 4953 3044 5010 Jesu
3082 4953 3285 5011 Christi
3326 4956 3503 5012 aliena

1924 5023 2037 5083 ﬁat,
2088 5033 2250 5092 atque
2301 5028 2351 5076 iu
2395 5033 2643 5079 extremo
2694 5025 2945 5079 examine
2993 5026 3255 5083 districta)
3309 5028 3505 5083 ιιΙιὶοιιὶ

1918 5093 2212 5161 subjaceat.
2236 5094 2457 5148 Cunctis
2486 5105 2664 5148 autem
2691 5097 2865 5149 eidem
2897 5096 3013 5152 loco
3041 5096 3143 5152 ista
3163 5102 3505 5154 servantibus

1918 5167 1990 5237 sit
2028 5180 2131 5233 pax
2182 5165 2393 5237 Domini
2435 5168 2607 5237 nostri
2634 5164 2760 5220 Jesu
2783 5166 3006 5231 Christi,
3038 5178 3305 5237 quatenus
3334 5180 3388 5222 et
3417 5171 3504 5223 nit:

1918 5232 2154 5307 fructum
2208 5234 2364 5307 bona:
2413 5236 2645 5291 actionis
2704 5237 3021 5307 percipiant,
3054 5232 3107 5292 et
3157 5241 3298 5307 apud
3326 5242 3503 5293 distri-

1916 5315 2063 5428 itum
2112 5303 2355 5361 Judicem
2426 5307 2647 5376 praemia
2703 5303 2922 5361 aeternio
2995 5309 3147 5381 pacis
3192 5303 3494 5362 inveniant.

1968 5390 2109 5428 men.

1968 5390 2109 5429 IIICI).

1993 5463 2013 5496 ι
2046 5444 2160 5517 ligo
2182 5443 2439 5500 Callistus
2458 5447 2751 5517 catholicae
2798 5447 3052 5503 Ecclesiae
3078 5447 3363 5517 cpiscopus
3393 5446 3495 5501 SS.

1996 5533 2015 5566 ι
2053 5515 2243 5588 Datum
2278 5516 2498 5588 Parisiis
2530 5533 2627 5588 per
2667 5534 2884 5572 manum
2921 5515 3271 5588 Chrysogoni
3297 5528 3501 5571 sancta.-

1919 5585 2177 5641 Romanae
2201 5586 2454 5655 Ecclesiae
2480 5585 2690 5643 diaconi
2722 5588 3011 5642 cardinalis
3034 5585 3115 5640 'ac
3146 5585 3501 5639 bibliotheca-

1918 5658 2006 5719 rii,
2036 5671 2130 5710 vttt
2186 5655 2311 5711 ldus
2359 5656 2636 5725 Obtobris,
2684 5659 2867 5710 indict.
2921 5671 3040 5719 xm,
3093 5656 3384 5711 Dominicze
3416 5658 3500 5710 ln-

1918 5725 2251 5781 carnationis
2331 5742 2474 5782 anno
2544 5727 2832 5783 millesimo
2898 5726 3196 5781 centesimo
3281 5728 3498 5782 decimo

1918 5813 2083 5861 nono,
2117 5796 2464 5865 pontificatus
2520 5810 2697 5853 autem
2738 5798 2950 5852 Domini
3003 5796 3213 5853 Callisti
3265 5796 3306 5852 lI
3348 5813 3499 5868 papa:

1918 5881 2057 5922 anno
2095 5880 2289 5938 primo.
2330 5885 2350 5919 ι
