3990 6466
472 392 561 449 -99
1505 393 1822 450 GOFFRlDl
1849 395 2135 452 ABBATIS
2172 395 2684 455 VINDOCINENSIS

3659 406 3764 461 10ft

491 518 781 565 conantur.
821 509 975 567 Absit
1015 512 1116 567 hoc
1159 523 1187 561 a
1234 507 1551 563 sinceritate
1600 507 1797 563 anima:
1830 525 1985 576 meae,
2017 519 2076 565 ut
2107 518 2152 575 Α
2183 513 2411 566 concilio
2438 514 2584 585 (174)
2613 528 2772 584 super
2805 512 2906 568 hoc
2937 513 3242 583 diﬂinitam,
3290 528 3346 577 et
3400 514 3470 578 ab
3518 518 3768 577 omnibus

488 601 669 656 amico
694 600 777 655 vel
822 602 1040 657 inimico
1068 599 1213 654 aliud
1258 606 1563 668 promptum
1614 599 1667 652 in
1700 598 1884 671 lingua
1911 602 2069 656 exhi-

488 694 671 757 beam,
703 702 759 747 et
807 693 951 748 aliud
1000 702 1212 746 teneam
1256 690 1499 746 clausum
1557 691 1610 745 in
1666 700 1903 762 pectore.
1938 695 2072 751 Illud

486 786 755 840 veraciter
784 783 1017 838 credatis
1044 782 1187 852 quod
1221 783 1273 837 in
1302 783 1588 855 privilegio
1611 785 1730 856 ipso
1754 786 1900 842 nulla
1934 802 2069 843 con-

488 886 571 931 tra
593 876 888 931 Ecclesium
937 884 1199 939 vestram,
1241 875 1328 928 vel
1355 876 1421 931 de
1448 876 1687 932 Ecclesia
1720 888 1898 935 vestra
1928 878 2067 936 facta

484 979 570 1025 est
592 970 810 1023 mentio.
851 967 1006 1034 Quod
1061 967 1108 1022 si
1148 967 1399 1023 dominus
1447 983 1587 1038 papa
1624 968 1829 1039 aliquid
1868 971 1934 1026 de
1967 985 2068 1028 suo

480 1062 638 1119 nobis
667 1060 914 1125 contulit,
945 1075 1046 1116 nec
1065 1061 1218 1116 vobis
1258 1061 1404 1131 quod
1449 1070 1691 1117 vestrum
1717 1073 1799 1118 est
1822 1062 2062 1130 abstulit,

479 1168 575 1209 vos
604 1154 882 1209 dominum
901 1163 1144 1209 nostrum
1167 1162 1222 1209 et
1242 1153 1652 1224 prtecordialem
1677 1154 1913 1209 amicum
1940 1155 2066 1211 inde

479 1243 649 1299 lauari
696 1244 1090 1301 desideramus.
1142 1245 1251 1301 Sed
1290 1246 1334 1299 si
1371 1245 1573 1300 inimici
1603 1246 1773 1302 uestri
1810 1247 1935 1303 inde
1983 1246 2064 1301 lu-

473 1343 604 1406 gent
648 1344 706 1391 et
741 1338 1160 1402 contristantur,
1197 1352 1297 1391 nos
1342 1336 1546 1392 idcirco
1584 1338 1727 1409 quod
1766 1338 2061 1408 apostolica

474 1426 798 1481 auctoritate
829 1425 1101 1481 ﬁrmatum
1124 1435 1228 1491 est,
1253 1434 1415 1496 atque
1441 1427 1541 1482 sub
1565 1428 1911 1483 anathemate
1931 1427 2061 1499 liga-

476 1528 611 1583 tum,
639 1533 740 1574 nec
783 1534 1071 1588 possumus
1115 1518 1346 1585 solvere,
1394 1533 1494 1575 nec
1527 1519 1806 1575 debemus.
1850 1518 2054 1587 Valete,

473 1624 530 1671 et
558 1615 602 1670 si
635 1615 772 1671 bene
821 1614 1031 1670 locutus
1071 1629 1210 1678 sum,
1250 1621 1305 1668 et
1332 1612 1471 1668 bene
1499 1622 1781 1683 operatus,
1815 1614 2058 1669 testimo-

473 1707 623 1761 nium
665 1707 966 1776 perhibete.
999 1706 1115 1762 Non
1146 1706 1292 1762 enim
1333 1714 1522 1761 contra
1566 1705 1943 1777 memetipsum
1972 1705 2057 1762 fa-

471 1813 597 1853 cere
620 1799 899 1865 consuevi,
950 1814 1050 1854 nec
1088 1806 1331 1854 nostram
1363 1797 1615 1854 mordere
1636 1797 1899 1869 linguam,
1929 1814 2051 1854 cum

473 1887 618 1959 loqui
654 1888 835 1945 debui.
1141 1919 1147 1925 ’

979 1978 1312 2036 EPISTOLA
1350 1980 1545 2036 XXIX.

469 2069 616 2125 Bono
645 2071 856 2124 domino
878 2079 927 2124 et
950 2086 1046 2124 suo
1068 2070 1307 2124 uiscerali
1336 2072 1528 2137 amico,
1556 2068 1796 2141 Golfrido
1817 2069 2066 2126 laudabi-

538 2162 742 2218 Ιὶευὶηυ
763 2164 1024 2233 episcopo,
1054 2162 1218 2230 frater
1264 2160 1536 2231 Goﬂ'ridus
1590 2178 1781 2233 puram
1826 2162 2062 2218 dilectio-

539 2271 677 2321 nem,
705 2265 751 2308 et
772 2268 918 2323 purce
947 2253 1236 2308 dilectionis
1265 2254 1584 2309 servitutem.

543 2346 747 2399 Docent
776 2360 875 2398 nos
905 2346 1122 2400 decreta
1165 2354 1482 2402 sanctorum
1509 2345 1878 2402 Romanorum
1921 2361 2059 2417 pon—

470 2436 697 2499 tilicum,
741 2435 938 2490 Leonis
991 2435 1238 2490 videlicet
1286 2436 1433 2507 (167)
1485 2438 1687 2508 magni,
1748 2438 2060 2508 Symmachi

471 2527 642 2599 (168),
672 2526 870 2582 Felicis
896 2527 1071 2598 (169),
1095 2525 1341 2596 Gregorii
1369 2526 1539 2599 (170),
1570 2528 1868 2585 llormisdae
1889 2529 2058 2600 (171),

471 2618 607 2674 Sixti
639 2617 810 2689 (172),
834 2617 1049 2673 Eusebii
1080 2618 1251 2687 (175),
1280 2618 1488 2675 nullum
1516 2620 1632 2676 suis
1669 2621 1834 2677 rebus
1866 2635 2060 2692 exspo-

468 2708 680 2776 liatum,
714 2709 798 2763 vel
834 2724 866 2763 a
898 2711 1114 2780 propria
1170 2710 1301 2766 sedc
1351 2711 1583 2780 pulsum,
1631 2712 1684 2765 in
1715 2712 1897 2783 aliquo
1947 2711 2051 2783 91

459 2801 717 2873 iudicari,
736 2801 818 2857 vel
834 2801 900 2857 ad
918 2801 1205 2857 concilium
1233 2800 1430 2859 debere
1452 2804 1655 2871 vocari,
1681 2804 1853 2859 donec
1875 2805 2056 2860 omnia

463 2905 585 2961 qum
614 2890 715 2946 sibi
746 2890 925 2945 ablata
947 2888 1167 2945 fuerunt
1191 2905 1256 2945 ex
1287 2890 1496 2962 integro
1525 2891 1907 2957 restituantur;
1936 2908 2057 2963 qua:

465 2990 617 3037 tanto
649 2991 889 3050 tempore
911 2982 1207 3052 possideat,
1239 2990 1446 3052 quanto
1473 2997 1535 3037 ea
1571 2983 1818 3038 amisisse
1857 2999 2057 3055 cogno-

461 3071 652 3126 scitur.
683 3069 740 3124 Si
770 3070 891 3139 quis
915 3069 1046 3124 dicit
1072 3085 1176 3125 non
1207 3070 1275 3125 ad
1293 3069 1557 3139 judicium
1603 3086 1801 3137 causze,
1849 3074 1943 3128 sed
1985 3074 2053 3130 ad

455 3167 719 3237 judicium
752 3164 1085 3220 investiturae
1114 3166 1470 3235 exspoliatum
1522 3180 1680 3235 potsse
1715 3165 1800 3222 vel
1857 3167 2054 3224 debere

457 3260 668 3322 vocari,
691 3257 871 3325 claves
897 3265 1097 3312 sauctze
1126 3257 1378 3313 Ecclesia:
1404 3258 1611 3330 agitare
1631 3267 1687 3315 et
1706 3258 1850 3330 leges
1870 3261 2055 3315 catho-

460 3349 579 3403 licm
624 3360 678 3404 et
726 3350 1037 3419 apostolica:
1085 3349 1232 3405 sedis
1279 3349 1484 3406 violare
1534 3359 1807 3418 conatur;
1856 3353 2053 3422 quibus

458 3443 787 3508 prohibitum
838 3451 1017 3498 estne
1054 3442 1278 3513 quilibet
1333 3443 1667 3514 exspoliatus
1709 3452 1934 3502 Vocetur
1982 3446 2051 3502 ad

449 3533 742 3602 judicium,
772 3535 886 3589 sive
918 3536 969 3589 iu
992 3534 1491 3605 aliquojudicetur.
1546 3535 1603 3590 Si
1639 3536 1807 3607 igitur
1851 3552 2049 3607 exspo-

454 3617 619 3681 lzatus
646 3627 699 3681 in
730 3626 913 3695 aliquo
928 3626 1158 3696 judicari
1188 3644 1294 3686 non
1324 3632 1519 3699 debet,
1560 3632 1913 3688 manifestum
1940 3638 2044 3700 est,

457 3732 558 3772 nec
584 3731 745 3787 super
770 3716 873 3772 hoc
895 3716 1165 3774 ullatenus
1190 3721 1590 3779 rationabiliter
1614 3724 1849 3781 dubitari
1871 3731 2049 3797 potest

457 3807 603 3876 quod
634 3821 745 3861 non
776 3806 950 3862 solum
978 3805 1241 3876 judicium
1281 3827 1462 3870 causa:
1510 3823 1566 3869 et
1612 3814 1946 3874 investituraa
1977 3819 2048 3876 ab

458 3893 765 3964 exspoliato
816 3907 1162 3965 removetur,
1203 3914 1393 3957 verum
1442 3904 1608 3958 etiam
1651 3906 1798 3961 nulla
1858 3917 2047 3964 contra

454 4003 578 4042 eum
604 3987 793 4059 judicii
820 3990 1029 4045 vacatio
1055 3990 1171 4046 fieri
1199 3995 1558 4063 permittitur,
1603 3998 1856 4066 quoniam
1887 3999 2047 4056 inane

453 4086 600 4133 e5set
626 4088 680 4132 et
716 4093 942 4134 vacuum
978 4095 1102 4137 cum
1133 4083 1198 4136 ad
1221 4084 1484 4152 judicium
1510 4090 1690 4143 vocari
1708 4090 1875 4161 cui_in
1899 4091 2047 4148 nullo

447 4168 680 4238 judicari
715 4172 1051 4226 conceditur.
1087 4171 1357 4231 Prmterea
1387 4178 1661 4246 novimus,
1683 4181 1772 4249 qui
1806 4195 2044 4250 praesen-

454 4265 536 4312 tes
555 4272 795 4328 eramus,
818 4262 1098 4318 dominum
1117 4279 1309 4336 papam
1329 4266 1625 4339 Urbanum,
1648 4271 1700 4325 in
1716 4270 2043 4329 Arvernensi

522 4414 1174 4508 (I67)_f.epitis.videlicet.
1229 4421 1346 4508 lluc
1394 4422 1715 4503 facit_quod
1761 4436 1845 4508 est
1882 4427 1934 4479 in
1973 4427 2044 4508 d7

448 4482 568 4553 ejus
598 4482 824 4564 epistola
856 4492 922 4564 ad
964 4493 1229 4564 synodum
1287 4482 1707 4564 metttneiticain,
1777 4496 1842 4548 de
1885 4499 2047 4550 resti-

450 4558 664 4633 tuendis
688 4561 954 4633 episcopis
976 4558 1103 4617 sede
1132 4578 1229 4616 sua
1262 4562 1455 4633 pulsis.

697 4626 1019 4713 Spurinna/ii.
1052 4626 1323 4713 ln_quiu'ta
1355 4632 1562 4701 synodo
1591 4631 1856 4713 Romana.

519 4697 668 4771 _(-l69)
710 4697 905 4771 Feticis
938 4701 976 4754 ΙΙ
1004 4742 1019 4771 ,
1045 4697 1197 4770 cujus
1228 4711 1311 4756 est
1352 4697 1525 4755 canon
1572 4719 1638 4758 cx
1684 4703 1910 4771 epistola
1965 4707 2034 4761 ad

445 4768 736 4841 episcopos
761 4768 979 4841 .Egypti
1005 4770 1059 4835 3,
1091 4768 1147 4841 q.
1173 4774 1229 4825 2.
1264 4771 1472 4824 Tandiu
1502 4772 1555 4824 in
1586 4768 1722 4825 sede.

517 4839 663 4909 (171))
697 4837 952 4910 Gregoiii.
982 4837 1178 4910 Magni,
1208 4841 1299 4897 lib.
1329 4857 1444 4904 vm,
1475 4843 1719 4910 epist.2’i
1741 4841 2035 4902 Fortunato

444 4910 714 4980 episeopo?
726 4909 1097 4980 Neapolitano.

518 4979 665 5051 (171)
694 4977 1015 5053 "prmum.
1046 4981 1214 5048 Quem
1253 4997 1350 5053 pro
1399 4980 1583 5053 lleliai,
1635 4982 1934 5049 Thomatis,
1982 4996 2036 5043 et

446 5044 1169 5121 Niscosiratiepiscoporum
1222 5044 1577 5107 restitutione
1610 5052 1888 5111 laborasse
1922 5044 2036 5112 ’(10-

445 5120 835 5193 ceut_epistol.e
867 5121 935 5193 5t}
963 5120 1086 5174 cum
1111 5123 1319 5193 aliquot
1347 5124 1726 5192 sequentibus,
1760 5136 1814 5180 ct
1835 5126 1925 5180 79..

517 5185 666 5260 (172)
694 5185 851 5245 Sixti.
879 5190 1078 5262 Xystus
1103 5192 1169 5260 ll,
1202 5185 1257 5246 in
1274 5185 1441 5264 epist:
1456 5195 1523 5249 ad
1547 5185 1827 5266 episcopos
1846 5196 2038 5269 Hispa—

443 5272 658 5312 ΒΟΙἯΙΙΙ.

517 5327 664 5407 (tif!)
708 5327 936 5407 Eusebii.
963 5332 1017 5385 lu
1040 5336 1196 5403 epist.
1223 5336 1288 5407 ad
1313 5334 1600 5407 Egyptios
1629 5346 1683 5392 et
1711 5339 2035 5395 Alexandri—

446 5413 565 5454 nos.
598 5398 799 5478 llorum
823 5398 1095 5478 pleraque,
1122 5417 1175 5461 et
1199 5406 1301 5460 alia
1332 5398 1574 5473 ejusdem
1625 5418 1767 5466 noun
1810 5410 2036 5478 pontifi-

443 5482 569 5541 cum
602 5469 817 5541 decreta
853 5469 1032 5528 videre
1062 5488 1144 5530 est
1176 5479 1226 5531 in
1275 5469 1633 5533 Collectaneis
1676 5469 1918 5534 Gratiani
1963 5480 2025 5541 ll.

444 5552 498 5617 q.
530 5537 585 5617 ξ,
611 5547 665 5589 et
696 5538 752 5602 5,
774 5556 845 5617 _q.
880 5543 930 5608 1,
956 5544 1088 5611 υ12;
1119 5557 1173 5602 et
1200 5547 1560 5604 Decretulium
1586 5549 1677 5603 lib.
1697 5566 1757 5617 ll,
1788 5551 1851 5603 de
1880 5537 2030 5603 resli;

444 5607 643 5676 tutione
671 5607 1033 5676 spoliatorum.

515 5675 767 5761 (ηιξμη
811 5684 1117 5761 Aruernemi
1163 5690 1406 5761 concilio.
1463 5675 1707 5759 Epistula
1754 5690 2022 5761 sequenti.

445 5748 539 5796 sed
575 5745 741 5814 nulla,
771 5754 912 5827 quod
947 5756 1137 5828 sciam,
1167 5760 1324 5826 lmjns
1349 5761 1425 5814 rei
1457 5745 1658 5816 mentio
1710 5762 1761 5815 in
1809 5745 1872 5815 iis
1908 5776 2027 5828 qua:

446 5828 735 5892 supcnsunt
769 5823 880 5879 eius
905 5827 1088 5907 agnoui
1122 5823 1387 5907 reliquiis,

2174 604 2265 673 qui
2296 605 2522 661 aderant
2548 607 2820 676 episcopis
2844 616 2900 662 et
2939 608 3226 667 abbatibus
3255 611 3529 671 laudatam
3560 611 3768 676 titxlisse

2171 699 2520 764 sententiam,
2546 708 2603 753 ut
2629 700 2938 770 quicunque
2973 702 3092 757 sine
3137 708 3426 765 vocatione
3477 721 3529 766 et
3562 713 3760 783 judicio

2169 791 2629 859 exSpoliarentur,
2652 792 2817 847 etiam
2848 792 2966 850 sine
3005 796 3294 855 vocatione
3328 809 3385 855 et
3424 800 3632 868 judicio
3687 808 3764 865 in-

2170 881 2519 937 vestirentur.
2547 883 2739 939 Valeat
2763 884 3019 943 dominus
3049 906 3223 956 meus,
3280 901 3338 948 et
3363 894 3561 965 vigeat,
3606 908 3660 953 et
3689 903 3762 956 sic

2167 981 2481 1031 sanctarum
2508 974 2915 1046 Scripturarum
2968 982 3198 1037 veritate
3228 995 3485 1054 pascatur
3525 1005 3594 1046 ne
3648 994 3760 1051 cibo

2166 1061 2409 1135 indigeat
2443 1067 2644 1135 alieno,
2665 1070 2759 1140 qui
2786 1085 2932 1143 saepe
2958 1073 3272 1132 famelicum
3301 1078 3461 1146 facit,
3511 1091 3569 1138 et
3598 1088 3762 1143 nemi-

2166 1170 2289 1210 nem
2320 1159 2505 1216 satiat.

2607 1254 2718 1326 92
2757 1256 3091 1317 EPISTOLA
3133 1261 3304 1320 xxx.

2163 1338 2404 1411 (Io/Iride
2425 1349 2704 1404 venerabili
2729 1353 2991 1421 episcopo,
3013 1355 3182 1424 frater
3207 1356 3502 1430 Go/j'riaus,
3542 1364 3755 1420 sa'u'eut

2710 1454 2759 1498 et
2782 1445 3211 1505 benedictionem.

2231 1525 2406 1598 Leges
2458 1529 2828 1590 Romanorum
2880 1539 3202 1607 pontiﬁcum
3253 1547 3598 1615 exposuistis,
3642 1565 3757 1620 qua

2159 1627 2341 1674 vestra
2372 1624 2640 1692 expositio
2677 1628 2852 1699 magis
2882 1634 3220 1704 eXSpoliandi
3267 1639 3496 1695 vestitos
3518 1643 3756 1699 occasio-

2158 1723 2281 1764 nem
2305 1713 2546 1779 praebere
2577 1717 2841 1785 noscitur,
2868 1737 3032 1792 quam
3059 1725 3378 1784 investiendi
3402 1731 3752 1800 exspoliatos,

2158 1799 2284 1855 dum
2317 1805 2712 1874 exspoliatores
2731 1810 3029 1871 defendere
3059 1819 3270 1874 nititur.
3302 1820 3458 1878 Licet
3480 1823 3594 1895 ipsa
3623 1827 3753 1882 mihi

3336 1874 3455 1878 -----
3481 1874 3594 1895 τη

2090 1874 2134 1929 Β
2170 1892 2391 1950 minime
2416 1895 2731 1966 placuisset,
2791 1902 3020 1962 forsitan
3077 1910 3387 1980 tacuissem,
3445 1916 3563 1988 nisi,
3597 1918 3754 1974 aliter

2162 1986 2358 2054 exponi
2386 1995 2443 2041 et
2468 1991 2634 2045 teneri
2666 1993 2735 2048 ab
2759 1998 3052 2065 apostolica
3075 2001 3203 2058 sede
3227 2005 3481 2061 vidissem
3503 1986 3755 2067 etvaudis-

2162 2086 2298 2128 sem.
2341 2075 2500 2132 Bona:
2529 2082 2805 2139 memoria:
2829 2087 3079 2145 dominus
3104 2103 3291 2148 noster
3319 2109 3454 2165 papa
3482 2094 3752 2170 Urbanus,

2162 2180 2268 2220 non
2308 2167 2359 2221 in
2391 2169 2627 2238 occulto,
2656 2174 2752 2229 sed
2783 2175 2836 2230 in
2861 2181 3101 2248 generali
3133 2185 3385 2252 concilio,
3424 2167 3758 2259 adjudicavit

2162 2270 2258 2311 eos
2287 2256 2494 2328 absque
2509 2259 2714 2328 judicio
2733 2273 2788 2320 et
2812 2269 3093 2326 vocatione
3143 2273 3343 2329 debere
3372 2256 3618 2334 investiri
3662 2282 3755 2351 qui

2160 2348 2278 2403 sine
2300 2348 2507 2417 judicio
2534 2362 2588 2409 et
2626 2359 2910 2415 vocatione
2933 2372 3061 2419 sunt
3091 2367 3400 2436 exspoliati,
3433 2384 3502 2425 ne
3528 2372 3632 2427 sub
3663 2348 3759 2427 oc-

2160 2442 2378 2497 easione
2408 2446 2707 2503 vocationis
2736 2458 2791 2505 et
2818 2452 3006 2522 judicii
3042 2455 3400 2516 interveniret
3455 2462 3674 2526 dilatio,
3703 2476 3765 2519 et

2159 2545 2257 2601 per
2277 2531 2593 2591 dilationem
2623 2546 2719 2593 aut
2738 2540 3014 2611 diuturna,
3047 2552 3137 2600 aut
3161 2550 3487 2619 sempiterna
3512 2565 3759 2612 maneret

2160 2623 2506 2692 exspoliatio.
2538 2626 2711 2700 Leges
2738 2631 2922 2703 itaque
2945 2636 3078 2694 istas
3105 2641 3361 2711 exposuit
3416 2644 3574 2700 sedes
3624 2662 3758 2717 apo-

2158 2712 2368 2780 stolica,
2391 2730 2513 2785 qua:
2538 2718 2660 2775 illas
2684 2723 2852 2790 dedit,
2883 2735 2940 2780 et
2969 2725 3145 2797 legum
3171 2730 3387 2786 datores
3408 2733 3533 2802 jure
3554 2712 3761 2792 debent

2161 2819 2282 2860 esse
2310 2804 2488 2877 legum
2518 2812 2870 2881 expositores.
2905 2814 3019 2873 Hoc
3042 2821 3230 2889 utique
3279 2831 3333 2876 et
3365 2825 3417 2878 in
3450 2825 3670 2897 Vetere,
3702 2842 3757 2885 et

2160 2894 2214 2948 in
2237 2894 2387 2953 Novo
2416 2897 2768 2958 Testamento
2794 2908 3079 2976 reperitur.
3121 2910 3255 2965 Nam
3309 2912 3455 2984 leges
3489 2894 3760 2991 dederunt

2157 2985 2407 3045 Christus
2437 3002 2492 3046 et
2531 2993 2756 3064 Moyses,
2789 3005 2843 3051 et
2865 3007 3255 3068 exposuerunt.
3284 3005 3341 3061 Si
3371 3011 3463 3080 qui
3489 2985 3759 3083 veropos‘t

2158 3076 2303 3146 ipsos
2353 3080 2527 3151 legum
2578 3086 2914 3153 expositores
2965 3090 3238 3163 dicuntur,
3294 3097 3347 3152 in
3390 3076 3498 3158 hoc
3542 3112 3755 3160 tantum

2163 3181 2290 3227 sunt
2317 3175 2632 3246 recipiendi,
2666 3179 2755 3233 ubi
2787 3180 2918 3236 nihil
2947 3198 3283 3255 perversum,
3319 3192 3454 3248 nihil
3492 3197 3573 3253 eis
3623 3213 3756 3253 scn-

2154 3275 2275 3353 sere
2302 3266 2655 3322 centrarium.
2681 3268 2883 3325 Eodem
2915 3273 3108 3343 spiritu
3141 3276 3315 3351 (175),
3357 3299 3464 3353 quo
3510 3287 3757 3344 dictante

2153 3359 2207 3404 et
2227 3350 2313 3405 lex
2351 3353 2522 3421 prima
2550 3371 2646 3424 per
2676 3357 2892 3430 Moysen
2923 3363 3048 3418 data
3091 3376 3173 3421 est
3205 3350 3277 3424 et,
3317 3350 3415 3440 per
3470 3374 3752 3433 Christum

2151 3445 2413 3510 secunda,
2444 3456 2631 3502 sancta
2662 3452 2958 3520 apostolica
2978 3456 3136 3513 sedes
3157 3458 3323 3531 leges,
3350 3478 3487 3533 quas
3510 3481 3752 3525 canones

2150 3535 2481 3605 appellamus
2510 3539 2679 3612 (176),
2708 3542 2858 3598 dedit
2897 3553 2951 3599 et
2991 3546 3108 3617 ipso
3140 3550 3442 3621 inspirante
3472 3560 3747 3628 exposuit.

2151 3625 2209 3681 Si
2239 3629 2360 3697 quis
2383 3630 2547 3701 igitur
2568 3635 2886 3703 apostolica:
2916 3638 3055 3706 sedi,
3093 3641 3202 3713 93
3230 3660 3348 3714 quae
3387 3625 3556 3718 leges—
3582 3665 3755 3705 cano-

2149 3732 2280 3772 num
2305 3720 2475 3788 dedit,
2508 3723 2560 3777 in
2583 3739 2852 3781 canonum
2875 3731 3219 3799 expositione
3255 3739 3592 3794 contrarium
3622 3755 3753 3797 sen-

2148 3811 2235 3877 tit,
2261 3827 2367 3868 non
2407 3816 2569 3886 sapit,
2625 3819 2938 3889 quicunque
2974 3831 3060 3878 est
3100 3823 3210 3891 ille,
3262 3827 3356 3883 sed
3411 3828 3660 3900 desipit,
3697 3840 3754 3888 et

2147 3903 2272 3974 quia
2304 3921 2402 3963 suo
2434 3907 2628 3979 spiritu
2661 3909 2922 3980 loquitur,
2954 3929 3062 3969 non
3089 3916 3285 3983 cultor,
3327 3920 3411 3974 vel
3464 3925 3753 3993 expositor

2157 3995 2353 4051 divinae
2384 3996 2537 4067 legis,
2563 4001 2655 4053 sed
2688 4000 2973 4056 insidiator
2991 4014 3046 4058 et
3091 4021 3382 4078 oppressor
3435 4012 3753 4071 indubitan-

2148 4095 2234 4143 ter
2257 4090 2587 4158 agnoscitur.
2631 4091 2771 4146 Olim
2794 4090 3148 4153 Carnotensis
3191 4100 3431 4156 Ecclesia
3475 4105 3648 4161 boves
3698 4118 3753 4163 et

2146 4192 2298 4243 oves,
2328 4179 2412 4233 vel
2440 4195 2775 4252 qumcunque
2803 4185 3167 4244 Ecclesiarum
3225 4192 3419 4262 praedae
3468 4195 3514 4250 si
3572 4213 3750 4267 cape-

2149 4279 2358 4337 rentur,
2389 4272 2537 4327 reddi
2562 4283 2656 4328 aut
2680 4281 2887 4334 recredi
2919 4281 3065 4353 (177)
3096 4283 3350 4352 faciebat,
3401 4298 3496 4342 aut
3551 4293 3747 4346 statim

2219 4426 2365 4518 (1.7.?)
2389 4427 2584 4518 Eodem
2605 4434 2811 4501 spiritu.
2832 4436 3053 4518 .Damasi
3080 4449 3161 4495 est
3191 4443 3457 4518 sententia
3488 4446 3579 4510 25,
3604 4464 3663 4518 q.
3696 4450 3747 4504 ‘l:

2156 4494 2451 4580 Viplatores
2472 4494 2730 4558 canarium
2762 4507 3050 4580 ttoiuularii
3097 4494 3324 4580 graviter
3351 4532 3382 4566 a
3405 4494 3751 4573 sanctis'Pa-

2066 4589 2119 4648 D
2148 4567 2658 4653 tribusjudicoutnr,
2683 4585 2729 4627 et
2758 4594 2789 4629 (ι
2813 4575 3018 4645 Spiritu
3048 4567 3252 4647 savnrto,
3307 4567 3749 4653 cujuslibet—itum

2145 4653 2208 4689 ac
2234 4637 2371 4690 dono
2392 4639 2574 4693 dictali
2599 4655 2740 4698 sunt.

2217 4707 2373 4793 (176)
2396 4708 2704 4793 Apostolicq
2722 4715 2867 4770 sedes
2899 4716 3034 4793 leges
3081 4737 3214 4790 quas
3234 4739 3470 4793 rcanones
3505 4730 3747 4793 appella-

2143 4793 2281 4862 qttts.
2340 4781 3033 4862 Kairousg'e'xidnmaorgu—oi,
3094 4781 3291 4862 tegula:
3334 4781 3746 4862 ecclesiasticae,

2143 4845 2443 4937 Athanasio
2486 4851 2745 4937 innepist.
2791 4860 2856 4909 ad
2904 4845 3749 4937 annoqoi’ofi'Qibiiﬁéﬁéé

2149 4919 2358 4996 suntin
2397 4919 2670 4990 republica
2724 4926 2891 4996 leges,
2946 4930 3049 4984 hoc
3095 4931 3148 4984 in
3198 4919 3435 4988 EcclEsia
3479 4919 3744 4993 canones:

2144 4987 2887 5072 ldeoszepecompar-anum,
2923 5008 3122 5072 utcum
3168 5003 3442 5065 dicuntur,
3486 4987 3746 5072 lésza'iil

2186 5082 2253 5137 eos
2277 5062 2480 5133 ἐπέχειν
2504 5065 2845 5146 οἷκανόνιεβῐ
2855 5077 2959 5130 τοῖς
2973 5069 3181 5146 κακόᾳιν
3201 5074 3397 5146 ᾳὶνόμοι
3421 5074 3743 5135 ἀκολουθεῖν.

2186 5082 2253 5113 ων
2277 5082 2480 5133 επιχειν
2504 5082 2845 5129 οικανονις,θι
2855 5082 2959 5130 τοῖς
2973 5082 3181 5125 κακόσιν
3201 5082 3397 5146 οὶνὸμοι
3421 5082 3743 5135 ἀκολουθεῖν.

2144 5082 2339 5210 Koster
2370 5149 2567 5210 opusc.‘
2590 5149 2645 5187 tv
2675 5154 2687 5187 :
2717 5138 2966 5210 Quamvis
3000 5157 3095 5192 nec
3118 5143 3173 5192 in
3199 5141 3418 5210 legibus,
3449 5163 3541 5199 nec
3562 5149 3620 5201 in
3655 5167 3748 5203 cu-

2144 5201 2365 5288 uon'ibus
2395 5201 2710 5288 invenimur.
2735 5218 2787 5257 et
2811 5207 2904 5287 lib.
2932 5226 3012 5271 Ill,
3036 5212 3192 5278 epist.
3359 5201 3557 5269 Sit'ctdi
3603 5201 3747 5288 (epes

2142 5269 2290 5343 nullo
2321 5273 2521 5343 ratione
2550 5273 2667 5341 ﬁeri
2697 5269 3020 5343 permittunt,
3038 5269 3085 5332 ei
3109 5285 3250 5334 sacri
3272 5300 3497 5339 canones
3521 5269 3746 5343 omnino

2140 5354 2204 5392 ne
2230 5340 2322 5407 ﬁat
2347 5340 2684 5397 interdieum.
2717 5346 2842 5420 lude
2871 5358 2924 5401 et
2951 5340 3175 5404 Photius
3199 5353 3508 5420 patriarcha
3542 5340 3746 5413 nomo;

2142 5422 2408 5493 canonum
2435 5425 2569 5480 Opus
2594 5429 2751 5489 suum
2796 5416 3091 5493 inscripsit,
3146 5416 3215 5475 ex
3269 5422 3476 5493 legibus
3524 5431 3747 5485 sciaiect

2138 5479 2542 5553 canopibnsque
2570 5480 2946 5553 compositum.

2211 5547 2363 5617 (177)
2395 5547 2564 5604 Reddi
2586 5565 2675 5607 aut
2693 5547 2919 5612 'recredi.
2956 5559 3043 5613 lvo
3069 5574 3098 5613 e
3123 5561 3228 5615 tist.
3257 5563 3378 5618 273i.
3413 5563 3617 5620 Reddet
3644 5585 3744 5622 aut

2211 5618 2369 5671 :redet
2397 5624 2635 5676 comitem
2659 5624 3050 5683 Nivernensem.
3091 5576 3398 5683 Svuonvma
3430 5649 3577 5683 sum-
3600 5638 3741 5683 Νεηιι

2138 5618 2369 5703 recredet
2397 5624 2635 5676 comitem
2659 5624 3063 5703 Ιὶἶίιξενηεηεεηι.Δ
3091 5618 3398 5703 Syuonyma
3430 5618 3577 5689 sunt.
3599 5618 3744 5693 Nam

2138 5688 2423 5763 recrudere
2449 5697 2797 5763 pragmatieis
2826 5708 2910 5754 est
2939 5688 3242 5754 restituere.
3276 5688 3433 5758 Unde
3462 5688 3741 5763 etrecre;

2141 5756 2346 5837 gentia,
2371 5756 2477 5837 pro
2499 5756 2759 5837 viudiciis
2775 5784 2868 5837 seu
2900 5770 3242 5837 pOSSessione
3259 5756 3742 5835 restituta

2136 5824 2423 5884 Gallicanis
2457 5831 2586 5886 foris
2616 5824 2949 5893 vocabulum.
