3990 6444
252 430 341 482 ιω
1504 412 1882 470 ΕΡΙΒΤΟΙηΕ.
1934 445 1999 454 -
2037 414 2162 470 LIB.
2208 417 2268 471 ll.

3428 423 3528 472 “’3.

252 543 305 598 in
333 547 637 610 rapinarum
673 548 938 594 auctores
960 541 1209 594 ultionem
1239 533 1661 589 ecclesiasticam
1687 547 1834 589 exer-
1866 538 1908 591 Α
1937 537 2026 604 qui
2059 552 2152 607 per
2183 537 2466 595 charitatis
2495 539 2776 595 veritatem
2813 539 3022 604 dilexit,
3055 554 3154 595 nec
3191 555 3288 595 sua
3325 545 3528 592 tantum

254 635 424 691 cebat.
480 631 630 686 Nunc
686 643 881 686 autem
935 631 1168 686 Ecclesia
1230 627 1320 683 Dei
1370 626 1832 696 quinquagenaria

254 723 578 794 possessione
601 722 727 776 sine
757 722 964 776 ultione
987 721 1250 792 privatur,
1280 727 1334 774 et
1362 725 1590 772 vocatur
1637 717 1702 771 ad
1747 716 1836 787 ju-

253 816 462 880 dicium,
505 829 627 884 qua:
649 812 1001 882 sinejudicio
1030 821 1085 869 ct
1114 814 1418 875 vocatione,
1463 826 1556 866 seu
1590 810 1834 880 qualibet

250 906 628 960 reclamatione
677 905 985 975 exspoliata
1041 904 1386 976 dignoscitur.
1444 901 1556 957 Hoc
1613 912 1834 959 sanctus

248 995 674 1064 Eusebius(l78)
737 1012 849 1051 non
892 995 1094 1060 docuit,
1147 993 1300 1063 cujus
1346 994 1611 1049 sententia
1655 994 1834 1050 minus

246 1086 517 1158 sapientis,
548 1100 717 1156 quam
746 1086 866 1157 ipse
910 1085 1034 1149 fuit,
1081 1085 1420 1154 expositione
1445 1101 1548 1140 non
1596 1085 1828 1155 indiget;

245 1179 328 1250 qui
357 1177 718 1244 exspoliatum
744 1178 816 1230 ad
845 1175 1108 1248 judicium
1160 1175 1341 1230 vocari
1390 1190 1604 1246 penitus
1654 1175 1834 1230 inter-

246 1271 390 1325 dixit.
421 1269 484 1323 Et
527 1268 892 1323 beatissimus
941 1269 1128 1322 doctor
1177 1275 1232 1321 et
1275 1277 1480 1338 martyr
1529 1267 1834 1338 Cyprianus

245 1361 364 1416 dicit
391 1375 500 1414 rem
534 1357 890 1414 manifestam
923 1375 1028 1412 non
1054 1357 1313 1413 dilatione
1343 1357 1577 1424 consilii,
1638 1357 1718 1413 vel
1749 1358 1830 1411 di-

243 1450 567 1520 sceptatione
597 1448 803 1504 debere
841 1449 1063 1504 diﬂ‘erri.
1102 1448 1165 1502 Et
1194 1449 1454 1504 Damasus
1506 1465 1638 1520 papa
1681 1450 1830 1521 (t79)

243 1540 541 1610 exspoliatis
579 1554 702 1608 qua:
743 1548 872 1594 ante
922 1539 1268 1608 possidebant
1298 1539 1446 1609 prius
1499 1555 1565 1593 ex
1622 1541 1831 1610 integro

246 1632 408 1696 reddi,
440 1639 491 1686 et
519 1639 704 1701 postea
733 1631 1064 1702 respondere
1084 1632 1360 1702 prmcepit.
1379 1632 1480 1698 Qui
1507 1633 1824 1703 exSpuliato,

243 1728 354 1791 qua:
376 1732 499 1777 ante
527 1722 848 1791 possidebat
877 1723 1129 1792 primitus
1179 1723 1351 1790 reddi,
1381 1733 1436 1778 et
1484 1739 1606 1778 eum
1645 1734 1831 1794 postea

243 1814 558 1883 respondere
585 1813 892 1877 admonuit,
917 1823 1304 1884 praeposterum
1332 1813 1576 1868 ordinem
1622 1815 1674 1868 in
1734 1815 1832 1868 Ec-

1940 625 1987 678 ei
2017 641 2174 694 quem
2203 629 2436 684 amicum
2469 631 2723 685 credebat
2780 631 2832 684 in
2875 646 2969 685 sua
3017 629 3339 686 necessitate
3391 633 3540 684 exhi-

1939 717 2076 783 buit,
2103 719 2196 774 sed
2242 720 2407 774 etiam
2444 736 2540 790 per
2590 722 2939 791 semetipsum
2995 737 3188 786 magna
3237 721 3540 776 humilitate

1937 813 2178 867 servivit.
2199 814 2300 880 Qui
2326 815 2505 869 debita
2529 816 2691 868 etiam
2724 815 2943 870 inimico
2966 815 3347 869 ecclesiastica:
3373 815 3539 880 arqui-

1939 905 2064 959 tatis
2096 906 2294 959 auxilia
2328 906 2669 972 memoravit,
2703 907 2922 960 servitia
2956 908 3056 961 sibi
3115 906 3357 961 exhibita
3413 921 3535 958 cum

1937 1012 2146 1068 magna:
2169 997 2470 1052 dilectionis
2493 997 2754 1066 obsequio
2786 998 2946 1052 silere
2975 1015 3078 1052 non
3107 998 3312 1052 debuit.
3344 997 3539 1052 Tutius

1934 1097 2017 1141 cst
2042 1089 2186 1142 enim
2217 1089 2443 1157 aliorum
2470 1089 2731 1143 beneﬁcia
2761 1089 3038 1157 publicare
3088 1105 3250 1158 quam
3297 1105 3415 1149 sua.
3470 1103 3536 1142 rte

1935 1180 2073 1236 forte
2102 1182 2153 1234 in
2179 1182 2428 1251 praesenti
2491 1180 2688 1236 sacculo
2747 1182 2970 1250 recipiat
3011 1182 3314 1237 mercedem
3369 1196 3531 1252 quam

1935 1272 2177 1342 recipere
2205 1272 2466 1334 debuerat
2498 1273 2548 1326 in
2579 1271 2779 1327 futuro.
2807 1272 2906 1338 Qui
2935 1272 3072 1326 bene
3101 1273 3342 1342 vigilavit
3364 1282 3418 1326 et
3448 1272 3533 1325 vi-

1933 1367 2088 1437 gilat,
2121 1376 2180 1422 ut
2212 1367 2404 1423 melius
2441 1367 2646 1438 vigilet,
2690 1366 2968 1421 admoneri
3025 1365 3203 1419 debet.
3247 1365 3382 1418 Nam
3439 1368 3530 1434 qui

1934 1459 2106 1513 bonus
2133 1466 2234 1522 est,
2264 1458 2634 1514 admonendus
2655 1466 2735 1511 est
2769 1466 2824 1509 ut
2849 1456 3038 1510 melior
3068 1455 3182 1508 tiat.
3221 1455 3320 1521 Qui
3353 1465 3532 1508 tamen

1935 1550 2226 1620 aliquando
2263 1552 2398 1604 bene
2429 1549 2693 1619 vigilavit,
2729 1549 2896 1604 etiam
2924 1547 3140 1616 quando
3193 1547 3380 1613 voluit,
3433 1548 3534 1601 ob-

1930 1639 2207 1703 dormivit,
2245 1650 2298 1694 et
2327 1641 2418 1710 qui
2451 1639 2752 1694 voluntarie
2791 1638 3065 1702 subvenit,
3096 1637 3291 1693 iterum
3315 1641 3534 1708 quando

1934 1732 2128 1797 voluit,
2154 1733 2441 1788 subvenire
2470 1732 2700 1788 distulit.
2755 1731 3025 1787 Ducentas
3066 1732 3264 1787 etcuim
3312 1733 3536 1788 libratas

1938 1823 2108 1894 (l8l),
2137 1835 2334 1895 praeter
2355 1826 2584 1879 amissas
2618 1824 2990 1896 possessiones
3021 1835 3072 1879 et
3119 1825 3536 1880 consuetudines

243 1906 402 1960 (lesia
439 1906 556 1960 fieri
589 1921 692 1960 non
717 1905 992 1975 permisit,
1020 1915 1076 1958 ut
1104 1905 1358 1960 videlicet
1395 1907 1544 1975 prius
1579 1905 1644 1959 ad
1688 1904 1825 1973 judi-

1933 1917 2094 1972 rebus
2121 1917 2320 1971 nostris
2343 1917 2604 1972 violenter
2631 1918 2942 1987 impressas,
2989 1917 3041 1970 in
3098 1928 3280 1970 vestro
3325 1917 3532 1985 episco-

245 1999 386 2052 c'uun
414 2009 696 2054 vocaretur
728 1997 1084 2068 exspoliatus,
1135 2007 1189 2052 et
1233 2008 1356 2068 post
1382 1998 1645 2069 judicium
1681 1998 1826 2052 inve-

247 2090 484 2142 s‘iretur.
512 2089 636 2143 Item
673 2103 741 2142 cx
767 2088 1024 2143 Africano
1053 2087 1286 2144 concilio
1314 2106 1327 2142 :
1373 2087 1431 2142 Si
1484 2089 1601 2157 quis
1641 2091 1825 2140 absens

245 2181 566 2249 “spoliatus
589 2190 683 2242 est,
724 2179 974 2248 quidquid
1001 2190 1045 2232 et
1079 2197 1108 2231 a
1140 2179 1371 2247 qualibet
1415 2194 1638 2248 persona
1679 2177 1825 2230 abla-

241 2282 351 2323 tum
376 2270 558 2336 fuerit,
585 2271 698 2323 sine
731 2271 866 2322 ontm'
896 2270 1149 2324 dilatione
1176 2269 1442 2322 reddatur.
1471 2267 1571 2334 Qui
1600 2282 1818 2323 omnem

240 2359 551 2414 dilationem
575 2360 870 2428 prohibuit,
896 2359 1258 2429 exspoliatum
1311 2359 1377 2412 ad
1404 2357 1667 2425 judicium
1721 2352 1822 2411 vo-°

238 2453 345 2506 cari
377 2467 478 2506 non
504 2452 770 2520 permisit,
801 2468 926 2506 cum
955 2451 1065 2522 ipsa
1088 2450 1279 2522 judicii
1311 2452 1523 2506 vocatio
1556 2449 1668 2522 94
1712 2451 1829 2506 sine

239 2544 484 2600 dilatione
510 2544 626 2598 tieri
669 2559 775 2597 non
808 2544 1000 2613 possit.
1031 2544 1139 2615 Ego
1169 2544 1434 2614 siquidem
1485 2545 1680 2598 absens
1731 2559 1828 2598 ex-

240 2634 486 2703 spoliatus
512 2634 620 2698 fui;
652 2636 747 2688 sed
775 2649 861 2688 me
885 2635 1091 2704 privata
1143 2650 1306 2689 causa
1369 2649 1473 2688 nou
1511 2634 1829 2689 absentave-

239 2735 336 2790 rat,
363 2725 451 2780 sed
470 2724 677 2780 domini
703 2740 858 2794 papa:
877 2725 1204 2780 obedientia.
1233 2723 1307 2779 De
1338 2723 1672 2794 exspoliatis,
1697 2740 1826 2779 san-

240 2826 435 2870 ctorum
473 2816 697 2870 Patrum
734 2817 914 2886 plures
963 2816 1260 2872 sententias
1309 2815 1674 2887 protulissem,
1723 2815 1826 2871 nisi

241 2909 466 2964 timerem
503 2909 766 2979 paginam
794 2908 975 2964 facere
1026 2909 1343 2980 longiorem.
1400 2907 1579 2964 Unum
1645 2920 1825 2964 tamen

240 3015 481 3070 propono,
512 3002 664 3072 quod
691 3016 928 3071 expono,
959 3001 1390 3057 ecclesiasticum
1451 3002 1655 3056 scilicet
1684 3003 1826 3072 rigo-

240 3105 338 3145 rem
363 3091 647 3146 immutari
672 3107 830 3161 posse
853 3093 1185 3162 malignitate
1203 3093 1472 3147 odiorum.
1504 3093 1670 3147 Valde
1693 3095 1826 3148 dura

235 3194 286 3239 et
307 3183 548 3256 pertinax
578 3193 662 3238 est
691 3183 1012 3254 indignatio,
1053 3199 1172 3251 qua:
1217 3195 1310 3240 aut
1358 3185 1676 3256 culpabilem
1727 3185 1827 3240 hu-

1929 2017 2075 2076 patu,
2117 2018 2296 2064 vestro
2325 2009 2376 2064 in
2409 2021 2668 2080 tempore,
2704 2009 2858 2064 nobis
2882 2009 3021 2079 apud
3045 2025 3138 2064 vos
3182 2025 3525 2079 conqueren-

1931 2099 2093 2162 tibus,
2120 2100 2506 2154 monasterium
2540 2109 2784 2154 nostrum
2838 2100 3072 2168 perdidit
3105 2119 3116 2152 :
3145 2101 3285 2154 unde
3341 2111 3525 2168 postea

1929 2189 2071 2257 quod
2099 2189 2301 2243 valeret
2327 2190 2529 2244 solidus
2551 2191 2850 2260 sexaginta,
2911 2206 3231 2260 recuperare
3283 2207 3386 2245 non
3430 2208 3530 2261 po-

1929 2278 2048 2331 tuit.
2083 2278 2190 2333 Nec
2217 2294 2308 2333 vos
2340 2279 2541 2333 idcirco
2568 2280 2838 2348 pulsatum
2873 2279 3087 2333 aliunde
3136 2279 3216 2333 vel
3265 2290 3515 2334 coactum

1927 2369 2200 2434 existimo,
2230 2371 2272 2425 si
2306 2371 2558 2424 dominus
2581 2385 2714 2439 papa
2759 2370 2912 2439 (182)
2970 2372 3109 2440 apud
3165 2374 3527 2428 reverentiam

1928 2469 2168 2516 vestram
2211 2463 2522 2532 apostolica:
2571 2462 2715 2516 sedis
2757 2461 3009 2531 injuriam
3055 2465 3322 2533 deposuit,
3367 2482 3527 2534 quam

1928 2553 2088 2608 silere
2120 2570 2225 2608 non
2259 2555 2441 2621 debui,
2483 2571 2582 2608 nec
2607 2555 2794 2617 silebo,
2829 2564 2883 2610 et
2913 2571 3072 2624 quam
3126 2558 3238 2628 ipse
3289 2574 3337 2626 ιν
3359 2575 3385 2612 r
3445 2575 3532 2614 se-

1877 2709 1882 2718 .
1929 2647 2212 2716 metipsum
2245 2647 2388 2718 juste
2420 2647 2699 2702 vindicare
2722 2648 3022 2718 potuisset;
3054 2658 3108 2703 et
3133 2650 3325 2710 adhuc.
3362 2650 3404 2705 si
3434 2667 3525 2703 ne-

1927 2738 2221 2792 cessarium
2275 2738 2457 2802 fuerit,
2511 2739 2622 2794 Deo
2680 2738 3014 2804 auxiliante,
3055 2739 3369 2796 vindicabit.
3417 2742 3524 2804 Ille,

1929 2830 2170 2901 inquam,
2204 2831 2554 2886 vehementer
2581 2841 2666 2886 est
2695 2832 2940 2902 ingratus
2969 2833 3157 2901 gratia:
3185 2832 3296 2904 96
3325 2833 3527 2887 Roma-

1928 2935 2011 2976 nte
2040 2921 2316 2986 Ecclesiae,
2346 2922 2390 2977 si
2421 2923 2468 2978 ei
2498 2923 2720 2978 obedire
2743 2923 3075 2988 dissimulat;
3120 2939 3219 2992 pro
3257 2939 3365 2993 quo
3410 2925 3526 2994 ipsa

1926 3027 2213 3068 censuram
2250 3013 2476 3084 justitize
2523 3015 2678 3085 quasi
2737 3016 2989 3087 ignorare
3046 3015 3255 3080 voluit,
3300 3026 3353 3071 et
3397 3031 3522 3070 eum

1929 3106 2166 3176 respexit
2193 3107 2307 3162 solo
2334 3108 2532 3162 intuitu
2570 3108 2978 3163 misericordiae.
3036 3107 3143 3164 Nec
3168 3109 3303 3163 bene
3347 3119 3529 3163 servat

1928 3193 2234 3250 Romanum
2258 3196 2829 3267 puntiticemjuratum
2885 3197 3158 3254 fidelitatis
3209 3214 3525 3254 sacramen-

235 3277 421 3334 Itiliter
445 3278 666 3349 culpam
690 3291 1005 3348 agnoscere,
1038 3286 1130 3331 aut
1170 3277 1546 3348 inculpabilem
1578 3293 1636 3332 se
1661 3278 1825 3333 ratio-

1932 3297 2062 3352 tum,
2092 3288 2183 3359 qui
2211 3304 2366 3344 suum
2395 3290 2445 3344 ei
2499 3289 2716 3344 auferre.
2760 3289 3102 3346 machinatur
3155 3291 3412 3346 alodium.
3466 3292 3522 3346 Si

235 3371 469 3426 nabiliter
492 3386 767 3427 excusare
800 3385 900 3426 non
952 3371 1174 3440 patitur.
1230 3369 1340 3424 Hoc
1392 3370 1721 3440 permaxime
1755 3371 1824 3427 ab

239 3464 337 3518 illis
363 3463 528 3532 titqui
569 3462 802 3516 aliorum
834 3462 1138 3516 humilitate
1167 3462 1500 3531 superbiuut,
1543 3471 1597 3516 et
1646 3463 1822 3516 donti-

236 3556 475 3617 natione,
530 3569 644 3607 non
689 3553 1040 3608 miseratione
1095 3553 1414 3622 gloriantur.
1491 3552 1824 3607 Charissime

233 3647 382 3702 Pater
402 3661 454 3702 et
484 3649 728 3708 domine,
757 3662 852 3717 per
883 3648 1070 3716 prima:
1121 3647 1563 3718 regenerationis,
1621 3654 1677 3699 et
1729 3661 1824 3716 per

235 3745 531 3800 monasticae
567 3743 849 3815 religionis
872 3750 1274 3819 sacramentum
1322 3748 1557 3794 veterem
1605 3739 1824 3794 exuisse

234 3833 518 3902 hominem,
545 3845 602 3890 et
624 3835 862 3890 induisse
890 3848 1087 3888 novum
1114 3848 1199 3887 me
1229 3831 1616 3902 profiteor,sed
1638 3841 1821 3901 postea

228 3925 423 3978 veteris
442 3925 670 3993 vestigia
697 3933 936 3990 secutus,
988 3938 1183 3978 novum
1241 3921 1528 3977 oﬂ'endisse
1581 3936 1667 3976 me
1716 3938 1822 3977 non

233 4014 484 4070 difﬁteor.
543 4015 676 4070 Nam
708 4026 898 4071 contra
925 4015 1049 4070 vitzc
1096 4013 1286 4068 merita
1335 4014 1618 4067 ordinatus
1663 4013 1822 4067 levita

231 4104 391 4175 (180),
418 4106 678 4176 deinceps
709 4122 860 4169 vero,
885 4121 990 4160 non
1016 4105 1233 4175 quidem
1257 4104 1534 4174 sapientia!
1556 4103 1820 4170 doctrina,

231 4195 385 4252 abbas
445 4197 657 4261 factus,
706 4205 761 4251 et
801 4197 987 4252 Romae
1043 4197 1328 4266 presbyter
1371 4205 1738 4259 consecratus,
1768 4197 1820 4249 in

229 4297 404 4341 sancto
433 4298 490 4343 et
517 4303 681 4342 sacro
715 4289 907 4343 ordine
937 4287 1004 4341 de
1055 4301 1170 4342 mea
1212 4288 1390 4342 minus
1441 4303 1602 4357 quam
1640 4287 1818 4352 debui,

231 4379 360 4431 etde
385 4379 621 4435 aliorum
654 4379 826 4434 salute
849 4379 1110 4434 sollicitus
1152 4377 1247 4432 fui.
1296 4377 1378 4432 Me
1413 4379 1690 4442 miserum,
1737 4392 1822 4432 me

229 4468 488 4525 infelicem
530 4486 762 4541 prorsus
792 4471 1072 4526 confiteor.
1117 4470 1172 4524 lu
1205 4471 1305 4524 hoc
1337 4480 1517 4524 tamen
1548 4469 1822 4524 miseratio

227 4560 398 4616 divina
425 4578 518 4615 mc
550 4564 813 4627 servavit,
851 4563 992 4632 quod
1021 4576 1195 4630 neque
1231 4560 1617 4625 Ecclesiarum,
1648 4574 1822 4629 neque

223 4653 714 4709 ecclesiasticarum
747 4655 1011 4708 honorum
1042 4652 1288 4708 occultus
1326 4651 1400 4705 fui
1447 4650 1530 4704 vel
1579 4650 1822 4720 publicus

227 4755 451 4813 emptor.
491 4744 648 4798 Nulla
677 4746 889 4801 ratione
912 4745 979 4800 ab
1011 4745 1101 4798 illa
1127 4744 1322 4799 arbore
1352 4742 1471 4798 volo
1493 4741 1668 4806 evelli,
1714 4742 1821 4796 imo

224 4835 490 4892 desiderio
559 4836 808 4891 desidero
859 4837 975 4904 ejus
1035 4835 1272 4890 radicem
1335 4835 1535 4900 colere,
1577 4843 1629 4887 et
1681 4832 1823 4886 illius

227 4928 620 4998 qualiscunque
671 4928 912 4983 ramuius
964 4927 1079 4982 ﬁeri
1123 4943 1285 4998 quam
1331 4942 1360 4980 a
1415 4927 1574 4981 Patre
1615 4922 1822 4979 cmlcsti

225 5016 523 5083 plantatam
552 5033 882 5090 cognovero.
939 5019 996 5074 Si
1037 5019 1125 5074 ille
1165 5019 1434 5074 timendus
1463 5026 1564 5083 est,
1598 5016 1686 5070 ille
1729 5030 1823 5069 ca-

225 5109 452 5172 vendus,
487 5110 630 5180 quod
662 5111 800 5164 bene
823 5109 1056 5176 dixistis,
1095 5110 1183 5178 qui
1210 5125 1305 5180 per
1331 5109 1478 5178 pacis
1529 5105 1816 5175 imaginem

222 5195 328 5268 95
359 5200 592 5271 decipit;
622 5200 714 5255 ille
737 5201 892 5254 valde
937 5200 1238 5270 diligendus
1283 5209 1367 5254 est
1395 5209 1449 5253 et
1477 5199 1820 5253 honorandus

295 5355 450 5423 (I78)
489 5357 550 5411 S.
584 5355 865 5410 Eusebius.
889 5355 952 5420 ll,
983 5372 1036 5424 q.
1075 5357 1134 5419 2,
1164 5373 1218 5409 tu
1249 5357 1546 5423 scripturis.

260 5426 450 5504 _(|7§)
484 5428 750 5481 Damasus
776 5443 934 5495 papa.
968 5426 1204 5496 Epist.4,
1238 5428 1304 5480 ad
1348 5427 1681 5493 Stephanum
1726 5440 1819 5479 ca-

224 5496 451 5635 Im(c1850.)
484 5565 781 5621 Ordinatus
815 5567 988 5620 levita.
1043 5567 1312 5622 Diaconus
1347 5574 1468 5620 erat
1527 5563 1822 5630 Goli‘ridus,

224 5648 345 5687 cum
373 5637 546 5691 abbas
569 5649 790 5692 creatus
814 5646 927 5700 est;
949 5639 1068 5692 exin
1094 5646 1338 5692 sacratus
1357 5638 1525 5691 abbas
1550 5639 1616 5691 ab
1645 5637 1821 5702 Ivone,

228 5711 341 5756 tum
367 5703 562 5776 i’toma‘:
593 5709 884 5776 presbyter
913 5708 980 5760 ab
1015 5707 1249 5762 Urbano.

222 5774 457 5895 ﬂ(sa?!)
493 5774 772 5832 Ducentos
797 5777 981 5830 etenim
1007 5779 1239 5831 libratos.
1285 5776 1400 5833 Lib.
1436 5792 1516 5840 Ill,
1551 5777 1705 5846 epist.
1763 5777 1825 5830 l0

1928 3376 2135 3448 legatus
2157 3379 2628 3448 apostoliczesedis
2669 3379 2839 3450 (l83),
2898 3381 3040 3434 sicut
3090 3381 3406 3449 scripsistis,
3457 3396 3526 3434 te

1928 3472 2083 3526 nobis
2120 3470 2374 3527 faceretis
2399 3473 2686 3542 justitiam,
2718 3474 2996 3542 prmcepit,
3022 3481 3210 3528 contra
3259 3475 3526 3527 constitu-

1928 3562 2125 3616 tionem
2166 3563 2282 3630 Dei,
2315 3574 2369 3619 et
2399 3564 2601 3618 domini
2632 3580 2784 3634 papa),
2836 3565 3255 3634 prmccptionem
3286 3564 3434 3629 fecit,
3470 3573 3529 3618 et

1928 3652 1980 3706 in
2013 3654 2247 3722 seipsum
2273 3670 2425 3708 suam
2457 3655 2626 3723 ipsius
2659 3656 2911 3725 sagittam
2943 3657 3180 3722 retorsit,
3212 3657 3338 3710 dum
3369 3666 3526 3726 pole-

1927 3748 2078 3813 stati,
2103 3764 2200 3817 pro
2232 3765 2334 3817 qua
2362 3749 2463 3804 sibi
2493 3749 2760 3814 obetlitur,
2785 3748 3006 3804 obedire
3038 3749 3334 3818 prohibuit.
3387 3748 3524 3803 Nam

1926 3855 2047 3893 cum
2077 3839 2337 3894 adversus
2367 3850 2714 3910 potestatem,
2741 3857 2843 3910 qua
2874 3842 2974 3895 sibi
3010 3840 3302 3910 praecipere
3326 3854 3524 3895 conce-

1926 3929 2093 3990 ditur,
2136 3931 2412 3998 przecepit,
2438 3930 2782 3997 pra'cipiendi
2813 3939 3134 3998 potestatem
3167 3929 3367 3982 amisit.
3401 3927 3522 3982 Pri-

1926 4017 2177 4087 vilegiuut
2210 4019 2375 4081 enim,
2399 4034 2506 4087 quo
2534 4020 2764 4087 quisque
2797 4022 2987 4082 utitur,
3015 4029 3255 4071 meretur
3277 4021 3526 4074 amittere

1927 4107 2096 4178 (184),
2122 4108 2211 4177 qui
2249 4108 2350 4161 sibi
2377 4123 2632 4162 concessa
2659 4109 2898 4161 abutitur
2930 4119 3217 4177 potestate.
3255 4109 3346 4162 Ille
3371 4126 3518 4162 vera-

1925 4201 2062 4253 citer
2089 4200 2189 4253 sibi
2220 4213 2476 4252 concessa
2513 4208 2774 4268 potestate
2806 4198 3065 4263 abutitur,
3110 4199 3199 4266 qui
3231 4201 3521 4255 occasione

1925 4288 2214 4357 legationis
2250 4288 2478 4342 Romani
2507 4288 2798 4357 pontificis.
2831 4299 3018 4342 contra
3058 4289 3358 4342 Romanum
3394 4308 3495 4358 pmt

1928 4380 2124 4434 titicem
2155 4383 2594 4446 agere'conatur,
2645 4379 2764 4443 sed,
2819 4379 2944 4434 dum
2995 4391 3180 4434 contra
3226 4389 3522 4434 torrentem

1925 4473 2146 4526 brachia
2183 4473 2366 4544 erigit,
2393 4472 2593 4526 frustra
2624 4470 2904 4543 fatigatur.
2960 4471 3026 4526 Et
3055 4473 3248 4544 angelo
3304 4473 3520 4542 quidem

1926 4563 2066 4618 male
2092 4565 2336 4634 contigit,
2372 4563 2462 4632 qui
2497 4564 2604 4617 Deo
2633 4563 2837 4632 mquari
2868 4563 3072 4628 voluit;
3109 4573 3162 4616 et
3207 4564 3403 4633 legato,
3427 4564 3519 4634 qui

1927 4653 2044 4724 ipso
2095 4653 2349 4723 pontifice
2406 4653 2649 4706 Romano
2701 4650 2873 4720 major
2924 4652 3096 4706 videri
3152 4654 3522 4721 concupiscit,

1926 4745 2070 4798 male
2109 4745 2416 4814 continget;
2454 4745 2567 4814 qui,
2597 4744 2723 4797 dum
2777 4744 2896 4813 plus
2951 4744 3064 4799 fieri
3115 4746 3314 4812 appetit
3361 4761 3524 4813 quam

1926 4836 2277 4907 apostolicus,
2309 4838 2637 4904 apostaticus
2663 4835 2770 4889 fiet.
2807 4835 2869 4889 Et
2894 4836 3171 4905 quoniam,
3197 4837 3340 4890 sicut
3386 4837 3523 4890 dici-

1928 4936 2032 4990 tur,
2079 4927 2130 4980 itt
2157 4927 2271 4995 ipso
2295 4925 2566 4995 praecessit
2590 4925 2835 4993 quietiam
2884 4925 3044 4977 elatio
3075 4925 3434 4992 reprimenda,
3465 4935 3525 4979 ut

1925 5016 2179 5071 videlicet
2217 5017 2284 5070 de
2315 5016 2534 5070 domino
2563 5030 2720 5084 papa,
2773 5015 3096 5068 charissima
3129 5015 3286 5070 Patre
3314 5028 3521 5082 nostro,

1922 5123 2044 5162 cum
2069 5107 2300 5176 quodam
2325 5107 2599 5176 episcopo,
2623 5121 2783 5174 quem
2817 5105 3058 5159 Romana
3099 5106 3338 5161 Ecclesia
3364 5124 3521 5160 crea-

1925 5200 2001 5254 vit
2029 5215 2094 5255 ex
2125 5199 2314 5264 nihilo,
2340 5215 2597 5271 perverse
2626 5198 2966 5268 loqueretur,
3017 5199 3086 5253 ab
3126 5199 3366 5253 Ecclesia
3427 5199 3519 5252 Dei

2020 5355 2143 5426 18?.)
2177 5353 2234 5409 Si
2265 5355 2506 5408 dominus
2528 5371 2684 5423 papa.
2710 5353 2984 5426 Callistus,
3003 5353 3247 5426 opinor.
3276 5350 3518 5426 Videlib.

1927 5443 1967 5489 t,
2020 5422 2180 5495 epist.
2213 5427 2276 5480 li
2308 5428 2396 5479 ubi
2423 5422 2634 5478 litteras
2689 5427 2880 5493 petita
2919 5424 3141 5477 Callisto
3185 5425 3251 5495 ad
3303 5422 3515 5495 episco-

1928 5490 2469 5566 pum'tlaruoteusetu
2494 5490 2750 5566 adversus
2782 5495 3114 5566 Nivelouem,
3154 5502 3211 5566 et
3238 5493 3398 5566 hujus
3421 5490 3518 5566 lib.

1929 5560 2088 5636 epist.
2117 5567 2186 5620 27
2219 5567 2306 5621 ubi
2347 5564 2514 5622 semel
2545 5574 2710 5633 atque
2750 5565 2943 5618 iterum
2973 5563 3260 5617 scr-iusisse
3311 5560 3523 5629 signifi-

1929 5647 2035 5691 cat.

2001 5708 2149 5778 (185)
2189 5707 2246 5778 Si
2271 5707 2471 5778 legatus
2499 5704 2796 5776 apostolica:
2821 5704 2977 5778 sedis.
3010 5701 3268 5778 Conotut
3286 5699 3524 5778 videtur.

2003 5769 2150 5845 (184)
2203 5769 2542 5848 Privilegiuni
2584 5786 2809 5830 meretur
2847 5775 3102 5826 amittere.
3174 5769 3530 5840 Simplicius,

1928 5848 2084 5912 epist.
2127 5849 2178 5902 ϐ.
