3990 6458
473 404 576 456 MS

1513 394 1836 452 GOFFRIDI
1875 390 2165 447 ABBATIS
2208 388 2722 446 \’lNl)0ClNENSlS

3647 392 3745 449 1οι

472 511 806 581 respuendas
840 517 985 567 esset
1009 518 1064 565 et
1109 507 1482 573 detestandus,
1536 514 1596 560 ut
1644 503 1729 559 vel
1749 503 1827 558 sic
1872 512 2052 571 posset

2160 499 2510 570 dignoscitur,
2537 515 2642 554 non
2686 501 3017 564 contradico,
3062 505 3156 558 sed
3181 507 3422 561 comedo
3466 516 3543 572 et,
3578 524 3739 578 quan-

467 616 943 673 sgnoscerequam
978 614 1141 670 grave
1168 599 1238 653 sit
1274 597 1327 651 in
1360 610 1484 651 eum
1510 595 1602 666 qui
1625 593 1728 648 soli
1779 590 1916 645 emlo
1973 590 2056 644 in-

465 694 773 750 nocentiam
812 693 971 747 debet
997 707 1060 747 os
1084 705 1303 762 ponere.
1326 691 1435 761 97
1464 689 1626 746 Novit
1649 696 1913 758 praeterea
1957 716 2053 756 γε.

466 797 580 845 stra
602 786 817 841 dilectio
843 784 971 855 quid
995 786 1255 855 magistro
1288 785 1551 855 debeatis,
1607 798 1661 844 et
1711 790 1840 860 quid
1891 792 2055 848 disci-

466 879 610 950 pulo.
634 878 767 932 Nam
798 875 1095 931 secundum
1129 874 1430 933 Salvatoris
1486 878 1854 935 testimonium
1884 899 1896 935 :
1931 880 2056 936 Non

466 980 540 1024 est
561 966 850 1034 discipulus
877 984 1037 1037 supra
1062 968 1373 1036 magistrum
1403 967 1621 1039 (Matth.
1650 988 1707 1038 x,
1738 972 1857 1044 24‘),
1881 988 2057 1043 neque

468 1059 743 1131 apostolus
767 1059 943 1129 major
972 1073 1038 1113 eo
1068 1058 1158 1129 qui
1188 1058 1339 1113 misit
1367 1059 1538 1115 illum.
1570 1059 1627 1147 Si
1654 1079 1783 1118 vero
1830 1080 1928 1135 pro
1963 1066 2057 1120 du-

467 1153 599 1208 miui
624 1166 777 1223 papae
801 1151 1109 1207 obedientia
1158 1151 1291 1206 mibi
1347 1150 1541 1222 injuria
1595 1148 1859 1224 redditur,
1906 1158 2059 1214 laetor

466 1260 573 1300 non
608 1244 958 1300 mediocriter
983 1250 1038 1299 et
1064 1243 1305 1299 delector
1335 1260 1431 1314 pro
1456 1252 1605 1302 tanto
1654 1247 1874 1319 domino
1918 1250 2059 1319 inju-

468 1336 620 1400 riari,
656 1350 755 1406 pro
784 1350 894 1406 quo
923 1350 1028 1391 non
1056 1335 1230 1393 solum
1256 1337 1558 1406 quamlibet
1580 1337 1835 1408 iniuriam
1888 1343 2056 1398 susti-

467 1441 619 1490 nere,
648 1427 745 1483 sed
773 1426 936 1482 etiam
966 1436 1075 1497 'pro
1126 1426 1243 1495 ipso
1301 1443 1520 1483 crucem
1562 1440 1781 1501 portare
1836 1442 2059 1505 paratus

467 1533 620 1584 sum;
662 1532 692 1572 a
722 1515 878 1584 cujus
897 1525 1085 1571 sancta
1125 1516 1432 1573 obedientia
1479 1529 1536 1574 et
1580 1518 1842 1578 ﬁdelitate
1898 1538 2059 1579 nemo

468 1625 708 1680 unquam
731 1610 910 1662 vivum
938 1607 1023 1663 vel
1060 1618 1332 1664 mortuum
1387 1624 1474 1665 nte
1528 1613 1730 1681 poterit
1780 1629 2055 1685 separare.

466 1699 604 1755 Cum
625 1700 880 1755 Nivelone
900 1713 1005 1755 non
1036 1715 1254 1754 causam
1289 1701 1559 1771 agendam
1579 1704 1720 1775 apud
1740 1704 2055 1774 Carnutum,

468 1791 562 1847 sed
594 1792 880 1846 terminum
913 1790 1204 1845 audientia:
1231 1790 1299 1846 de
1330 1791 1667 1860 investitura,
1718 1805 1901 1852 vestro
1928 1813 2060 1853 con-

2158 591 2248 644 diu
2278 594 2485 657 vixero,
2521 591 2687 646 velint
2721 591 2893 646 nolint
2940 593 3115 664 angeli
3167 596 3585 665 discordiarum,
3629 602 3745 656 dili-

2158 688 2346 752 genter
2392 683 2713 736 observabo.
2765 682 3026 752 lnjustum
3076 694 3164 740 est
3199 687 3343 742 enim
3385 697 3438 744 et
3488 689 3742 760 impium,

2157 772 2301 841 quod
2323 771 2469 839 justa
2498 782 2552 827 et
2590 771 2676 842 pia
2706 771 3063 842 dispositione
3089 774 3355 831 bonorum
3385 780 3745 848 prmdecesSo-

2159 878 2276 916 rum
2303 872 2606 917 vestrorum
2635 872 2688 917 et
2720 861 3063 920 fundatoium
3097 870 3409 923 monaSterii
3444 871 3618 925 nostri
3638 871 3748 942 99

2158 953 2357 1009 factum
2395 963 2448 1009 et
2489 970 2584 1024 per
2615 956 2667 1025 ip
2698 970 2759 1012 os
2800 958 2907 1011 irre
2938 958 3209 1015 tractabili
3255 976 3324 1030 ap
3360 958 3565 1018 stolicae
3604 968 3747 1018 sedis

2158 1045 2481 1100 auctoritate
2518 1045 2789 1100 (irritatum
2833 1048 3101 1115 novimus,
3134 1049 3356 1106 violare.
3392 1051 3466 1105 Ea
3513 1068 3636 1122 quae
3681 1056 3744 1110 ab

2152 1136 2593 1199 antecessoribus
2622 1137 2815 1193 vestris
2847 1138 3001 1193 nobis
3026 1149 3153 1193 sunt
3181 1141 3415 1211 scripta,
3443 1143 3599 1199 vobis
3638 1145 3746 1198 An-

2159 1228 2376 1295 degavis
2413 1235 2718 1283 monstrare
2746 1226 2913 1294 volui,
2948 1228 3043 1284 sed
3076 1244 3172 1284 vos
3201 1247 3306 1287 non
3334 1233 3606 1291 habuistis
3629 1253 3744 1308 spa-

2162 1327 2292 1369 tium
2331 1316 2568 1371 videndi.
2596 1316 2670 1371 lbi
2696 1317 2841 1372 enim
2890 1331 3160 1392 praecepta
3210 1335 3266 1380 et
3305 1329 3588 1403 privilegia
3631 1333 3743 1404 jam

2159 1423 2256 1477 per
2287 1419 2396 1463 tres
2436 1425 2608 1467 annos
2656 1426 3023 1482 reservantur,
3075 1430 3297 1490 propter
3346 1423 3746 1494 superﬂuitates

2160 1513 2441 1569 aquarum,
2470 1516 2591 1571 quae
2613 1506 2849 1561 armaria
2875 1518 3083 1575 nostra,
3107 1526 3228 1580 qua:
3264 1522 3393 1569 sunt
3437 1513 3743 1585 Vindocini,

2160 1593 2296 1644 adeo
2325 1592 2727 1650 inundaverunt
2765 1606 2824 1654 et
2863 1614 3068 1669 aquosa
3100 1601 3462 1673 reliquerunt,
3494 1610 3640 1678 quod
3681 1625 3743 1665 ex

2159 1692 2314 1752 parte
2343 1683 2465 1739 libri
2491 1689 2685 1752 nostri,
2710 1689 2803 1760 qui
2831 1691 2906 1746 ibi
2929 1691 3166 1760 fuerant.
3189 1696 3487 1766 perierunt.
3517 1699 3587 1756 Et
3612 1710 3743 1771 quo.

2163 1773 2308 1827 niam
2342 1775 2410 1830 ad
2458 1792 2699 1847 praesens
2729 1785 2926 1851 partim
2963 1787 3207 1857 corporis
3240 1788 3574 1857 inﬁrmitate,
3624 1811 3746 1864 par-

467 1881 588 1939 sine
619 1881 890 1948 inductus,
923 1895 1029 1935 non
1062 1891 1246 1936 nostra
1278 1881 1473 1939 ductus
1502 1884 1780 1943 mmmam
1799 1890 2054 1961 suscepi“
2092 1867 2132 1926 Β
2165 1863 2256 1961 tim
2298 1871 2611 1961 monasterii
2641 1875 2985 1931 necessitate
3044 1880 3329 1949 detentus,
3387 1863 3743 1942 Viudocinutu

465 1972 607 2042 quod
634 1980 805 2027 totum
833 1974 1124 2031 occasione
1161 1986 1341 2032 vestra
1371 1979 1578 2035 credidi
1613 1990 1670 2035 et
1703 1983 1866 2040 credo
1919 2000 2058 2055 prte-

467 2069 698 2126 teriisse.
732 2069 867 2125 Nam
899 2071 1027 2127 dum
1058 2072 1234 2126 adhuc
1261 2073 1404 2144 apud
1426 2074 1830 2133 Bonamvallem
1879 2092 2057 2135 essent

465 2165 762 2226 vobiscum,
787 2164 1022 2230 dixistis,
1051 2165 1195 2235 quod
1223 2165 1519 2223 Carnotum
1552 2185 1638 2224 me
1667 2171 1890 2228 minime
1926 2190 2057 2230 con-

463 2255 660 2310 ducere
680 2255 961 2325 poteratis.
989 2263 1046 2310 et
1068 2254 1188 2310 ideo
1216 2256 1372 2324 utile,
1402 2258 1511 2313 imo
1540 2263 1906 2316 necessarium
1938 2275 2057 2321 erat

466 2343 1142 2399 utterminummutaretis
1171 2345 1449 2413 etlocum,
1482 2347 1623 2402 sicut
1671 2349 1897 2407 fecistis.
1953 2353 2057 2409 I‘cr

464 2435 746 2506 llugonem
773 2437 975 2491 etenim
1000 2436 1265 2491 decanum
1292 2446 1530 2493 vestrum
1559 2440 1706 2511 (185)
1725 2443 1852 2497 mihi
1869 2455 2053 2514 postea

465 2524 765 2580 mandastis
796 2539 862 2579 ne
886 2526 1119 2580 termino
1144 2527 1291 2582 inter
1322 2541 1406 2582 me
1428 2537 1487 2583 et
1515 2527 1826 2587 Nivelonem
1850 2543 2053 2591 statuto

462 2613 760 2671 Carnotnm
798 2616 1069 2685 venirem,
1122 2618 1251 2688 quia
1283 2619 1355 2674 ibi
1403 2620 1597 2676 adesse
1640 2637 1744 2676 non
1802 2626 2047 2694 possetis.

462 2702 729 2759 Praeterea
762 2720 859 2776 per
883 2705 1081 2762 fratres
1110 2718 1329 2765 nostros
1357 2708 1631 2782 Paganum
1661 2721 1717 2766 et
1752 2712 2048 2771 Galterium

463 2812 633 2866 usque
655 2798 722 2852 ad
754 2797 1082 2869 Rogationes
1109 2814 1206 2855 vos
1240 2800 1309 2854 ad
1363 2812 1546 2873 partes
1594 2814 1810 2861 nostras
1853 2818 2050 2864 ventu-

459 2905 583 2944 rum
607 2888 977 2961 signiticastis,
1011 2891 1100 2944 ubi
1133 2907 1324 2948 secure
1354 2905 1406 2949 et
1437 2904 1587 2951 certo
1617 2897 1703 2953 die
1732 2898 1800 2955 de
1833 2900 2053 2958 investi-

461 2988 579 3034 tnra
611 2986 1062 3044 tractaremus,et
1101 2981 1315 3038 interim
1344 2983 1678 3054 Nivelonem,
1705 2999 1876 3045 utnos
1898 2992 2050 3049 inve-

459 3070 635 3137 stiret,
668 3072 954 3142 rogaretis.
983 3072 1433 3143 Evspcctavimus
1462 3077 1681 3147 quidem
1734 3085 2046 3149 terminum,

459 3162 555 3216 sed
591 3176 766 3233 neque
787 3177 884 3220 vos
902 3178 1076 3233 neque
1094 3165 1327 3236 aliquem
1356 3182 1425 3223 ex
1456 3178 1612 3239 parte
1667 3183 1849 3230 vestra
1911 3175 2047 3233 vidi-

459 3268 602 3317 ηιιπ,
629 3261 683 3308 et
710 3254 886 3309 adhuc
905 3256 1210 3327 exspoliati,
1242 3269 1298 3312 et
1320 3258 1434 3331 93
1448 3261 1763 3331 multiplicis
1779 3264 2049 3325 dilationis
2077 3256 2122 3316 C

457 3345 697 3415 pondere
719 3347 1067 3416 prmgravati,
1099 3356 1159 3401 ut
1190 3347 1570 3417 investiamur,
1597 3362 1650 3409 et
1674 3355 1876 3410 domini
1900 3372 2051 3430 papa:

458 3442 788 3505 praceptnm
837 3437 1179 3504 observetur,
1236 3439 1525 3512 diligenter
1577 3460 1850 3515 rogamus.
1905 3449 2051 3505 Alio-

460 3529 591 3597 quin
613 3544 734 3584 cum
773 3528 982 3599 Naboth
1022 3530 1288 3598 Israelita,
1319 3543 1374 3590 et
1403 3535 1557 3603 plebe
1608 3535 1898 3596 Israelitica
1959 3544 2052 3598 ad-

458 3630 709 3676 vocatum
734 3628 799 3676 de
830 3622 987 3688 cudo,
1046 3632 1104 3677 ut
1142 3624 1298 3679 nobis
1329 3626 1638 3695 subveniat,
1675 3629 2048 3702 implorant-us.

965 3713 1301 3773 EPISTOLA
1331 3715 1524 3773 XXXI.

463 3803 826 3859 Dilectissimo
879 3802 1026 3859 Patri
1063 3818 1111 3861 et
1159 3809 1370 3863 domino
1420 3808 1688 3880 (Io/Iride,
1732 3816 2054 3874 honorabilis

534 3898 650 3950 vitm
674 3897 930 3966 episcopo,
960 3896 1127 3966 frater
1151 3897 1422 3968 (Io/frictus
1455 3918 1602 3971 parte
1639 3904 1932 3963 dilectionis
1972 3910 2053 3978 af-

531 3988 725 4056 fectam
750 3989 949 4057 pariter
972 3998 1020 4042 et
1052 3989 1320 4058 affectant.

531 4076 726 4133 Nescio
750 4076 903 4147 cujus
942 4080 1286 4150 suggestione
1317 4091 1371 4135 et
1412 4085 1638 4142 consilio
1681 4089 1810 4144 mihi
1859 4078 2055 4161 saepius

459 4169 673 4224 dixistis
697 4169 749 4223 in
789 4171 890 4224 hoc
916 4172 1245 4240 anno,.qnod
1272 4172 1526 4231 Ecclesia:
1549 4186 1741 4233 vestrae
1765 4194 1869 4234 non
1902 4179 2054 4236 tolle-

461 4275 575 4315 rem
615 4260 758 4330 quod
790 4261 999 4325 habuit,
1023 4269 1078 4314 et
1106 4263 1303 4332 habere
1328 4266 1488 4322 debet
1511 4269 1563 4322 in
1594 4273 1927 4327 monasterio
1955 4287 2054 4328 no-

459 4367 593 4407 tstro.
624 4354 691 4408 Et
727 4369 828 4424 ego
852 4356 1006 4411 vobis
1030 4357 1142 4428 jam
1183 4357 1312 4420 dixi,
1339 4368 1392 4412 et
1435 4361 1644 4430 scripto‘
1667 4365 1918 4431 praesenti
1952 4365 2051 4418 ad—

458 4443 563 4499 huc
589 4445 732 4510 dico,
758 4447 898 4515 quod
923 4447 1180 4502 Ecclesiae
1203 4457 1394 4504 vestra:
1420 4452 1715 4521 quidquam
1745 4456 1929 4508 tollere
1951 4469 2052 4509 nec

458 4551 700 4605 possum,
733 4551 834 4591 nec
874 4535 1024 4603 volo;
1071 4536 1180 4591 imo
1210 4537 1379 4600 illam,
1409 4549 1462 4593 et
1496 4540 1548 4594 in
1598 4550 1839 4612 tempore
1870 4553 2051 4599 vestro

2161 1955 2406 2014 fortassis
2441 1962 2625 2018 venire
2652 1978 2759 2020 non
2797 1977 3005 2036 potero,
3038 1985 3168 2039 rogo
3215 1973 3533 2044 suppliciter
3565 1987 3625 2031 ut
3650 1980 3743 2033 dn-

2160 2063 2346 2101 muum
2389 2049 2746 2120 Bernardum,
2772 2065 2828 2111 et
2851 2058 3108 2116 domnum
3140 2062 3492 2132 Ilainardnm,
3525 2070 3610 2125 vel
3657 2087 3746 2123 eo-

2161 2154 2277 2192 rum
2302 2140 2532 2196 alterum
2561 2147 2630 2199 ad
2649 2160 2747 2203 nos
2780 2148 3026 2214 mittatis,
3041 2163 3095 2205 et
3115 2165 3214 2220 ego
3239 2169 3362 2209 eum
3385 2171 3414 2210 a
3450 2158 3747 2214 Vindociso

2160 2244 2330 2300 usque
2365 2230 2697 2306 Andegavim
2726 2239 2954 2296 conduci
2982 2240 3178 2299 faciam
3218 2255 3272 2301 et
3320 2248 3387 2304 ad
3420 2265 3515 2307 vos
3561 2254 3745 2308 reduci

2159 2320 2251 2390 qui
2278 2331 2463 2378 nostra
2491 2326 2674 2382 videat
2701 2332 2926 2402 scripta,
2950 2344 3008 2390 et
3033 2337 3100 2391 ad
3130 2352 3250 2405 vos,
3273 2341 3317 2395 si
3344 2340 3543 2410 placet,
3559 2358 3746 2416 repere

2157 2423 2233 2468 tet
2270 2417 2612 2489 transcripta.
2650 2419 2814 2481 Vobis
2836 2425 3059 2494 iterum,
3089 2430 3135 2484 si
3156 2433 3502 2501 quesieritis,
3527 2440 3750 2507 quanio

2159 2503 2523 2561 Vindocinum
2571 2514 2898 2581 venerimus,
2928 2532 2992 2573 ea
3036 2518 3268 2578 libenter
3296 2503 3744 2582 monstrabimus.

2156 2597 2252 2664 lbi,
2292 2597 2403 2654 Deo
2442 2600 2761 2671 auxiliante,
2807 2608 3061 2668 videbitis
3108 2614 3250 2670 unde
3288 2617 3509 2687 reprimi
3553 2619 3749 2675 debeat

2090 2696 2102 2709 ‘
2158 2688 2463 2759 importuna
2500 2690 2805 2763 loquacitas
2828 2701 3177 2769 mutilorum,
3210 2705 3325 2773 qui,
3354 2721 3581 2763 suorum
3611 2725 3744 2766 ven-

2157 2780 2374 2838 tositate
2421 2785 2735 2854 verborum,
2779 2797 3151 2862 tempestatem
3185 2798 3454 2855 suscitare
3480 2814 3751 2858 conantur

2157 2869 2208 2925 iu
2236 2877 2528 2944 tranquilla
2561 2888 2743 2935 mente
2786 2883 3075 2939 bonorum.

2566 2972 2726 3043 ιοο
2752 2973 3080 3032 EPISTOLA
3116 2979 3329 3036 χχχιι.

2156 3056 2471 3119 Dulcissimo
2507 3064 2721 3119 domino
2756 3078 2806 3121 et
2852 3070 3141 3125 amicorum
3179 3077 3463 3145 prrrcipuo,
3501 3078 3746 3151 Com-ida

2225 3152 2529 3207 uerterabilis
2586 3157 2706 3210 uitta
2742 3160 3004 3229 episcopo,
3053 3163 3219 3231 frater
3247 3163 3522 3237 Go/I'ridus
3574 3175 3749 3230 diem!

2226 3241 2407 3305 abbas,
2437 3255 2484 3297 et
2519 3248 2688 3302 onmis
2738 3257 3069 3322 congregatio
3111 3254 3510 3317 Vindocincnsis
3556 3281 3747 3322 mona-

2224 3335 2390 3401 sterii,
2433 3337 2575 3404 quod
2598 3351 2837 3407 possunt,
2859 3346 2999 3414 quod
3025 3348 3258 3416 sapiunt,
3287 3360 3335 3404 et
3365 3354 3581 3421 seipsos.

2225 3423 2390 3489 Bene,
2423 3427 2533 3482 imo
2579 3431 2803 3498 optime,
2846 3435 3171 3495 eharissime
3199 3440 3382 3509 Pater,
3428 3449 3493 3499 de
3531 3446 3744 3515 justitia

2158 3516 2310 3570 nobis
2348 3515 2593 3573 facienda
2631 3527 2889 3596 precepit
2934 3539 3115 3587 vestra
3169 3533 3414 3602 dilectio;
3456 3540 3552 3595 sed
3596 3545 3747 3611 quod

2156 3604 2290 3660 bene
2314 3618 2645 3678 praeceptum
2678 3622 2788 3680 est,
2819 3631 2925 3672 non
2947 3628 3031 3674 est
3061 3620 3200 3679 bene
3226 3636 3525 3682 servatura.
3564 3604 3745 3686 Theo-

2155 3694 2344 3753 baldus
2389 3700 2533 3755 enim
2564 3705 2631 3760 de
2679 3703 2876 3763 Gravia
2930 3711 3175 3773 homines
3220 3722 3739 3789 exconununicatos,

2154 3797 2291 3853 quos
2317 3804 2447 3847 suos
2473 3807 2595 3850 esse
2620 3798 2873 3867 negabat,
2904 3793 3090 3859 secum
3138 3807 3299 3863 habet
3321 3811 3390 3866 ad
3418 3828 3662 3869 mensam
3687 3828 3747 3873 et

2157 3877 2209 3932 in
2257 3884 2478 3941 servitio
2534 3903 2632 3943 suo
2675 3907 2689 3943 :
2728 3894 2874 3961 quod
2915 3908 3184 3954 noverunt
3220 3903 3402 3971 multi,
3439 3915 3495 3960 et
3539 3906 3741 3964 fortas-

2155 3971 2229 4026 sis
2244 3972 2475 4033 domnus
2499 3981 2736 4038 det-anus
2759 4000 2863 4039 non
2890 3987 3121 4057 ignorat.
3143 3992 3347 4050 Praeter
3369 3997 3471 4053 ista
3500 4009 3555 4054 et
3572 4004 3741 4058 inuita

2154 4063 2261 4118 alia
2302 4067 2497 4124 damna
2525 4073 2757 4130 domnus
2786 4074 3020 4137 Joannes
3073 4085 3217 4142 lilius
3257 4089 3473 4146 comitis
3528 4092 3739 4148 Venda—

2152 4247 2351 4304 milites
2403 4254 2469 4305 de
2518 4254 2709 4312 Castro
2767 4257 3046 4321 Vindociui
3074 4308 3090 4333 ,
3137 4274 3428 4340 quamdam
3476 4247 3740 4346 optimam

2152 4339 2512 4399 obedientiam
2541 4357 2784 4406 nostrain
2826 4355 2964 4411 adeo
2998 4339 3293 4430 depraedati
3322 4377 3448 4421 sunt
3493 4339 3550 4423 et
3578 4371 3742 4426 deva—

2153 4435 2440 4485 staverunt
2462 4437 2604 4503 quod
2643 4455 2867 4500 necesse
2906 4456 2992 4501 est
3025 4454 3337 4520 monachos,
3370 4457 3458 4525 qui
3504 4473 3625 4513 eam
3658 4463 3744 4515 in-

2156 4521 2490 4621 habitabant,
2519 4540 2574 4586 et
2607 4534 2844 4593 cultores
2865 4539 2982 4608 ejus
3005 4542 3303 4613 discedere,
3331 4521 3561 4621 eamque
3582 4554 3637 4608 in
3660 4571 3745 4610 so-

457 4631 716 4696 maxime’
744 4629 972 4696 diligere
1001 4639 1058 4684 et
1095 4629 1367 4687 honorare
1415 4642 1527 4689 ιοιο
1572 4606 1738 4689 corda
1772 4636 2049 4705 desidem,
2082 4606 2127 4660 D
2154 4610 2436 4705 litudinem
2465 4622 2652 4693 redigi.
2683 4624 2795 4683 lloc
2820 4630 2968 4686 novit
2989 4632 3217 4692 domnus
3252 4639 3492 4697 det-anns
3538 4655 3743 4701 vester.

456 4721 502 4774 si
542 4717 1189 4790 tualignitasinvidorum
1218 4724 1561 4790 permiserit;
1586 4726 1628 4781 si
1658 4742 1763 4782 non
1795 4728 2046 4798 amplius,

456 4831 564 4870 non
600 4826 779 4873 tamen
805 4817 985 4873 minus
1023 4833 1187 4888 quam
1216 4821 1443 4889 quilibet
1470 4820 1927 4889 prmdecessorum
1960 4814 2051 4874 no-

456 4919 694 4963 stt-orum
732 4918 861 4963 ante
901 4925 989 4965 me
1038 4910 1248 4966 fecerit.
1280 4912 1344 4966 Et
1371 4914 1633 4983 quidquid
1683 4913 1921 4968 Ecclesia
1960 4930 2053 4970 ve-

456 5009 566 5055 Stra
594 4999 650 5052 in
689 4999 969 5054 creatione
1011 5003 1329 5057 monasterii
1362 5005 1534 5058 nostri
1573 5004 1675 5059 sibi
1707 5005 1760 5057 in
1808 5004 1924 5073 ipso
1963 5020 2050 5058 re-

459 5088 721 5154 servavit,
748 5089 832 5142 vel
875 5089 1296 5163 deincepsjnstc
1330 5104 1383 5149 et
1430 5094 1749 5165 regulariter
1792 5095 2047 5151 habuisse

531 5278 679 5349 (l85)
711 5278 984 5349 nugonem
1015 5280 1266 5337 decuriam
1302 5295 1544 5341 vestrum.
1567 5285 1789 5343 Ernaldi
1834 5303 2050 5346 succes-

460 5364 658 5403 sarem.

533 5438 679 5507 ([86)
706 5438 942 5510 Domnus
973 5437 1204 5495 Joannes
1217 5443 1360 5510 ﬁlius
1381 5448 1583 5503 comitis
1622 5446 2043 5506 Vindocinensis.

459 5508 668 5590 Reque
695 5509 903 5590 dict-unt
927 5511 1092 5562 estad
1116 5508 1272 5590 epist.
1301 5516 1366 5570 l5
1396 5518 1763 5590 li_b.gt.Comes
1799 5522 1902 5575 l'uil
1924 5531 2047 5590 post

460 5577 699 5658 l’atrem,
730 5575 1041 5644 b‘ellumque
1070 5575 1235 5658 gessit
1260 5588 1641 5658 eumSulpitio
1672 5590 1892 5645 domino
1912 5575 2046 5645 Ᾱιιι-

458 5647 644 5731 basim,
676 5663 801 5700 cum
842 5660 948 5713 quo
980 5647 1343 5731 et'Qoliridns
1376 5647 1604 5715 Joan'nis
1644 5676 1843 5731 parens
1886 5671 2047 5715 antea

458 5716 964 5791 pellantuuterque
980 5718 1175 5791 inlelici
1202 5727 1369 5791 exitu,
1390 5738 1447 5782 ut
1478 5716 1659 5786 narrat
1680 5741 1838 5787 vetus
1857 5741 2049 5787 auctor

462 5785 710 5843 Historia:
740 5785 1131 5845 Ambasiensis.

2137 4703 2390 4795 .Locutus
2417 4723 2500 4766 est
2536 4714 2662 4771 inde
2709 4736 2834 4775 eum
2865 4725 3083 4791 comite,
3117 4739 3302 4785 nostra
3343 4732 3741 4793 admonitione.

2153 4796 2258 4854 Sed
2281 4817 2465 4861 comes
2495 4809 2627 4864 nihil
2666 4815 2883 4882 penitus
2911 4817 3037 4873 fecit
3068 4824 3213 4891 quod
3257 4827 3416 4882 nobis
3465 4830 3536 4884 sit
3584 4833 3740 4888 utile.

2154 4891 2306 4950 Unde
2346 4898 2624 4958 dilectioni
2675 4918 2868 4964 vestra:
2925 4913 3202 4971 humiliter
3245 4920 3639 4989 supplicamus,
3686 4935 3747 4983 ut

2152 4990 2293 5054 quod
2316 5004 2505 5048 contra
2520 5013 2628 5053 nos
2653 5014 2832 5056 actum
2862 5015 2960 5069 est,
2999 5020 3054 5061 et
3098 5013 3337 5078 quotidie
3366 5017 3600 5082 pessime
3630 5020 3749 5090 agi-

2155 5089 2259 5146 tur,
2295 5082 2374 5139 sic
2415 5088 2701 5158 corrigatis
2730 5133 2744 5157 ,
2786 5106 3054 5164 quatenus
3107 5103 3483 5163 malefacwrcs
3534 5114 3746 5178 nostri,

2225 5280 2371 5363 (l8?)
2411 5283 2746 5374 iravassores.
2768 5291 2994 5374 Vassali:
3023 5296 3169 5374 Inter
3198 5302 3459 5371 epistolas
3485 5298 3705 5374 Sugerii
3729 5323 3747 5362 :

2156 5356 2378 5421 Sngerio
2395 5356 2570 5439 alibqti
2592 5359 2804 5439 domino
2831 5380 2926 5418 suo
2951 5356 3249 5439 G.,major',
3266 5356 3313 5424 et
3345 5356 3675 5439 cavassoges,
3699 5386 3750 5431 et

2157 5441 2263 5484 ιοιη
2287 5426 2456 5513 functi
2502 5426 2740 5513 Richard
2768 5426 3088 5513 communia.
3115 5426 3266 5513 Quod
3296 5426 3747 5513 liltitlle-diclllllls,

2159 5500 2354 5584 nobiles
2373 5511 2536 5584 atque
2575 5501 2759 5584 incola!
2805 5507 2983 5584 Oppidi
3017 5500 3263 5584 alicujus.
3286 5500 3754 5584 Valvasm'esap:

2158 5571 2602 5656 pellatNQbertus
2634 5572 2724 5655 lib.
2752 5588 2790 5626 tt
2815 5571 2883 5629 de
2925 5571 3341 5656 lendi_s,_'tit.»10
3386 5599 3589 5655 eosque
3619 5571 3754 5656 pro-

2158 5643 2273 5711 prie
2304 5642 2407 5697 dici
2435 5643 2589 5696 ducet
2618 5643 2707 5725 qni
2745 5660 2774 5698 a
2806 5642 3363 5725 capitancislctnlum
3398 5642 3579 5709 tenent
3601 5642 3635 5720 ;’
3656 5658 3753 5725 qui

2161 5726 2286 5767 vero
2330 5730 2359 5766 a
2406 5715 2758 5769 vavasoribus
2805 5717 3021 5786 habent,
3065 5721 3369 5778 valvnsinos
3411 5715 3751 5798 nuncuparit.
