3992 6352
225 345 342 401 108

1523 335 1904 393 EPISTOLIE.
1935 365 2004 374 —
2037 335 2169 389 LIB.
2207 337 2293 390 Ill.

3423 344 3523 400 106

220 457 552 531 parochiani
581 453 770 519 vestri,
791 462 848 508 et
877 451 1055 507 ablata
1081 451 1239 507 nobis
1261 450 1571 514 restituant,
1597 458 1653 504 et
1676 449 1830 518 quie-
1857 452 1903 507 Α
1929 463 2045 512 eos,
2097 447 2333 516 quantliu
2379 447 2614 517 placuit,
2653 458 3145 507 tormentaverunt.
3199 451 3529 523 Raptim-unt

223 558 320 602 tos
350 546 604 615 deinceps
631 559 732 598 nos
759 556 882 598 esse
914 543 1254 611 permittant.
1284 539 1432 595 Bone
1467 547 1524 594 et
1553 538 1640 608 pie
1667 537 1822 606 101

221 638 478 699 domine,
508 645 585 689 tot
611 644 671 688 et
693 641 873 687 tantas
896 646 1204 701 presseras,
1226 629 1603 686 tribulationes
1651 639 1705 683 et
1727 644 1828 681 an-

215 729 439 800 gustias
473 741 504 780 a
547 724 1040 781 Vindocinensibus
1071 723 1384 778 hominibus
1425 721 1584 777 nobis
1630 719 1828 786 illatas,

218 833 463 888 quarum
487 817 655 872 etiam
689 826 903 886 partem
947 812 1312 884 praesentibus
1340 811 1544 867 comite
1569 817 1624 863 et
1650 808 1828 862 hami.

219 911 394 965 nibus
412 907 550 976 ejus,
586 908 738 964 vobis
779 906 1038 972 diximus,
1085 905 1226 959 ultra
1260 903 1534 958 sustinere
1581 898 1688 953 ulla
1739 911 1828 951 ra-

221 1001 384 1056 tione
411 1015 518 1055 non
549 1013 858 1065 possumus.
899 997 1046 1052 Inter
1088 1006 1310 1062 «ctera,
1339 1009 1462 1065 quae
1511 999 1700 1048 contra
1735 1003 1834 1044 nos

217 1107 428 1148 eorum
453 1091 815 1148 intolerabilis
845 1090 1025 1145 rabies
1055 1089 1190 1160 egit,
1223 1086 1474 1141 homines
1505 1083 1564 1138 Β.
1593 1081 1832 1145 Martini,

220 1191 290 1237 et
341 1183 530 1238 Sancti
580 1181 908 1237 Launomari
950 1187 1140 1248 captos
1173 1188 1229 1234 et
1274 1177 1500 1246 ligatos,
1554 1189 1727 1243 nuper
1777 1173 1831 1225 in

224 1289 400 1330 unam
433 1275 499 1331 de
522 1274 848 1330 obedientiis
877 1273 1024 1343 (188)
1053 1272 1258 1327 nostris
1282 1271 1650 1330 adduxerunt,
1681 1277 1733 1320 et
1759 1265 1833 1319 ibi

1936 553 2058 608 quae
2082 538 2316 592 erantin
2349 539 2529 603 domo,
2558 550 2616 594 et
2645 544 3032 596 monachorum
3075 542 3314 599 claustra
3342 560 3528 602 carce-

1937 643 2052 684 rem
2085 627 2330 683 fecerunt
2352 628 2709 698 captivorum.
2739 630 2852 687 llac
2874 633 3058 702 itaque
3085 633 3250 688 nimia
3289 645 3344 688 et
3373 634 3527 688 inauu

1935 721 2050 776 dita
2073 721 2399 777 necessitate
2439 732 2684 793 cogente,
2725 725 2976 782 dominus
3001 741 3137 797 papa
3185 743 3216 782 a
3243 728 3400 784 nobis
3443 745 3529 784 re-

1933 813 2232 882 quirendus
2257 823 2359 869 est.
2379 813 2546 881 Cujus
2571 820 2898 874 auctoritate
2934 827 2991 874 et
3016 819 3242 874 consilio
3263 823 3531 890 oportebit

1937 918 2038 959 nos
2062 913 2156 958 aut
2199 913 2409 960 mutare
2438 904 2638 971 locum,
2682 917 2773 962 aut
2809 909 2862 963 in
2894 910 3011 965 loco
3052 925 3174 979 quae
3207 911 3362 968 decet
3409 929 3528 964 mn-

1938 999 2146 1052 nachos
2189 997 2423 1067 quietem
2475 999 2696 1054 habere.
2743 999 2945 1055 llorum
3003 1002 3237 1056 alterum
3285 1017 3532 1057 necessa-

1939 1081 2081 1135 rium
2119 1081 2388 1146 imminet,
2427 1081 2508 1136 vel
2559 1098 2657 1136 nos
2688 1083 2755 1136 ab
2796 1084 3029 1140 invicem
3083 1088 3327 1157 separari
3374 1098 3430 1142 et
3460 1088 3530 1142 ad

1940 1173 2044 1226 alia
2073 1174 2400 1227 monasteria
2441 1175 2850 1245 transmigrare.

1265 1405 1425 1474 Ῑ⁰²
1495 1417 1857 1508 LIBER
1918 1399 2484 1500 TERTIUS.

724 1567 1054 1625 EPISTOLA
1094 1567 1328 1622 PRIMA.

1935 1573 2056 1613 rum
2107 1559 2200 1628 qui
2223 1559 2517 1616 carnaliter
2542 1561 2726 1618 vivere
2769 1562 2978 1628 volunt,
3007 1577 3196 1622 aurem
3235 1565 3420 1623 cordis
3448 1569 3530 1624 in-

224 1650 478 1731 Col'rido
508 1660 957 1731 Andegaecnsium
1005 1660 1246 1729 episcopo
1287 1659 1458 1730 (189),
1488 1660 1704 1713 domino
1733 1673 1830 1712 suo
1859 1643 1906 1704 Β
1929 1648 2169 1716 rlinare;
2219 1649 2384 1706 nolite
2413 1667 2444 1706 a
2474 1652 2558 1706 via
2603 1653 2830 1724 jttstitia:
2855 1654 3050 1724 pedem
3101 1657 3408 1724 retrahere,
3460 1676 3530 1714 uc

335 1759 357 1802 t
383 1749 574 1813 amico,
609 1748 729 1820 (ἔοθ
741 1750 887 1803 ridus
921 1747 1319 1803 Viadocineusis
1348 1749 1651 1804 nwnasterii
1693 1749 1834 1802 iudi-

302 1855 440 1907 gnus
476 1838 736 1902 minister,
755 1837 1002 1892 salutem.

306 1927 543 1982 Litteras
570 1936 784 1982 vestras
815 1929 1024 1997 accepi,
1049 1929 1247 1998 quibus
1273 1927 1420 1984 nullo
1449 1929 1607 1983 modo
1653 1929 1832 1984 credi-

233 2017 460 2081 dissem,
495 2015 600 2071 nisi
621 2030 716 2071 eas
746 2016 1010 2085 sigillatas
1038 2017 1216 2087 sigillo
1238 2025 1423 2073 vestro
1457 2017 1733 2072 vidissem.
1754 2016 1831 2070 ibi

230 2107 389 2162 enim
416 2105 616 2160 dicitur
667 2119 766 2160 vos
816 2104 1070 2161 electioni
1114 2105 1263 2160 Petri
1290 2103 1658 2160 Bellilocensis
1681 2102 1831 2176 (190)

230 2197 600 2262 consensisse,
624 2205 682 2253 et
710 2197 832 2253 ideo
861 2211 1004 2253 nunc
1037 2211 1261 2253 necesse
1301 2197 1515 2252 habetis
1537 2206 1597 2252 ut
1617 2210 1745 2251 eum
1777 2198 1830 2250 in

227 2287 490 2344 abbatem
512 2289 866 2344 consecretis.
897 2288 1049 2354 Quod
1085 2289 1132 2344 si
1160 2288 1238 2343 ita
1262 2298 1370 2354 est,
1409 2287 1694 2357 parvitatis
1732 2303 1830 2342 no-

229 2388 362 2434 stra:
389 2379 617 2434 consilio
635 2394 802 2449 super
827 2379 933 2435 hoc
954 2380 1189 2450 amplius
1213 2394 1319 2435 non
1343 2378 1612 2450 indigetis,
1631 2379 1830 2448 quippe

226 2469 361 2539 quia
390 2485 505 2526 rem
545 2467 658 2538 jam
699 2468 902 2525 factam
949 2470 1178 2526 habetis.
1209 2468 1412 2524 Tamen
1459 2469 1506 2524 si
1551 2468 1727 2538 placet
1773 2477 1830 2522 et

225 2557 435 2613 bonum
481 2558 637 2613 vobis
673 2558 910 2624 videtur,
940 2567 1001 2613 ut
1021 2559 1090 2614 ad
1120 2559 1225 2614 hoc
1271 2571 1358 2612 me
1383 2566 1706 2627 exspectare
1747 2557 1828 2612 di-

223 2649 491 2720 gnemini.
523 2651 758 2707 termino
793 2665 900 2719 quo
946 2649 1337 2706 mandaveritis
1367 2650 1435 2706 ad
1463 2664 1559 2706 vos
1586 2649 1825 2714 veniam,

225 2750 291 2796 et
315 2741 574 2811 quidquid
613 2742 808 2797 melius
829 2741 1115 2798 consulere
1144 2740 1299 2797 vobis
1323 2739 1483 2812 103
1509 2749 1696 2812 potero
1724 2740 1828 2796 mi-

227 2832 380 2887 nime
402 2831 773 2888 dissimulabo.
797 2833 974 2889 Unum
999 2840 1176 2889 tamen
1204 2833 1358 2889 vobis
1381 2834 1560 2890 celare
1579 2849 1679 2888 nec
1702 2847 1828 2902 pos-

1933 1737 2189 1817 incidatis
2230 1740 2283 1792 in
2340 1739 2559 1796 Satana:
2604 1742 2994 1814 muscipulam,
3025 1744 3077 1798 in
3121 1760 3233 1814 qua
3279 1747 3530 1816 capiatur

1931 1830 2116 1886 anima
2145 1839 2344 1895 vestra,
2375 1833 2464 1888 ubi
2512 1843 2721 1904 pereat,
2765 1844 2822 1890 et
2864 1835 2982 1890 sine
3033 1835 3159 1904 line,
3192 1839 3336 1908 quod
3386 1837 3529 1895 Deus

1927 1921 2177 1978 abnuat!
2210 1933 2546 1994 torqueatur.
2577 1925 2875 1996 Propterea
2921 1929 3217 1983 verendum
3265 1931 3416 1986 vobis
3445 1943 3531 1986 est

1934 2031 2006 2072 ne
2036 2017 2102 2074 de
2125 2019 2362 2090 incoepta
2391 2019 2602 2090 iustitia
2632 2022 2684 2075 in
2725 2031 3023 2091 conspectu
3074 2023 3354 2078 hominum
3395 2025 3528 2079 vile-

1933 2108 2140 2174 scatis;
2180 2111 2324 2180 quod
2361 2111 2550 2180 utique
2591 2111 2720 2176 erit,
2744 2113 2790 2168 si
2837 2112 3172 2169 deleceritis.
3224 2115 3530 2171 delectione

1934 2206 2114 2252 vestra
2145 2198 2386 2254 Ecclesia
2419 2199 2540 2266 Dei,
2575 2215 2698 2271 quae
2735 2210 2885 2257 casta
2914 2211 2971 2257 et
3008 2202 3176 2258 libera
3202 2203 3360 2260 vobis
3386 2221 3528 2258 com-

1933 2289 2099 2343 missa
2149 2291 2504 2360 dignoscitur,
2542 2293 2805 2348 meretrix
2833 2293 3097 2349 elicietur
3122 2304 3178 2347 et
3221 2294 3437 2349 ancilla.
3468 2295 3526 2350 Si

1932 2385 2113 2430 autem
2153 2388 2466 2434 constanter
2505 2380 2745 2452 egeritis,
2793 2382 2838 2437 si
2885 2382 3174 2452 incoeptum
3192 2383 3341 2452 juste
3362 2382 3527 2451 justi-

1932 2465 2064 2517 tiam
2100 2465 2261 2538 104
2286 2469 2496 2538 optimo
2521 2469 2626 2525 line
2654 2471 3186 2537 consummaveritis,
3217 2473 3384 2528 totius
3423 2473 3523 2527 farv-

1931 2554 2177 2609 titudinis
2204 2566 2263 2611 et
2303 2559 2610 2614 sanctitatis
2650 2561 2955 2632 exemplum
2987 2560 3304 2632 relinquetis
3325 2564 3524 2619 vcstiit

1886 2663 1889 2665 ·
1925 2646 2335 2703 successoribus
2362 2665 2380 2714 ;
2406 2658 2461 2704 et
2481 2649 2654 2720 gloria
2679 2658 2737 2705 et
2775 2665 2880 2720 pax
2906 2651 3058 2708 vobis
3085 2653 3211 2720 erit,
3243 2667 3300 2708 et
3335 2653 3521 2709 Εοειυ.

1925 2739 2024 2794 sia:
2057 2745 2256 2796 vestrae
2298 2737 2576 2794 dilectioni
2601 2738 2909 2795 commissa:
2943 2741 3168 2796 castitas
3199 2741 3522 2812 multiplica-

1928 2831 2077 2888 bitur
2102 2840 2160 2887 et
2185 2829 2429 2886 libertas.
2475 2828 2532 2885 Si
2555 2829 2680 2900 quis
2710 2845 2842 2886 vero
2867 2845 3055 2887 amore
3105 2833 3349 2901 pecunia:
3371 2848 3517 2896 suae,

227 2937 377 2989 sum,
409 2938 508 2979 nec
537 2923 728 2990 debeo,
753 2925 1046 2994 quodcum
1079 2923 1368 2981 Guillelmo
1389 2925 1824 2981 communionem
1865 2989 1896 2994 _
1927 2923 2330 2992 velenjuslibet
2369 2921 2446 2976 rei
2477 2921 2786 2986 occasione,
2821 2921 2974 2978 vobis
3021 2924 3269 2994 suggerit
3292 2933 3352 2979 ut
3389 2925 3520 2979 deli-

227 3014 487 3070 habuerit
534 3023 591 3070 et
637 2989 802 3070 habet
851 3015 1322 3072 excommunicato
1366 3025 1573 3072 nostro.
1609 3016 1781 3083 Quem
1805 3057 1822 3083 ,
1851 2989 1899 3052 (ἶ
1929 2989 2301 3080 cistis-dicite
2317 3013 2421 3068 sibi
2449 3030 2464 3067 :
2497 3011 2702 3084 Siquis
2733 3023 2810 3067 est
2835 3012 3068 3077 Domini,
3090 2989 3350 3085 iungatur
3389 3018 3518 3070 mihi

223 3105 478 3176 quiames
507 3104 759 3161 Ecclesiae
789 3115 989 3160 nostra:
1033 3106 1378 3162 subtraxerat
1417 3115 1472 3162 et
1518 3105 1677 3160 fratri
1725 3121 1824 3163 suo
1926 3103 2129 3173 (Exod.
2181 3119 2356 3168 xxx",
2401 3102 2522 3173 26);
2553 3112 2608 3158 et
2637 3103 2764 3173 quia
2815 3101 3120 3159 esurientes
3160 3111 3217 3158 et
3263 3104 3518 3162 sitientes

222 3195 558 3261 contulerat,
592 3195 644 3250 in
680 3204 942 3266 quantum
973 3194 1058 3252 fas
1077 3207 1159 3252 est
1183 3206 1238 3251 et
1277 3196 1650 3254 ecclesiastica
1696 3213 1824 3254 cen-
1925 3194 2209 3265 pecuniam
2256 3193 2480 3248 minime
2519 3190 2650 3262 justi
2683 3201 2813 3248 sunt
2865 3191 3008 3262 apud
3054 3191 3256 3258 Deum,
3300 3195 3394 3250 sed
3423 3198 3515 3264 qui

222 3302 361 3342 sura
389 3287 574 3359 exigit,
610 3287 1100 3345 excommunicavi.
1130 3288 1283 3356 Quod
1311 3287 1505 3346 Petrus
1542 3291 1681 3347 idem
1715 3306 1821 3346 non

223 3379 466 3450 ignorat.
526 3380 728 3447 Valete,
753 3390 811 3434 et
853 3381 999 3451 quod
1041 3382 1339 3436 secundum
1391 3382 1558 3438 Deum
1597 3383 1665 3437 de
1705 3382 1824 3453 ejus

221 3471 572 3540 promotione
605 3470 785 3528 facere
813 3473 1061 3543 potestis,
1095 3473 1197 3528 hoc
1220 3471 1400 3528 facite.

783 3562 1119 3620 EPISTOL'A
1149 3563 1210 3618 ll.

223 3649 500 3706 Raiualdo
528 3654 927 3724 Andegavorum
955 3655 1383 3726 episcOpo(l9l),
1403 3658 1620 3712 domino
1648 3675 1744 3713 suo
1770 3671 1819 3714 et

300 3744 634 3812 praacordiali
665 3745 857 3808 amico,
882 3743 1156 3812 Goﬁ'ridus
1201 3745 1601 3801 Vindocincnsis
1641 3766 1822 3804 mona-

297 3832 450 3886 sterii
501 3830 714 3884 humilis
762 3847 981 3897 seruus,
1021 3833 1243 3887 salutent
1297 3845 1345 3888 et
1405 3836 1461 3888 in
1513 3837 1823 3891 adversitate

295 3923 672 3980 constantiam.

302 4016 360 4071 Si
389 4014 686 4085 Scriptura:
708 4027 878 4070 saera:
916 4012 1148 4071 ﬁrmiter
1175 4015 1473 4082 credimus,
1499 4016 1702 4071 scimus
1727 4031 1819 4072 re»

225 4107 435 4162 raciter
455 4105 766 4177 episcopum
788 4121 895 4160 non
934 4119 1081 4170 esse,
1115 4106 1208 4176 qui
1235 4106 1389 4162 timet
1420 4106 1688 4172 exsilium,
1722 4109 1818 4164 do-

225 4197 422 4258 lorem,
451 4194 535 4250 vel
573 4203 826 4259 mortem,
849 4204 945 4250 aut
971 4196 1060 4264 qui
1091 4210 1176 4262 ea,
1203 4211 1324 4265 qua:
1349 4206 1476 4252 sunt
1497 4197 1582 4252 his
1601 4206 1822 4253 contra-

228 4289 333 4351 ria,
372 4286 614 4356 aequitati
641 4286 944 4356 anteponit.
976 4286 1157 4343 Nolite
1201 4287 1366 4359 igitur
1401 4288 1455 4343 in
1506 4288 1820 4346 defensione

1926 3285 2159 3356 diligunt
2200 3283 2466 3356 justitiam
2512 3292 2572 3338 et
2613 3284 2738 3338 odio
2783 3283 2988 3338 habent
3029 3283 3393 3353 iniquitatem,
3427 3287 3516 3342 isti

1925 3377 2292 3430 satiabuntur.
2327 3373 2440 3444 Ego
2479 3388 2597 3428 sum
2649 3371 2759 3438 ille,
2799 3373 3106 3428 certissime
3131 3374 3382 3438 credatis,
3423 3375 3514 3443 qui

1925 3469 2232 3524 anxietates
2265 3475 2322 3522 et
2360 3464 2740 3522 tribulationcs
2765 3473 2974 3520 vestras
3017 3479 3167 3521 meas
3197 3463 3340 3522 iacio
3386 3463 3516 3520 aﬂ'e«

1921 3569 2014 3614 ctu
2046 3557 2463 3629 compassionis,
2495 3566 2549 3613 et
2575 3555 2900 3612 adversariis
2929 3555 3184 3612 Ecclesia:
3216 3557 3310 3612 Dei
3336 3557 3515 3612 vobis.

1921 3668 2043 3708 cum
2077 3652 2334 3707 resistere
2363 3662 2516 3721 apto,
2545 3650 2737 3717 etiam,
2765 3651 2810 3707 si
2842 3665 3066 3708 necesse
3112 3652 3295 3718 fuerit,
3341 3668 3514 3724 usque

1921 3745 1991 3799 ad
2020 3742 2341 3800 ell‘usionem
2369 3743 2674 3814 sanguinis.

2507 3832 2840 3891 EPISTOLA
2867 3833 2951 3888 lll.

1927 3925 2187 3980 Rainaldo
2224 3925 2656 3981 excellentissimo
2700 3927 2962 3995 episcOpo,
2995 3925 3266 3996 Goﬂ'ridus
3313 3925 3510 3980 Vindo-

1992 4016 2215 4071 cinensis
2255 4017 2560 4072 monasterii
2607 4015 2819 4070 humilis
2864 4033 3073 4081 servus,
3125 4017 3346 4072 salutem
3391 4035 3508 4073 cum

1989 4123 2139 4178 parte
2166 4107 2461 4163 dilectionis
2495 4109 2711 4175 affectu.

1997 4199 2093 4253 Vir
2115 4199 2238 4254 vitae
2277 4197 2609 4254 venerabilis
2635 4195 3046 4254 archidiaconus
3072 4208 3253 4255 vester
3301 4199 3509 4257 Haber-

1923 4299 2010 4346 tus
2041 4290 2214 4362 (195),
2238 4291 2328 4361 qui
2361 4304 2458 4345 vos
2504 4287 2731 4344 multum
2760 4287 2955 4360 diligit,
2983 4303 3082 4344 nec
3130 4305 3216 4345 mc
3255 4290 3503 4356 multum,

225 4385 433 4431 sanctae
482 4375 736 4432 Ecclesia:
766 4376 916 4448 (192)
949 4378 1218 4445 deiicere;
1258 4378 1424 4434 nolite
1451 4379 1697 4436 consiliis
1715 4395 1811 4436 eoe-
1843 4375 1896 4438 D
1922 4393 1980 4438 ut
2001 4383 2264 4449 arbitror,
2307 4383 2440 4447 odit,
2466 4380 2534 4438 de
2577 4389 2760 4438 vestro
2801 4381 3028 4448 honore,
3051 4392 3108 4437 et
3147 4391 3331 4438 nostra
3362 4384 3506 4438 utili.

300 4531 448 4604 (l88)
478 4529 648 4604 Quam
674 4532 738 4604 de
764 4532 1088 4604 obedientiis.
1110 4533 1250 4604 Lib.
1291 4549 1367 4600 tv,
1392 4534 1553 4604 epist.
1580 4535 1632 4588 7.
1711 4529 1716 4542 “

301 4600 448 4676 (189)
485 4600 726 4676 ϐοσζξᾴο
758 4603 1227 4676 ,ιὶιιείεςιιιυειωίιιηᾳΔ
1259 4600 1518 4676 episcopo.
1571 4604 1810 4676 llugonis

227 4677 297 4730 de
320 4672 581 4727 Meduana
607 4672 740 4744 illia,
774 4673 1080 4744 qtt_i_postea
1132 4673 1323 4744 relicto
1378 4672 1692 4744 episcOpatu
1732 4681 1812 4730 ta-

235 4757 348 4800 :tus
377 4753 463 4797 est
488 4743 788 4796 monachus
822 4741 1218 4796 Cluniacensis.
1266 4741 1593 4798 Chronicum
1626 4747 1681 4799 S.
1719 4748 1810 4800 Al-

227 4815 367 4867 bini:
393 4813 544 4866 Anno
569 4811 709 4881 1095
756 4812 1038 4881 ordinatus
1062 4821 1136 4866 est
1165 4810 1464 4881 Gaufridus
1509 4813 1654 4881 ﬁlius
1689 4816 1807 4869 llu-

227 4885 375 4952 gonis
424 4885 488 4954 de
534 4880 802 4954 Meduana
843 4896 937 4934 vm
987 4880 1119 4954 Kal.
1159 4880 1426 4954 Decembr.
1480 4880 1580 4936 Vix
1614 4898 1808 4954 septem

227 4949 380 5005 annis
422 4953 476 5004 in
511 4953 810 5022 episcopatu
841 4952 1053 5005 mansit.
1086 4949 1466 5006 Accus'untibus
1514 4949 1736 5022 namque
1761 4965 1812 5009 et

227 5021 655 5091 ronquerentibus
684 5022 922 5092 plurimis
944 5024 1083 5091 apud
1103 5037 1329 5092 papam,
1356 5022 1496 5092 quod
1521 5038 1580 5075 eo
1592 5021 1810 5092 jubeute

231 5090 530 5161 incorruptus
545 5100 593 5161 et
614 5105 740 5160 pene
755 5090 1055 5145 illitteratus
1085 5090 1114 5158 f
1113 5092 1269 5144 uisset
1288 5090 1807 5155 ordinatus,‘mouitu

225 5158 457 5229 ejusdem
485 5158 685 5214 Urbani
703 5177 853 5228 papa:
893 5161 1067 5214 sedem
1101 5161 1343 5215 deserens
1373 5162 1657 5215 monachus
1682 5161 1810 5217 Clu-

229 5234 376 5285 uiuco
406 5231 579 5299 factus
607 5240 707 5284 est.
755 5229 879 5284 Post
905 5231 1057 5300 cujus
1084 5230 1393 5300 abscessum
1413 5231 1686 5300 ordinatus
1733 5242 1807 5285 est

228 5301 515 5425 ῗῗὸιὲναυὶε
541 5303 809 5370 episcopus
859 5298 1152 5354 llaiualdus
1196 5299 1336 5371 prid.
1367 5298 1452 5354 Id.
1491 5299 1644 5364 lant,
1668 5317 1806 5354 anno

293 5440 436 5512 (190)
472 5438 732 5512 Electioni
767 5439 912 5494 Petri
940 5439 1329 5512 Bellilacenst's.
1373 5438 1542 5512 Hujus
1572 5441 1806 5512 nominis

229 5509 549 5567 mOnasteria
582 5511 748 5565 multa
778 5519 906 5565 sunt
935 5511 987 5564 in
1030 5509 1226 5580 Gallia,
1260 5520 1317 5565 ut
1366 5511 1600 5580 dubitari
1636 5512 1806 5580 possit

226 5584 503 5650 cujusnam
536 5581 704 5635 abbas
755 5582 844 5636 hic
871 5579 1057 5635 fuerit.
1084 5577 1268 5632 Labor
1295 5590 1354 5650 ut
1402 5581 1468 5650 de
1494 5577 1803 5650 Luca'ceusi

230 5648 790 5724 in‘pagthuronico
819 5652 905 5720 agi
943 5650 1187 5724 credam,
1215 5649 1357 5724 quod
1410 5648 1576 5724 Fulc_o
1612 5650 1801 5724 _Nerr_a

225 5717 412 5776 eotncs'
436 5720 825 5792 Hierosolymis
858 5717 1114 5774 reversus
1154 5721 1204 5772 in
1239 5721 1497 5774 honorem
1523 5717 1580 5774 S.
1607 5719 1801 5790 Sepul-

542 5819 810 5875 l’ATuoL.
853 5813 1095 5876 CLVII.

1915 4538 1995 4592 eri
2028 4537 2166 4592 ultra
2216 4537 2481 4606 Augerem
2534 4531 2756 4591 luvium
2798 4534 3120 4592 Bello-Loco
3169 4539 3448 4592 construxi
3483 4579 3500 4603 ,

1917 4608 2008 4664 ubi
2035 4616 2091 4662 et
2112 4608 2404 4674 sepultura:
2432 4607 2609 4662 locum
2648 4606 2748 4660 sibi
2785 4606 3000 4674 delegit.

1985 4625 2008 4662 ιι
2035 4622 2169 4662 etse
2211 4622 2404 4660 uttura:
2433 4622 2609 4662 locum
2648 4622 2748 4660 SIDI
2785 4622 3000 4674 aetcgtt.

1985 4677 2134 4747 (191)
2168 4622 2432 4747 gainaldo
2463 4677 2879 4747 Andcgaqorum
2904 4677 3164 4747 episcopo.
3205 4676 3499 4747 llainalalus

1912 4744 2502 4816 hicﬂseuﬂeginaldus
2557 4744 2621 4799 de
2666 4744 3010 4806 Martiniaro,
3059 4745 3284 4816 Brientii
3334 4746 3496 4810 illius,

1913 4815 2138 4871 Goil'ridi
2165 4814 2538 4870 Meduanensis
2559 4826 2860 4875 successor.
2888 4825 2945 4880 ut
2972 4815 3132 4880 modo
3156 4816 3360 4871 dictum
3388 4831 3490 4880 εει,

1911 4885 1981 4957 ad
2016 4899 2220 4957 quem
2246 4883 2335 4938 lvo
2363 4884 2589 4957 epistola
2619 4882 2728 4935 272
2767 4893 2824 4937 et
2868 4877 3186 4957 Marbodug
3207 4877 3496 4957 episcopus

1915 4947 2254 5009 Redonensis
2283 4947 2422 5022 apud
2458 4947 2786 5022 Ildebertum
2833 4955 2992 5022 epist.
3021 4951 3111 5008 80.
3145 4947 3497 5012 Translat'unt

1915 5022 2045 5094 inde,
2067 5023 2135 5077 ad
2184 5021 2524 5094 tnetr’opolim
2573 5021 2899 5094 [gemensem
2951 5023 3136 5094 docuit
3189 5041 3286 5079 nos
3326 5027 3490 5094 epist.

1911 5093 1976 5148 51
2018 5093 2157 5164 lih._t
2183 5089 2564 5164 Kalendarium
2593 5089 3066 5164 S_a_neti_M_auricii
3113 5089 3490 5164 Andegiv'ens.

1913 5179 2002 5217 χιχ
2034 5161 2257 5232 Kalend.
2290 5157 2746 5232 Februarii.0biit
2775 5157 3068 5232 Ruinaldus
3097 5157 3296 5216 Iunio?
3321 5165 3492 5232 primo

1913 5242 2088 5286 noster
2115 5231 2398 5300 episcopus.
2432 5230 2737 5300 posmodunt
2756 5231 3176 5300 archiepiscopus
3203 5230 3489 5300 Bernensis,

1910 5303 1964 5355 in
1990 5303 2143 5371 cujus
2169 5297 2522 5353 anniversario
2547 5298 2766 5368 singulis
2789 5297 2942 5354 annis
2981 5301 3047 5355 15
3071 5297 3322 5368 pauperes
3351 5297 3492 5351 alere

1910 5372 2176 5423 debemus.
2216 5378 2262 5422 et
2309 5369 2458 5423 siana
2494 5368 2723 5423 pulsare.
2759 5367 3036 5423 Juniorem
3069 5378 3245 5423 vocat.
3278 5367 3346 5421 ad
3373 5367 3490 5421 dis-

2391 5385 2458 5422 na
2494 5385 2723 5431 pulsare.
2759 5385 3036 5425 tumorem
3069 5385 3245 5431 vocat,
3278 5385 3346 5421 au
3373 5385 3490 5421 uis-

1910 5384 2176 5434 ueoemus,
2216 5384 2262 5422 et
2309 5385 2458 5438 signa
2494 5384 2723 5450 pulsare.
2759 5384 3036 5425 tumorem
3069 5384 3234 5430 vocat,

1912 5441 2116 5495 crimen
2153 5438 2375 5509 alterius
2411 5438 2677 5502 Ramaldi,
2702 5454 2735 5493 a
2769 5453 2876 5509 quo
2915 5441 3001 5495 hic
3030 5448 3234 5494 sextus.

1981 5508 2222 5582 (192))11
2245 5509 2545 5577 defensione
2566 5519 2761 5582 sancta:
2789 5508 3059 5564 Ecclesiw.
3090 5509 3292 5564 Corttt'a
3316 5508 3486 5582 comi:

1913 5579 2017 5635 lelll
2042 5579 2482 5648 Andegavensem
2506 5581 2666 5648 epist.
2699 5579 2750 5630 7.

1983 5649 2129 5720 (195)
2176 5647 2590 5720 Arcltidiaconus
2640 5655 2808 5701 vester
2853 5647 3118 5702 Hubertu.

1909 5719 2154 5792 epistola:
2179 5722 2382 5790 aliqum
2448 5719 2542 5772 lib.
2573 5733 2623 5770 ν.

3007 5805 3046 5865 δ
