3990 6476
477 429 592 489 ’107

1520 418 1839 475 GOFFRIDI
1870 414 2159 470 ABBATIS
2203 413 2719 470 VINDOCINENSIS

3663 409 3760 464 103

491 552 603 599 tate
629 540 912 608 sollicitus,
943 553 1065 596 cum
1088 535 1251 593 audit
1285 547 1404 603 qua:
1443 544 1540 585 nos
1577 543 1609 583 a
1650 537 1837 583 mutua
1885 526 2070 582 ehari-
2102 531 2138 589 Α
2173 524 2393 589 debere,
2427 524 2593 579 multo
2616 525 2794 579 minus
2825 523 2986 595 igitur
3009 523 3218 578 Domini
3245 519 3611 583 sacerdotem,
3645 535 3759 573 ma-

489 640 602 687 tate
629 630 868 686 debeant
914 639 1190 698 separare,
1226 621 1410 677 statim
1438 626 1531 672 aut
1575 631 1674 686 per
1711 632 1788 683 se,
1840 623 1934 669 aut
1979 629 2075 683 pcr

486 720 712 775 "nuntios
741 733 869 774 suos
890 729 1105 772 omnem
1133 711 1416 782 culpamin
1445 709 1682 785 animam
1703 721 1875 764 meam
1897 714 2076 761 trans-

476 807 687 872 ’fundit,
709 806 845 861 adeo
877 819 963 859 me
990 804 1300 872 increpans,
1331 800 1473 870 quod
1513 799 1745 854 verbera
1784 797 2075 852 verborum

486 909 714 953 suorum
757 895 845 948 vix
903 893 1172 948 sustinere
1222 891 1376 946 valeo
1428 889 1718 961 patienter.
1770 887 2074 943 Novissime

492 992 671 1040 autem
703 982 893 1038 diebus
931 981 1057 1036 istis
1095 981 1165 1035 ita
1203 980 1379 1050 gladio
1413 981 1525 1035 oris
1569 979 1654 1034 sui
1695 977 1903 1032 viscera
1955 992 2075 1032 mea

488 1071 791 1142 penetravit
813 1069 955 1140 quod
985 1067 1140 1138 105
1180 1068 1232 1122 in
1269 1069 1349 1123 eis
1375 1066 1508 1122 nihil
1533 1080 1668 1136 pene
1715 1065 1965 1120 sanitatis
1991 1079 2074 1120 re-

491 1159 665 1230 liquit.
699 1159 910 1214 Asserit
930 1157 1034 1213 sibi
1059 1157 1262 1213 dictum
1280 1197 1295 1223 ,
1323 1157 1506 1213 nescio
1541 1170 1572 1210 a
1597 1156 1772 1224 vobis,
1799 1155 1882 1211 vel
1909 1171 1938 1210 a
1967 1170 2075 1226 quo

491 1252 558 1307 de
581 1250 802 1316 vestris,
831 1265 921 1306 me
961 1249 1017 1304 in
1065 1248 1316 1314 concilio,
1341 1263 1446 1303 non
1501 1247 1717 1318 quidem
1767 1247 2073 1312 manifeste,

491 1342 585 1398 sed
615 1341 669 1397 in
704 1341 1044 1406 abscondito,
1070 1349 1256 1395 contra
1280 1351 1465 1409 pacem
1494 1345 1548 1392 et
1585 1337 1814 1392 salutem
1838 1345 2075 1392 vestram

492 1431 659 1486 fuisse
685 1429 944 1486 locutum.
977 1429 1034 1484 Si
1069 1443 1166 1484 vos
1191 1428 1390 1495 dicitis,
1424 1427 1590 1482 verba
1623 1438 1802 1482 vestra
1831 1425 2077 1481 refellere

495 1539 600 1578 non
632 1523 828 1587 audeo,
855 1521 980 1592 quia
1004 1521 1289 1591 episcopus
1311 1521 1465 1576 estis.
1498 1520 1650 1575 Alter
1683 1533 1813 1574 vero
1843 1519 2075 1589 quicun-

493 1629 597 1683 que
620 1629 782 1684 super
808 1614 908 1668 hoc
942 1627 999 1668 se
1044 1611 1234 1668 fecerit
1261 1620 1610 1676 assertorem,
1643 1611 1824 1666 veniat
1874 1611 2074 1682 palam,

494 1713 544 1760 et
574 1719 683 1758 sua:
700 1703 952 1758 falsitatis
977 1717 1062 1758 me
1088 1702 1324 1757 inveniet
1349 1702 1646 1758 veridicum
1688 1710 2071 1756 correctorem.

492 1792 692 1847 Contra
735 1791 1156 1862 magnitudinem
1187 1801 1446 1859 vestram,
1496 1791 1642 1846 sicut
1673 1791 1803 1856 dixi,
1831 1791 2076 1862 proferre

2179 615 2288 669 lum
2316 631 2414 685 pro
2460 615 2600 668 malo
2639 615 2885 680 reddere,
2917 613 2999 668 vel
3045 613 3286 683 qualibet
3312 612 3603 669 occasione
3634 625 3762 682 pru-

2177 707 2322 777 prias
2365 705 2589 774 injurias
2627 705 2783 774 107
2811 705 3109 759 vindicare.
3137 703 3273 759 Cum
3306 704 3488 772 itaque
3535 703 3762 758 reddere

2178 797 2376 852 malum
2409 813 2507 866 pro
2539 795 2702 863 malo,
2729 804 2784 849 et
2810 811 2962 850 suam
2989 795 3264 849 vindicare
3297 793 3554 863 injuriam
3577 794 3650 848 sit
3673 809 3762 864 pe-

2180 886 2494 952 riculosum,
2544 885 2742 940 malum
2777 901 2874 956 pro
2923 886 3066 940 bono
3111 885 3360 949 reddere,
3387 885 3470 939 vel
3521 885 3763 952 diligenti

2179 992 2236 1033 se
2283 978 2532 1047 proximo
2578 977 2696 1032 sine
2743 991 2906 1032 causa
2951 976 3178 1044 injurias
3231 976 3503 1046 irrogare,
3544 975 3765 1030 minime

2177 1067 2456 1123 dubitatur
2503 1069 2844 1124 damnosum.
2884 1067 3007 1123 Hzec
3041 1068 3264 1132 idcirco,
3298 1068 3382 1121 vir
3415 1067 3763 1132 venerabilis,

2177 1160 2574 1229 proposuimus,
2603 1167 2684 1224 ut,
2736 1159 2781 1212 si
2827 1158 2880 1212 in
2908 1157 3079 1211 altero
3121 1158 3337 1221 horum,
3383 1156 3488 1219 vel,
3516 1153 3657 1225 quod
3685 1164 3765 1211 est

2177 1251 2418 1319 gravius,
2452 1250 2508 1306 in
2535 1259 2768 1319 utroque
2796 1249 3160 1319 peccavimus,
3191 1258 3471 1317 peccatum
3498 1263 3606 1301 non
3637 1263 3761 1302 eru-

2178 1340 2468 1395 bescamus
2499 1340 2796 1410 corrigere,
2825 1339 2969 1410 quod
3006 1337 3210 1392 utiliter
3244 1338 3414 1392 vitare
3460 1338 3761 1392 debuimus.

2177 1431 2368 1484 Divina
2399 1431 2603 1501 gratia,
2638 1431 2807 1500 magis
2835 1444 2998 1499 quam
3042 1427 3243 1482 nostris
3270 1427 3499 1491 meritis,
3530 1427 3622 1480 Dei
3667 1427 3764 1481 Ec-

2178 1521 2358 1577 clesia:
2400 1521 2606 1592 pradati
2637 1535 2845 1576 sumus.
2877 1519 3028 1586 Quod
3056 1519 3098 1574 si
3149 1518 3203 1572 in
3235 1527 3381 1571 tanta
3407 1517 3562 1587 positi
3593 1518 3767 1587 digni-

2182 1621 2292 1668 tate
2323 1612 2459 1667 alter
2492 1612 2722 1668 alterum
2751 1611 2874 1665 odio
2899 1611 3108 1664 habens
3133 1607 3516 1677 delinquimus,
3543 1623 3650 1662 non
3683 1623 3766 1662 so-

2179 1703 2288 1758 lum
2307 1712 2526 1759 nostras
2545 1703 2821 1772 lampades
2846 1717 2952 1754 non
2979 1699 3364 1764 illuminamtts,
3381 1713 3567 1753 verum
3599 1699 3762 1752 etiam

2179 1795 2412 1849 aliorum
2452 1795 2710 1848 ardentes
2745 1793 2980 1847 sinistra:
3031 1790 3371 1860 operationis
3402 1789 3652 1858 exemplo
3679 1804 3765 1842 ex-

493 1882 781 1950 quidquam
811 1895 908 1936 nec
940 1896 1157 1952 possum
1204 1895 1304 1936 nec
1331 1880 1518 1935 debeo.
1542 1879 1647 1934 Sed
1683 1895 1849 1934 unum
1896 1888 2078 1934 tamen
2117 1871 2160 1928 Β
2189 1885 2533 1955 stinguimus.
2564 1883 2810 1953 Cumque
2853 1882 3060 1935 trabem
3091 1889 3372 1949 portamus
3401 1879 3453 1932 in
3484 1879 3645 1933 oequ
3669 1893 3763 1932 no-

494 1971 721 2026 firmiter
746 1980 922 2034 teneo,
951 1973 1093 2041 quod
1127 1973 1177 2027 in
1219 1971 1428 2043 legibus
1451 1971 1799 2026 criminosum
1834 1971 2081 2036 habetur,

491 2061 724 2116 amicum
756 2065 970 2116 causari
1005 2062 1298 2127 immerito,
1324 2061 1472 2116 illum
1514 2061 1840 2129 prmsertim,
1869 2062 1960 2130 qui
1990 2075 2083 2116 eos

491 2152 581 2221 qui
611 2167 669 2207 se
703 2153 935 2223 diligunt
987 2153 1166 2208 colere
1215 2153 1366 2207 novit
1403 2151 1560 2206 valde
1591 2151 1845 2215 feliciter,
1891 2161 1947 2206 et
1995 2153 2082 2208 cui

492 2258 704 2315 semper
757 2243 1123 2300 verecundum
1172 2243 1383 2299 exstitit
1427 2244 1495 2300 de
1533 2241 1743 2298 tumulis
1788 2243 1900 2299 suis
1934 2241 2083 2298 cuid.

497 2347 661 2404 quam
697 2347 990 2404 suggerere
1016 2334 1264 2390 latenter.
1290 2333 1498 2392 Valete.

1049 2423 1381 2479 EPISTOLA
1421 2425 1509 2480 IV.

477 2509 753 2569 Bainaldo
814 2529 1012 2584 magna
1071 2523 1120 2568 et
1181 2513 1408 2584 glorioso
1477 2514 1744 2586 episcopo,
1809 2514 2079 2586 Coifi-idus

568 2603 968 2661 Vindocinensis
1000 2605 1304 2669 monasterii
1355 2621 1559 2674 servus,
1599 2623 1748 2677 parte
1783 2608 2078 2663 dilectionis

565 2699 836 2768 affectant.

561 2786 793 2854 Quidam
842 2800 1032 2844 servus
1080 2787 1335 2844 Ecclesia:
1386 2798 1616 2856 noslrm,
1644 2804 1824 2860 quem,
1857 2801 2077 2861 propter

490 2875 834 2945 sacrilegium
863 2875 1025 2945 quod
1074 2875 1298 2942 fecerat,
1327 2893 1356 2931 a
1395 2878 1617 2933 servitio
1647 2889 1836 2933 nostro
1864 2879 1950 2932 diu
1992 2895 2077 2935 rc-

493 2981 858 3032 moveramus,
889 2969 1240 3035 quazstionem
1259 2968 1549 3039 quamdam
1580 2970 1802 3024 sinistra
1837 2971 2074 3024 adrnira-

491 3058 636 3112 tione
683 3057 1059 3128 dignissimam
1116 3059 1271 3113 nobis
1331 3060 1642 3130 proposuit,
1699 3070 1984 3130 postquam
2042 3077 2072 3116 a

490 3143 644 3198 vobis
689 3142 1026 3197 recessimus.
1060 3143 1134 3196 De
1175 3144 1379 3199 duobus
1407 3144 1534 3200 viris
1564 3144 1899 3213 loquebatur,
1941 3162 2076 3215 quo-

476 3250 610 3289 rum
641 3248 781 3290 unus
837 3235 1175 3300 monachus,
1234 3233 1369 3289 alter
1430 3236 1720 3306 episcopus
1774 3237 2072 3293 dicebatur.
2105 3208 2148 3269 (ἶ

487 3327 785 3396 Episcopus
811 3325 878 3379 ad
904 3325 1078 3380 locum
1103 3326 1350 3381 monachi
1394 3327 1634 3394 veniens,
1659 3343 1780 3382 cum
1829 3329 1944 3398 ipso
1978 3331 2072 3384 ho-

485 3417 679 3488 spitari
710 3415 1070 3485 voluit;quem
1099 3417 1394 3472 monachus
1416 3432 1536 3472 cum
1563 3418 1760 3488 gaudio
1787 3429 1838 3474 et
1870 3421 2075 3476 honore

482 3509 746 3580 suscepit,
771 3522 870 3562 nec
899 3524 994 3565 sua
1018 3517 1223 3562 tantum
1245 3510 1432 3580 106,
1451 3525 1634 3564 verum
1653 3511 1815 3564 etiam
1843 3513 2074 3582 scipsum

490 3602 546 3655 in
575 3599 810 3671 episcopi
841 3600 1118 3654 servitium
1149 3609 1260 3654 tota
1287 3601 1570 3656 dilectione
1597 3603 1857 3657 exhibuit.
1889 3602 2078 3658 Mona-

491 3693 629 3746 chus
660 3692 977 3762 cpiscopum
1017 3691 1086 3745 ibi
1111 3691 1315 3747 diutius
1346 3707 1565 3746 manere
1588 3692 1863 3759 voluisset,
1895 3694 1937 3747 si
1967 3695 2079 3762 epi-

491 3797 690 3852 scopus
717 3782 1100 3838 consensisset.
1135 3780 1227 3838 llle
1260 3781 1481 3848 recessit
1511 3797 1526 3848 ;
1561 3783 1834 3836 rccedenti
1885 3800 2071 3838 mona-

493 3873 628 3928 chus
680 3889 843 3928 unum
899 3874 965 3928 de
1021 3875 1236 3929 famulis
1283 3873 1396 3929 suis
1451 3874 1758 3940 associavit,
1813 3877 1901 3944 qui
1949 3877 2074 3942 sibi,

491 3965 728 4033 quandiu
754 3965 940 4032 voluit,
977 3965 1266 4021 servientis
1307 3964 1542 4034 explevit
1568 3963 1824 4019 cilicium.
1857 3966 2078 4037 Episco-

491 4070 593 4125 pus
636 4070 756 4110 cum
810 4056 1008 4111 famulo
1044 4055 1278 4124 locutus,
1307 4055 1472 4126 cmpit
1520 4056 1587 4108 ab
1617 4056 1731 4124 ipso
1777 4056 2079 4112 innocentis

491 4144 718 4214 hospitis
743 4145 906 4199 vitam
934 4160 1038 4199 non
1064 4145 1434 4216 approbando,
1454 4151 1610 4214 prout
1636 4145 1856 4213 dignum
1875 4144 2075 4210 fuerat,

492 4236 585 4290 sed
619 4236 957 4306 reprobando
991 4237 1290 4306 inquirere,
1313 4245 1389 4302 et,
1412 4237 1607 4306 quibus
1642 4237 2074 4306 poteratverbis,

488 4341 586 4382 vas
621 4328 890 4384 charitate
939 4328 1156 4399 plenum
1181 4329 1481 4383 conabatur
1509 4329 1832 4384 incrustare.
1873 4327 2079 4393 Quibus

490 4417 712 4484 auditis,
745 4418 1122 4488 respondimus
1160 4419 1262 4473 hoc
1306 4432 1428 4472 esse
1480 4432 1677 4472 novum
1725 4416 1946 4470 sceleris
1979 4432 2077 4487 ge-

2189 1985 2324 2040 stro,
2358 1975 2622 2030 festucam
2661 1973 3008 2027 considerare
3044 1987 3148 2026 non
3179 1972 3541 2042 possumusin
3571 1969 3762 2026 alieno.

2189 2066 2244 2122 Si
2272 2067 2488 2137 quando
2521 2067 2661 2120 bona
2685 2080 2804 2133 qua:
2828 2064 3095 2128 novimus,
3131 2061 3445 2116 hominibus
3474 2060 3766 2129 loquimur,

2188 2170 2292 2210 non
2338 2165 2636 2224 sequuntur
2668 2155 2830 2210 verba
2864 2170 2984 2225 qua:
3037 2155 3296 2220 audiunt,
3348 2153 3442 2208 sed
3491 2153 3605 2207 sola
3652 2166 3766 2222 qua:

2185 2246 2526 2316 conspiciunt
2569 2246 2817 2316 exempla
2867 2246 3154 2316 pravitatis
3204 2245 3506 2299 imitantur.
3541 2243 3768 2298 Pronior

2183 2344 2266 2391 est
2316 2337 2460 2392 enim
2504 2337 2571 2391 ad
2619 2337 2971 2391 imitationem
3022 2336 3148 2390 mali
3198 2336 3432 2390 humana
3464 2334 3763 2404 fragilitas;

2183 2441 2302 2496 qua:
2323 2427 2367 2482 si
2401 2428 2601 2482 nostris
2624 2428 2885 2491 moribus,
2907 2425 3049 2496 quod
3075 2425 3244 2480 absit!
3281 2425 3598 2488 destruitur,
3639 2423 3757 2491 ejus

2182 2517 2401 2587 sanguis
2437 2515 2592 2572 nobis
2619 2532 2649 2571 a
2681 2517 2904 2571 Domino
2937 2517 3260 2586 requiretur.
3289 2514 3630 2586 Quapropter
3656 2531 3759 2570 non

2179 2606 2455 2660 odibiliter
2491 2605 2648 2660 nobis
2687 2604 2955 2675 agendum
3009 2613 3133 2669 est,
3188 2603 3540 2658 dilectissime
3567 2643 3583 2667 ,
3636 2619 3770 2672 quos

2181 2698 2354 2767 magis
2379 2698 2635 2766 prodesse
2667 2711 2828 2766 quam
2863 2709 3106 2764 prmesse
3132 2695 3376 2758 decet,et
3405 2694 3472 2748 de
3497 2693 3768 2748 reddenda

2179 2788 2386 2842 ratione
2409 2787 2708 2840 animarum
2739 2793 2937 2839 nostra:
2977 2785 3098 2839 fidei
3142 2784 3559 2838 commissarum
3593 2783 3762 2852 pluri-

2179 2895 2325 2934 mum
2352 2892 2472 2932 esse
2513 2877 2795 2931 sollicitos.
2831 2876 2897 2929 Et
2923 2875 3176 2944 quoniam
3214 2874 3521 2930 sanctitatis
3570 2888 3768 2928 nomen

2178 2977 2232 3026 et
2280 2968 2525 3023 ordinem
2572 2967 2902 3036 accepimus,
2957 2980 3131 3019 czecos
3178 2963 3502 3024 illuminare,
3537 2978 3644 3016 non
3681 2977 3770 3016 cos

2177 3063 2268 3134 qui
2294 3063 2502 3127 vident,
2535 3074 2810 3114 excmcare
2859 3059 3152 3124 debemus;
3182 3057 3308 3111 dum
3362 3071 3460 3110 nos
3511 3057 3766 3120 invicem,

2181 3157 2322 3226 quod
2350 3154 2710 3210 criminaliter
2733 3166 2962 3222 peccare
2990 3160 3093 3216 est,
3119 3150 3246 3205 odio
3281 3157 3336 3204 et
3365 3149 3565 3218 lingua:
3592 3149 3770 3218 gladio

2181 3245 2580 3316 prosequimur,
2605 3257 2703 3314 pro
2732 3239 2848 3297 luce
2874 3241 3125 3296 tenebras
3151 3239 3350 3293 mundo
3378 3238 3768 3306 relinquentes,

2179 3336 2554 3406 populum,qui
2580 3350 2676 3405 per
2692 3349 2748 3388 se
2771 3333 2996 3388 nimium
3015 3331 3196 3401 108,
3212 3340 3271 3384 ut
3293 3330 3553 3395 diximus,
3567 3345 3768 3398 pronus

2179 3435 2261 3479 est
2290 3425 2355 3478 ad
2385 3435 2686 3495 peccatum,
2710 3438 2831 3478 cum
2857 3422 3094 3492 periculo
3119 3422 3424 3474 animarum
3451 3431 3760 3475 nostrarum

2178 3517 2245 3571 ad
2277 3517 2604 3587 peccandum
2641 3516 2872 3586 amplius
2916 3515 3222 3569 incitamus.
3255 3512 3414 3568 Certe
3442 3513 3495 3567 in
3527 3513 3766 3567 minimis

2182 3609 2468 3664 Dominum
2517 3609 2737 3680 gravius
2761 3608 3154 3662 cxacerbamus
3182 3605 3442 3674 peccatis,
3475 3620 3637 3674 quam
3667 3619 3766 3673 pu-

2180 3698 2334 3768 pulus
2367 3698 2525 3752 faciat
2550 3699 2601 3752 in
2633 3697 2881 3752 summis.
2910 3695 3042 3750 Nam
3072 3710 3207 3766 pene
3231 3703 3377 3748 tanta
3401 3694 3658 3748 distantia
3683 3700 3768 3747 est

2181 3791 2320 3845 inter
2346 3799 2628 3860 peccatum
2663 3791 2895 3860 pastoris
2924 3798 2978 3843 et
3005 3799 3287 3860 peccatum
3336 3787 3538 3858 populi,
3567 3797 3768 3856 quanta

2180 3881 2434 3936 distantia
2491 3882 2595 3936 fuit
2642 3882 2784 3936 inter
2829 3889 3110 3950 peccatum
3159 3879 3334 3950 angeli
3380 3887 3436 3934 et
3487 3889 3768 3948 peccatum

2181 3975 2517 4045 proleplasti.
2556 3973 2711 4030 Unde
2747 3974 3015 4028 veraciter
3059 3973 3262 4027 dictum
3312 3981 3402 4026 est
3453 3971 3600 4041 quod
3650 3984 3769 4024 ma-

2174 4064 2282 4134 jori
2336 4077 2486 4119 reatu
2518 4064 2586 4119 ab
2616 4079 2680 4118 eo
2704 4063 3035 4132 delinquitur
3061 4064 3151 4133 qui
3185 4062 3380 4133 potiori
3409 4062 3617 4116 honore
3651 4074 3771 4129 per-

2182 4154 2404 4219 fruitur,
2428 4163 2482 4208 et
2509 4155 2754 4223 graviora
2787 4152 2915 4207 facit
2939 4153 3065 4207 vitia
3089 4161 3431 4222 peccatorum
3461 4150 3770 4206 sublimitas

2179 4245 2520 4314 dignitatum.
2551 4242 2662 4298 Non
2699 4260 2828 4314 ergo
2863 4260 2962 4299 nos
2989 4244 3166 4315 pigeat
3194 4243 3420 4298 alterum
3465 4242 3619 4296 alteri
3657 4241 3759 4294 hu-

2181 4335 2399 4398 miliari,
2429 4335 2552 4403 quia
2590 4335 2850 4404 scriptum
2897 4343 2980 4389 est
3015 4351 3028 4387 :
3059 4333 3266 4399 Quanto
3295 4349 3516 4403 magnus
3543 4349 3619 4396 es,
3659 4333 3762 4384 Im-

2180 4425 2325 4480 milt'a
2377 4435 2425 4480 te
2459 4427 2510 4479 in
2551 4428 2789 4481 omnibus
2818 4426 3009 4497 (Eccli.
3057 4441 3135 4489 ut,
3163 4424 3278 4496 ΞΟ).
3322 4425 3387 4478 Et
3415 4425 3504 4494 qui
3557 4439 3618 4479 se
3655 4439 3774 4477 am-

491 4525 614 4574 nus,
645 4518 699 4563 et
723 4509 774 4563 iu
811 4510 934 4563 novi
960 4508 1182 4564 sceleris
1213 4507 1387 4572 facto,
1421 4507 1682 4576 majorum
1714 4519 1938 4560 necesse
1960 4514 2076 4560 erat

2182 4517 2322 4588 plius
2355 4519 2734 4584 humiliavcrit,
2764 4519 2912 4574 illum
2957 4520 3096 4574 Deus
3135 4519 3414 4588 promisit,
3445 4518 3536 4588 qui
3590 4517 3772 4572 nerui-

490 4601 568 4657 uti
619 4600 870 4655 consilio.
916 4597 1075 4655 Unde
1111 4613 1207 4654 vos
1236 4598 1504 4668 praecipue
1554 4598 1892 4667 interrogare
1929 4597 2079 4652 volu-

490 4707 644 4756 mus,
692 4701 746 4744 et
795 4691 924 4761 quid
967 4706 1130 4760 super
1168 4691 1272 4745 hoc
1306 4690 1503 4745 sentiat
1531 4696 1709 4742 vestra
1746 4687 2077 4754 magnitudo,

490 4772 678 4838 audire
732 4783 1120 4838 desideramus.
1176 4780 1384 4836 Nostra:
1422 4789 1603 4835 autem
1639 4779 1888 4849 parvitati
1931 4779 2081 4835 vide—

492 4883 580 4928 tur
629 4874 775 4942 quod
826 4890 931 4927 nun
977 4882 1095 4928 erat
1150 4873 1371 4928 omnino
1430 4872 1715 4943 episcopus
1769 4871 1859 4941 qui
1917 4881 2080 4928 tanta:

489 4963 776 5038 pravitatis
825 4970 1136 5025 sectabatur
1162 4981 1314 5038 opus.
1359 4964 1468 5022 Nec
1498 4966 1642 5021 circa
1667 4965 1972 5036 proximum
2021 4981 2080 5022 se

493 5056 781 5126 diligenter
834 5058 1098 5125 habebat,
1126 5067 1250 5127 post
1275 5057 1429 5129 cujus
1475 5057 1624 5113 cibos
1669 5067 1778 5112 tam
1833 5057 2081 5126 nequiter

495 5145 804 5202 eructabat.

1075 5235 1407 5295 EPISTOLA
1448 5239 1513 5296 V.

492 5321 763 5382 Rainaldo
805 5326 1008 5396 egregio
1058 5326 1454 5396 Andegavorum
1494 5329 1732 5398 episcopo
1756 5369 1771 5394 ,
1808 5325 2080 5398 Goﬂ‘ridus

499 5455 508 5461 -
575 5417 976 5472 Vindocinensis
1003 5422 1306 5474 monasterii
1332 5421 1708 5491 qualiscunque
1746 5440 1944 5488 servus,
1976 5423 2078 5475 huc

559 5505 862 5570 militarem,
907 5506 1213 5574 patientiam
1242 5525 1304 5562 ac
1344 5510 1709 5580 benignitatem
1756 5512 1998 5582 diligere,
2030 5520 2080 5564 et

507 5628 511 5632 η
562 5611 626 5650 ea
649 5611 766 5665 qua:
795 5605 915 5649 sunt
952 5595 1034 5650 Itis
1059 5600 1320 5652 contraria
1356 5601 1477 5655 odio
1509 5603 1718 5657 habere.

584 5684 840 5756 Magistra
903 5686 1310 5757 Scripturarum
1366 5693 1692 5747 auctoritate
1741 5683 2078 5758 didicimus,

493 5775 693 5848 praisul
723 5777 776 5833 in
819 5777 1038 5834 Christo
1081 5778 1422 5848 charissime,
1469 5783 1668 5838 nullum
1704 5784 2080 5838 Christianum

2188 4621 2308 4660 nem
2350 4607 2566 4676 decipit,
2601 4608 2832 4677 amplius
2882 4608 3128 4662 exaltari.
3181 4607 3238 4662 Si
3292 4607 3429 4662 alter
3479 4607 3544 4661 de
3593 4607 3772 4661 altero

2184 4696 2462 4751 victoriam
2520 4697 2718 4752 habere
2764 4698 3061 4765 desiderat,
3121 4699 3264 4752 illam
3308 4715 3429 4769 qua:
3473 4703 3774 4752 secundum

2181 4775 2449 4840 diabolum
2481 4801 2598 4841 esse
2622 4787 2976 4857 dignoscitur,
3001 4788 3282 4843 victoriam
3327 4795 3552 4857 qureret.
3582 4785 3778 4840 Humi-

2184 4877 2354 4943 litate,
2403 4877 2686 4946 patientia,
2716 4879 3046 4948 benignitate
3095 4879 3346 4943 vincere,
3389 4878 3620 4932 victoria
3682 4877 3779 4932 Dei

2182 4977 2294 5033 est;
2321 4968 2594 5038 superbia,
2627 4969 2981 5039 impatientia,
3019 4983 3082 5023 ac
3125 4969 3458 5039 malignitate
3482 4983 3777 5039 superare,

2181 5056 2405 5112 victoria
2450 5056 2668 5112 diaboli.
2715 5057 2792 5111 Ex
2850 5057 2932 5111 his
2995 5057 3201 5112 duobus
3259 5058 3546 5112 timeamus
3626 5058 3781 5127 quod

2181 5146 2428 5213 damnat;
2463 5155 2516 5202 et
2543 5147 2682 5216 quod
2713 5157 2936 5202 coronat
2970 5148 3096 5203 totis
3127 5149 3428 5202 visceribus
3455 5147 3770 5218 amplecta-

2183 5252 2323 5302 mur,
2355 5246 2410 5291 ct
2437 5239 2503 5291 ad
2535 5238 2856 5292 charitatem
2889 5253 3007 5307 qua:
3038 5241 3200 5309 operit
3231 5238 3617 5292 multitudinem
3651 5256 3786 5308 te:-

2182 5339 2418 5382 catorum
2471 5327 2518 5397 (ι
2550 5327 2691 5382 Petr.
2723 5345 2798 5393 tv,
2847 5329 2926 5399 8),
2980 5330 3242 5400 quidquid
3299 5331 3367 5384 ab
3416 5329 3501 5382 illa
3551 5344 3790 5402 separat

2182 5427 2611 5484 contemnentes,
2652 5428 3011 5485 revertamur,
3034 5422 3150 5474 sine
3189 5435 3294 5490 qua
3342 5429 3574 5476 exteras
3603 5426 3792 5478 virtu-

2187 5518 2265 5564 tes
2308 5509 2506 5564 habere
2557 5509 2859 5565 damnabile
2897 5519 2976 5564 est
2999 5550 3012 5574 ,
3046 5519 3102 5564 ct
3139 5525 3260 5564 cum
3289 5524 3394 5580 qua
3426 5524 3537 5566 non
3572 5514 3794 5570 habere

2185 5601 2339 5666 alias,
2372 5601 2598 5656 veniale.

2647 5691 2805 5760 109
2845 5691 3173 5745 EPlSTOLA
3220 5691 3303 5745 vt.

2191 5781 2472 5846 Ruina-ldo,
2505 5783 2823 5837 honorabilis
2843 5783 2956 5833 vitn'
2987 5784 3243 5849 episcopo,
3264 5780 3539 5855 ϐοῶ-ἰάθη
3577 5785 3799 5841 Vindo-
