  <div class='ocr_page' id='page_1' title='image "/cluster/home/n/w/nwhite01/storage/ocr_20150623/157/hvd.32044010248185/060.png"; bbox 0 0 3992 6352; ppageno 0'>
   <div class='ocr_carea' id='block_1_1' title="bbox 296 412 405 468">
    <p class='ocr_par' dir='ltr' id='par_1_1' title="bbox 296 412 405 468">
     <span class='ocr_line' id='line_1_1' title="bbox 296 412 405 468; baseline -0.018 0"><span class='ocrx_word' id='word_1_1' title='bbox 296 412 405 468; x_wconf 61' lang='lat' dir='ltr'><strong>ID.)</strong></span> 
     </span>
    </p>
   </div>
   <div class='ocr_carea' id='block_1_2' title="bbox 1589 394 2353 452">
    <p class='ocr_par' dir='ltr' id='par_1_2' title="bbox 1589 394 2353 452">
     <span class='ocr_line' id='line_1_2' title="bbox 1589 394 2353 452; baseline -0.001 -1"><span class='ocrx_word' id='word_1_2' title='bbox 1589 395 1968 452; x_wconf 66' lang='lat' dir='ltr'><strong>EPISTOLE.</strong></span> <span class='ocrx_word' id='word_1_3' title='bbox 2007 394 2229 451; x_wconf 81' lang='lat' dir='ltr'><strong>-—LlB.</strong></span> <span class='ocrx_word' id='word_1_4' title='bbox 2269 394 2353 450; x_wconf 83' lang='grc' dir='ltr'><strong>ιη.</strong></span> 
     </span>
    </p>
   </div>
   <div class='ocr_carea' id='block_1_3' title="bbox 3474 388 3577 452">
    <p class='ocr_par' dir='ltr' id='par_1_3' title="bbox 3474 388 3577 452">
     <span class='ocr_line' id='line_1_3' title="bbox 3474 388 3577 452; baseline 0 0"><span class='ocrx_word' id='word_1_5' title='bbox 3474 388 3577 452; x_wconf 67' lang='lat' dir='ltr'><strong>llo</strong></span> 
     </span>
    </p>
   </div>
   <div class='ocr_carea' id='block_1_4' title="bbox 370 505 1890 581">
    <p class='ocr_par' dir='ltr' id='par_1_4' title="bbox 370 505 1883 579">
     <span class='ocr_line' id='line_1_4' title="bbox 370 505 1883 579; baseline -0.011 -2"><span class='ocrx_word' id='word_1_6' title='bbox 370 506 615 578; x_wconf 61' lang='grc' dir='ltr'><strong>οἴκοθιΞῆ</strong></span> <span class='ocrx_word' id='word_1_7' title='bbox 625 513 932 572; x_wconf 85' lang='lat' dir='ltr'><strong>monasterii</strong></span> <span class='ocrx_word' id='word_1_8' title='bbox 953 511 1191 568; x_wconf 85' lang='lat' dir='ltr'><strong>minister</strong></span> <span class='ocrx_word' id='word_1_9' title='bbox 1216 508 1489 579; x_wconf 67' lang='lat' dir='ltr'><strong>indignus,</strong></span> <span class='ocrx_word' id='word_1_10' title='bbox 1510 505 1653 578; x_wconf 75' lang='lat' dir='ltr'><strong>quod</strong></span> <span class='ocrx_word' id='word_1_11' title='bbox 1681 506 1883 561; x_wconf 76' lang='lat' dir='ltr'><strong>amanti</strong></span> 
     </span>
    </p>
   </div>
   <div class='ocr_carea' id='block_1_5' title="bbox 1995 505 3573 581">
    <p class='ocr_par' dir='ltr' id='par_1_5' title="bbox 1995 505 3573 581">
     <span class='ocr_line' id='line_1_5' title="bbox 1995 505 3573 581; baseline 0.003 -20"><span class='ocrx_word' id='word_1_12' title='bbox 1995 505 2167 576; x_wconf 76' lang='lat' dir='ltr'><strong>gregis</strong></span> <span class='ocrx_word' id='word_1_13' title='bbox 2206 515 2503 577; x_wconf 83' lang='lat' dir='ltr'><strong>pastorem,</strong></span> <span class='ocrx_word' id='word_1_14' title='bbox 2535 506 2690 563; x_wconf 88' lang='lat' dir='ltr'><strong>decet</strong></span> <span class='ocrx_word' id='word_1_15' title='bbox 2715 505 2917 565; x_wconf 85' lang='lat' dir='ltr'><strong>Christi</strong></span> <span class='ocrx_word' id='word_1_16' title='bbox 2962 508 3136 581; x_wconf 76' lang='lat' dir='ltr'><strong>legem</strong></span> <span class='ocrx_word' id='word_1_17' title='bbox 3178 517 3235 566; x_wconf 90' lang='lat' dir='ltr'><strong>et</strong></span> <span class='ocrx_word' id='word_1_18' title='bbox 3271 507 3330 579; x_wconf 76' lang='lat' dir='ltr'><strong>in</strong></span> <span class='ocrx_word' id='word_1_19' title='bbox 3363 511 3573 577; x_wconf 66' lang='lat' dir='ltr'><strong>t&#39;tiam,</strong></span> 
     </span>
    </p>
   </div>
   <div class='ocr_carea' id='block_1_6' title="bbox 367 598 1812 685">
    <p class='ocr_par' dir='ltr' id='par_1_6' title="bbox 367 598 1812 685">
     <span class='ocr_line' id='line_1_6' title="bbox 367 598 1812 685; baseline -0.01 -19"><span class='ocrx_word' id='word_1_20' title='bbox 367 614 510 685; x_wconf 80' lang='lat' dir='ltr'><strong>patri</strong></span> <span class='ocrx_word' id='word_1_21' title='bbox 528 613 739 665; x_wconf 82' lang='lat' dir='ltr'><strong>deroltts</strong></span> <span class='ocrx_word' id='word_1_22' title='bbox 761 606 931 678; x_wconf 71' lang='lat' dir='ltr'><strong>ﬁlius,</strong></span> <span class='ocrx_word' id='word_1_23' title='bbox 947 614 996 660; x_wconf 89' lang='lat' dir='ltr'><strong>et</strong></span> <span class='ocrx_word' id='word_1_24' title='bbox 1020 601 1153 659; x_wconf 75' lang='lat' dir='ltr'><strong>bona</strong></span> <span class='ocrx_word' id='word_1_25' title='bbox 1174 602 1386 656; x_wconf 73' lang='lat' dir='ltr'><strong>domino</strong></span> <span class='ocrx_word' id='word_1_26' title='bbox 1405 598 1580 667; x_wconf 69' lang='lat' dir='ltr'><strong>ﬁdelis</strong></span> <span class='ocrx_word' id='word_1_27' title='bbox 1612 614 1812 652; x_wconf 73' lang='lat' dir='ltr'><strong>serens.</strong></span> 
     </span>
    </p>
   </div>
   <div class='ocr_carea' id='block_1_7' title="bbox 370 691 1883 762">
    <p class='ocr_par' dir='ltr' id='par_1_7' title="bbox 370 691 1883 762">
     <span class='ocr_line' id='line_1_7' title="bbox 370 691 1883 762; baseline -0.01 -4"><span class='ocrx_word' id='word_1_28' title='bbox 370 702 591 759; x_wconf 76' lang='lat' dir='ltr'><strong>Noverit</strong></span> <span class='ocrx_word' id='word_1_29' title='bbox 607 700 826 755; x_wconf 78' lang='lat' dir='ltr'><strong>bonitas</strong></span> <span class='ocrx_word' id='word_1_30' title='bbox 851 704 1052 760; x_wconf 87' lang='lat' dir='ltr'><strong>vestra,</strong></span> <span class='ocrx_word' id='word_1_31' title='bbox 1076 693 1242 748; x_wconf 84' lang='lat' dir='ltr'><strong>Pater</strong></span> <span class='ocrx_word' id='word_1_32' title='bbox 1267 691 1492 762; x_wconf 88' lang='lat' dir='ltr'><strong>optime,</strong></span> <span class='ocrx_word' id='word_1_33' title='bbox 1512 699 1735 745; x_wconf 85' lang='lat' dir='ltr'><strong>servum</strong></span> <span class='ocrx_word' id='word_1_34' title='bbox 1766 702 1883 745; x_wconf 80' lang='lat' dir='ltr'><strong>ser-</strong></span> 
     </span>
    </p>
   </div>
   <div class='ocr_carea' id='block_1_8' title="bbox 298 776 1880 856">
    <p class='ocr_par' dir='ltr' id='par_1_8' title="bbox 298 776 1880 856">
     <span class='ocr_line' id='line_1_8' title="bbox 298 776 1880 856; baseline -0.013 -5"><span class='ocrx_word' id='word_1_35' title='bbox 298 808 489 851; x_wconf 90' lang='lat' dir='ltr'><strong>vorum</strong></span> <span class='ocrx_word' id='word_1_36' title='bbox 511 802 814 847; x_wconf 83' lang='lat' dir='ltr'><strong>vestrorum</strong></span> <span class='ocrx_word' id='word_1_37' title='bbox 843 785 1178 856; x_wconf 71' lang='lat' dir='ltr'><strong>Andegavim</strong></span> <span class='ocrx_word' id='word_1_38' title='bbox 1205 795 1370 852; x_wconf 80' lang='lat' dir='ltr'><strong>super</strong></span> <span class='ocrx_word' id='word_1_39' title='bbox 1401 793 1595 850; x_wconf 86' lang='lat' dir='ltr'><strong>equam</strong></span> <span class='ocrx_word' id='word_1_40' title='bbox 1620 776 1838 833; x_wconf 76' lang='lat' dir='ltr'><strong>venisse</strong></span> <span class='ocrx_word' id='word_1_41' title='bbox 1863 794 1880 831; x_wconf 91' lang='lat'><strong>:</strong></span> 
     </span>
    </p>
   </div>
   <div class='ocr_carea' id='block_1_9' title="bbox 300 869 1884 951">
    <p class='ocr_par' dir='ltr' id='par_1_9' title="bbox 300 869 1884 951">
     <span class='ocr_line' id='line_1_9' title="bbox 300 869 1884 951; baseline -0.013 -12"><span class='ocrx_word' id='word_1_42' title='bbox 300 899 407 939; x_wconf 83' lang='lat' dir='ltr'><strong>nec</strong></span> <span class='ocrx_word' id='word_1_43' title='bbox 437 883 759 951; x_wconf 68' lang='lat' dir='ltr'><strong>dedignatus</strong></span> <span class='ocrx_word' id='word_1_44' title='bbox 778 885 865 933; x_wconf 88' lang='lat' dir='ltr'><strong>est</strong></span> <span class='ocrx_word' id='word_1_45' title='bbox 890 872 1224 945; x_wconf 84' lang='lat' dir='ltr'><strong>Andegavim</strong></span> <span class='ocrx_word' id='word_1_46' title='bbox 1251 869 1434 926; x_wconf 84' lang='lat' dir='ltr'><strong>venire</strong></span> <span class='ocrx_word' id='word_1_47' title='bbox 1463 880 1627 939; x_wconf 81' lang='lat' dir='ltr'><strong>super</strong></span> <span class='ocrx_word' id='word_1_48' title='bbox 1665 880 1884 936; x_wconf 69' lang='lat' dir='ltr'><strong>emtam,</strong></span> 
     </span>
    </p>
   </div>
   <div class='ocr_carea' id='block_1_10' title="bbox 295 958 1887 1046">
    <p class='ocr_par' dir='ltr' id='par_1_10' title="bbox 295 958 1887 1046">
     <span class='ocr_line' id='line_1_10' title="bbox 295 958 1887 1046; baseline -0.01 -18"><span class='ocrx_word' id='word_1_49' title='bbox 295 977 391 1046; x_wconf 79' lang='lat' dir='ltr'><strong>qui</strong></span> <span class='ocrx_word' id='word_1_50' title='bbox 434 974 583 1029; x_wconf 85' lang='lat' dir='ltr'><strong>novit</strong></span> <span class='ocrx_word' id='word_1_51' title='bbox 616 971 960 1027; x_wconf 84' lang='lat' dir='ltr'><strong>Salvatorem</strong></span> <span class='ocrx_word' id='word_1_52' title='bbox 986 980 1145 1022; x_wconf 85' lang='lat' dir='ltr'><strong>suum</strong></span> <span class='ocrx_word' id='word_1_53' title='bbox 1198 970 1257 1017; x_wconf 89' lang='lat' dir='ltr'><strong>et</strong></span> <span class='ocrx_word' id='word_1_54' title='bbox 1277 961 1518 1015; x_wconf 89' lang='lat' dir='ltr'><strong>omnium</strong></span> <span class='ocrx_word' id='word_1_55' title='bbox 1547 958 1887 1015; x_wconf 84' lang='lat' dir='ltr'><strong>ilierusalem</strong></span> 
     </span>
    </p>
   </div>
   <div class='ocr_carea' id='block_1_11' title="bbox 299 1047 1887 1133">
    <p class='ocr_par' dir='ltr' id='par_1_11' title="bbox 299 1047 1887 1133">
     <span class='ocr_line' id='line_1_11' title="bbox 299 1047 1887 1133; baseline -0.01 -15"><span class='ocrx_word' id='word_1_56' title='bbox 299 1066 514 1122; x_wconf 69' lang='lat' dir='ltr'><strong>uenisse</strong></span> <span class='ocrx_word' id='word_1_57' title='bbox 551 1074 713 1133; x_wconf 84' lang='lat' dir='ltr'><strong>super</strong></span> <span class='ocrx_word' id='word_1_58' title='bbox 741 1058 971 1123; x_wconf 76' lang='lat' dir='ltr'><strong>asinam.</strong></span> <span class='ocrx_word' id='word_1_59' title='bbox 1016 1055 1130 1112; x_wconf 78' lang='lat' dir='ltr'><strong>Sibi</strong></span> <span class='ocrx_word' id='word_1_60' title='bbox 1161 1054 1379 1126; x_wconf 82' lang='lat' dir='ltr'><strong>quidem</strong></span> <span class='ocrx_word' id='word_1_61' title='bbox 1420 1066 1526 1106; x_wconf 90' lang='lat' dir='ltr'><strong>non</strong></span> <span class='ocrx_word' id='word_1_62' title='bbox 1571 1062 1767 1118; x_wconf 83' lang='lat' dir='ltr'><strong>magna</strong></span> <span class='ocrx_word' id='word_1_63' title='bbox 1812 1047 1887 1103; x_wconf 83' lang='lat' dir='ltr'><strong>fa-</strong></span> 
     </span>
    </p>
   </div>
   <div class='ocr_carea' id='block_1_12' title="bbox 296 1140 1886 1215">
    <p class='ocr_par' dir='ltr' id='par_1_12' title="bbox 296 1140 1886 1215">
     <span class='ocr_line' id='line_1_12' title="bbox 296 1140 1886 1215; baseline -0.013 0"><span class='ocrx_word' id='word_1_64' title='bbox 296 1159 475 1215; x_wconf 84' lang='lat' dir='ltr'><strong>cultas</strong></span> <span class='ocrx_word' id='word_1_65' title='bbox 501 1152 750 1211; x_wconf 76' lang='lat' dir='ltr'><strong>veniendi</strong></span> <span class='ocrx_word' id='word_1_66' title='bbox 777 1154 973 1213; x_wconf 89' lang='lat' dir='ltr'><strong>inerat,</strong></span> <span class='ocrx_word' id='word_1_67' title='bbox 998 1147 1085 1203; x_wconf 89' lang='lat' dir='ltr'><strong>vel</strong></span> <span class='ocrx_word' id='word_1_68' title='bbox 1107 1148 1389 1211; x_wconf 76' lang='lat' dir='ltr'><strong>voluntas;</strong></span> <span class='ocrx_word' id='word_1_69' title='bbox 1421 1144 1515 1200; x_wconf 86' lang='lat' dir='ltr'><strong>sed</strong></span> <span class='ocrx_word' id='word_1_70' title='bbox 1549 1143 1712 1198; x_wconf 80' lang='lat' dir='ltr'><strong>traxit</strong></span> <span class='ocrx_word' id='word_1_71' title='bbox 1738 1140 1886 1196; x_wconf 89' lang='lat' dir='ltr'><strong>illum</strong></span> 
     </span>
    </p>
   </div>
   <div class='ocr_carea' id='block_1_13' title="bbox 297 1231 1888 1318">
    <p class='ocr_par' dir='ltr' id='par_1_13' title="bbox 297 1231 1888 1318">
     <span class='ocr_line' id='line_1_13' title="bbox 297 1231 1888 1318; baseline -0.011 -14"><span class='ocrx_word' id='word_1_72' title='bbox 297 1247 546 1318; x_wconf 81' lang='lat' dir='ltr'><strong>epistolae</strong></span> <span class='ocrx_word' id='word_1_73' title='bbox 574 1255 771 1301; x_wconf 66' lang='lat' dir='ltr'><strong>vestrae</strong></span> <span class='ocrx_word' id='word_1_74' title='bbox 793 1238 1108 1297; x_wconf 71' lang='lat' dir='ltr'><strong>formositas</strong></span> <span class='ocrx_word' id='word_1_75' title='bbox 1144 1250 1305 1307; x_wconf 84' lang='lat' dir='ltr'><strong>quem</strong></span> <span class='ocrx_word' id='word_1_76' title='bbox 1330 1234 1597 1305; x_wconf 82' lang='lat' dir='ltr'><strong>asperitas</strong></span> <span class='ocrx_word' id='word_1_77' title='bbox 1626 1231 1888 1301; x_wconf 89' lang='lat' dir='ltr'><strong>temporis</strong></span> 
     </span>
    </p>
   </div>
   <div class='ocr_carea' id='block_1_14' title="bbox 300 1323 1884 1405">
    <p class='ocr_par' dir='ltr' id='par_1_14' title="bbox 300 1323 1884 1405">
     <span class='ocr_line' id='line_1_14' title="bbox 300 1323 1884 1405; baseline -0.01 -12"><span class='ocrx_word' id='word_1_78' title='bbox 300 1338 540 1393; x_wconf 86' lang='lat' dir='ltr'><strong>retinere</strong></span> <span class='ocrx_word' id='word_1_79' title='bbox 570 1324 691 1391; x_wconf 81' lang='lat' dir='ltr'><strong>non</strong></span> <span class='ocrx_word' id='word_1_80' title='bbox 742 1333 936 1405; x_wconf 85' lang='lat' dir='ltr'><strong>potuit,</strong></span> <span class='ocrx_word' id='word_1_81' title='bbox 968 1330 1053 1385; x_wconf 88' lang='lat' dir='ltr'><strong>vel</strong></span> <span class='ocrx_word' id='word_1_82' title='bbox 1103 1326 1364 1399; x_wconf 64' lang='lat' dir='ltr'><strong>quaelibet</strong></span> <span class='ocrx_word' id='word_1_83' title='bbox 1412 1339 1512 1382; x_wconf 75' lang='lat' dir='ltr'><strong>sua</strong></span> <span class='ocrx_word' id='word_1_84' title='bbox 1566 1323 1884 1380; x_wconf 79' lang='lat' dir='ltr'><strong>necessitas.</strong></span> 
     </span>
    </p>
   </div>
   <div class='ocr_carea' id='block_1_15' title="bbox 303 1414 1889 1495">
    <p class='ocr_par' dir='ltr' id='par_1_15' title="bbox 303 1414 1889 1495">
     <span class='ocr_line' id='line_1_15' title="bbox 303 1414 1889 1495; baseline -0.008 -15"><span class='ocrx_word' id='word_1_85' title='bbox 303 1426 463 1481; x_wconf 65' lang='lat' dir='ltr'><strong>Venit</strong></span> <span class='ocrx_word' id='word_1_86' title='bbox 485 1425 683 1495; x_wconf 82' lang='lat' dir='ltr'><strong>itaque,</strong></span> <span class='ocrx_word' id='word_1_87' title='bbox 701 1433 762 1479; x_wconf 89' lang='lat' dir='ltr'><strong>et</strong></span> <span class='ocrx_word' id='word_1_88' title='bbox 783 1420 1010 1477; x_wconf 83' lang='lat' dir='ltr'><strong>multum</strong></span> <span class='ocrx_word' id='word_1_89' title='bbox 1032 1417 1290 1490; x_wconf 76' lang='lat' dir='ltr'><strong>fatigatus</strong></span> <span class='ocrx_word' id='word_1_90' title='bbox 1311 1416 1476 1473; x_wconf 85' lang='lat' dir='ltr'><strong>venit.</strong></span> <span class='ocrx_word' id='word_1_91' title='bbox 1489 1414 1633 1483; x_wconf 78' lang='lat' dir='ltr'><strong>Quid</strong></span> <span class='ocrx_word' id='word_1_92' title='bbox 1655 1414 1889 1469; x_wconf 81' lang='lat' dir='ltr'><strong>mirum?</strong></span> 
     </span>
    </p>
   </div>
   <div class='ocr_carea' id='block_1_16' title="bbox 299 1505 1887 1588">
    <p class='ocr_par' dir='ltr' id='par_1_16' title="bbox 299 1505 1887 1588">
     <span class='ocr_line' id='line_1_16' title="bbox 299 1505 1887 1588; baseline -0.008 -18"><span class='ocrx_word' id='word_1_93' title='bbox 299 1518 400 1588; x_wconf 83' lang='lat' dir='ltr'><strong>qui</strong></span> <span class='ocrx_word' id='word_1_94' title='bbox 431 1516 794 1572; x_wconf 89' lang='lat' dir='ltr'><strong>indesinentcs</strong></span> <span class='ocrx_word' id='word_1_95' title='bbox 810 1513 1114 1585; x_wconf 75' lang='lat' dir='ltr'><strong>pluviarum</strong></span> <span class='ocrx_word' id='word_1_96' title='bbox 1127 1507 1535 1572; x_wconf 85' lang='lat' dir='ltr'><strong>inundationes,</strong></span> <span class='ocrx_word' id='word_1_97' title='bbox 1547 1521 1614 1563; x_wconf 87' lang='lat' dir='ltr'><strong>ac</strong></span> <span class='ocrx_word' id='word_1_98' title='bbox 1631 1505 1887 1576; x_wconf 85' lang='lat' dir='ltr'><strong>paludum</strong></span> 
     </span>
    </p>
   </div>
   <div class='ocr_carea' id='block_1_17' title="bbox 302 1596 1892 1680">
    <p class='ocr_par' dir='ltr' id='par_1_17' title="bbox 302 1596 1892 1680">
     <span class='ocr_line' id='line_1_17' title="bbox 302 1596 1892 1680; baseline -0.007 -17"><span class='ocrx_word' id='word_1_99' title='bbox 302 1608 749 1680; x_wconf 76' lang='lat' dir='ltr'><strong>repercussioues</strong></span> <span class='ocrx_word' id='word_1_100' title='bbox 785 1604 982 1676; x_wconf 86' lang='lat' dir='ltr'><strong>saepius</strong></span> <span class='ocrx_word' id='word_1_101' title='bbox 1023 1616 1195 1674; x_wconf 85' lang='lat' dir='ltr'><strong>usque</strong></span> <span class='ocrx_word' id='word_1_102' title='bbox 1219 1600 1285 1655; x_wconf 89' lang='lat' dir='ltr'><strong>ad</strong></span> <span class='ocrx_word' id='word_1_103' title='bbox 1320 1598 1508 1656; x_wconf 85' lang='lat' dir='ltr'><strong>oculos</strong></span> <span class='ocrx_word' id='word_1_104' title='bbox 1554 1597 1703 1670; x_wconf 84' lang='lat' dir='ltr'><strong>ipsos</strong></span> <span class='ocrx_word' id='word_1_105' title='bbox 1728 1596 1892 1653; x_wconf 86' lang='lat' dir='ltr'><strong>susti-</strong></span> 
     </span>
    </p>
   </div>
   <div class='ocr_carea' id='block_1_18' title="bbox 306 1689 1888 1763">
    <p class='ocr_par' dir='ltr' id='par_1_18' title="bbox 306 1689 1888 1763">
     <span class='ocr_line' id='line_1_18' title="bbox 306 1689 1888 1763; baseline -0.008 -7"><span class='ocrx_word' id='word_1_106' title='bbox 306 1702 450 1757; x_wconf 82' lang='lat' dir='ltr'><strong>nuit.</strong></span> <span class='ocrx_word' id='word_1_107' title='bbox 473 1699 679 1762; x_wconf 66' lang='lat' dir='ltr'><strong>Valete,</strong></span> <span class='ocrx_word' id='word_1_108' title='bbox 707 1706 765 1754; x_wconf 88' lang='lat' dir='ltr'><strong>et</strong></span> <span class='ocrx_word' id='word_1_109' title='bbox 784 1706 970 1753; x_wconf 88' lang='lat' dir='ltr'><strong>tantus</strong></span> <span class='ocrx_word' id='word_1_110' title='bbox 1017 1694 1187 1761; x_wconf 88' lang='lat' dir='ltr'><strong>labor,</strong></span> <span class='ocrx_word' id='word_1_111' title='bbox 1214 1706 1399 1763; x_wconf 87' lang='lat' dir='ltr'><strong>quem,</strong></span> <span class='ocrx_word' id='word_1_112' title='bbox 1424 1699 1487 1746; x_wconf 88' lang='lat' dir='ltr'><strong>ut</strong></span> <span class='ocrx_word' id='word_1_113' title='bbox 1531 1689 1761 1754; x_wconf 76' lang='lat' dir='ltr'><strong>testimo,</strong></span> <span class='ocrx_word' id='word_1_114' title='bbox 1790 1704 1888 1744; x_wconf 85' lang='lat' dir='ltr'><strong>ve-</strong></span> 
     </span>
    </p>
   </div>
   <div class='ocr_carea' id='block_1_19' title="bbox 296 1780 1890 1860">
    <p class='ocr_par' dir='ltr' id='par_1_19' title="bbox 296 1780 1890 1860">
     <span class='ocr_line' id='line_1_19' title="bbox 296 1780 1890 1860; baseline -0.008 -10"><span class='ocrx_word' id='word_1_115' title='bbox 296 1802 475 1850; x_wconf 84' lang='lat' dir='ltr'><strong>strum</strong></span> <span class='ocrx_word' id='word_1_116' title='bbox 505 1791 684 1847; x_wconf 77' lang='lat' dir='ltr'><strong>facitis</strong></span> <span class='ocrx_word' id='word_1_117' title='bbox 704 1786 1096 1860; x_wconf 87' lang='lat' dir='ltr'><strong>compassionis</strong></span> <span class='ocrx_word' id='word_1_118' title='bbox 1116 1784 1336 1851; x_wconf 77' lang='lat' dir='ltr'><strong>aﬂ‘ectu,</strong></span> <span class='ocrx_word' id='word_1_119' title='bbox 1371 1790 1576 1855; x_wconf 88' lang='lat' dir='ltr'><strong>quanta</strong></span> <span class='ocrx_word' id='word_1_120' title='bbox 1602 1781 1675 1838; x_wconf 91' lang='lat' dir='ltr'><strong>sit</strong></span> <span class='ocrx_word' id='word_1_121' title='bbox 1704 1780 1890 1852; x_wconf 84' lang='lat' dir='ltr'><strong>requie</strong></span> 
     </span>
    </p>
   </div>
   <div class='ocr_carea' id='block_1_20' title="bbox 298 1880 1033 1955">
    <p class='ocr_par' dir='ltr' id='par_1_20' title="bbox 298 1880 1033 1955">
     <span class='ocr_line' id='line_1_20' title="bbox 298 1880 1033 1955; baseline -0.004 -17"><span class='ocrx_word' id='word_1_122' title='bbox 298 1884 522 1955; x_wconf 76' lang='lat' dir='ltr'><strong>dignus,</strong></span> <span class='ocrx_word' id='word_1_123' title='bbox 549 1880 905 1937; x_wconf 79' lang='lat' dir='ltr'><strong>considerate.</strong></span> <span class='ocrx_word' id='word_1_124' title='bbox 1014 1888 1033 1894; x_wconf 75' lang='lat'><strong><em>&#39;</em></strong></span> 
     </span>
    </p>
   </div>
   <div class='ocr_carea' id='block_1_21' title="bbox 858 1962 1343 2024">
    <p class='ocr_par' dir='ltr' id='par_1_21' title="bbox 858 1962 1343 2024">
     <span class='ocr_line' id='line_1_21' title="bbox 858 1962 1343 2024; baseline -0.006 -1"><span class='ocrx_word' id='word_1_125' title='bbox 858 1965 1196 2024; x_wconf 72' lang='lat' dir='ltr'><strong>EPISTOLA</strong></span> <span class='ocrx_word' id='word_1_126' title='bbox 1232 1962 1343 2021; x_wconf 74' lang='grc' dir='ltr'><strong>νη.</strong></span> 
     </span>
    </p>
   </div>
   <div class='ocr_carea' id='block_1_22' title="bbox 307 2050 1890 2125">
    <p class='ocr_par' dir='ltr' id='par_1_22' title="bbox 307 2050 1890 2125">
     <span class='ocr_line' id='line_1_22' title="bbox 307 2050 1890 2125; baseline -0.007 -11"><span class='ocrx_word' id='word_1_127' title='bbox 307 2059 591 2124; x_wconf 76' lang='lat' dir='ltr'><strong>Rainaldo,</strong></span> <span class='ocrx_word' id='word_1_128' title='bbox 612 2060 726 2113; x_wconf 68' lang='lat' dir='ltr'><strong>vitm</strong></span> <span class='ocrx_word' id='word_1_129' title='bbox 756 2058 1037 2111; x_wconf 79' lang='lat' dir='ltr'><strong>laudabilis</strong></span> <span class='ocrx_word' id='word_1_130' title='bbox 1057 2057 1317 2125; x_wconf 70' lang='lat' dir='ltr'><strong>episcopo,</strong></span> <span class='ocrx_word' id='word_1_131' title='bbox 1343 2053 1555 2109; x_wconf 84' lang='lat' dir='ltr'><strong>domino</strong></span> <span class='ocrx_word' id='word_1_132' title='bbox 1583 2050 1890 2107; x_wconf 75' lang='lat' dir='ltr'><strong>charissima</strong></span> 
     </span>
    </p>
   </div>
   <div class='ocr_carea' id='block_1_23' title="bbox 379 2142 1895 2216">
    <p class='ocr_par' dir='ltr' id='par_1_23' title="bbox 379 2142 1895 2216">
     <span class='ocr_line' id='line_1_23' title="bbox 379 2142 1895 2216; baseline -0.007 -11"><span class='ocrx_word' id='word_1_133' title='bbox 379 2161 435 2205; x_wconf 80' lang='lat' dir='ltr'><strong>et</strong></span> <span class='ocrx_word' id='word_1_134' title='bbox 479 2148 700 2205; x_wconf 78' lang='lat' dir='ltr'><strong>cordiali</strong></span> <span class='ocrx_word' id='word_1_135' title='bbox 729 2150 922 2212; x_wconf 85' lang='lat' dir='ltr'><strong>amico,</strong></span> <span class='ocrx_word' id='word_1_136' title='bbox 968 2144 1240 2216; x_wconf 60' lang='lat' dir='ltr'><strong>Goﬁ&#39;ridus</strong></span> <span class='ocrx_word' id='word_1_137' title='bbox 1278 2142 1679 2198; x_wconf 79' lang='lat' dir='ltr'><strong>Vindocinensis</strong></span> <span class='ocrx_word' id='word_1_138' title='bbox 1716 2157 1895 2196; x_wconf 84' lang='lat' dir='ltr'><strong>mona-</strong></span> 
     </span>
    </p>
   </div>
   <div class='ocr_carea' id='block_1_24' title="bbox 376 2231 1892 2303">
    <p class='ocr_par' dir='ltr' id='par_1_24' title="bbox 376 2231 1892 2303">
     <span class='ocr_line' id='line_1_24' title="bbox 376 2231 1892 2303; baseline -0.007 -8"><span class='ocrx_word' id='word_1_139' title='bbox 376 2241 530 2295; x_wconf 83' lang='lat' dir='ltr'><strong>sterii</strong></span> <span class='ocrx_word' id='word_1_140' title='bbox 555 2238 773 2292; x_wconf 72' lang='lat' dir='ltr'><strong>humilis</strong></span> <span class='ocrx_word' id='word_1_141' title='bbox 806 2252 1014 2301; x_wconf 82' lang='lat' dir='ltr'><strong>servus,</strong></span> <span class='ocrx_word' id='word_1_142' title='bbox 1049 2250 1116 2290; x_wconf 67' lang='lat' dir='ltr'><strong>ex</strong></span> <span class='ocrx_word' id='word_1_143' title='bbox 1143 2234 1362 2289; x_wconf 78' lang='lat' dir='ltr'><strong>adverso</strong></span> <span class='ocrx_word' id='word_1_144' title='bbox 1395 2231 1673 2303; x_wconf 74' lang='lat' dir='ltr'><strong>diligenter</strong></span> <span class='ocrx_word' id='word_1_145' title='bbox 1709 2245 1892 2285; x_wconf 84' lang='lat' dir='ltr'><strong>ascen-</strong></span> 
     </span>
    </p>
   </div>
   <div class='ocr_carea' id='block_1_25' title="bbox 374 2322 1889 2396">
    <p class='ocr_par' dir='ltr' id='par_1_25' title="bbox 374 2322 1889 2396">
     <span class='ocr_line' id='line_1_25' title="bbox 374 2322 1889 2396; baseline -0.006 -13"><span class='ocrx_word' id='word_1_146' title='bbox 374 2330 522 2396; x_wconf 81' lang='lat' dir='ltr'><strong>dere,</strong></span> <span class='ocrx_word' id='word_1_147' title='bbox 548 2338 598 2382; x_wconf 86' lang='lat' dir='ltr'><strong>et</strong></span> <span class='ocrx_word' id='word_1_148' title='bbox 618 2343 715 2396; x_wconf 80' lang='lat' dir='ltr'><strong>pro</strong></span> <span class='ocrx_word' id='word_1_149' title='bbox 745 2327 900 2379; x_wconf 85' lang='lat' dir='ltr'><strong>domo</strong></span> <span class='ocrx_word' id='word_1_150' title='bbox 929 2324 1098 2379; x_wconf 83' lang='lat' dir='ltr'><strong>Israel</strong></span> <span class='ocrx_word' id='word_1_151' title='bbox 1122 2322 1351 2394; x_wconf 81' lang='lat' dir='ltr'><strong>ﬁdeliter</strong></span> <span class='ocrx_word' id='word_1_152' title='bbox 1374 2336 1585 2376; x_wconf 83' lang='lat' dir='ltr'><strong>murum</strong></span> <span class='ocrx_word' id='word_1_153' title='bbox 1613 2334 1889 2391; x_wconf 78' lang='lat' dir='ltr'><strong>opponere.</strong></span> 
     </span>
    </p>
   </div>
   <div class='ocr_carea' id='block_1_26' title="bbox 373 2407 1893 2479">
    <p class='ocr_par' dir='ltr' id='par_1_26' title="bbox 373 2407 1893 2479">
     <span class='ocr_line' id='line_1_26' title="bbox 373 2407 1893 2479; baseline -0.008 -5"><span class='ocrx_word' id='word_1_154' title='bbox 373 2416 540 2474; x_wconf 75' lang='lat' dir='ltr'><strong>Pater</strong></span> <span class='ocrx_word' id='word_1_155' title='bbox 567 2414 932 2479; x_wconf 74' lang='lat' dir='ltr'><strong>dilectissime,</strong></span> <span class='ocrx_word' id='word_1_156' title='bbox 953 2412 1098 2470; x_wconf 74' lang='lat' dir='ltr'><strong>fama</strong></span> <span class='ocrx_word' id='word_1_157' title='bbox 1124 2412 1467 2470; x_wconf 81' lang='lat' dir='ltr'><strong>vociferante</strong></span> <span class='ocrx_word' id='word_1_158' title='bbox 1491 2410 1709 2466; x_wconf 89' lang='lat' dir='ltr'><strong>sinistra</strong></span> <span class='ocrx_word' id='word_1_159' title='bbox 1738 2407 1893 2463; x_wconf 83' lang='lat' dir='ltr'><strong>audi-</strong></span> 
     </span>
    </p>
   </div>
   <div class='ocr_carea' id='block_1_27' title="bbox 303 2499 1893 2578">
    <p class='ocr_par' dir='ltr' id='par_1_27' title="bbox 303 2499 1893 2578">
     <span class='ocr_line' id='line_1_27' title="bbox 303 2499 1893 2578; baseline -0.004 -14"><span class='ocrx_word' id='word_1_160' title='bbox 303 2511 484 2566; x_wconf 89' lang='lat' dir='ltr'><strong>vimus</strong></span> <span class='ocrx_word' id='word_1_161' title='bbox 503 2508 759 2566; x_wconf 89' lang='lat' dir='ltr'><strong>comitem</strong></span> <span class='ocrx_word' id='word_1_162' title='bbox 801 2514 1042 2562; x_wconf 85' lang='lat' dir='ltr'><strong>vestrum</strong></span> <span class='ocrx_word' id='word_1_163' title='bbox 1071 2501 1223 2578; x_wconf 62' lang='lat'><strong>(195)</strong></span> <span class='ocrx_word' id='word_1_164' title='bbox 1249 2512 1493 2561; x_wconf 88' lang='lat' dir='ltr'><strong>sanctam</strong></span> <span class='ocrx_word' id='word_1_165' title='bbox 1522 2502 1684 2573; x_wconf 76' lang='lat'><strong>110</strong></span> <span class='ocrx_word' id='word_1_166' title='bbox 1710 2499 1893 2557; x_wconf 86' lang='lat' dir='ltr'><strong>Eccle-</strong></span> 
     </span>
    </p>
   </div>
   <div class='ocr_carea' id='block_1_28' title="bbox 300 2591 1893 2669">
    <p class='ocr_par' dir='ltr' id='par_1_28' title="bbox 300 2591 1893 2669">
     <span class='ocr_line' id='line_1_28' title="bbox 300 2591 1893 2669; baseline -0.007 -13"><span class='ocrx_word' id='word_1_167' title='bbox 300 2599 443 2656; x_wconf 76' lang='lat' dir='ltr'><strong>aiam</strong></span> <span class='ocrx_word' id='word_1_168' title='bbox 473 2598 714 2669; x_wconf 89' lang='lat' dir='ltr'><strong>pretioso</strong></span> <span class='ocrx_word' id='word_1_169' title='bbox 746 2596 838 2653; x_wconf 87' lang='lat' dir='ltr'><strong>Dei</strong></span> <span class='ocrx_word' id='word_1_170' title='bbox 862 2605 919 2652; x_wconf 83' lang='lat' dir='ltr'><strong>et</strong></span> <span class='ocrx_word' id='word_1_171' title='bbox 940 2595 1156 2651; x_wconf 84' lang='lat' dir='ltr'><strong>Domini</strong></span> <span class='ocrx_word' id='word_1_172' title='bbox 1189 2594 1365 2651; x_wconf 78' lang='lat' dir='ltr'><strong>nostri</strong></span> <span class='ocrx_word' id='word_1_173' title='bbox 1386 2591 1515 2650; x_wconf 76' lang='lat' dir='ltr'><strong>Jesu</strong></span> <span class='ocrx_word' id='word_1_174' title='bbox 1543 2591 1893 2669; x_wconf 13' lang='lat' dir='ltr'><strong>Ghristirsan-</strong></span> 
     </span>
    </p>
   </div>
   <div class='ocr_carea' id='block_1_29' title="bbox 305 2668 1892 2759">
    <p class='ocr_par' dir='ltr' id='par_1_29' title="bbox 305 2668 1892 2759">
     <span class='ocr_line' id='line_1_29' title="bbox 305 2668 1892 2759; baseline -0.003 -17"><span class='ocrx_word' id='word_1_175' title='bbox 305 2668 526 2759; x_wconf 17' lang='lat' dir='ltr'><strong>guineia</strong></span> <span class='ocrx_word' id='word_1_176' title='bbox 556 2685 752 2742; x_wconf 82' lang='lat' dir='ltr'><strong>diaboli</strong></span> <span class='ocrx_word' id='word_1_177' title='bbox 784 2686 1049 2742; x_wconf 71' lang='lat' dir='ltr'><strong>servitute</strong></span> <span class='ocrx_word' id='word_1_178' title='bbox 1078 2684 1434 2754; x_wconf 83' lang='lat' dir='ltr'><strong>redemptam,</strong></span> <span class='ocrx_word' id='word_1_179' title='bbox 1452 2682 1583 2752; x_wconf 80' lang='lat' dir='ltr'><strong>jngo</strong></span> <span class='ocrx_word' id='word_1_180' title='bbox 1610 2668 1892 2738; x_wconf 77' lang='lat' dir='ltr'><strong>servitutis</strong></span> 
     </span>
    </p>
   </div>
   <div class='ocr_carea' id='block_1_30' title="bbox 307 2773 1891 2846">
    <p class='ocr_par' dir='ltr' id='par_1_30' title="bbox 307 2773 1891 2846">
     <span class='ocr_line' id='line_1_30' title="bbox 307 2773 1891 2846; baseline -0.005 -11"><span class='ocrx_word' id='word_1_181' title='bbox 307 2781 505 2836; x_wconf 82' lang='lat' dir='ltr'><strong>iterum</strong></span> <span class='ocrx_word' id='word_1_182' title='bbox 537 2778 674 2833; x_wconf 88' lang='lat' dir='ltr'><strong>velle</strong></span> <span class='ocrx_word' id='word_1_183' title='bbox 699 2777 988 2846; x_wconf 78' lang='lat' dir='ltr'><strong>subjicere,</strong></span> <span class='ocrx_word' id='word_1_184' title='bbox 1036 2785 1093 2832; x_wconf 89' lang='lat' dir='ltr'><strong>et</strong></span> <span class='ocrx_word' id='word_1_185' title='bbox 1129 2774 1525 2832; x_wconf 80' lang='lat' dir='ltr'><strong>bonorabilintn</strong></span> <span class='ocrx_word' id='word_1_186' title='bbox 1567 2773 1891 2844; x_wconf 83' lang='lat' dir='ltr'><strong>principium</strong></span> 
     </span>
    </p>
   </div>
   <div class='ocr_carea' id='block_1_31' title="bbox 309 2863 1891 2938">
    <p class='ocr_par' dir='ltr' id='par_1_31' title="bbox 309 2863 1891 2938">
     <span class='ocr_line' id='line_1_31' title="bbox 309 2863 1891 2938; baseline -0.003 -15"><span class='ocrx_word' id='word_1_187' title='bbox 309 2868 682 2935; x_wconf 77' lang='lat' dir='ltr'><strong>veneratione,</strong></span> <span class='ocrx_word' id='word_1_188' title='bbox 712 2883 873 2938; x_wconf 84' lang='lat' dir='ltr'><strong>quant</strong></span> <span class='ocrx_word' id='word_1_189' title='bbox 904 2876 961 2923; x_wconf 89' lang='lat' dir='ltr'><strong>et</strong></span> <span class='ocrx_word' id='word_1_190' title='bbox 989 2867 1045 2922; x_wconf 88' lang='lat' dir='ltr'><strong>in</strong></span> <span class='ocrx_word' id='word_1_191' title='bbox 1074 2866 1244 2922; x_wconf 86' lang='lat' dir='ltr'><strong>veteri</strong></span> <span class='ocrx_word' id='word_1_192' title='bbox 1272 2873 1327 2921; x_wconf 91' lang='lat' dir='ltr'><strong>ct</strong></span> <span class='ocrx_word' id='word_1_193' title='bbox 1355 2865 1407 2920; x_wconf 91' lang='lat' dir='ltr'><strong>in</strong></span> <span class='ocrx_word' id='word_1_194' title='bbox 1434 2878 1570 2921; x_wconf 87' lang='lat' dir='ltr'><strong>nova</strong></span> <span class='ocrx_word' id='word_1_195' title='bbox 1599 2863 1717 2934; x_wconf 81' lang='lat' dir='ltr'><strong>lege</strong></span> <span class='ocrx_word' id='word_1_196' title='bbox 1745 2863 1891 2919; x_wconf 81' lang='lat' dir='ltr'><strong>circa</strong></span> 
     </span>
    </p>
   </div>
   <div class='ocr_carea' id='block_1_32' title="bbox 313 2956 1889 3028">
    <p class='ocr_par' dir='ltr' id='par_1_32' title="bbox 313 2956 1889 3028">
     <span class='ocr_line' id='line_1_32' title="bbox 313 2956 1889 3028; baseline -0.006 -12"><span class='ocrx_word' id='word_1_197' title='bbox 313 2959 527 3016; x_wconf 86' lang='lat' dir='ltr'><strong>Domini</strong></span> <span class='ocrx_word' id='word_1_198' title='bbox 551 2958 809 3028; x_wconf 87' lang='lat' dir='ltr'><strong>templum</strong></span> <span class='ocrx_word' id='word_1_199' title='bbox 833 2957 961 3013; x_wconf 86' lang='lat' dir='ltr'><strong>olim</strong></span> <span class='ocrx_word' id='word_1_200' title='bbox 981 2957 1186 3013; x_wconf 86' lang='lat' dir='ltr'><strong>habere</strong></span> <span class='ocrx_word' id='word_1_201' title='bbox 1200 2956 1544 3019; x_wconf 90' lang='lat' dir='ltr'><strong>studuerunt,</strong></span> <span class='ocrx_word' id='word_1_202' title='bbox 1559 2960 1889 3024; x_wconf 88' lang='lat' dir='ltr'><strong>contempta,</strong></span> 
     </span>
    </p>
   </div>
   <div class='ocr_carea' id='block_1_33' title="bbox 307 3045 1892 3120">
    <p class='ocr_par' dir='ltr' id='par_1_33' title="bbox 307 3045 1892 3120">
     <span class='ocr_line' id='line_1_33' title="bbox 307 3045 1892 3120; baseline -0.003 -15"><span class='ocrx_word' id='word_1_203' title='bbox 307 3050 493 3112; x_wconf 82' lang='lat' dir='ltr'><strong>matri.</strong></span> <span class='ocrx_word' id='word_1_204' title='bbox 535 3064 655 3119; x_wconf 78' lang='lat' dir='ltr'><strong>qua:</strong></span> <span class='ocrx_word' id='word_1_205' title='bbox 692 3048 1047 3120; x_wconf 84' lang='lat' dir='ltr'><strong>spititttaliter</strong></span> <span class='ocrx_word' id='word_1_206' title='bbox 1067 3062 1192 3104; x_wconf 88' lang='lat' dir='ltr'><strong>eum</strong></span> <span class='ocrx_word' id='word_1_207' title='bbox 1213 3046 1420 3119; x_wconf 86' lang='lat' dir='ltr'><strong>genuit,</strong></span> <span class='ocrx_word' id='word_1_208' title='bbox 1446 3045 1603 3102; x_wconf 86' lang='lat' dir='ltr'><strong>novis</strong></span> <span class='ocrx_word' id='word_1_209' title='bbox 1647 3050 1705 3101; x_wconf 87' lang='lat' dir='ltr'><strong>et</strong></span> <span class='ocrx_word' id='word_1_210' title='bbox 1730 3058 1892 3101; x_wconf 80' lang='lat' dir='ltr'><strong>exse-</strong></span> 
     </span>
    </p>
   </div>
   <div class='ocr_carea' id='block_1_34' title="bbox 305 3131 1891 3204">
    <p class='ocr_par' dir='ltr' id='par_1_34' title="bbox 305 3131 1891 3204">
     <span class='ocr_line' id='line_1_34' title="bbox 305 3131 1891 3204; baseline -0.004 -10"><span class='ocrx_word' id='word_1_211' title='bbox 305 3139 528 3194; x_wconf 82' lang='lat' dir='ltr'><strong>rrandis</strong></span> <span class='ocrx_word' id='word_1_212' title='bbox 552 3136 1036 3193; x_wconf 79' lang='lat' dir='ltr'><strong>consuetudinibus</strong></span> <span class='ocrx_word' id='word_1_213' title='bbox 1054 3136 1304 3191; x_wconf 81' lang='lat' dir='ltr'><strong>chartam</strong></span> <span class='ocrx_word' id='word_1_214' title='bbox 1330 3133 1622 3200; x_wconf 84' lang='lat' dir='ltr'><strong>libertatis,</strong></span> <span class='ocrx_word' id='word_1_215' title='bbox 1652 3131 1891 3204; x_wconf 81' lang='lat' dir='ltr'><strong>propriis</strong></span> 
     </span>
    </p>
   </div>
   <div class='ocr_carea' id='block_1_35' title="bbox 308 3220 1888 3294">
    <p class='ocr_par' dir='ltr' id='par_1_35' title="bbox 308 3220 1888 3294">
     <span class='ocr_line' id='line_1_35' title="bbox 308 3220 1888 3294; baseline -0.004 -12"><span class='ocrx_word' id='word_1_216' title='bbox 308 3227 559 3282; x_wconf 66' lang='lat' dir='ltr'><strong>militibus</strong></span> <span class='ocrx_word' id='word_1_217' title='bbox 604 3225 906 3281; x_wconf 80' lang='lat' dir='ltr'><strong>Salvatoris</strong></span> <span class='ocrx_word' id='word_1_218' title='bbox 949 3225 1209 3294; x_wconf 85' lang='lat' dir='ltr'><strong>scriptam</strong></span> <span class='ocrx_word' id='word_1_219' title='bbox 1246 3222 1456 3293; x_wconf 80' lang='lat' dir='ltr'><strong>pariter</strong></span> <span class='ocrx_word' id='word_1_220' title='bbox 1474 3230 1534 3276; x_wconf 87' lang='lat' dir='ltr'><strong>et</strong></span> <span class='ocrx_word' id='word_1_221' title='bbox 1574 3220 1888 3292; x_wconf 86' lang='lat' dir='ltr'><strong>sigillatam,</strong></span> 
     </span>
    </p>
   </div>
   <div class='ocr_carea' id='block_1_36' title="bbox 308 3309 1892 3379">
    <p class='ocr_par' dir='ltr' id='par_1_36' title="bbox 308 3309 1892 3379">
     <span class='ocr_line' id='line_1_36' title="bbox 308 3309 1892 3379; baseline -0.005 -7"><span class='ocrx_word' id='word_1_222' title='bbox 308 3324 547 3372; x_wconf 87' lang='lat' dir='ltr'><strong>conatur</strong></span> <span class='ocrx_word' id='word_1_223' title='bbox 571 3314 808 3369; x_wconf 83' lang='lat' dir='ltr'><strong>auferre.</strong></span> <span class='ocrx_word' id='word_1_224' title='bbox 834 3312 1009 3379; x_wconf 82' lang='lat' dir='ltr'><strong>Unde,</strong></span> <span class='ocrx_word' id='word_1_225' title='bbox 1039 3311 1085 3367; x_wconf 92' lang='lat' dir='ltr'><strong>si</strong></span> <span class='ocrx_word' id='word_1_226' title='bbox 1130 3311 1204 3366; x_wconf 84' lang='lat' dir='ltr'><strong>ita</strong></span> <span class='ocrx_word' id='word_1_227' title='bbox 1245 3318 1351 3377; x_wconf 90' lang='lat' dir='ltr'><strong>est,</strong></span> <span class='ocrx_word' id='word_1_228' title='bbox 1381 3310 1489 3365; x_wconf 90' lang='lat' dir='ltr'><strong>imo</strong></span> <span class='ocrx_word' id='word_1_229' title='bbox 1513 3310 1637 3379; x_wconf 84' lang='lat' dir='ltr'><strong>quia</strong></span> <span class='ocrx_word' id='word_1_230' title='bbox 1662 3309 1736 3363; x_wconf 93' lang='lat' dir='ltr'><strong>ita</strong></span> <span class='ocrx_word' id='word_1_231' title='bbox 1768 3322 1892 3365; x_wconf 86' lang='lat' dir='ltr'><strong>esse</strong></span> 
     </span>
    </p>
   </div>
   <div class='ocr_carea' id='block_1_37' title="bbox 307 3400 1894 3479">
    <p class='ocr_par' dir='ltr' id='par_1_37' title="bbox 307 3400 1894 3479">
     <span class='ocr_line' id='line_1_37' title="bbox 307 3400 1894 3479; baseline -0.004 -16"><span class='ocrx_word' id='word_1_232' title='bbox 307 3408 732 3479; x_wconf 83' lang='lat' dir='ltr'><strong>ingemiscimus,</strong></span> <span class='ocrx_word' id='word_1_233' title='bbox 761 3412 976 3476; x_wconf 88' lang='lat' dir='ltr'><strong>oportet</strong></span> <span class='ocrx_word' id='word_1_234' title='bbox 1002 3417 1099 3459; x_wconf 90' lang='lat' dir='ltr'><strong>vos</strong></span> <span class='ocrx_word' id='word_1_235' title='bbox 1123 3403 1449 3458; x_wconf 80' lang='lat' dir='ltr'><strong>Christianae</strong></span> <span class='ocrx_word' id='word_1_236' title='bbox 1482 3400 1618 3474; x_wconf 81' lang='lat' dir='ltr'><strong>legis</strong></span> <span class='ocrx_word' id='word_1_237' title='bbox 1654 3401 1894 3458; x_wconf 89' lang='lat' dir='ltr'><strong>auctori-</strong></span> 
     </span>
    </p>
   </div>
   <div class='ocr_carea' id='block_1_38' title="bbox 308 3493 1888 3565">
    <p class='ocr_par' dir='ltr' id='par_1_38' title="bbox 308 3493 1888 3565">
     <span class='ocr_line' id='line_1_38' title="bbox 308 3493 1888 3565; baseline -0.001 -11"><span class='ocrx_word' id='word_1_238' title='bbox 308 3510 422 3556; x_wconf 77' lang='lat' dir='ltr'><strong>tate</strong></span> <span class='ocrx_word' id='word_1_239' title='bbox 469 3499 730 3555; x_wconf 91' lang='lat' dir='ltr'><strong>monitum</strong></span> <span class='ocrx_word' id='word_1_240' title='bbox 783 3497 1022 3553; x_wconf 87' lang='lat' dir='ltr'><strong>simulet</strong></span> <span class='ocrx_word' id='word_1_241' title='bbox 1069 3495 1367 3563; x_wconf 89' lang='lat' dir='ltr'><strong>munitum,</strong></span> <span class='ocrx_word' id='word_1_242' title='bbox 1410 3493 1527 3565; x_wconf 87' lang='lat' dir='ltr'><strong>ejus</strong></span> <span class='ocrx_word' id='word_1_243' title='bbox 1565 3495 1888 3553; x_wconf 80' lang='lat' dir='ltr'><strong>temerarios</strong></span> 
     </span>
    </p>
   </div>
   <div class='ocr_carea' id='block_1_39' title="bbox 306 3585 1888 3660">
    <p class='ocr_par' dir='ltr' id='par_1_39' title="bbox 306 3585 1888 3660">
     <span class='ocr_line' id='line_1_39' title="bbox 306 3585 1888 3660; baseline -0.002 -13"><span class='ocrx_word' id='word_1_244' title='bbox 306 3599 555 3655; x_wconf 80' lang='lat' dir='ltr'><strong>conatus,</strong></span> <span class='ocrx_word' id='word_1_245' title='bbox 576 3588 771 3660; x_wconf 91' lang='lat' dir='ltr'><strong>quibus</strong></span> <span class='ocrx_word' id='word_1_246' title='bbox 788 3588 1029 3643; x_wconf 83' lang='lat' dir='ltr'><strong>membra</strong></span> <span class='ocrx_word' id='word_1_247' title='bbox 1058 3586 1264 3643; x_wconf 83' lang='lat' dir='ltr'><strong>Christi</strong></span> <span class='ocrx_word' id='word_1_248' title='bbox 1300 3585 1666 3658; x_wconf 75' lang='lat' dir='ltr'><strong>persequitur,</strong></span> <span class='ocrx_word' id='word_1_249' title='bbox 1698 3586 1888 3645; x_wconf 77' lang='lat' dir='ltr'><strong>annul-</strong></span> 
     </span>
    </p>
   </div>
   <div class='ocr_carea' id='block_1_40' title="bbox 322 3676 1892 3753">
    <p class='ocr_par' dir='ltr' id='par_1_40' title="bbox 322 3676 1892 3753">
     <span class='ocr_line' id='line_1_40' title="bbox 322 3676 1892 3753; baseline -0.002 -16"><span class='ocrx_word' id='word_1_250' title='bbox 322 3684 461 3748; x_wconf 81' lang='lat' dir='ltr'><strong>lare,</strong></span> <span class='ocrx_word' id='word_1_251' title='bbox 490 3690 545 3738; x_wconf 87' lang='lat' dir='ltr'><strong>et</strong></span> <span class='ocrx_word' id='word_1_252' title='bbox 573 3681 718 3753; x_wconf 90' lang='lat' dir='ltr'><strong>quod</strong></span> <span class='ocrx_word' id='word_1_253' title='bbox 746 3683 798 3735; x_wconf 91' lang='lat' dir='ltr'><strong>in</strong></span> <span class='ocrx_word' id='word_1_254' title='bbox 844 3694 911 3735; x_wconf 84' lang='lat' dir='ltr'><strong>eo</strong></span> <span class='ocrx_word' id='word_1_255' title='bbox 956 3679 1025 3734; x_wconf 87' lang='lat' dir='ltr'><strong>ad</strong></span> <span class='ocrx_word' id='word_1_256' title='bbox 1060 3678 1326 3749; x_wconf 71' lang='lat' dir='ltr'><strong>,injuriam</strong></span> <span class='ocrx_word' id='word_1_257' title='bbox 1355 3676 1678 3733; x_wconf 87' lang='lat' dir='ltr'><strong>universalis</strong></span> <span class='ocrx_word' id='word_1_258' title='bbox 1704 3678 1892 3734; x_wconf 83' lang='lat' dir='ltr'><strong>matris</strong></span> 
     </span>
    </p>
   </div>
   <div class='ocr_carea' id='block_1_41' title="bbox 317 3766 1893 3834">
    <p class='ocr_par' dir='ltr' id='par_1_41' title="bbox 317 3766 1893 3834">
     <span class='ocr_line' id='line_1_41' title="bbox 317 3766 1893 3834; baseline -0.003 -7"><span class='ocrx_word' id='word_1_259' title='bbox 317 3773 470 3828; x_wconf 77' lang='lat' dir='ltr'><strong>ﬁlius</strong></span> <span class='ocrx_word' id='word_1_260' title='bbox 528 3772 750 3826; x_wconf 89' lang='lat' dir='ltr'><strong>nimium</strong></span> <span class='ocrx_word' id='word_1_261' title='bbox 809 3769 1021 3834; x_wconf 85' lang='lat' dir='ltr'><strong>crevit,</strong></span> <span class='ocrx_word' id='word_1_262' title='bbox 1069 3768 1195 3822; x_wconf 88' lang='lat' dir='ltr'><strong>lima</strong></span> <span class='ocrx_word' id='word_1_263' title='bbox 1239 3767 1512 3821; x_wconf 82' lang='lat' dir='ltr'><strong>canonicae</strong></span> <span class='ocrx_word' id='word_1_264' title='bbox 1547 3766 1893 3823; x_wconf 87' lang='lat' dir='ltr'><strong>discretionis</strong></span> 
     </span>
    </p>
   </div>
   <div class='ocr_carea' id='block_1_42' title="bbox 308 3856 1892 3932">
    <p class='ocr_par' dir='ltr' id='par_1_42' title="bbox 308 3856 1892 3932">
     <span class='ocr_line' id='line_1_42' title="bbox 308 3856 1892 3932; baseline -0.003 -14"><span class='ocrx_word' id='word_1_265' title='bbox 308 3870 614 3932; x_wconf 83' lang='lat' dir='ltr'><strong>amputare.</strong></span> <span class='ocrx_word' id='word_1_266' title='bbox 666 3859 729 3914; x_wconf 87' lang='lat' dir='ltr'><strong>Si</strong></span> <span class='ocrx_word' id='word_1_267' title='bbox 771 3873 921 3924; x_wconf 89' lang='lat' dir='ltr'><strong>vero,</strong></span> <span class='ocrx_word' id='word_1_268' title='bbox 967 3859 1114 3929; x_wconf 89' lang='lat' dir='ltr'><strong>quod</strong></span> <span class='ocrx_word' id='word_1_269' title='bbox 1159 3856 1330 3913; x_wconf 83' lang='lat' dir='ltr'><strong>absit!</strong></span> <span class='ocrx_word' id='word_1_270' title='bbox 1383 3871 1634 3927; x_wconf 85' lang='lat' dir='ltr'><strong>sponsam</strong></span> <span class='ocrx_word' id='word_1_271' title='bbox 1680 3857 1892 3913; x_wconf 86' lang='lat' dir='ltr'><strong>Domini</strong></span> 
     </span>
    </p>
   </div>
   <div class='ocr_carea' id='block_1_43' title="bbox 307 3946 1893 4022">
    <p class='ocr_par' dir='ltr' id='par_1_43' title="bbox 307 3946 1893 4022">
     <span class='ocr_line' id='line_1_43' title="bbox 307 3946 1893 4022; baseline -0.003 -11"><span class='ocrx_word' id='word_1_272' title='bbox 307 3955 566 4018; x_wconf 86' lang='lat' dir='ltr'><strong>liberam,</strong></span> <span class='ocrx_word' id='word_1_273' title='bbox 599 3965 760 4022; x_wconf 79' lang='lat' dir='ltr'><strong>quam</strong></span> <span class='ocrx_word' id='word_1_274' title='bbox 791 3948 906 4021; x_wconf 87' lang='lat' dir='ltr'><strong>ipse</strong></span> <span class='ocrx_word' id='word_1_275' title='bbox 947 3957 1143 4005; x_wconf 76' lang='lat' dir='ltr'><strong>vestra:</strong></span> <span class='ocrx_word' id='word_1_276' title='bbox 1192 3947 1339 4015; x_wconf 82' lang='lat' dir='ltr'><strong>ﬁdei,</strong></span> <span class='ocrx_word' id='word_1_277' title='bbox 1367 3954 1622 4018; x_wconf 89' lang='lat' dir='ltr'><strong>tanquam</strong></span> <span class='ocrx_word' id='word_1_278' title='bbox 1668 3946 1893 4006; x_wconf 73' lang='lat' dir='ltr'><strong>Matrem</strong></span> 
     </span>
    </p>
   </div>
   <div class='ocr_carea' id='block_1_44' title="bbox 308 4038 1892 4112">
    <p class='ocr_par' dir='ltr' id='par_1_44' title="bbox 308 4038 1892 4112">
     <span class='ocr_line' id='line_1_44' title="bbox 308 4038 1892 4112; baseline -0.003 -11"><span class='ocrx_word' id='word_1_279' title='bbox 308 4061 466 4102; x_wconf 78' lang='lat' dir='ltr'><strong>sitam</strong></span> <span class='ocrx_word' id='word_1_280' title='bbox 494 4044 556 4099; x_wconf 83' lang='grc' dir='ltr'><strong>Β.</strong></span> <span class='ocrx_word' id='word_1_281' title='bbox 580 4043 772 4099; x_wconf 87' lang='lat' dir='ltr'><strong>loanni</strong></span> <span class='ocrx_word' id='word_1_282' title='bbox 813 4040 1224 4098; x_wconf 88' lang='lat' dir='ltr'><strong>custodiendam</strong></span> <span class='ocrx_word' id='word_1_283' title='bbox 1272 4038 1547 4096; x_wconf 85' lang='lat' dir='ltr'><strong>commisit</strong></span> <span class='ocrx_word' id='word_1_284' title='bbox 1572 4038 1892 4112; x_wconf 58' lang='lat' dir='ltr'><strong>(Joanaux,</strong></span> 
     </span>
    </p>
   </div>
   <div class='ocr_carea' id='block_1_45' title="bbox 309 4131 1893 4207">
    <p class='ocr_par' dir='ltr' id='par_1_45' title="bbox 309 4131 1893 4207">
     <span class='ocr_line' id='line_1_45' title="bbox 309 4131 1893 4207; baseline -0.003 -14"><span class='ocrx_word' id='word_1_285' title='bbox 309 4136 404 4207; x_wconf 75' lang='lat'><strong>27)</strong></span> <span class='ocrx_word' id='word_1_286' title='bbox 434 4136 683 4191; x_wconf 88' lang='lat' dir='ltr'><strong>ancillam</strong></span> <span class='ocrx_word' id='word_1_287' title='bbox 727 4132 846 4189; x_wconf 85' lang='lat' dir='ltr'><strong>ﬁeri</strong></span> <span class='ocrx_word' id='word_1_288' title='bbox 882 4132 1148 4200; x_wconf 86' lang='lat' dir='ltr'><strong>videritis,</strong></span> <span class='ocrx_word' id='word_1_289' title='bbox 1172 4140 1228 4189; x_wconf 91' lang='lat' dir='ltr'><strong>et</strong></span> <span class='ocrx_word' id='word_1_290' title='bbox 1251 4131 1553 4198; x_wconf 86' lang='lat' dir='ltr'><strong>tacueritis,</strong></span> <span class='ocrx_word' id='word_1_291' title='bbox 1582 4146 1744 4202; x_wconf 87' lang='lat' dir='ltr'><strong>quam</strong></span> <span class='ocrx_word' id='word_1_292' title='bbox 1794 4132 1893 4190; x_wconf 86' lang='lat' dir='ltr'><strong>de-</strong></span> 
     </span>
    </p>
   </div>
   <div class='ocr_carea' id='block_1_46' title="bbox 309 4223 1893 4295">
    <p class='ocr_par' dir='ltr' id='par_1_46' title="bbox 309 4223 1893 4295">
     <span class='ocr_line' id='line_1_46' title="bbox 309 4223 1893 4295; baseline -0.002 -10"><span class='ocrx_word' id='word_1_293' title='bbox 309 4229 566 4285; x_wconf 85' lang='lat' dir='ltr'><strong>buissetis</strong></span> <span class='ocrx_word' id='word_1_294' title='bbox 596 4238 862 4283; x_wconf 90' lang='lat' dir='ltr'><strong>mortuam</strong></span> <span class='ocrx_word' id='word_1_295' title='bbox 890 4226 1176 4290; x_wconf 89' lang='lat' dir='ltr'><strong>suscitare,</strong></span> <span class='ocrx_word' id='word_1_296' title='bbox 1205 4223 1400 4280; x_wconf 68' lang='lat' dir='ltr'><strong>divinae</strong></span> <span class='ocrx_word' id='word_1_297' title='bbox 1432 4223 1565 4295; x_wconf 90' lang='lat' dir='ltr'><strong>legis</strong></span> <span class='ocrx_word' id='word_1_298' title='bbox 1586 4232 1643 4280; x_wconf 88' lang='lat' dir='ltr'><strong>et</strong></span> <span class='ocrx_word' id='word_1_299' title='bbox 1663 4224 1893 4295; x_wconf 70' lang='lat' dir='ltr'><strong>iustitia:</strong></span> 
     </span>
    </p>
   </div>
   <div class='ocr_carea' id='block_1_47' title="bbox 302 4313 1890 4391">
    <p class='ocr_par' dir='ltr' id='par_1_47' title="bbox 302 4313 1890 4391">
     <span class='ocr_line' id='line_1_47' title="bbox 302 4313 1890 4391; baseline -0.001 -17"><span class='ocrx_word' id='word_1_300' title='bbox 302 4319 433 4391; x_wconf 79' lang='lat' dir='ltr'><strong>jura</strong></span> <span class='ocrx_word' id='word_1_301' title='bbox 481 4318 771 4389; x_wconf 84' lang='lat' dir='ltr'><strong>sepeliens,</strong></span> <span class='ocrx_word' id='word_1_302' title='bbox 807 4317 953 4372; x_wconf 87' lang='lat' dir='ltr'><strong>illam</strong></span> <span class='ocrx_word' id='word_1_303' title='bbox 996 4316 1213 4388; x_wconf 82' lang='lat' dir='ltr'><strong>penitus</strong></span> <span class='ocrx_word' id='word_1_304' title='bbox 1263 4316 1620 4372; x_wconf 77' lang='lat' dir='ltr'><strong>exstinxistis.</strong></span> <span class='ocrx_word' id='word_1_305' title='bbox 1673 4313 1890 4373; x_wconf 85' lang='lat' dir='ltr'><strong>Nullum</strong></span> 
     </span>
    </p>
   </div>
   <div class='ocr_carea' id='block_1_48' title="bbox 309 4406 1892 4481">
    <p class='ocr_par' dir='ltr' id='par_1_48' title="bbox 309 4406 1892 4481">
     <span class='ocr_line' id='line_1_48' title="bbox 309 4406 1892 4481; baseline -0.001 -15"><span class='ocrx_word' id='word_1_306' title='bbox 309 4413 502 4480; x_wconf 84' lang='lat' dir='ltr'><strong>utique</strong></span> <span class='ocrx_word' id='word_1_307' title='bbox 550 4406 916 4466; x_wconf 81' lang='lat' dir='ltr'><strong>Christianum</strong></span> <span class='ocrx_word' id='word_1_308' title='bbox 972 4422 1223 4479; x_wconf 88' lang='lat' dir='ltr'><strong>gregem,</strong></span> <span class='ocrx_word' id='word_1_309' title='bbox 1278 4407 1451 4463; x_wconf 88' lang='lat' dir='ltr'><strong>multo</strong></span> <span class='ocrx_word' id='word_1_310' title='bbox 1499 4406 1680 4464; x_wconf 88' lang='lat' dir='ltr'><strong>minus</strong></span> <span class='ocrx_word' id='word_1_311' title='bbox 1726 4407 1892 4481; x_wconf 86' lang='lat' dir='ltr'><strong>igitur</strong></span> 
     </span>
    </p>
   </div>
   <div class='ocr_carea' id='block_1_49' title="bbox 1984 594 3572 670">
    <p class='ocr_par' dir='ltr' id='par_1_49' title="bbox 1984 594 3572 670">
     <span class='ocr_line' id='line_1_49' title="bbox 1984 594 3572 670; baseline 0.006 -23"><span class='ocrx_word' id='word_1_312' title='bbox 1984 609 2107 666; x_wconf 82' lang='lat' dir='ltr'><strong>qua:</strong></span> <span class='ocrx_word' id='word_1_313' title='bbox 2132 604 2379 651; x_wconf 80' lang='lat' dir='ltr'><strong>mortuos</strong></span> <span class='ocrx_word' id='word_1_314' title='bbox 2406 594 2702 663; x_wconf 85' lang='lat' dir='ltr'><strong>vivilicant,</strong></span> <span class='ocrx_word' id='word_1_315' title='bbox 2726 606 2981 668; x_wconf 86' lang='lat' dir='ltr'><strong>tanquam</strong></span> <span class='ocrx_word' id='word_1_316' title='bbox 3006 605 3280 654; x_wconf 88' lang='lat' dir='ltr'><strong>mortuum</strong></span> <span class='ocrx_word' id='word_1_317' title='bbox 3308 598 3572 670; x_wconf 82' lang='lat' dir='ltr'><strong>sepelire;</strong></span> 
     </span>
    </p>
   </div>
   <div class='ocr_carea' id='block_1_50' title="bbox 1985 683 3576 757">
    <p class='ocr_par' dir='ltr' id='par_1_50' title="bbox 1985 683 3576 757">
     <span class='ocr_line' id='line_1_50' title="bbox 1985 683 3576 757; baseline 0.003 -18"><span class='ocrx_word' id='word_1_318' title='bbox 1985 684 2082 739; x_wconf 76' lang='lat' dir='ltr'><strong>sed</strong></span> <span class='ocrx_word' id='word_1_319' title='bbox 2120 684 2270 740; x_wconf 79' lang='lat' dir='ltr'><strong>hunc</strong></span> <span class='ocrx_word' id='word_1_320' title='bbox 2323 683 2637 757; x_wconf 67' lang='lat' dir='ltr'><strong>specia&#39;iter</strong></span> <span class='ocrx_word' id='word_1_321' title='bbox 2673 694 2907 757; x_wconf 85' lang='lat' dir='ltr'><strong>oportet,</strong></span> <span class='ocrx_word' id='word_1_322' title='bbox 2938 695 2997 742; x_wconf 89' lang='lat' dir='ltr'><strong>ut</strong></span> <span class='ocrx_word' id='word_1_323' title='bbox 3028 686 3257 756; x_wconf 64' lang='lat' dir='ltr'><strong>iustitia</strong></span> <span class='ocrx_word' id='word_1_324' title='bbox 3288 688 3403 743; x_wconf 87' lang='lat' dir='ltr'><strong>veri</strong></span> <span class='ocrx_word' id='word_1_325' title='bbox 3430 695 3576 744; x_wconf 87' lang='lat' dir='ltr'><strong>atem</strong></span> 
     </span>
    </p>
   </div>
   <div class='ocr_carea' id='block_1_51' title="bbox 1986 775 3577 852">
    <p class='ocr_par' dir='ltr' id='par_1_51' title="bbox 1986 775 3577 852">
     <span class='ocr_line' id='line_1_51' title="bbox 1986 775 3577 852; baseline 0.004 -22"><span class='ocrx_word' id='word_1_326' title='bbox 1986 775 2308 845; x_wconf 71' lang='lat' dir='ltr'><strong>prtedicans,</strong></span> <span class='ocrx_word' id='word_1_327' title='bbox 2339 775 2435 831; x_wconf 87' lang='lat' dir='ltr'><strong>Dei</strong></span> <span class='ocrx_word' id='word_1_328' title='bbox 2459 775 2631 847; x_wconf 81' lang='lat' dir='ltr'><strong>legem</strong></span> <span class='ocrx_word' id='word_1_329' title='bbox 2662 792 2770 833; x_wconf 87' lang='lat' dir='ltr'><strong>non</strong></span> <span class='ocrx_word' id='word_1_330' title='bbox 2793 778 2973 842; x_wconf 87' lang='lat' dir='ltr'><strong>sileat,</strong></span> <span class='ocrx_word' id='word_1_331' title='bbox 2999 788 3059 836; x_wconf 85' lang='lat' dir='ltr'><strong>et</strong></span> <span class='ocrx_word' id='word_1_332' title='bbox 3083 780 3343 852; x_wconf 84' lang='lat' dir='ltr'><strong>quidquid</strong></span> <span class='ocrx_word' id='word_1_333' title='bbox 3368 789 3577 838; x_wconf 70' lang='lat' dir='ltr'><strong>sancta:</strong></span> 
     </span>
    </p>
   </div>
   <div class='ocr_carea' id='block_1_52' title="bbox 1988 864 3578 945">
    <p class='ocr_par' dir='ltr' id='par_1_52' title="bbox 1988 864 3578 945">
     <span class='ocr_line' id='line_1_52' title="bbox 1988 864 3578 945; baseline 0.006 -26"><span class='ocrx_word' id='word_1_334' title='bbox 1988 864 2249 922; x_wconf 80' lang='lat' dir='ltr'><strong>Ecclesiae</strong></span> <span class='ocrx_word' id='word_1_335' title='bbox 2274 866 2583 922; x_wconf 89' lang='lat' dir='ltr'><strong>libertatem</strong></span> <span class='ocrx_word' id='word_1_336' title='bbox 2612 867 2937 941; x_wconf 88' lang='lat' dir='ltr'><strong>impugnare</strong></span> <span class='ocrx_word' id='word_1_337' title='bbox 2964 871 3346 943; x_wconf 78' lang='lat' dir='ltr'><strong>conspexerit,</strong></span> <span class='ocrx_word' id='word_1_338' title='bbox 3372 871 3578 945; x_wconf 81' lang='lat' dir='ltr'><strong>judicio</strong></span> 
     </span>
    </p>
   </div>
   <div class='ocr_carea' id='block_1_53' title="bbox 1984 949 3580 1035">
    <p class='ocr_par' dir='ltr' id='par_1_53' title="bbox 1984 949 3580 1035">
     <span class='ocr_line' id='line_1_53' title="bbox 1984 949 3580 1035; baseline 0.006 -27"><span class='ocrx_word' id='word_1_339' title='bbox 1984 962 2045 1008; x_wconf 85' lang='lat' dir='ltr'><strong>et</strong></span> <span class='ocrx_word' id='word_1_340' title='bbox 2087 954 2316 1011; x_wconf 80' lang='lat' dir='ltr'><strong>veritate</strong></span> <span class='ocrx_word' id='word_1_341' title='bbox 2352 957 2524 1011; x_wconf 85' lang='lat' dir='ltr'><strong>sancti</strong></span> <span class='ocrx_word' id='word_1_342' title='bbox 2556 957 2795 1028; x_wconf 88' lang='lat' dir='ltr'><strong>Spiritus</strong></span> <span class='ocrx_word' id='word_1_343' title='bbox 2830 949 3048 1016; x_wconf 75' lang='lat' dir='ltr'><strong>studeat</strong></span> <span class='ocrx_word' id='word_1_344' title='bbox 3088 976 3420 1035; x_wconf 80' lang='lat' dir='ltr'><strong>expugnare.</strong></span> <span class='ocrx_word' id='word_1_345' title='bbox 3452 960 3580 1018; x_wconf 82' lang='lat' dir='ltr'><strong>Plu--</strong></span> 
     </span>
    </p>
   </div>
   <div class='ocr_carea' id='block_1_54' title="bbox 1987 1042 3579 1121">
    <p class='ocr_par' dir='ltr' id='par_1_54' title="bbox 1987 1042 3579 1121">
     <span class='ocr_line' id='line_1_54' title="bbox 1987 1042 3579 1121; baseline 0.008 -23"><span class='ocrx_word' id='word_1_346' title='bbox 1987 1042 2125 1098; x_wconf 89' lang='lat' dir='ltr'><strong>rima</strong></span> <span class='ocrx_word' id='word_1_347' title='bbox 2176 1043 2331 1099; x_wconf 89' lang='lat' dir='ltr'><strong>vobis</strong></span> <span class='ocrx_word' id='word_1_348' title='bbox 2380 1045 2786 1116; x_wconf 86' lang='lat' dir='ltr'><strong>scripsissemus</strong></span> <span class='ocrx_word' id='word_1_349' title='bbox 2832 1048 2900 1102; x_wconf 89' lang='lat' dir='ltr'><strong>de</strong></span> <span class='ocrx_word' id='word_1_350' title='bbox 2945 1051 3196 1119; x_wconf 66' lang='lat' dir='ltr'><strong>praesenti</strong></span> <span class='ocrx_word' id='word_1_351' title='bbox 3243 1052 3493 1121; x_wconf 78' lang='lat' dir='ltr'><strong>materia,</strong></span> <span class='ocrx_word' id='word_1_352' title='bbox 3530 1053 3579 1109; x_wconf 84' lang='lat' dir='ltr'><strong>si</strong></span> 
     </span>
    </p>
   </div>
   <div class='ocr_carea' id='block_1_55' title="bbox 1986 1134 3579 1216">
    <p class='ocr_par' dir='ltr' id='par_1_55' title="bbox 1986 1134 3579 1216">
     <span class='ocr_line' id='line_1_55' title="bbox 1986 1134 3579 1216; baseline 0.009 -32"><span class='ocrx_word' id='word_1_353' title='bbox 1986 1134 2203 1191; x_wconf 78' lang='lat' dir='ltr'><strong>abbatis</strong></span> <span class='ocrx_word' id='word_1_354' title='bbox 2230 1145 2379 1191; x_wconf 87' lang='lat' dir='ltr'><strong>esset</strong></span> <span class='ocrx_word' id='word_1_355' title='bbox 2404 1137 2641 1193; x_wconf 80' lang='lat' dir='ltr'><strong>ofﬁcium</strong></span> <span class='ocrx_word' id='word_1_356' title='bbox 2664 1140 2996 1196; x_wconf 79' lang='lat' dir='ltr'><strong>exacerbare</strong></span> <span class='ocrx_word' id='word_1_357' title='bbox 3013 1141 3335 1213; x_wconf 74' lang='lat' dir='ltr'><strong>priutipem,</strong></span> <span class='ocrx_word' id='word_1_358' title='bbox 3356 1156 3406 1200; x_wconf 80' lang='lat' dir='ltr'><strong>et</strong></span> <span class='ocrx_word' id='word_1_359' title='bbox 3439 1158 3475 1216; x_wconf 90' lang='lat' dir='ltr'><strong>p</strong></span> <span class='ocrx_word' id='word_1_360' title='bbox 3506 1160 3579 1199; x_wconf 53' lang='lat' dir='ltr'><strong>at-</strong></span> 
     </span>
    </p>
   </div>
   <div class='ocr_carea' id='block_1_56' title="bbox 1987 1226 3576 1301">
    <p class='ocr_par' dir='ltr' id='par_1_56' title="bbox 1987 1226 3576 1301">
     <span class='ocr_line' id='line_1_56' title="bbox 1987 1226 3576 1301; baseline 0.007 -23"><span class='ocrx_word' id='word_1_361' title='bbox 1987 1234 2361 1296; x_wconf 82' lang='lat' dir='ltr'><strong>sumptuosum</strong></span> <span class='ocrx_word' id='word_1_362' title='bbox 2386 1226 2542 1297; x_wconf 78' lang='grc' dir='ltr'><strong>ιιι</strong></span> <span class='ocrx_word' id='word_1_363' title='bbox 2570 1243 2677 1284; x_wconf 88' lang='lat' dir='ltr'><strong>non</strong></span> <span class='ocrx_word' id='word_1_364' title='bbox 2692 1229 2973 1285; x_wconf 85' lang='lat' dir='ltr'><strong>videretur</strong></span> <span class='ocrx_word' id='word_1_365' title='bbox 2990 1230 3302 1301; x_wconf 75' lang='lat' dir='ltr'><strong>pontiﬁcem</strong></span> <span class='ocrx_word' id='word_1_366' title='bbox 3320 1234 3576 1290; x_wconf 72' lang='lat' dir='ltr'><strong>edacem.</strong></span> 
     </span>
    </p>
   </div>
   <div class='ocr_carea' id='block_1_57' title="bbox 1989 1312 3580 1390">
    <p class='ocr_par' dir='ltr' id='par_1_57' title="bbox 1989 1312 3580 1390">
     <span class='ocr_line' id='line_1_57' title="bbox 1989 1312 3580 1390; baseline 0.009 -25"><span class='ocrx_word' id='word_1_367' title='bbox 1989 1312 2351 1370; x_wconf 73' lang='lat' dir='ltr'><strong>Exacerbatio</strong></span> <span class='ocrx_word' id='word_1_368' title='bbox 2380 1324 2559 1370; x_wconf 86' lang='lat' dir='ltr'><strong>tamen</strong></span> <span class='ocrx_word' id='word_1_369' title='bbox 2586 1316 2878 1387; x_wconf 84' lang='lat' dir='ltr'><strong>enlpabilis</strong></span> <span class='ocrx_word' id='word_1_370' title='bbox 2926 1333 3034 1374; x_wconf 87' lang='lat' dir='ltr'><strong>non</strong></span> <span class='ocrx_word' id='word_1_371' title='bbox 3080 1321 3364 1390; x_wconf 83' lang='lat' dir='ltr'><strong>probatur,</strong></span> <span class='ocrx_word' id='word_1_372' title='bbox 3389 1332 3450 1378; x_wconf 81' lang='lat' dir='ltr'><strong>et</strong></span> <span class='ocrx_word' id='word_1_373' title='bbox 3492 1333 3580 1381; x_wconf 86' lang='lat' dir='ltr'><strong>est</strong></span> 
     </span>
    </p>
   </div>
   <div class='ocr_carea' id='block_1_58' title="bbox 1989 1405 3580 1487">
    <p class='ocr_par' dir='ltr' id='par_1_58' title="bbox 1989 1405 3580 1487">
     <span class='ocr_line' id='line_1_58' title="bbox 1989 1405 3580 1487; baseline 0.011 -30"><span class='ocrx_word' id='word_1_374' title='bbox 1989 1405 2213 1462; x_wconf 89' lang='lat' dir='ltr'><strong>venialis</strong></span> <span class='ocrx_word' id='word_1_375' title='bbox 2256 1406 2344 1461; x_wconf 84' lang='lat' dir='ltr'><strong>illa</strong></span> <span class='ocrx_word' id='word_1_376' title='bbox 2374 1409 2746 1479; x_wconf 56' lang='lat' dir='ltr'><strong>praesumptio,</strong></span> <span class='ocrx_word' id='word_1_377' title='bbox 2775 1425 2897 1481; x_wconf 70' lang='lat' dir='ltr'><strong>quae</strong></span> <span class='ocrx_word' id='word_1_378' title='bbox 2921 1413 2987 1468; x_wconf 80' lang='lat' dir='ltr'><strong>de</strong></span> <span class='ocrx_word' id='word_1_379' title='bbox 3021 1413 3149 1470; x_wconf 87' lang='lat' dir='ltr'><strong>odio</strong></span> <span class='ocrx_word' id='word_1_380' title='bbox 3186 1414 3488 1487; x_wconf 79' lang='lat' dir='ltr'><strong>iniquitatis</strong></span> <span class='ocrx_word' id='word_1_381' title='bbox 3522 1427 3580 1475; x_wconf 84' lang='lat' dir='ltr'><strong>et</strong></span> 
     </span>
    </p>
   </div>
   <div class='ocr_carea' id='block_1_59' title="bbox 1986 1497 3053 1571">
    <p class='ocr_par' dir='ltr' id='par_1_59' title="bbox 1986 1497 3053 1571">
     <span class='ocr_line' id='line_1_59' title="bbox 1986 1497 3053 1571; baseline 0.007 -20"><span class='ocrx_word' id='word_1_382' title='bbox 1986 1497 2260 1566; x_wconf 62' lang='lat' dir='ltr'><strong>aequitatis</strong></span> <span class='ocrx_word' id='word_1_383' title='bbox 2287 1512 2477 1555; x_wconf 88' lang='lat' dir='ltr'><strong>amore</strong></span> <span class='ocrx_word' id='word_1_384' title='bbox 2504 1508 2816 1571; x_wconf 85' lang='lat' dir='ltr'><strong>generatur.</strong></span> <span class='ocrx_word' id='word_1_385' title='bbox 2844 1503 3053 1560; x_wconf 77' lang='lat' dir='ltr'><strong>Valete.</strong></span> 
     </span>
    </p>
   </div>
   <div class='ocr_carea' id='block_1_60' title="bbox 2525 1588 3039 1650">
    <p class='ocr_par' dir='ltr' id='par_1_60' title="bbox 2525 1588 3039 1650">
     <span class='ocr_line' id='line_1_60' title="bbox 2525 1588 3039 1650; baseline 0.012 -6"><span class='ocrx_word' id='word_1_386' title='bbox 2525 1588 2866 1648; x_wconf 74' lang='lat' dir='ltr'><strong>EPISTOLA</strong></span> <span class='ocrx_word' id='word_1_387' title='bbox 2904 1590 3039 1650; x_wconf 75' lang='lat' dir='ltr'><strong>VIII.</strong></span> 
     </span>
    </p>
   </div>
   <div class='ocr_carea' id='block_1_61' title="bbox 1992 1675 3575 1753">
    <p class='ocr_par' dir='ltr' id='par_1_61' title="bbox 1992 1675 3575 1753">
     <span class='ocr_line' id='line_1_61' title="bbox 1992 1675 3575 1753; baseline 0.013 -23"><span class='ocrx_word' id='word_1_388' title='bbox 1992 1675 2344 1734; x_wconf 84' lang='lat' dir='ltr'><strong>Dilectissimo</strong></span> <span class='ocrx_word' id='word_1_389' title='bbox 2365 1681 2582 1735; x_wconf 85' lang='lat' dir='ltr'><strong>domino</strong></span> <span class='ocrx_word' id='word_1_390' title='bbox 2606 1691 2656 1736; x_wconf 83' lang='lat' dir='ltr'><strong>et</strong></span> <span class='ocrx_word' id='word_1_391' title='bbox 2684 1684 2879 1753; x_wconf 84' lang='lat' dir='ltr'><strong>amico,</strong></span> <span class='ocrx_word' id='word_1_392' title='bbox 2903 1685 3097 1742; x_wconf 82' lang='lat' dir='ltr'><strong>domno</strong></span> <span class='ocrx_word' id='word_1_393' title='bbox 3130 1687 3393 1747; x_wconf 77' lang='lat' dir='ltr'><strong>Rainaltlo</strong></span> <span class='ocrx_word' id='word_1_394' title='bbox 3422 1710 3575 1749; x_wconf 79' lang='lat' dir='ltr'><strong>rene—</strong></span> 
     </span>
    </p>
   </div>
   <div class='ocr_carea' id='block_1_62' title="bbox 2064 1770 3578 1850">
    <p class='ocr_par' dir='ltr' id='par_1_62' title="bbox 2064 1770 3578 1850">
     <span class='ocr_line' id='line_1_62' title="bbox 2064 1770 3578 1850; baseline 0.011 -26"><span class='ocrx_word' id='word_1_395' title='bbox 2064 1770 2220 1825; x_wconf 77' lang='lat' dir='ltr'><strong>rnbili</strong></span> <span class='ocrx_word' id='word_1_396' title='bbox 2261 1770 2664 1843; x_wconf 77' lang='lat' dir='ltr'><strong>Andegaoornm</strong></span> <span class='ocrx_word' id='word_1_397' title='bbox 2699 1774 2973 1846; x_wconf 67' lang='lat' dir='ltr'><strong>episcopo,</strong></span> <span class='ocrx_word' id='word_1_398' title='bbox 3017 1778 3290 1850; x_wconf 71' lang='lat' dir='ltr'><strong>Go/fridus</strong></span> <span class='ocrx_word' id='word_1_399' title='bbox 3330 1782 3578 1840; x_wconf 77' lang='lat' dir='ltr'><strong>Vindoci-</strong></span> 
     </span>
    </p>
   </div>
   <div class='ocr_carea' id='block_1_63' title="bbox 1920 1843 3578 1944">
    <p class='ocr_par' dir='ltr' id='par_1_63' title="bbox 1920 1843 3578 1944">
     <span class='ocr_line' id='line_1_63' title="bbox 1920 1843 3578 1944; baseline 0.011 -32"><span class='ocrx_word' id='word_1_400' title='bbox 1920 1843 1965 1903; x_wconf 78' lang='grc' dir='ltr'><strong><em>Β</em></strong></span> <span class='ocrx_word' id='word_1_401' title='bbox 2058 1862 2235 1915; x_wconf 78' lang='lat' dir='ltr'><strong>ncnsis</strong></span> <span class='ocrx_word' id='word_1_402' title='bbox 2264 1863 2571 1918; x_wconf 73' lang='lat' dir='ltr'><strong>monasterii</strong></span> <span class='ocrx_word' id='word_1_403' title='bbox 2600 1879 2799 1931; x_wconf 82' lang='lat' dir='ltr'><strong>servus,</strong></span> <span class='ocrx_word' id='word_1_404' title='bbox 2830 1869 3083 1924; x_wconf 72' lang='lat' dir='ltr'><strong>ueraciter</strong></span> <span class='ocrx_word' id='word_1_405' title='bbox 3110 1880 3159 1926; x_wconf 88' lang='lat' dir='ltr'><strong>et</strong></span> <span class='ocrx_word' id='word_1_406' title='bbox 3188 1871 3496 1944; x_wconf 80' lang='lat' dir='ltr'><strong>simpliciter</strong></span> <span class='ocrx_word' id='word_1_407' title='bbox 3522 1879 3578 1931; x_wconf 82' lang='lat' dir='ltr'><strong>in</strong></span> 
     </span>
    </p>
   </div>
   <div class='ocr_carea' id='block_1_64' title="bbox 2062 1954 2501 2023">
    <p class='ocr_par' dir='ltr' id='par_1_64' title="bbox 2062 1954 2501 2023">
     <span class='ocr_line' id='line_1_64' title="bbox 2062 1954 2501 2023; baseline -0.009 -13"><span class='ocrx_word' id='word_1_408' title='bbox 2062 1954 2303 2010; x_wconf 88' lang='lat' dir='ltr'><strong>omnibus</strong></span> <span class='ocrx_word' id='word_1_409' title='bbox 2325 1968 2501 2023; x_wconf 86' lang='lat' dir='ltr'><strong>agere.</strong></span> 
     </span>
    </p>
   </div>
   <div class='ocr_carea' id='block_1_65' title="bbox 2060 2043 3579 2124">
    <p class='ocr_par' dir='ltr' id='par_1_65' title="bbox 2060 2043 3579 2124">
     <span class='ocr_line' id='line_1_65' title="bbox 2060 2043 3579 2124; baseline 0.007 -26"><span class='ocrx_word' id='word_1_410' title='bbox 2060 2043 2424 2108; x_wconf 89' lang='lat' dir='ltr'><strong>Calumniam,</strong></span> <span class='ocrx_word' id='word_1_411' title='bbox 2453 2057 2621 2114; x_wconf 87' lang='lat' dir='ltr'><strong>quam</strong></span> <span class='ocrx_word' id='word_1_412' title='bbox 2665 2044 2833 2101; x_wconf 85' lang='lat' dir='ltr'><strong>abbas</strong></span> <span class='ocrx_word' id='word_1_413' title='bbox 2860 2044 2923 2099; x_wconf 79' lang='grc' dir='ltr'><strong>Β.</strong></span> <span class='ocrx_word' id='word_1_414' title='bbox 2957 2044 3162 2103; x_wconf 87' lang='lat' dir='ltr'><strong>Nicolai</strong></span> <span class='ocrx_word' id='word_1_415' title='bbox 3193 2048 3344 2124; x_wconf 75' lang='lat'><strong>(193)</strong></span> <span class='ocrx_word' id='word_1_416' title='bbox 3380 2053 3433 2107; x_wconf 90' lang='lat' dir='ltr'><strong>in</strong></span> <span class='ocrx_word' id='word_1_417' title='bbox 3461 2069 3579 2109; x_wconf 86' lang='lat' dir='ltr'><strong>mo-</strong></span> 
     </span>
    </p>
   </div>
   <div class='ocr_carea' id='block_1_66' title="bbox 1992 2133 3581 2215">
    <p class='ocr_par' dir='ltr' id='par_1_66' title="bbox 1992 2133 3581 2215">
     <span class='ocr_line' id='line_1_66' title="bbox 1992 2133 3581 2215; baseline 0.007 -28"><span class='ocrx_word' id='word_1_418' title='bbox 1992 2133 2224 2188; x_wconf 87' lang='lat' dir='ltr'><strong>nachum</strong></span> <span class='ocrx_word' id='word_1_419' title='bbox 2275 2147 2435 2187; x_wconf 90' lang='lat' dir='ltr'><strong>suum</strong></span> <span class='ocrx_word' id='word_1_420' title='bbox 2484 2134 2770 2189; x_wconf 86' lang='lat' dir='ltr'><strong>absentem</strong></span> <span class='ocrx_word' id='word_1_421' title='bbox 2820 2133 3075 2203; x_wconf 86' lang='lat' dir='ltr'><strong>quidem,</strong></span> <span class='ocrx_word' id='word_1_422' title='bbox 3106 2139 3202 2193; x_wconf 90' lang='lat' dir='ltr'><strong>sed</strong></span> <span class='ocrx_word' id='word_1_423' title='bbox 3249 2155 3411 2211; x_wconf 88' lang='lat' dir='ltr'><strong>quem</strong></span> <span class='ocrx_word' id='word_1_424' title='bbox 3466 2145 3581 2215; x_wconf 78' lang='lat' dir='ltr'><strong>ipse</strong></span> 
     </span>
    </p>
   </div>
   <div class='ocr_carea' id='block_1_67' title="bbox 1991 2223 3581 2301">
    <p class='ocr_par' dir='ltr' id='par_1_67' title="bbox 1991 2223 3581 2301">
     <span class='ocr_line' id='line_1_67' title="bbox 1991 2223 3581 2301; baseline 0.008 -23"><span class='ocrx_word' id='word_1_425' title='bbox 1991 2223 2374 2279; x_wconf 82' lang='lat' dir='ltr'><strong>absentaverat</strong></span> <span class='ocrx_word' id='word_1_426' title='bbox 2400 2263 2416 2288; x_wconf 96' lang='lat'><strong>,</strong></span> <span class='ocrx_word' id='word_1_427' title='bbox 2447 2223 2755 2294; x_wconf 88' lang='lat' dir='ltr'><strong>protulerit,</strong></span> <span class='ocrx_word' id='word_1_428' title='bbox 2782 2224 3121 2294; x_wconf 81' lang='lat' dir='ltr'><strong>audivimus;</strong></span> <span class='ocrx_word' id='word_1_429' title='bbox 3144 2237 3202 2284; x_wconf 90' lang='lat' dir='ltr'><strong>et</strong></span> <span class='ocrx_word' id='word_1_430' title='bbox 3224 2230 3351 2301; x_wconf 85' lang='lat' dir='ltr'><strong>quia</strong></span> <span class='ocrx_word' id='word_1_431' title='bbox 3372 2234 3581 2292; x_wconf 81' lang='lat' dir='ltr'><strong>crimen</strong></span> 
     </span>
    </p>
   </div>
   <div class='ocr_carea' id='block_1_68' title="bbox 1990 2314 3579 2395">
    <p class='ocr_par' dir='ltr' id='par_1_68' title="bbox 1990 2314 3579 2395">
     <span class='ocr_line' id='line_1_68' title="bbox 1990 2314 3579 2395; baseline 0.008 -26"><span class='ocrx_word' id='word_1_432' title='bbox 1990 2314 2288 2388; x_wconf 88' lang='lat' dir='ltr'><strong>sacrilegii,</strong></span> <span class='ocrx_word' id='word_1_433' title='bbox 2318 2314 2675 2380; x_wconf 87' lang='lat' dir='ltr'><strong>seductionis,</strong></span> <span class='ocrx_word' id='word_1_434' title='bbox 2705 2325 2761 2370; x_wconf 93' lang='lat' dir='ltr'><strong>et</strong></span> <span class='ocrx_word' id='word_1_435' title='bbox 2817 2318 3134 2374; x_wconf 82' lang='lat' dir='ltr'><strong>monasterii</strong></span> <span class='ocrx_word' id='word_1_436' title='bbox 3158 2321 3241 2376; x_wconf 89' lang='lat' dir='ltr'><strong>sui</strong></span> <span class='ocrx_word' id='word_1_437' title='bbox 3271 2322 3579 2395; x_wconf 72' lang='lat' dir='ltr'><strong>dissipatio-</strong></span> 
     </span>
    </p>
   </div>
   <div class='ocr_carea' id='block_1_69' title="bbox 1992 2402 3578 2482">
    <p class='ocr_par' dir='ltr' id='par_1_69' title="bbox 1992 2402 3578 2482">
     <span class='ocr_line' id='line_1_69' title="bbox 1992 2402 3578 2482; baseline 0.007 -23"><span class='ocrx_word' id='word_1_438' title='bbox 1992 2418 2118 2460; x_wconf 89' lang='lat' dir='ltr'><strong>nem</strong></span> <span class='ocrx_word' id='word_1_439' title='bbox 2148 2404 2202 2459; x_wconf 91' lang='lat' dir='ltr'><strong>in</strong></span> <span class='ocrx_word' id='word_1_440' title='bbox 2228 2419 2352 2459; x_wconf 87' lang='lat' dir='ltr'><strong>eum</strong></span> <span class='ocrx_word' id='word_1_441' title='bbox 2387 2402 2707 2470; x_wconf 87' lang='lat' dir='ltr'><strong>intenderit,</strong></span> <span class='ocrx_word' id='word_1_442' title='bbox 2732 2406 2987 2474; x_wconf 90' lang='lat' dir='ltr'><strong>quoniam</strong></span> <span class='ocrx_word' id='word_1_443' title='bbox 3019 2418 3314 2478; x_wconf 71' lang='lat' dir='ltr'><strong>prmsentes</strong></span> <span class='ocrx_word' id='word_1_444' title='bbox 3338 2427 3578 2482; x_wconf 88' lang='lat' dir='ltr'><strong>eramus,</strong></span> 
     </span>
    </p>
   </div>
   <div class='ocr_carea' id='block_1_70' title="bbox 1992 2493 3579 2571">
    <p class='ocr_par' dir='ltr' id='par_1_70' title="bbox 1992 2493 3579 2571">
     <span class='ocr_line' id='line_1_70' title="bbox 1992 2493 3579 2571; baseline 0.007 -21"><span class='ocrx_word' id='word_1_445' title='bbox 1992 2493 2247 2566; x_wconf 82' lang='lat' dir='ltr'><strong>ignorare</strong></span> <span class='ocrx_word' id='word_1_446' title='bbox 2276 2508 2383 2549; x_wconf 87' lang='lat' dir='ltr'><strong>non</strong></span> <span class='ocrx_word' id='word_1_447' title='bbox 2406 2508 2715 2564; x_wconf 89' lang='lat' dir='ltr'><strong>possumus.</strong></span> <span class='ocrx_word' id='word_1_448' title='bbox 2738 2494 2820 2551; x_wconf 81' lang='lat' dir='ltr'><strong>Ad</strong></span> <span class='ocrx_word' id='word_1_449' title='bbox 2847 2496 3003 2568; x_wconf 82' lang='lat' dir='ltr'><strong>cujus</strong></span> <span class='ocrx_word' id='word_1_450' title='bbox 3028 2498 3237 2570; x_wconf 79' lang='lat' dir='ltr'><strong>objecta</strong></span> <span class='ocrx_word' id='word_1_451' title='bbox 3262 2504 3579 2571; x_wconf 87' lang='lat' dir='ltr'><strong>monachus,</strong></span> 
     </span>
    </p>
   </div>
   <div class='ocr_carea' id='block_1_71' title="bbox 1991 2583 3581 2660">
    <p class='ocr_par' dir='ltr' id='par_1_71' title="bbox 1991 2583 3581 2660">
     <span class='ocr_line' id='line_1_71' title="bbox 1991 2583 3581 2660; baseline 0.007 -21"><span class='ocrx_word' id='word_1_452' title='bbox 1991 2584 2119 2656; x_wconf 82' lang='lat' dir='ltr'><strong>quia</strong></span> <span class='ocrx_word' id='word_1_453' title='bbox 2150 2583 2322 2640; x_wconf 86' lang='lat' dir='ltr'><strong>laicus</strong></span> <span class='ocrx_word' id='word_1_454' title='bbox 2358 2592 2462 2649; x_wconf 86' lang='lat' dir='ltr'><strong>est,</strong></span> <span class='ocrx_word' id='word_1_455' title='bbox 2496 2599 2603 2641; x_wconf 91' lang='lat' dir='ltr'><strong>non</strong></span> <span class='ocrx_word' id='word_1_456' title='bbox 2635 2583 2853 2650; x_wconf 90' lang='lat' dir='ltr'><strong>Latina,</strong></span> <span class='ocrx_word' id='word_1_457' title='bbox 2881 2601 3045 2656; x_wconf 88' lang='lat' dir='ltr'><strong>quam</strong></span> <span class='ocrx_word' id='word_1_458' title='bbox 3093 2604 3200 2645; x_wconf 87' lang='lat' dir='ltr'><strong>non</strong></span> <span class='ocrx_word' id='word_1_459' title='bbox 3234 2590 3446 2660; x_wconf 88' lang='lat' dir='ltr'><strong>didicit,</strong></span> <span class='ocrx_word' id='word_1_460' title='bbox 3476 2593 3581 2650; x_wconf 84' lang='lat' dir='ltr'><strong>litt-</strong></span> 
     </span>
    </p>
   </div>
   <div class='ocr_carea' id='block_1_72' title="bbox 1991 2674 3583 2745">
    <p class='ocr_par' dir='ltr' id='par_1_72' title="bbox 1991 2674 3583 2745">
     <span class='ocr_line' id='line_1_72' title="bbox 1991 2674 3583 2745; baseline 0.008 -17"><span class='ocrx_word' id='word_1_461' title='bbox 1991 2674 2239 2745; x_wconf 82' lang='lat' dir='ltr'><strong>gua.-sed</strong></span> <span class='ocrx_word' id='word_1_462' title='bbox 2267 2683 2509 2730; x_wconf 89' lang='lat' dir='ltr'><strong>materna</strong></span> <span class='ocrx_word' id='word_1_463' title='bbox 2551 2676 2862 2745; x_wconf 88' lang='lat' dir='ltr'><strong>respondet,</strong></span> <span class='ocrx_word' id='word_1_464' title='bbox 2887 2688 2944 2733; x_wconf 89' lang='lat' dir='ltr'><strong>et</strong></span> <span class='ocrx_word' id='word_1_465' title='bbox 2969 2678 3101 2735; x_wconf 83' lang='lat' dir='ltr'><strong>dicit</strong></span> <span class='ocrx_word' id='word_1_466' title='bbox 3128 2681 3182 2736; x_wconf 88' lang='lat' dir='ltr'><strong>in</strong></span> <span class='ocrx_word' id='word_1_467' title='bbox 3211 2682 3315 2738; x_wconf 89' lang='lat' dir='ltr'><strong>hoc</strong></span> <span class='ocrx_word' id='word_1_468' title='bbox 3340 2692 3583 2741; x_wconf 62' lang='lat' dir='ltr'><strong>tantum«</strong></span> 
     </span>
    </p>
   </div>
   <div class='ocr_carea' id='block_1_73' title="bbox 1993 2764 3581 2838">
    <p class='ocr_par' dir='ltr' id='par_1_73' title="bbox 1993 2764 3581 2838">
     <span class='ocr_line' id='line_1_73' title="bbox 1993 2764 3581 2838; baseline 0.009 -19"><span class='ocrx_word' id='word_1_469' title='bbox 1993 2765 2153 2820; x_wconf 90' lang='lat' dir='ltr'><strong>modo</strong></span> <span class='ocrx_word' id='word_1_470' title='bbox 2182 2778 2243 2820; x_wconf 92' lang='lat' dir='ltr'><strong>se</strong></span> <span class='ocrx_word' id='word_1_471' title='bbox 2270 2778 2395 2821; x_wconf 86' lang='lat' dir='ltr'><strong>esse</strong></span> <span class='ocrx_word' id='word_1_472' title='bbox 2423 2764 2765 2834; x_wconf 86' lang='lat' dir='ltr'><strong>culpabilem,</strong></span> <span class='ocrx_word' id='word_1_473' title='bbox 2790 2767 2934 2836; x_wconf 87' lang='lat' dir='ltr'><strong>quod</strong></span> <span class='ocrx_word' id='word_1_474' title='bbox 2958 2769 3167 2838; x_wconf 85' lang='lat' dir='ltr'><strong>abbati,</strong></span> <span class='ocrx_word' id='word_1_475' title='bbox 3192 2781 3257 2829; x_wconf 89' lang='lat' dir='ltr'><strong>ut</strong></span> <span class='ocrx_word' id='word_1_476' title='bbox 3297 2790 3360 2831; x_wconf 87' lang='lat' dir='ltr'><strong>se</strong></span> <span class='ocrx_word' id='word_1_477' title='bbox 3384 2776 3581 2833; x_wconf 83' lang='lat' dir='ltr'><strong>absen-</strong></span> 
     </span>
    </p>
   </div>
   <div class='ocr_carea' id='block_1_74' title="bbox 1994 2855 3582 2930">
    <p class='ocr_par' dir='ltr' id='par_1_74' title="bbox 1994 2855 3582 2930">
     <span class='ocr_line' id='line_1_74' title="bbox 1994 2855 3582 2930; baseline 0.009 -21"><span class='ocrx_word' id='word_1_478' title='bbox 1994 2863 2154 2924; x_wconf 86' lang='lat' dir='ltr'><strong>taret,</strong></span> <span class='ocrx_word' id='word_1_479' title='bbox 2184 2855 2514 2928; x_wconf 62' lang='lat' dir='ltr'><strong>praecipienti</strong></span> <span class='ocrx_word' id='word_1_480' title='bbox 2544 2856 2802 2913; x_wconf 81' lang='lat' dir='ltr'><strong>obedivit.</strong></span> <span class='ocrx_word' id='word_1_481' title='bbox 2833 2857 2912 2915; x_wconf 88' lang='lat' dir='ltr'><strong>De</strong></span> <span class='ocrx_word' id='word_1_482' title='bbox 2951 2870 3151 2916; x_wconf 73' lang='lat' dir='ltr'><strong>ctetero</strong></span> <span class='ocrx_word' id='word_1_483' title='bbox 3187 2873 3368 2920; x_wconf 71' lang='lat' dir='ltr'><strong>autem</strong></span> <span class='ocrx_word' id='word_1_484' title='bbox 3387 2906 3402 2930; x_wconf 92' lang='lat'><strong>,</strong></span> <span class='ocrx_word' id='word_1_485' title='bbox 3434 2873 3582 2924; x_wconf 80' lang='lat' dir='ltr'><strong>sicut</strong></span> 
     </span>
    </p>
   </div>
   <div class='ocr_carea' id='block_1_75' title="bbox 1993 2945 3584 3022">
    <p class='ocr_par' dir='ltr' id='par_1_75' title="bbox 1993 2945 3584 3022">
     <span class='ocr_line' id='line_1_75' title="bbox 1993 2945 3584 3022; baseline 0.008 -22"><span class='ocrx_word' id='word_1_486' title='bbox 1993 2946 2048 3001; x_wconf 85' lang='lat' dir='ltr'><strong>in</strong></span> <span class='ocrx_word' id='word_1_487' title='bbox 2074 2947 2175 3001; x_wconf 85' lang='lat' dir='ltr'><strong>hoc</strong></span> <span class='ocrx_word' id='word_1_488' title='bbox 2212 2946 2387 3002; x_wconf 83' lang='lat' dir='ltr'><strong>solum</strong></span> <span class='ocrx_word' id='word_1_489' title='bbox 2414 2945 2698 3002; x_wconf 79' lang='lat' dir='ltr'><strong>sel‘atetur</strong></span> <span class='ocrx_word' id='word_1_490' title='bbox 2724 2962 2849 3005; x_wconf 83' lang='lat' dir='ltr'><strong>esse</strong></span> <span class='ocrx_word' id='word_1_491' title='bbox 2880 2950 3235 3022; x_wconf 84' lang='lat' dir='ltr'><strong>culpabilem;</strong></span> <span class='ocrx_word' id='word_1_492' title='bbox 3277 2954 3351 3010; x_wconf 89' lang='lat' dir='ltr'><strong>ita</strong></span> <span class='ocrx_word' id='word_1_493' title='bbox 3398 2972 3459 3012; x_wconf 88' lang='lat' dir='ltr'><strong>se</strong></span> <span class='ocrx_word' id='word_1_494' title='bbox 3499 2958 3584 3013; x_wconf 86' lang='lat' dir='ltr'><strong>in-</strong></span> 
     </span>
    </p>
   </div>
   <div class='ocr_carea' id='block_1_76' title="bbox 1991 3037 3583 3116">
    <p class='ocr_par' dir='ltr' id='par_1_76' title="bbox 1991 3037 3583 3116">
     <span class='ocr_line' id='line_1_76' title="bbox 1991 3037 3583 3116; baseline 0.008 -23"><span class='ocrx_word' id='word_1_495' title='bbox 1991 3038 2316 3109; x_wconf 84' lang='lat' dir='ltr'><strong>culpabilem</strong></span> <span class='ocrx_word' id='word_1_496' title='bbox 2348 3050 2453 3092; x_wconf 89' lang='lat' dir='ltr'><strong>non</strong></span> <span class='ocrx_word' id='word_1_497' title='bbox 2486 3037 2685 3109; x_wconf 79' lang='lat' dir='ltr'><strong>refugit</strong></span> <span class='ocrx_word' id='word_1_498' title='bbox 2715 3039 2771 3094; x_wconf 90' lang='lat' dir='ltr'><strong>in</strong></span> <span class='ocrx_word' id='word_1_499' title='bbox 2801 3041 2952 3095; x_wconf 88' lang='lat' dir='ltr'><strong>curia</strong></span> <span class='ocrx_word' id='word_1_500' title='bbox 2984 3051 3162 3098; x_wconf 85' lang='lat' dir='ltr'><strong>vestra</strong></span> <span class='ocrx_word' id='word_1_501' title='bbox 3182 3048 3493 3116; x_wconf 83' lang='lat' dir='ltr'><strong>ostendere,</strong></span> <span class='ocrx_word' id='word_1_502' title='bbox 3524 3059 3583 3107; x_wconf 79' lang='lat' dir='ltr'><strong>ct</strong></span> 
     </span>
    </p>
   </div>
   <div class='ocr_carea' id='block_1_77' title="bbox 1993 3131 3582 3208">
    <p class='ocr_par' dir='ltr' id='par_1_77' title="bbox 1993 3131 3582 3208">
     <span class='ocr_line' id='line_1_77' title="bbox 1993 3131 3582 3208; baseline 0.009 -21"><span class='ocrx_word' id='word_1_503' title='bbox 1993 3132 2279 3187; x_wconf 85' lang='lat' dir='ltr'><strong>seductum</strong></span> <span class='ocrx_word' id='word_1_504' title='bbox 2309 3131 2489 3201; x_wconf 90' lang='lat' dir='ltr'><strong>potius</strong></span> <span class='ocrx_word' id='word_1_505' title='bbox 2522 3143 2684 3201; x_wconf 89' lang='lat' dir='ltr'><strong>quam</strong></span> <span class='ocrx_word' id='word_1_506' title='bbox 2729 3131 3073 3190; x_wconf 81' lang='lat' dir='ltr'><strong>seductorem</strong></span> <span class='ocrx_word' id='word_1_507' title='bbox 3110 3134 3297 3194; x_wconf 75' lang='lat' dir='ltr'><strong>fuisse.</strong></span> <span class='ocrx_word' id='word_1_508' title='bbox 3330 3139 3486 3208; x_wconf 80' lang='lat' dir='ltr'><strong>Quod</strong></span> <span class='ocrx_word' id='word_1_509' title='bbox 3531 3144 3582 3201; x_wconf 87' lang='lat' dir='ltr'><strong>si</strong></span> 
     </span>
    </p>
   </div>
   <div class='ocr_carea' id='block_1_78' title="bbox 1998 3222 3582 3304">
    <p class='ocr_par' dir='ltr' id='par_1_78' title="bbox 1998 3222 3582 3304">
     <span class='ocr_line' id='line_1_78' title="bbox 1998 3222 3582 3304; baseline 0.007 -26"><span class='ocrx_word' id='word_1_510' title='bbox 1998 3238 2183 3279; x_wconf 89' lang='lat' dir='ltr'><strong>verum</strong></span> <span class='ocrx_word' id='word_1_511' title='bbox 2207 3233 2313 3289; x_wconf 85' lang='lat' dir='ltr'><strong>est,</strong></span> <span class='ocrx_word' id='word_1_512' title='bbox 2339 3222 2448 3280; x_wconf 90' lang='lat' dir='ltr'><strong>imo</strong></span> <span class='ocrx_word' id='word_1_513' title='bbox 2477 3222 2604 3292; x_wconf 90' lang='lat' dir='ltr'><strong>quia</strong></span> <span class='ocrx_word' id='word_1_514' title='bbox 2626 3236 2812 3279; x_wconf 87' lang='lat' dir='ltr'><strong>verum</strong></span> <span class='ocrx_word' id='word_1_515' title='bbox 2827 3240 2950 3282; x_wconf 84' lang='lat' dir='ltr'><strong>esse</strong></span> <span class='ocrx_word' id='word_1_516' title='bbox 2966 3226 3080 3297; x_wconf 81' lang='lat' dir='ltr'><strong>jam</strong></span> <span class='ocrx_word' id='word_1_517' title='bbox 3108 3242 3175 3283; x_wconf 79' lang='lat' dir='ltr'><strong>ex</strong></span> <span class='ocrx_word' id='word_1_518' title='bbox 3201 3239 3356 3300; x_wconf 88' lang='lat' dir='ltr'><strong>parte</strong></span> <span class='ocrx_word' id='word_1_519' title='bbox 3376 3248 3582 3304; x_wconf 79' lang='lat' dir='ltr'><strong>cogno-</strong></span> 
     </span>
    </p>
   </div>
   <div class='ocr_carea' id='block_1_79' title="bbox 1992 3316 3576 3393">
    <p class='ocr_par' dir='ltr' id='par_1_79' title="bbox 1992 3316 3576 3393">
     <span class='ocr_line' id='line_1_79' title="bbox 1992 3316 3576 3393; baseline 0.007 -22"><span class='ocrx_word' id='word_1_520' title='bbox 1992 3317 2192 3381; x_wconf 83' lang='lat' dir='ltr'><strong>vimus,</strong></span> <span class='ocrx_word' id='word_1_521' title='bbox 2223 3316 2390 3371; x_wconf 88' lang='lat' dir='ltr'><strong>abbas</strong></span> <span class='ocrx_word' id='word_1_522' title='bbox 2409 3322 2600 3371; x_wconf 82' lang='lat' dir='ltr'><strong>contra</strong></span> <span class='ocrx_word' id='word_1_523' title='bbox 2624 3329 2725 3370; x_wconf 90' lang='lat' dir='ltr'><strong>nos</strong></span> <span class='ocrx_word' id='word_1_524' title='bbox 2748 3330 2848 3372; x_wconf 90' lang='lat' dir='ltr'><strong>nec</strong></span> <span class='ocrx_word' id='word_1_525' title='bbox 2873 3317 3140 3391; x_wconf 86' lang='lat' dir='ltr'><strong>indignari</strong></span> <span class='ocrx_word' id='word_1_526' title='bbox 3158 3321 3576 3393; x_wconf 73' lang='lat' dir='ltr'><strong>rationabili&#39;er,</strong></span> 
     </span>
    </p>
   </div>
   <div class='ocr_carea' id='block_1_80' title="bbox 1994 3403 3578 3479">
    <p class='ocr_par' dir='ltr' id='par_1_80' title="bbox 1994 3403 3578 3479">
     <span class='ocr_line' id='line_1_80' title="bbox 1994 3403 3578 3479; baseline 0.007 -18"><span class='ocrx_word' id='word_1_527' title='bbox 1994 3405 2262 3474; x_wconf 88' lang='lat' dir='ltr'><strong>uecjuste</strong></span> <span class='ocrx_word' id='word_1_528' title='bbox 2290 3405 2357 3461; x_wconf 90' lang='lat' dir='ltr'><strong>de</strong></span> <span class='ocrx_word' id='word_1_529' title='bbox 2380 3403 2538 3461; x_wconf 88' lang='lat' dir='ltr'><strong>nobis</strong></span> <span class='ocrx_word' id='word_1_530' title='bbox 2554 3407 2820 3477; x_wconf 85' lang='lat' dir='ltr'><strong>conqueri</strong></span> <span class='ocrx_word' id='word_1_531' title='bbox 2858 3409 3059 3479; x_wconf 87' lang='lat' dir='ltr'><strong>potuit,</strong></span> <span class='ocrx_word' id='word_1_532' title='bbox 3095 3410 3141 3465; x_wconf 83' lang='lat' dir='ltr'><strong>si</strong></span> <span class='ocrx_word' id='word_1_533' title='bbox 3176 3411 3421 3469; x_wconf 80' lang='lat' dir='ltr'><strong>veritatis</strong></span> <span class='ocrx_word' id='word_1_534' title='bbox 3446 3431 3578 3472; x_wconf 83' lang='lat' dir='ltr'><strong>cau-</strong></span> 
     </span>
    </p>
   </div>
   <div class='ocr_carea' id='block_1_81' title="bbox 1991 3495 3579 3575">
    <p class='ocr_par' dir='ltr' id='par_1_81' title="bbox 1991 3495 3579 3575">
     <span class='ocr_line' id='line_1_81' title="bbox 1991 3495 3579 3575; baseline 0.007 -22"><span class='ocrx_word' id='word_1_535' title='bbox 1991 3513 2109 3553; x_wconf 89' lang='lat' dir='ltr'><strong>sam</strong></span> <span class='ocrx_word' id='word_1_536' title='bbox 2151 3498 2503 3553; x_wconf 86' lang='lat' dir='ltr'><strong>sustinemus.</strong></span> <span class='ocrx_word' id='word_1_537' title='bbox 2533 3495 2670 3552; x_wconf 88' lang='lat' dir='ltr'><strong>Cum</strong></span> <span class='ocrx_word' id='word_1_538' title='bbox 2706 3497 2852 3555; x_wconf 85' lang='lat' dir='ltr'><strong>enim</strong></span> <span class='ocrx_word' id='word_1_539' title='bbox 2895 3499 3147 3558; x_wconf 87' lang='lat' dir='ltr'><strong>Christus</strong></span> <span class='ocrx_word' id='word_1_540' title='bbox 3174 3501 3249 3560; x_wconf 86' lang='lat' dir='ltr'><strong>sit</strong></span> <span class='ocrx_word' id='word_1_541' title='bbox 3277 3504 3502 3575; x_wconf 88' lang='lat' dir='ltr'><strong>veritas,</strong></span> <span class='ocrx_word' id='word_1_542' title='bbox 3530 3511 3579 3566; x_wconf 86' lang='lat' dir='ltr'><strong>si</strong></span> 
     </span>
    </p>
   </div>
   <div class='ocr_carea' id='block_1_82' title="bbox 1992 3586 3570 3657">
    <p class='ocr_par' dir='ltr' id='par_1_82' title="bbox 1992 3586 3570 3657">
     <span class='ocr_line' id='line_1_82' title="bbox 1992 3586 3570 3657; baseline 0.004 -11"><span class='ocrx_word' id='word_1_543' title='bbox 1992 3590 2047 3646; x_wconf 90' lang='lat' dir='ltr'><strong>in</strong></span> <span class='ocrx_word' id='word_1_544' title='bbox 2067 3589 2286 3647; x_wconf 84' lang='lat' dir='ltr'><strong>Christo</strong></span> <span class='ocrx_word' id='word_1_545' title='bbox 2308 3602 2532 3645; x_wconf 86' lang='lat' dir='ltr'><strong>manere</strong></span> <span class='ocrx_word' id='word_1_546' title='bbox 2567 3586 2837 3656; x_wconf 87' lang='lat' dir='ltr'><strong>volumus,</strong></span> <span class='ocrx_word' id='word_1_547' title='bbox 2876 3603 3098 3648; x_wconf 74' lang='lat' dir='ltr'><strong>necesse</strong></span> <span class='ocrx_word' id='word_1_548' title='bbox 3128 3602 3212 3649; x_wconf 89' lang='lat' dir='ltr'><strong>est</strong></span> <span class='ocrx_word' id='word_1_549' title='bbox 3242 3604 3302 3649; x_wconf 89' lang='lat' dir='ltr'><strong>ut</strong></span> <span class='ocrx_word' id='word_1_550' title='bbox 3331 3595 3385 3650; x_wconf 91' lang='lat' dir='ltr'><strong>in</strong></span> <span class='ocrx_word' id='word_1_551' title='bbox 3421 3599 3570 3657; x_wconf 70' lang='lat' dir='ltr'><strong>veri-</strong></span> 
     </span>
    </p>
   </div>
   <div class='ocr_carea' id='block_1_83' title="bbox 1992 3678 3580 3757">
    <p class='ocr_par' dir='ltr' id='par_1_83' title="bbox 1992 3678 3580 3757">
     <span class='ocr_line' id='line_1_83' title="bbox 1992 3678 3580 3757; baseline 0.006 -22"><span class='ocrx_word' id='word_1_552' title='bbox 1992 3689 2108 3736; x_wconf 86' lang='lat' dir='ltr'><strong>tate</strong></span> <span class='ocrx_word' id='word_1_553' title='bbox 2156 3694 2518 3743; x_wconf 85' lang='lat' dir='ltr'><strong>maneamus,</strong></span> <span class='ocrx_word' id='word_1_554' title='bbox 2564 3688 2620 3734; x_wconf 88' lang='lat' dir='ltr'><strong>et</strong></span> <span class='ocrx_word' id='word_1_555' title='bbox 2665 3694 2767 3750; x_wconf 90' lang='lat' dir='ltr'><strong>pro</strong></span> <span class='ocrx_word' id='word_1_556' title='bbox 2807 3678 3032 3739; x_wconf 88' lang='lat' dir='ltr'><strong>veritate</strong></span> <span class='ocrx_word' id='word_1_557' title='bbox 3075 3683 3244 3740; x_wconf 86' lang='lat' dir='ltr'><strong>etiam</strong></span> <span class='ocrx_word' id='word_1_558' title='bbox 3288 3701 3458 3757; x_wconf 89' lang='lat' dir='ltr'><strong>usque</strong></span> <span class='ocrx_word' id='word_1_559' title='bbox 3508 3689 3580 3745; x_wconf 84' lang='lat' dir='ltr'><strong>ad</strong></span> 
     </span>
    </p>
   </div>
   <div class='ocr_carea' id='block_1_84' title="bbox 1992 3766 3573 3846">
    <p class='ocr_par' dir='ltr' id='par_1_84' title="bbox 1992 3766 3573 3846">
     <span class='ocr_line' id='line_1_84' title="bbox 1992 3766 3573 3846; baseline 0.008 -24"><span class='ocrx_word' id='word_1_560' title='bbox 1992 3776 2244 3837; x_wconf 87' lang='lat' dir='ltr'><strong>mortem,</strong></span> <span class='ocrx_word' id='word_1_561' title='bbox 2272 3768 2318 3824; x_wconf 88' lang='lat' dir='ltr'><strong>si</strong></span> <span class='ocrx_word' id='word_1_562' title='bbox 2344 3784 2481 3840; x_wconf 88' lang='lat' dir='ltr'><strong>opus</strong></span> <span class='ocrx_word' id='word_1_563' title='bbox 2510 3766 2692 3835; x_wconf 80' lang='lat' dir='ltr'><strong>fuerit,</strong></span> <span class='ocrx_word' id='word_1_564' title='bbox 2710 3770 3069 3828; x_wconf 88' lang='lat' dir='ltr'><strong>decertemus.</strong></span> <span class='ocrx_word' id='word_1_565' title='bbox 3097 3773 3252 3841; x_wconf 86' lang='lat' dir='ltr'><strong>Quod</strong></span> <span class='ocrx_word' id='word_1_566' title='bbox 3278 3777 3573 3846; x_wconf 81' lang='lat' dir='ltr'><strong>praedictus</strong></span> 
     </span>
    </p>
   </div>
   <div class='ocr_carea' id='block_1_85' title="bbox 1992 3857 3580 3937">
    <p class='ocr_par' dir='ltr' id='par_1_85' title="bbox 1992 3857 3580 3937">
     <span class='ocr_line' id='line_1_85' title="bbox 1992 3857 3580 3937; baseline 0.009 -26"><span class='ocrx_word' id='word_1_567' title='bbox 1992 3857 2162 3912; x_wconf 81' lang='lat' dir='ltr'><strong>abbas</strong></span> <span class='ocrx_word' id='word_1_568' title='bbox 2183 3858 2295 3928; x_wconf 84' lang='lat' dir='ltr'><strong>jam</strong></span> <span class='ocrx_word' id='word_1_569' title='bbox 2323 3859 2524 3914; x_wconf 87' lang='lat' dir='ltr'><strong>dictum</strong></span> <span class='ocrx_word' id='word_1_570' title='bbox 2556 3860 2880 3915; x_wconf 85' lang='lat' dir='ltr'><strong>monachum</strong></span> <span class='ocrx_word' id='word_1_571' title='bbox 2925 3864 3184 3919; x_wconf 87' lang='lat' dir='ltr'><strong>admonet</strong></span> <span class='ocrx_word' id='word_1_572' title='bbox 3216 3865 3398 3937; x_wconf 75' lang='lat'><strong>112,</strong></span> <span class='ocrx_word' id='word_1_573' title='bbox 3430 3877 3489 3923; x_wconf 91' lang='lat' dir='ltr'><strong>ut</strong></span> <span class='ocrx_word' id='word_1_574' title='bbox 3517 3884 3580 3925; x_wconf 88' lang='lat' dir='ltr'><strong>se</strong></span> 
     </span>
    </p>
   </div>
   <div class='ocr_carea' id='block_1_86' title="bbox 1994 3952 3579 4026">
    <p class='ocr_par' dir='ltr' id='par_1_86' title="bbox 1994 3952 3579 4026">
     <span class='ocr_line' id='line_1_86' title="bbox 1994 3952 3579 4026; baseline 0.009 -25"><span class='ocrx_word' id='word_1_575' title='bbox 1994 3956 2324 4015; x_wconf 83' lang='lat' dir='ltr'><strong>revertatur,</strong></span> <span class='ocrx_word' id='word_1_576' title='bbox 2351 3957 2408 4004; x_wconf 88' lang='lat' dir='ltr'><strong>et</strong></span> <span class='ocrx_word' id='word_1_577' title='bbox 2427 3963 2578 4013; x_wconf 84' lang='lat' dir='ltr'><strong>eum,</strong></span> <span class='ocrx_word' id='word_1_578' title='bbox 2609 3959 2769 4020; x_wconf 84' lang='lat' dir='ltr'><strong>quem</strong></span> <span class='ocrx_word' id='word_1_579' title='bbox 2799 3952 2920 4007; x_wconf 88' lang='lat' dir='ltr'><strong>sine</strong></span> <span class='ocrx_word' id='word_1_580' title='bbox 2945 3967 3108 4010; x_wconf 84' lang='lat' dir='ltr'><strong>causa</strong></span> <span class='ocrx_word' id='word_1_581' title='bbox 3137 3955 3354 4026; x_wconf 87' lang='lat' dir='ltr'><strong>publice</strong></span> <span class='ocrx_word' id='word_1_582' title='bbox 3389 3961 3579 4016; x_wconf 88' lang='lat' dir='ltr'><strong>crimi-</strong></span> 
     </span>
    </p>
   </div>
   <div class='ocr_carea' id='block_1_87' title="bbox 1994 4044 3581 4119">
    <p class='ocr_par' dir='ltr' id='par_1_87' title="bbox 1994 4044 3581 4119">
     <span class='ocr_line' id='line_1_87' title="bbox 1994 4044 3581 4119; baseline 0.008 -22"><span class='ocrx_word' id='word_1_583' title='bbox 1994 4048 2157 4097; x_wconf 84' lang='lat' dir='ltr'><strong>natus</strong></span> <span class='ocrx_word' id='word_1_584' title='bbox 2179 4050 2284 4110; x_wconf 88' lang='lat' dir='ltr'><strong>est,</strong></span> <span class='ocrx_word' id='word_1_585' title='bbox 2310 4044 2411 4100; x_wconf 89' lang='lat' dir='ltr'><strong>sub</strong></span> <span class='ocrx_word' id='word_1_586' title='bbox 2438 4051 2707 4114; x_wconf 83' lang='lat' dir='ltr'><strong>potestate</strong></span> <span class='ocrx_word' id='word_1_587' title='bbox 2728 4060 2828 4101; x_wconf 90' lang='lat' dir='ltr'><strong>sua</strong></span> <span class='ocrx_word' id='word_1_588' title='bbox 2847 4061 2972 4119; x_wconf 83' lang='lat' dir='ltr'><strong>esse</strong></span> <span class='ocrx_word' id='word_1_589' title='bbox 2998 4056 3251 4115; x_wconf 88' lang='lat' dir='ltr'><strong>conatur,</strong></span> <span class='ocrx_word' id='word_1_590' title='bbox 3276 4050 3382 4107; x_wconf 89' lang='lat' dir='ltr'><strong>hoc</strong></span> <span class='ocrx_word' id='word_1_591' title='bbox 3415 4067 3581 4109; x_wconf 92' lang='lat' dir='ltr'><strong>cano-</strong></span> 
     </span>
    </p>
   </div>
   <div class='ocr_carea' id='block_1_88' title="bbox 1993 4135 3582 4210">
    <p class='ocr_par' dir='ltr' id='par_1_88' title="bbox 1993 4135 3582 4210">
     <span class='ocr_line' id='line_1_88' title="bbox 1993 4135 3582 4210; baseline 0.009 -20"><span class='ocrx_word' id='word_1_592' title='bbox 1993 4137 2119 4191; x_wconf 90' lang='lat' dir='ltr'><strong>nica</strong></span> <span class='ocrx_word' id='word_1_593' title='bbox 2164 4135 2308 4190; x_wconf 86' lang='lat' dir='ltr'><strong>ratio</strong></span> <span class='ocrx_word' id='word_1_594' title='bbox 2342 4136 2618 4206; x_wconf 86' lang='lat' dir='ltr'><strong>prohibet,</strong></span> <span class='ocrx_word' id='word_1_595' title='bbox 2664 4151 2774 4192; x_wconf 86' lang='lat' dir='ltr'><strong>non</strong></span> <span class='ocrx_word' id='word_1_596' title='bbox 2809 4138 3074 4210; x_wconf 68' lang='lat' dir='ltr'><strong>praecipit,</strong></span> <span class='ocrx_word' id='word_1_597' title='bbox 3126 4155 3229 4198; x_wconf 90' lang='lat' dir='ltr'><strong>nec</strong></span> <span class='ocrx_word' id='word_1_598' title='bbox 3276 4147 3582 4206; x_wconf 80' lang='lat' dir='ltr'><strong>monastica</strong></span> 
     </span>
    </p>
   </div>
   <div class='ocr_carea' id='block_1_89' title="bbox 1994 4224 3583 4301">
    <p class='ocr_par' dir='ltr' id='par_1_89' title="bbox 1994 4224 3583 4301">
     <span class='ocr_line' id='line_1_89' title="bbox 1994 4224 3583 4301; baseline 0.008 -20"><span class='ocrx_word' id='word_1_599' title='bbox 1994 4224 2186 4297; x_wconf 86' lang='lat' dir='ltr'><strong>religio</strong></span> <span class='ocrx_word' id='word_1_600' title='bbox 2205 4225 2369 4296; x_wconf 86' lang='lat' dir='ltr'><strong>cogit.</strong></span> <span class='ocrx_word' id='word_1_601' title='bbox 2405 4224 2562 4280; x_wconf 83' lang='lat' dir='ltr'><strong>Absit</strong></span> <span class='ocrx_word' id='word_1_602' title='bbox 2580 4224 2730 4280; x_wconf 83' lang='lat' dir='ltr'><strong>enim</strong></span> <span class='ocrx_word' id='word_1_603' title='bbox 2761 4236 2822 4283; x_wconf 90' lang='lat' dir='ltr'><strong>ut</strong></span> <span class='ocrx_word' id='word_1_604' title='bbox 2867 4227 3055 4301; x_wconf 87' lang='lat' dir='ltr'><strong>religio</strong></span> <span class='ocrx_word' id='word_1_605' title='bbox 3084 4233 3387 4291; x_wconf 88' lang='lat' dir='ltr'><strong>monastiea</strong></span> <span class='ocrx_word' id='word_1_606' title='bbox 3416 4252 3583 4293; x_wconf 88' lang='lat' dir='ltr'><strong>cano-</strong></span> 
     </span>
    </p>
   </div>
   <div class='ocr_carea' id='block_1_90' title="bbox 1994 4315 3584 4384">
    <p class='ocr_par' dir='ltr' id='par_1_90' title="bbox 1994 4315 3584 4384">
     <span class='ocr_line' id='line_1_90' title="bbox 1994 4315 3584 4384; baseline 0.008 -12"><span class='ocrx_word' id='word_1_607' title='bbox 1994 4317 2130 4373; x_wconf 86' lang='lat' dir='ltr'><strong>nicae</strong></span> <span class='ocrx_word' id='word_1_608' title='bbox 2156 4316 2373 4372; x_wconf 86' lang='lat' dir='ltr'><strong>veritati</strong></span> <span class='ocrx_word' id='word_1_609' title='bbox 2411 4315 2717 4373; x_wconf 84' lang='lat' dir='ltr'><strong>inveniatur</strong></span> <span class='ocrx_word' id='word_1_610' title='bbox 2750 4321 3053 4378; x_wconf 88' lang='lat' dir='ltr'><strong>contraria!</strong></span> <span class='ocrx_word' id='word_1_611' title='bbox 3102 4322 3158 4378; x_wconf 89' lang='lat' dir='ltr'><strong>In</strong></span> <span class='ocrx_word' id='word_1_612' title='bbox 3185 4325 3413 4383; x_wconf 87' lang='lat' dir='ltr'><strong>secretis</strong></span> <span class='ocrx_word' id='word_1_613' title='bbox 3456 4344 3584 4384; x_wconf 78' lang='lat' dir='ltr'><strong>san—</strong></span> 
     </span>
    </p>
   </div>
   <div class='ocr_carea' id='block_1_91' title="bbox 1991 4402 3584 4491">
    <p class='ocr_par' dir='ltr' id='par_1_91' title="bbox 1991 4402 3584 4491">
     <span class='ocr_line' id='line_1_91' title="bbox 1991 4402 3584 4491; baseline 0.006 -25"><span class='ocrx_word' id='word_1_614' title='bbox 1991 4407 2222 4466; x_wconf 88' lang='lat' dir='ltr'><strong>ctissimi</strong></span> <span class='ocrx_word' id='word_1_615' title='bbox 2270 4402 2466 4464; x_wconf 83' lang='lat' dir='ltr'><strong>Felicis</strong></span> <span class='ocrx_word' id='word_1_616' title='bbox 2518 4421 2672 4480; x_wconf 58' lang='lat' dir='ltr'><strong>papae</strong></span> <span class='ocrx_word' id='word_1_617' title='bbox 2720 4411 2919 4481; x_wconf 89' lang='lat' dir='ltr'><strong>prioris</strong></span> <span class='ocrx_word' id='word_1_618' title='bbox 2949 4412 3099 4486; x_wconf 71' lang='lat'><strong>(196)</strong></span> <span class='ocrx_word' id='word_1_619' title='bbox 3158 4414 3388 4488; x_wconf 87' lang='lat' dir='ltr'><strong>legitur;</strong></span> <span class='ocrx_word' id='word_1_620' title='bbox 3437 4422 3584 4491; x_wconf 86' lang='lat' dir='ltr'><strong>quod</strong></span> 
     </span>
    </p>
   </div>
   <div class='ocr_carea' id='block_1_92' title="bbox 386 4512 1890 4627">
    <p class='ocr_par' dir='ltr' id='par_1_92' title="bbox 386 4539 1890 4627">
     <span class='ocr_line' id='line_1_92' title="bbox 386 4539 1890 4627; baseline -0.002 -25"><span class='ocrx_word' id='word_1_621' title='bbox 386 4543 554 4627; x_wconf 57' lang='grc' dir='ltr'><strong>(ωε)</strong></span> <span class='ocrx_word' id='word_1_622' title='bbox 602 4543 854 4599; x_wconf 85' lang='lat' dir='ltr'><strong>Comitem</strong></span> <span class='ocrx_word' id='word_1_623' title='bbox 908 4553 1157 4599; x_wconf 82' lang='lat' dir='ltr'><strong>vestrum.</strong></span> <span class='ocrx_word' id='word_1_624' title='bbox 1214 4539 1509 4601; x_wconf 87' lang='lat' dir='ltr'><strong>Fulconcm</strong></span> <span class='ocrx_word' id='word_1_625' title='bbox 1568 4543 1636 4611; x_wconf 69' lang='grc' dir='ltr'><strong>γ,</strong></span> <span class='ocrx_word' id='word_1_626' title='bbox 1694 4544 1789 4603; x_wconf 85' lang='lat' dir='ltr'><strong>lib.</strong></span> <span class='ocrx_word' id='word_1_627' title='bbox 1840 4560 1890 4607; x_wconf 82' lang='grc' dir='ltr'><strong>ι,</strong></span> 
     </span>
    </p>
   </div>
   <div class='ocr_carea' id='block_1_93' title="bbox 1995 4512 3583 4627">
    <p class='ocr_par' dir='ltr' id='par_1_93' title="bbox 1997 4543 3583 4627">
     <span class='ocr_line' id='line_1_93' title="bbox 1997 4543 3583 4627; baseline 0.009 -29"><span class='ocrx_word' id='word_1_628' title='bbox 1997 4543 2165 4609; x_wconf 80' lang='lat' dir='ltr'><strong>stitui,</strong></span> <span class='ocrx_word' id='word_1_629' title='bbox 2205 4553 2361 4625; x_wconf 71' lang='lat' dir='ltr'><strong>atque</strong></span> <span class='ocrx_word' id='word_1_630' title='bbox 2383 4544 2458 4599; x_wconf 76' lang='lat' dir='ltr'><strong>ad</strong></span> <span class='ocrx_word' id='word_1_631' title='bbox 2484 4543 2714 4627; x_wconf 65' lang='lat' dir='ltr'><strong>fratrum</strong></span> <span class='ocrx_word' id='word_1_632' title='bbox 2735 4550 3182 4627; x_wconf 63' lang='lat' dir='ltr'><strong>sustentationem,</strong></span> <span class='ocrx_word' id='word_1_633' title='bbox 3210 4561 3367 4624; x_wconf 82' lang='lat' dir='ltr'><strong>atque</strong></span> <span class='ocrx_word' id='word_1_634' title='bbox 3384 4571 3583 4627; x_wconf 79' lang='lat' dir='ltr'><strong>paupe-</strong></span> 
     </span>
    </p>
   </div>
   <div class='ocr_carea' id='block_1_94' title="bbox 309 4614 553 4673">
    <p class='ocr_par' dir='ltr' id='par_1_94' title="bbox 309 4614 553 4673">
     <span class='ocr_line' id='line_1_94' title="bbox 309 4614 553 4673; baseline -0.02 0"><span class='ocrx_word' id='word_1_635' title='bbox 309 4614 473 4673; x_wconf 55' lang='lat' dir='ltr'><strong>eni&#39;st.</strong></span> <span class='ocrx_word' id='word_1_636' title='bbox 497 4614 553 4669; x_wconf 57' lang='grc' dir='ltr'><strong>ει»</strong></span> 
     </span>
    </p>
   </div>
   <div class='ocr_carea' id='block_1_95' title="bbox 347 4634 1893 4758">
    <p class='ocr_par' dir='ltr' id='par_1_95' title="bbox 347 4634 1893 4758">
     <span class='ocr_line' id='line_1_95' title="bbox 347 4634 1893 4758; baseline -0.001 -16"><span class='ocrx_word' id='word_1_637' title='bbox 347 4634 1434 4758; x_wconf 21' lang='grc' dir='ltr'><strong>ρὶξιέῶᾌὺὺαρμδεΝξςοιαὶ.λῐέειηιὴθιδιιις,</strong></span> <span class='ocrx_word' id='word_1_638' title='bbox 1457 4682 1549 4754; x_wconf 88' lang='lat' dir='ltr'><strong>qui</strong></span> <span class='ocrx_word' id='word_1_639' title='bbox 1578 4682 1753 4758; x_wconf 83' lang='lat' dir='ltr'><strong>N_alali</strong></span> <span class='ocrx_word' id='word_1_640' title='bbox 1777 4699 1893 4758; x_wconf 83' lang='lat' dir='ltr'><strong>suc-</strong></span> 
     </span>
    </p>
   </div>
   <div class='ocr_carea' id='block_1_96' title="bbox 311 4752 1894 4818">
    <p class='ocr_par' dir='ltr' id='par_1_96' title="bbox 311 4752 1894 4818">
     <span class='ocr_line' id='line_1_96' title="bbox 311 4752 1894 4818; baseline -0.004 -3"><span class='ocrx_word' id='word_1_641' title='bbox 311 4752 483 4815; x_wconf 83' lang='lat' dir='ltr'><strong>cessit</strong></span> <span class='ocrx_word' id='word_1_642' title='bbox 509 4752 653 4809; x_wconf 82' lang='lat' dir='ltr'><strong>anuo</strong></span> <span class='ocrx_word' id='word_1_643' title='bbox 697 4753 851 4809; x_wconf 74' lang='grc'>1096.</span> <span class='ocrx_word' id='word_1_644' title='bbox 884 4752 1134 4810; x_wconf 80' lang='lat' dir='ltr'><strong>Monachi</strong></span> <span class='ocrx_word' id='word_1_645' title='bbox 1161 4769 1289 4809; x_wconf 86' lang='lat' dir='ltr'><strong>vero</strong></span> <span class='ocrx_word' id='word_1_646' title='bbox 1336 4752 1558 4818; x_wconf 82' lang='lat' dir='ltr'><strong>nomen,</strong></span> <span class='ocrx_word' id='word_1_647' title='bbox 1606 4754 1894 4811; x_wconf 82' lang='lat' dir='ltr'><strong>Savaricus</strong></span> 
     </span>
    </p>
   </div>
   <div class='ocr_carea' id='block_1_97' title="bbox 309 4820 1894 4900">
    <p class='ocr_par' dir='ltr' id='par_1_97' title="bbox 309 4820 1894 4900">
     <span class='ocr_line' id='line_1_97' title="bbox 309 4820 1894 4900; baseline -0.004 -14"><span class='ocrx_word' id='word_1_648' title='bbox 309 4826 542 4900; x_wconf 85' lang='lat' dir='ltr'><strong>cpistola</strong></span> <span class='ocrx_word' id='word_1_649' title='bbox 571 4824 837 4900; x_wconf 78' lang='lat' dir='ltr'><strong>sequenti.</strong></span> <span class='ocrx_word' id='word_1_650' title='bbox 860 4820 1180 4900; x_wconf 50' lang='lat' dir='ltr'><strong>Cataoniam</strong></span> <span class='ocrx_word' id='word_1_651' title='bbox 1212 4823 1270 4900; x_wconf 88' lang='lat' dir='ltr'><strong>S_.</strong></span> <span class='ocrx_word' id='word_1_652' title='bbox 1306 4824 1508 4900; x_wconf 82' lang='lat' dir='ltr'><strong>Nicolai</strong></span> <span class='ocrx_word' id='word_1_653' title='bbox 1531 4824 1597 4878; x_wconf 86' lang='lat' dir='ltr'><strong>ad</strong></span> <span class='ocrx_word' id='word_1_654' title='bbox 1622 4824 1894 4900; x_wconf 81' lang='lat' dir='ltr'><strong>lulioma-</strong></span> 
     </span>
    </p>
   </div>
   <div class='ocr_carea' id='block_1_98' title="bbox 311 4893 1895 4970">
    <p class='ocr_par' dir='ltr' id='par_1_98' title="bbox 311 4893 1895 4970">
     <span class='ocr_line' id='line_1_98' title="bbox 311 4893 1895 4970; baseline 0.001 -23"><span class='ocrx_word' id='word_1_655' title='bbox 311 4893 902 4970; x_wconf 65' lang='lat' dir='ltr'><strong>ginn__Andegavorutn</strong></span> <span class='ocrx_word' id='word_1_656' title='bbox 954 4895 1006 4948; x_wconf 92' lang='lat' dir='ltr'><strong>in</strong></span> <span class='ocrx_word' id='word_1_657' title='bbox 1060 4894 1370 4970; x_wconf 85' lang='lat' dir='ltr'><strong>suburbano</strong></span> <span class='ocrx_word' id='word_1_658' title='bbox 1416 4893 1895 4970; x_wconf 36' lang='lat' dir='ltr'><strong>sittthest_;__ejus</strong></span> 
     </span>
    </p>
   </div>
   <div class='ocr_carea' id='block_1_99' title="bbox 314 4962 1891 5033">
    <p class='ocr_par' dir='ltr' id='par_1_99' title="bbox 314 4962 1891 5033">
     <span class='ocr_line' id='line_1_99' title="bbox 314 4962 1891 5033; baseline -0.003 -10"><span class='ocrx_word' id='word_1_659' title='bbox 314 4962 585 5030; x_wconf 63' lang='lat' dir='ltr'><strong>conditor,</strong></span> <span class='ocrx_word' id='word_1_660' title='bbox 614 4962 673 5017; x_wconf 84' lang='lat' dir='ltr'><strong>ut</strong></span> <span class='ocrx_word' id='word_1_661' title='bbox 698 4964 876 5018; x_wconf 88' lang='lat' dir='ltr'><strong>obiter</strong></span> <span class='ocrx_word' id='word_1_662' title='bbox 910 4974 1152 5019; x_wconf 80' lang='lat' dir='ltr'><strong>nctatum</strong></span> <span class='ocrx_word' id='word_1_663' title='bbox 1180 4973 1265 5019; x_wconf 90' lang='lat' dir='ltr'><strong>est</strong></span> <span class='ocrx_word' id='word_1_664' title='bbox 1299 4966 1366 5019; x_wconf 89' lang='lat' dir='ltr'><strong>ad</strong></span> <span class='ocrx_word' id='word_1_665' title='bbox 1392 4964 1553 5033; x_wconf 89' lang='lat' dir='ltr'><strong>epist.</strong></span> <span class='ocrx_word' id='word_1_666' title='bbox 1578 4962 1671 5031; x_wconf 74' lang='lat'><strong>26,</strong></span> <span class='ocrx_word' id='word_1_667' title='bbox 1704 4962 1891 5019; x_wconf 54' lang='lat' dir='ltr'><strong>libftt.</strong></span> 
     </span>
    </p>
   </div>
   <div class='ocr_carea' id='block_1_100' title="bbox 315 5033 1894 5102">
    <p class='ocr_par' dir='ltr' id='par_1_100' title="bbox 315 5033 1894 5102">
     <span class='ocr_line' id='line_1_100' title="bbox 315 5033 1894 5102; baseline -0.004 -9"><span class='ocrx_word' id='word_1_668' title='bbox 315 5037 485 5094; x_wconf 79' lang='lat' dir='ltr'><strong>Fulco</strong></span> <span class='ocrx_word' id='word_1_669' title='bbox 508 5034 593 5098; x_wconf 83' lang='grc' dir='ltr'>ιιι,</span> <span class='ocrx_word' id='word_1_670' title='bbox 617 5048 829 5100; x_wconf 85' lang='lat' dir='ltr'><strong>comes;</strong></span> <span class='ocrx_word' id='word_1_671' title='bbox 860 5033 1017 5102; x_wconf 86' lang='lat' dir='ltr'><strong>cujus</strong></span> <span class='ocrx_word' id='word_1_672' title='bbox 1045 5033 1207 5087; x_wconf 85' lang='lat' dir='ltr'><strong>etiam</strong></span> <span class='ocrx_word' id='word_1_673' title='bbox 1236 5034 1612 5089; x_wconf 87' lang='lat' dir='ltr'><strong>commentarii</strong></span> <span class='ocrx_word' id='word_1_674' title='bbox 1644 5034 1894 5089; x_wconf 86' lang='lat' dir='ltr'><strong>memini-</strong></span> 
     </span>
    </p>
   </div>
   <div class='ocr_carea' id='block_1_101' title="bbox 320 5102 1895 5174">
    <p class='ocr_par' dir='ltr' id='par_1_101' title="bbox 320 5102 1895 5174">
     <span class='ocr_line' id='line_1_101' title="bbox 320 5102 1895 5174; baseline -0.002 -12"><span class='ocrx_word' id='word_1_675' title='bbox 320 5122 463 5169; x_wconf 88' lang='lat' dir='ltr'><strong>mus,</strong></span> <span class='ocrx_word' id='word_1_676' title='bbox 482 5105 535 5159; x_wconf 91' lang='lat' dir='ltr'><strong>in</strong></span> <span class='ocrx_word' id='word_1_677' title='bbox 563 5119 671 5174; x_wconf 88' lang='lat' dir='ltr'><strong>quo</strong></span> <span class='ocrx_word' id='word_1_678' title='bbox 701 5104 1017 5174; x_wconf 86' lang='lat' dir='ltr'><strong>monasterii</strong></span> <span class='ocrx_word' id='word_1_679' title='bbox 1048 5104 1316 5174; x_wconf 81' lang='lat' dir='ltr'><strong>originem</strong></span> <span class='ocrx_word' id='word_1_680' title='bbox 1345 5102 1596 5172; x_wconf 78' lang='lat' dir='ltr'><strong>explicat.</strong></span> <span class='ocrx_word' id='word_1_681' title='bbox 1614 5104 1895 5174; x_wconf 86' lang='lat' dir='ltr'><strong>narratio-</strong></span> 
     </span>
    </p>
   </div>
   <div class='ocr_carea' id='block_1_102' title="bbox 318 5172 1895 5244">
    <p class='ocr_par' dir='ltr' id='par_1_102' title="bbox 318 5172 1895 5244">
     <span class='ocr_line' id='line_1_102' title="bbox 318 5172 1895 5244; baseline -0.003 -13"><span class='ocrx_word' id='word_1_682' title='bbox 318 5191 553 5244; x_wconf 84' lang='lat' dir='ltr'><strong>nemque</strong></span> <span class='ocrx_word' id='word_1_683' title='bbox 584 5172 802 5228; x_wconf 82' lang='lat' dir='ltr'><strong>orditur</strong></span> <span class='ocrx_word' id='word_1_684' title='bbox 830 5173 915 5228; x_wconf 88' lang='lat' dir='ltr'><strong>his</strong></span> <span class='ocrx_word' id='word_1_685' title='bbox 952 5172 1129 5228; x_wconf 87' lang='lat' dir='ltr'><strong>verbis</strong></span> <span class='ocrx_word' id='word_1_686' title='bbox 1155 5190 1185 5244; x_wconf 67' lang='grc' dir='ltr'><strong>εΔ</strong></span> <span class='ocrx_word' id='word_1_687' title='bbox 1204 5172 1373 5244; x_wconf 78' lang='lat' dir='ltr'><strong>Hisce</strong></span> <span class='ocrx_word' id='word_1_688' title='bbox 1404 5173 1719 5244; x_wconf 71' lang='lat' dir='ltr'><strong>temporibus</strong></span> <span class='ocrx_word' id='word_1_689' title='bbox 1764 5189 1895 5244; x_wconf 83' lang='lat' dir='ltr'><strong>non-</strong></span> 
     </span>
    </p>
   </div>
   <div class='ocr_carea' id='block_1_103' title="bbox 319 5190 1894 5314">
    <p class='ocr_par' dir='ltr' id='par_1_103' title="bbox 319 5190 1894 5314">
     <span class='ocr_line' id='line_1_103' title="bbox 319 5190 1894 5244; baseline -0.003 -13"><span class='ocrx_word' id='word_1_690' title='bbox 319 5191 553 5244; x_wconf 85' lang='lat' dir='ltr'><strong>nemque</strong></span> <span class='ocrx_word' id='word_1_691' title='bbox 594 5190 802 5228; x_wconf 86' lang='lat' dir='ltr'><strong>orattur</strong></span> <span class='ocrx_word' id='word_1_692' title='bbox 831 5190 915 5228; x_wconf 88' lang='lat' dir='ltr'><strong>nts</strong></span> <span class='ocrx_word' id='word_1_693' title='bbox 952 5190 1171 5228; x_wconf 73' lang='lat' dir='ltr'><strong>vernis:</strong></span> <span class='ocrx_word' id='word_1_694' title='bbox 1204 5190 1363 5228; x_wconf 83' lang='lat' dir='ltr'><strong>mscc</strong></span> <span class='ocrx_word' id='word_1_695' title='bbox 1404 5190 1507 5227; x_wconf 85' lang='lat' dir='ltr'><strong>tem</strong></span> <span class='ocrx_word' id='word_1_696' title='bbox 1543 5190 1719 5228; x_wconf 83' lang='lat' dir='ltr'><strong>ortons</strong></span> <span class='ocrx_word' id='word_1_697' title='bbox 1764 5190 1894 5227; x_wconf 82' lang='lat' dir='ltr'><strong>non-</strong></span> 
     </span>
     <span class='ocr_line' id='line_1_104' title="bbox 319 5190 1894 5314; baseline -0.002 -14"><span class='ocrx_word' id='word_1_698' title='bbox 319 5246 455 5300; x_wconf 83' lang='lat' dir='ltr'><strong>nulli</strong></span> <span class='ocrx_word' id='word_1_699' title='bbox 501 5259 641 5314; x_wconf 81' lang='lat' dir='ltr'><strong>reges</strong></span> <span class='ocrx_word' id='word_1_700' title='bbox 678 5259 739 5297; x_wconf 87' lang='lat' dir='ltr'><strong>ac</strong></span> <span class='ocrx_word' id='word_1_701' title='bbox 782 5244 1037 5314; x_wconf 57' lang='lat' dir='ltr'><strong>principes</strong></span> <span class='ocrx_word' id='word_1_702' title='bbox 1079 5241 1325 5314; x_wconf 77' lang='lat' dir='ltr'><strong>ecclesias</strong></span> <span class='ocrx_word' id='word_1_703' title='bbox 1358 5243 1413 5297; x_wconf 85' lang='lat' dir='ltr'><strong>in</strong></span> <span class='ocrx_word' id='word_1_704' title='bbox 1451 5190 1644 5314; x_wconf 51' lang='lat' dir='ltr'><strong>leristi</strong></span> <span class='ocrx_word' id='word_1_705' title='bbox 1686 5243 1894 5314; x_wconf 83' lang='lat' dir='ltr'><strong>nomine</strong></span> 
     </span>
    </p>
   </div>
   <div class='ocr_carea' id='block_1_104' title="bbox 319 5311 1893 5384">
    <p class='ocr_par' dir='ltr' id='par_1_104' title="bbox 319 5311 1893 5384">
     <span class='ocr_line' id='line_1_105' title="bbox 319 5311 1893 5384; baseline -0.004 -12"><span class='ocrx_word' id='word_1_706' title='bbox 319 5311 586 5384; x_wconf 71' lang='lat' dir='ltr'><strong>adi/icore</strong></span> <span class='ocrx_word' id='word_1_707' title='bbox 607 5311 936 5384; x_wconf 74' lang='lat' dir='ltr'><strong>curaverant.</strong></span> <span class='ocrx_word' id='word_1_708' title='bbox 966 5311 1033 5366; x_wconf 81' lang='lat' dir='ltr'><strong>Et</strong></span> <span class='ocrx_word' id='word_1_709' title='bbox 1058 5329 1175 5384; x_wconf 77' lang='lat' dir='ltr'><strong>ego</strong></span> <span class='ocrx_word' id='word_1_710' title='bbox 1195 5312 1360 5367; x_wconf 73' lang='lat' dir='ltr'><strong>Falco</strong></span> <span class='ocrx_word' id='word_1_711' title='bbox 1390 5328 1560 5384; x_wconf 68' lang='lat' dir='ltr'><strong>comes</strong></span> <span class='ocrx_word' id='word_1_712' title='bbox 1587 5312 1893 5384; x_wconf 80' lang='lat' dir='ltr'><strong>Andegavo-</strong></span> 
     </span>
    </p>
   </div>
   <div class='ocr_carea' id='block_1_105' title="bbox 318 5381 1893 5447">
    <p class='ocr_par' dir='ltr' id='par_1_105' title="bbox 318 5381 1893 5447">
     <span class='ocr_line' id='line_1_106' title="bbox 318 5381 1893 5447; baseline -0.003 -7"><span class='ocrx_word' id='word_1_713' title='bbox 318 5381 462 5447; x_wconf 80' lang='lat' dir='ltr'><strong>rum,</strong></span> <span class='ocrx_word' id='word_1_714' title='bbox 491 5384 607 5437; x_wconf 72' lang='lat' dir='ltr'><strong>licet</strong></span> <span class='ocrx_word' id='word_1_715' title='bbox 638 5384 703 5436; x_wconf 87' lang='lat' dir='ltr'><strong>de</strong></span> <span class='ocrx_word' id='word_1_716' title='bbox 739 5381 934 5436; x_wconf 75' lang='lat' dir='ltr'><strong>ultimis</strong></span> <span class='ocrx_word' id='word_1_717' title='bbox 954 5393 1002 5437; x_wconf 83' lang='lat' dir='ltr'><strong>et</strong></span> <span class='ocrx_word' id='word_1_718' title='bbox 1030 5381 1307 5438; x_wconf 79' lang='lat' dir='ltr'><strong>desidiosis</strong></span> <span class='ocrx_word' id='word_1_719' title='bbox 1328 5382 1623 5436; x_wconf 82' lang='lat' dir='ltr'><strong>hominibus</strong></span> <span class='ocrx_word' id='word_1_720' title='bbox 1653 5398 1811 5446; x_wconf 82' lang='lat' dir='ltr'><strong>unus,</strong></span> <span class='ocrx_word' id='word_1_721' title='bbox 1834 5382 1893 5436; x_wconf 84' lang='lat' dir='ltr'><strong>in</strong></span> 
     </span>
    </p>
   </div>
   <div class='ocr_carea' id='block_1_106' title="bbox 319 5451 1893 5521">
    <p class='ocr_par' dir='ltr' id='par_1_106' title="bbox 319 5451 1893 5521">
     <span class='ocr_line' id='line_1_107' title="bbox 319 5451 1893 5521; baseline -0.005 -10"><span class='ocrx_word' id='word_1_722' title='bbox 319 5455 422 5511; x_wconf 81' lang='lat' dir='ltr'><strong>Dei</strong></span> <span class='ocrx_word' id='word_1_723' title='bbox 466 5453 694 5515; x_wconf 87' lang='lat' dir='ltr'><strong>nomine,</strong></span> <span class='ocrx_word' id='word_1_724' title='bbox 732 5463 886 5520; x_wconf 84' lang='lat' dir='ltr'><strong>atque</strong></span> <span class='ocrx_word' id='word_1_725' title='bbox 936 5451 1128 5505; x_wconf 86' lang='lat' dir='ltr'><strong>summi</strong></span> <span class='ocrx_word' id='word_1_726' title='bbox 1182 5452 1456 5521; x_wconf 78' lang='lat' dir='ltr'><strong>prtesulis,</strong></span> <span class='ocrx_word' id='word_1_727' title='bbox 1511 5451 1782 5507; x_wconf 83' lang='lat' dir='ltr'><strong>ecclesiam</strong></span> <span class='ocrx_word' id='word_1_728' title='bbox 1835 5451 1893 5521; x_wconf 75' lang='lat' dir='ltr'><strong>in</strong></span> 
     </span>
    </p>
   </div>
   <div class='ocr_carea' id='block_1_107' title="bbox 317 5519 1893 5595">
    <p class='ocr_par' dir='ltr' id='par_1_107' title="bbox 317 5519 1893 5595">
     <span class='ocr_line' id='line_1_108' title="bbox 317 5519 1893 5595; baseline 0.001 -22"><span class='ocrx_word' id='word_1_729' title='bbox 317 5522 759 5595; x_wconf 79' lang='lat' dir='ltr'><strong>prospectn_urbis</strong></span> <span class='ocrx_word' id='word_1_730' title='bbox 781 5519 1074 5595; x_wconf 64' lang='lat' dir='ltr'><strong>Andegagte</strong></span> <span class='ocrx_word' id='word_1_731' title='bbox 1102 5519 1365 5595; x_wconf 64' lang='lat' dir='ltr'><strong>atrii/icore</strong></span> <span class='ocrx_word' id='word_1_732' title='bbox 1393 5521 1617 5595; x_wconf 79' lang='lat' dir='ltr'><strong>decrevi,</strong></span> <span class='ocrx_word' id='word_1_733' title='bbox 1643 5538 1715 5595; x_wconf 71' lang='lat' dir='ltr'><strong>ac</strong></span> <span class='ocrx_word' id='word_1_734' title='bbox 1754 5519 1893 5595; x_wconf 62' lang='grc'><strong>1920</strong></span> 
     </span>
    </p>
   </div>
   <div class='ocr_carea' id='block_1_108' title="bbox 319 5589 1891 5660">
    <p class='ocr_par' dir='ltr' id='par_1_108' title="bbox 319 5589 1891 5660">
     <span class='ocr_line' id='line_1_109' title="bbox 319 5589 1891 5660; baseline -0.002 -13"><span class='ocrx_word' id='word_1_735' title='bbox 319 5589 462 5647; x_wconf 72' lang='lat' dir='ltr'><strong>anno</strong></span> <span class='ocrx_word' id='word_1_736' title='bbox 497 5592 560 5644; x_wconf 84' lang='lat' dir='ltr'><strong>ab</strong></span> <span class='ocrx_word' id='word_1_737' title='bbox 592 5591 613 5645; x_wconf 88' lang='grc'><strong><em>1</em></strong></span> <span class='ocrx_word' id='word_1_738' title='bbox 623 5591 960 5645; x_wconf 80' lang='lat' dir='ltr'><strong>ncarnatione</strong></span> <span class='ocrx_word' id='word_1_739' title='bbox 986 5589 1255 5660; x_wconf 85' lang='lat' dir='ltr'><strong>Dominia</strong></span> <span class='ocrx_word' id='word_1_740' title='bbox 1282 5591 1494 5660; x_wconf 83' lang='lat' dir='ltr'><strong>domino</strong></span> <span class='ocrx_word' id='word_1_741' title='bbox 1521 5590 1744 5660; x_wconf 77' lang='lat' dir='ltr'><strong>prwsule</strong></span> <span class='ocrx_word' id='word_1_742' title='bbox 1774 5589 1891 5644; x_wconf 79' lang='lat' dir='ltr'><strong>llu-</strong></span> 
     </span>
    </p>
   </div>
   <div class='ocr_carea' id='block_1_109' title="bbox 318 5659 1889 5731">
    <p class='ocr_par' dir='ltr' id='par_1_109' title="bbox 318 5659 1889 5731">
     <span class='ocr_line' id='line_1_110' title="bbox 318 5659 1889 5731; baseline -0.001 -15"><span class='ocrx_word' id='word_1_743' title='bbox 318 5664 465 5717; x_wconf 81' lang='lat' dir='ltr'><strong>berto</strong></span> <span class='ocrx_word' id='word_1_744' title='bbox 502 5660 765 5731; x_wconf 62' lang='lat' dir='ltr'><strong>pradicas</strong></span> <span class='ocrx_word' id='word_1_745' title='bbox 787 5660 930 5715; x_wconf 82' lang='lat' dir='ltr'><strong>urbis</strong></span> <span class='ocrx_word' id='word_1_746' title='bbox 966 5659 1066 5731; x_wconf 81' lang='lat' dir='ltr'><strong>feri</strong></span> <span class='ocrx_word' id='word_1_747' title='bbox 1098 5676 1331 5716; x_wconf 84' lang='lat' dir='ltr'><strong>sacrare.</strong></span> <span class='ocrx_word' id='word_1_748' title='bbox 1372 5659 1492 5713; x_wconf 83' lang='lat' dir='ltr'><strong>Post</strong></span> <span class='ocrx_word' id='word_1_749' title='bbox 1522 5659 1675 5731; x_wconf 73' lang='lat' dir='ltr'><strong>cujus</strong></span> <span class='ocrx_word' id='word_1_750' title='bbox 1710 5676 1889 5731; x_wconf 70' lang='lat' dir='ltr'><strong>sarra-</strong></span> 
     </span>
    </p>
   </div>
   <div class='ocr_carea' id='block_1_110' title="bbox 318 5729 1891 5800">
    <p class='ocr_par' dir='ltr' id='par_1_110' title="bbox 318 5729 1891 5800">
     <span class='ocr_line' id='line_1_111' title="bbox 318 5729 1891 5800; baseline 0.001 -16"><span class='ocrx_word' id='word_1_751' title='bbox 318 5729 513 5785; x_wconf 74' lang='lat' dir='ltr'><strong>tioneni</strong></span> <span class='ocrx_word' id='word_1_752' title='bbox 537 5746 639 5784; x_wconf 89' lang='lat' dir='ltr'><strong>non</strong></span> <span class='ocrx_word' id='word_1_753' title='bbox 655 5729 818 5800; x_wconf 67' lang='lat' dir='ltr'><strong>multa</strong></span> <span class='ocrx_word' id='word_1_754' title='bbox 838 5740 952 5800; x_wconf 80' lang='lat' dir='ltr'><strong>post</strong></span> <span class='ocrx_word' id='word_1_755' title='bbox 968 5729 1285 5800; x_wconf 57' lang='lat' dir='ltr'><strong>tempore“:</strong></span> <span class='ocrx_word' id='word_1_756' title='bbox 1302 5730 1568 5785; x_wconf 78' lang='lat' dir='ltr'><strong>monachis</strong></span> <span class='ocrx_word' id='word_1_757' title='bbox 1583 5729 1652 5785; x_wconf 23' lang='lat' dir='ltr'><strong>VS.</strong></span> <span class='ocrx_word' id='word_1_758' title='bbox 1670 5729 1891 5785; x_wconf 78' lang='lat' dir='ltr'><strong>Martini</strong></span> 
     </span>
    </p>
   </div>
   <div class='ocr_carea' id='block_1_111' title="bbox 317 5798 1886 5873">
    <p class='ocr_par' dir='ltr' id='par_1_111' title="bbox 317 5798 1886 5873">
     <span class='ocr_line' id='line_1_112' title="bbox 317 5798 1886 5873; baseline 0 -18"><span class='ocrx_word' id='word_1_759' title='bbox 317 5801 621 5855; x_wconf 81' lang='lat' dir='ltr'><strong>monasterii</strong></span> <span class='ocrx_word' id='word_1_760' title='bbox 670 5798 909 5873; x_wconf 67' lang='lat' dir='ltr'><strong>Majotis,</strong></span> <span class='ocrx_word' id='word_1_761' title='bbox 940 5798 1148 5855; x_wconf 80' lang='lat' dir='ltr'><strong>nomine</strong></span> <span class='ocrx_word' id='word_1_762' title='bbox 1188 5799 1522 5868; x_wconf 80' lang='lat' dir='ltr'><strong>Baldrirum,</strong></span> <span class='ocrx_word' id='word_1_763' title='bbox 1549 5800 1782 5856; x_wconf 81' lang='lat' dir='ltr'><strong>abbatem</strong></span> <span class='ocrx_word' id='word_1_764' title='bbox 1803 5801 1886 5856; x_wconf 80' lang='lat' dir='ltr'><strong>in-</strong></span> 
     </span>
    </p>
   </div>
   <div class='ocr_carea' id='block_1_112' title="bbox 1995 4618 3581 4756">
    <p class='ocr_par' dir='ltr' id='par_1_112' title="bbox 1995 4618 3581 4756">
     <span class='ocr_line' id='line_1_113' title="bbox 1997 4618 3579 4740; baseline 0.011 -73"><span class='ocrx_word' id='word_1_765' title='bbox 1997 4630 2135 4682; x_wconf 83' lang='lat' dir='ltr'><strong>rum,</strong></span> <span class='ocrx_word' id='word_1_766' title='bbox 2162 4630 2225 4669; x_wconf 72' lang='lat' dir='ltr'><strong>ex</strong></span> <span class='ocrx_word' id='word_1_767' title='bbox 2249 4618 2377 4669; x_wconf 84' lang='lat' dir='ltr'><strong>meis</strong></span> <span class='ocrx_word' id='word_1_768' title='bbox 2422 4618 2572 4669; x_wconf 76' lang='lat' dir='ltr'><strong>rebus</strong></span> <span class='ocrx_word' id='word_1_769' title='bbox 2600 4618 2826 4740; x_wconf 49' lang='lat' dir='ltr'><strong>progriis</strong></span> <span class='ocrx_word' id='word_1_770' title='bbox 2853 4620 3022 4685; x_wconf 81' lang='lat' dir='ltr'><strong>ipsam</strong></span> <span class='ocrx_word' id='word_1_771' title='bbox 3044 4623 3217 4678; x_wconf 86' lang='lat' dir='ltr'><strong>ditare</strong></span> <span class='ocrx_word' id='word_1_772' title='bbox 3237 4618 3438 4692; x_wconf 66' lang='lat' dir='ltr'><strong>curaui,</strong></span> <span class='ocrx_word' id='word_1_773' title='bbox 3469 4618 3579 4684; x_wconf 68' lang='lat' dir='ltr'><strong>etc.</strong></span> 
     </span>
     <span class='ocr_line' id='line_1_114' title="bbox 1995 4682 3581 4756; baseline 0.009 -19"><span class='ocrx_word' id='word_1_774' title='bbox 1995 4682 2376 4756; x_wconf 83' lang='lat' dir='ltr'><strong>Monasterinm</strong></span> <span class='ocrx_word' id='word_1_775' title='bbox 2424 4686 2524 4756; x_wconf 73' lang='lat' dir='ltr'><strong>hoc</strong></span> <span class='ocrx_word' id='word_1_776' title='bbox 2550 4694 2672 4756; x_wconf 87' lang='lat' dir='ltr'><strong>post</strong></span> <span class='ocrx_word' id='word_1_777' title='bbox 2738 4688 2982 4744; x_wconf 75' lang='lat' dir='ltr'><strong>ult-onem</strong></span> <span class='ocrx_word' id='word_1_778' title='bbox 3009 4688 3347 4749; x_wconf 87' lang='lat' dir='ltr'><strong>l&#39;undalorem</strong></span> <span class='ocrx_word' id='word_1_779' title='bbox 3393 4698 3581 4754; x_wconf 80' lang='lat' dir='ltr'><strong>multis</strong></span> 
     </span>
    </p>
   </div>
   <div class='ocr_carea' id='block_1_113' title="bbox 1995 4753 3578 4829">
    <p class='ocr_par' dir='ltr' id='par_1_113' title="bbox 1995 4753 3578 4829">
     <span class='ocr_line' id='line_1_115' title="bbox 1995 4753 3578 4829; baseline 0.009 -20"><span class='ocrx_word' id='word_1_780' title='bbox 1995 4753 2159 4829; x_wconf 77' lang='lat' dir='ltr'><strong>rebus</strong></span> <span class='ocrx_word' id='word_1_781' title='bbox 2180 4760 2450 4829; x_wconf 60' lang='lat' dir='ltr'><strong>auxerunt</strong></span> <span class='ocrx_word' id='word_1_782' title='bbox 2480 4753 2751 4829; x_wconf 58' lang='lat' dir='ltr'><strong>Callemus</strong></span> <span class='ocrx_word' id='word_1_783' title='bbox 2782 4757 3069 4829; x_wconf 14' lang='lat' dir='ltr'><strong>,Martellus</strong></span> <span class='ocrx_word' id='word_1_784' title='bbox 3099 4761 3263 4829; x_wconf 76' lang='lat' dir='ltr'><strong>illius,</strong></span> <span class='ocrx_word' id='word_1_785' title='bbox 3295 4771 3351 4820; x_wconf 88' lang='lat' dir='ltr'><strong>et</strong></span> <span class='ocrx_word' id='word_1_786' title='bbox 3376 4765 3578 4823; x_wconf 69' lang='grc' dir='ltr'><strong>Βηστί-</strong></span> 
     </span>
    </p>
   </div>
   <div class='ocr_carea' id='block_1_114' title="bbox 1995 4824 3579 4898">
    <p class='ocr_par' dir='ltr' id='par_1_114' title="bbox 1995 4824 3579 4898">
     <span class='ocr_line' id='line_1_116' title="bbox 1995 4824 3579 4898; baseline 0.004 -21"><span class='ocrx_word' id='word_1_787' title='bbox 1995 4825 2047 4898; x_wconf 76' lang='lat' dir='ltr'><strong>di</strong></span> <span class='ocrx_word' id='word_1_788' title='bbox 2094 4839 2377 4898; x_wconf 81' lang='lat' dir='ltr'><strong>successor</strong></span> <span class='ocrx_word' id='word_1_789' title='bbox 2402 4824 2570 4898; x_wconf 80' lang='lat' dir='ltr'><strong>Falco</strong></span> <span class='ocrx_word' id='word_1_790' title='bbox 2592 4824 2681 4889; x_wconf 83' lang='lat' dir='ltr'><strong>IV,</strong></span> <span class='ocrx_word' id='word_1_791' title='bbox 2708 4827 2864 4898; x_wconf 66' lang='lat' dir='ltr'><strong>cujus</strong></span> <span class='ocrx_word' id='word_1_792' title='bbox 2892 4831 3109 4898; x_wconf 81' lang='lat' dir='ltr'><strong>quidem</strong></span> <span class='ocrx_word' id='word_1_793' title='bbox 3151 4848 3221 4891; x_wconf 85' lang='lat' dir='ltr'><strong>ac</strong></span> <span class='ocrx_word' id='word_1_794' title='bbox 3246 4824 3453 4894; x_wconf 75' lang='lat' dir='ltr'><strong>Natalis</strong></span> <span class='ocrx_word' id='word_1_795' title='bbox 3481 4842 3579 4894; x_wconf 70' lang='lat' dir='ltr'><strong>alt-</strong></span> 
     </span>
    </p>
   </div>
   <div class='ocr_carea' id='block_1_115' title="bbox 1996 4893 3577 4974">
    <p class='ocr_par' dir='ltr' id='par_1_115' title="bbox 1996 4893 3577 4974">
     <span class='ocr_line' id='line_1_117' title="bbox 1996 4893 3577 4974; baseline 0.011 -27"><span class='ocrx_word' id='word_1_796' title='bbox 1996 4893 2138 4974; x_wconf 76' lang='lat' dir='ltr'><strong>batis</strong></span> <span class='ocrx_word' id='word_1_797' title='bbox 2165 4903 2376 4974; x_wconf 60' lang='lat' dir='ltr'><strong>rogatu,</strong></span> <span class='ocrx_word' id='word_1_798' title='bbox 2398 4893 2840 4974; x_wconf 53' lang='lat' dir='ltr'><strong>ecclesiamﬁant</strong></span> <span class='ocrx_word' id='word_1_799' title='bbox 2859 4893 3142 4974; x_wconf 24' lang='lat' dir='ltr'><strong>_ti&#39;_NieolaiA</strong></span> <span class='ocrx_word' id='word_1_800' title='bbox 3161 4903 3230 4960; x_wconf 81' lang='lat' dir='ltr'><strong>ab</strong></span> <span class='ocrx_word' id='word_1_801' title='bbox 3260 4893 3491 4965; x_wconf 69' lang='lat' dir='ltr'><strong>Urbano</strong></span> <span class='ocrx_word' id='word_1_802' title='bbox 3509 4909 3577 4974; x_wconf 91' lang='lat' dir='ltr'><strong>ll,</strong></span> 
     </span>
    </p>
   </div>
   <div class='ocr_carea' id='block_1_116' title="bbox 1997 4963 3577 5039">
    <p class='ocr_par' dir='ltr' id='par_1_116' title="bbox 1997 4963 3577 5039">
     <span class='ocr_line' id='line_1_118' title="bbox 1997 4963 3577 5039; baseline 0.013 -24"><span class='ocrx_word' id='word_1_803' title='bbox 1997 4963 2196 5039; x_wconf 68' lang='lat' dir='ltr'><strong>iterum</strong></span> <span class='ocrx_word' id='word_1_804' title='bbox 2236 4963 2539 5039; x_wconf 66' lang='lat' dir='ltr'><strong>dedicatam</strong></span> <span class='ocrx_word' id='word_1_805' title='bbox 2584 4966 2638 5039; x_wconf 86' lang='lat' dir='ltr'><strong>in</strong></span> <span class='ocrx_word' id='word_1_806' title='bbox 2671 4964 2871 5039; x_wconf 67' lang='lat' dir='ltr'><strong>Urbani</strong></span> <span class='ocrx_word' id='word_1_807' title='bbox 2915 4969 3085 5039; x_wconf 88' lang='lat' dir='ltr'><strong>ipsius</strong></span> <span class='ocrx_word' id='word_1_808' title='bbox 3128 4963 3577 5039; x_wconf 64' lang='lat' dir='ltr'><strong>ltterislegimns</strong></span> 
     </span>
    </p>
   </div>
   <div class='ocr_carea' id='block_1_117' title="bbox 1994 5031 3476 5109">
    <p class='ocr_par' dir='ltr' id='par_1_117' title="bbox 1994 5031 3476 5109">
     <span class='ocr_line' id='line_1_119' title="bbox 1994 5031 3476 5109; baseline 0.015 -25"><span class='ocrx_word' id='word_1_809' title='bbox 1994 5031 2459 5109; x_wconf 32' lang='lat' dir='ltr'><strong>apud‘Sablojlum</strong></span> <span class='ocrx_word' id='word_1_810' title='bbox 2485 5035 2627 5091; x_wconf 87' lang='lat' dir='ltr'><strong>datis</strong></span> <span class='ocrx_word' id='word_1_811' title='bbox 2656 5051 2743 5091; x_wconf 76' lang='lat' dir='ltr'><strong>nt</strong></span> <span class='ocrx_word' id='word_1_812' title='bbox 2773 5036 2891 5109; x_wconf 78' lang='lat' dir='ltr'><strong>Kal.</strong></span> <span class='ocrx_word' id='word_1_813' title='bbox 2916 5031 3113 5109; x_wconf 68' lang='lat' dir='ltr'><strong>Martii,</strong></span> <span class='ocrx_word' id='word_1_814' title='bbox 3145 5031 3476 5105; x_wconf 53' lang='lat' dir='ltr'><strong>ararim.</strong></span> 
     </span>
    </p>
   </div>
   <div class='ocr_carea' id='block_1_118' title="bbox 2089 5101 3577 5186">
    <p class='ocr_par' dir='ltr' id='par_1_118' title="bbox 2089 5101 3577 5186">
     <span class='ocr_line' id='line_1_120' title="bbox 2089 5101 3577 5186; baseline 0.013 -30"><span class='ocrx_word' id='word_1_815' title='bbox 2089 5101 2238 5173; x_wconf 69' lang='lat'><strong>(196)</strong></span> <span class='ocrx_word' id='word_1_816' title='bbox 2287 5102 2483 5186; x_wconf 57' lang='lat' dir='ltr'><strong>lt&#39;elicis</strong></span> <span class='ocrx_word' id='word_1_817' title='bbox 2524 5121 2688 5186; x_wconf 46' lang='lat' dir='ltr'><strong>papa.</strong></span> <span class='ocrx_word' id='word_1_818' title='bbox 2722 5101 3577 5186; x_wconf 51' lang='lat' dir='ltr'><strong>pﬁoris.__Legunturhaedina-</strong></span> 
     </span>
    </p>
   </div>
   <div class='ocr_carea' id='block_1_119' title="bbox 1994 5175 3576 5269">
    <p class='ocr_par' dir='ltr' id='par_1_119' title="bbox 1994 5175 3576 5269">
     <span class='ocr_line' id='line_1_121' title="bbox 1994 5175 3576 5269; baseline 0 0"><span class='ocrx_word' id='word_1_819' title='bbox 1994 5175 2486 5269; x_wconf 60' lang='grc' dir='ltr'><strong>ἔηῖΨιέῗῖἷίῗέῈιΞἾ.</strong></span> <span class='ocrx_word' id='word_1_820' title='bbox 2498 5175 2725 5269; x_wconf 48' lang='lat' dir='ltr'><strong>illisi“?</strong></span> <span class='ocrx_word' id='word_1_821' title='bbox 2740 5175 3111 5269; x_wconf 52' lang='grc' dir='ltr'><strong>ῖξῖίᾳίεηνὲιί</strong></span> <span class='ocrx_word' id='word_1_822' title='bbox 3122 5186 3416 5269; x_wconf 62' lang='grc' dir='ltr'><strong>ἐνεπορθε</strong></span> <span class='ocrx_word' id='word_1_823' title='bbox 3441 5203 3576 5269; x_wconf 67' lang='grc' dir='ltr'><strong>³1η·</strong></span> 
     </span>
    </p>
   </div>
   <div class='ocr_carea' id='block_1_120' title="bbox 1993 5241 3574 5313">
    <p class='ocr_par' dir='ltr' id='par_1_120' title="bbox 1993 5241 3574 5313">
     <span class='ocr_line' id='line_1_122' title="bbox 1993 5241 3574 5313; baseline 0.011 -18"><span class='ocrx_word' id='word_1_824' title='bbox 1993 5241 2081 5313; x_wconf 84' lang='lat' dir='ltr'><strong>odi</strong></span> <span class='ocrx_word' id='word_1_825' title='bbox 2113 5241 2490 5298; x_wconf 65' lang='lat' dir='ltr'><strong>Alexandrinas</strong></span> <span class='ocrx_word' id='word_1_826' title='bbox 2513 5241 2596 5307; x_wconf 83' lang='lat' dir='ltr'><strong>tit,</strong></span> <span class='ocrx_word' id='word_1_827' title='bbox 2611 5261 2665 5312; x_wconf 87' lang='lat' dir='ltr'><strong>q.</strong></span> <span class='ocrx_word' id='word_1_828' title='bbox 2688 5246 2743 5302; x_wconf 76' lang='lat'><strong>3.</strong></span> <span class='ocrx_word' id='word_1_829' title='bbox 2760 5245 2836 5301; x_wconf 89' lang='lat' dir='ltr'><strong>De</strong></span> <span class='ocrx_word' id='word_1_830' title='bbox 2855 5241 3103 5308; x_wconf 74' lang='lat' dir='ltr'><strong>induciis.</strong></span> <span class='ocrx_word' id='word_1_831' title='bbox 3119 5241 3385 5312; x_wconf 73' lang='lat' dir='ltr'><strong>Nonnulla</strong></span> <span class='ocrx_word' id='word_1_832' title='bbox 3407 5241 3574 5313; x_wconf 74' lang='lat' dir='ltr'><strong>etiam</strong></span> 
     </span>
    </p>
   </div>
   <div class='ocr_carea' id='block_1_121' title="bbox 1994 5311 3573 5394">
    <p class='ocr_par' dir='ltr' id='par_1_121' title="bbox 1994 5311 3573 5394">
     <span class='ocr_line' id='line_1_123' title="bbox 1994 5311 3573 5394; baseline 0.004 -29"><span class='ocrx_word' id='word_1_833' title='bbox 1994 5311 2233 5394; x_wconf 80' lang='lat' dir='ltr'><strong>alludere</strong></span> <span class='ocrx_word' id='word_1_834' title='bbox 2264 5313 2620 5394; x_wconf 46' lang='lat' dir='ltr'><strong>videnturjd</strong></span> <span class='ocrx_word' id='word_1_835' title='bbox 2636 5311 2844 5394; x_wconf 68' lang='lat' dir='ltr'><strong>Felicis</strong></span> <span class='ocrx_word' id='word_1_836' title='bbox 2869 5318 3033 5394; x_wconf 68' lang='lat' dir='ltr'><strong>primi</strong></span> <span class='ocrx_word' id='word_1_837' title='bbox 3053 5324 3339 5394; x_wconf 74' lang='lat' dir='ltr'><strong>epistolam</strong></span> <span class='ocrx_word' id='word_1_838' title='bbox 3362 5311 3435 5381; x_wconf 88' lang='lat' dir='ltr'><strong>ad</strong></span> <span class='ocrx_word' id='word_1_839' title='bbox 3460 5311 3573 5380; x_wconf 59' lang='lat' dir='ltr'><strong>Pa;</strong></span> 
     </span>
    </p>
   </div>
   <div class='ocr_carea' id='block_1_122' title="bbox 1997 5381 3573 5463">
    <p class='ocr_par' dir='ltr' id='par_1_122' title="bbox 1997 5381 3573 5463">
     <span class='ocr_line' id='line_1_124' title="bbox 1997 5381 3573 5463; baseline 0.011 -27"><span class='ocrx_word' id='word_1_840' title='bbox 1997 5392 2232 5463; x_wconf 72' lang='lat' dir='ltr'><strong>ternum.</strong></span> <span class='ocrx_word' id='word_1_841' title='bbox 2272 5381 2380 5438; x_wconf 85' lang='lat' dir='ltr'><strong>Sed</strong></span> <span class='ocrx_word' id='word_1_842' title='bbox 2413 5383 2464 5463; x_wconf 62' lang='lat' dir='ltr'><strong>si</strong></span> <span class='ocrx_word' id='word_1_843' title='bbox 2510 5383 2756 5463; x_wconf 56' lang='lat' dir='ltr'><strong>lf‘elicem</strong></span> <span class='ocrx_word' id='word_1_844' title='bbox 2785 5386 2830 5442; x_wconf 89' lang='lat' dir='ltr'><strong>ll</strong></span> <span class='ocrx_word' id='word_1_845' title='bbox 2867 5381 3121 5463; x_wconf 68' lang='lat' dir='ltr'><strong>intelligit</strong></span> <span class='ocrx_word' id='word_1_846' title='bbox 3142 5392 3445 5461; x_wconf 78' lang='lat' dir='ltr'><strong>Goﬂ‘ridus,</strong></span> <span class='ocrx_word' id='word_1_847' title='bbox 3471 5411 3573 5454; x_wconf 87' lang='lat' dir='ltr'><strong>cur</strong></span> 
     </span>
    </p>
   </div>
   <div class='ocr_carea' id='block_1_123' title="bbox 2032 5451 3572 5536">
    <p class='ocr_par' dir='ltr' id='par_1_123' title="bbox 2032 5451 3572 5536">
     <span class='ocr_line' id='line_1_125' title="bbox 2032 5451 3572 5536; baseline 0.012 -30"><span class='ocrx_word' id='word_1_848' title='bbox 2032 5453 2241 5536; x_wconf 32' lang='lat' dir='ltr'><strong>rio-rem</strong></span> <span class='ocrx_word' id='word_1_849' title='bbox 2278 5451 2547 5536; x_wconf 60' lang='lat' dir='ltr'><strong>appellati</strong></span> <span class='ocrx_word' id='word_1_850' title='bbox 2593 5456 2639 5511; x_wconf 90' lang='lat' dir='ltr'><strong>si</strong></span> <span class='ocrx_word' id='word_1_851' title='bbox 2677 5458 2934 5536; x_wconf 65' lang='lat' dir='ltr'><strong>prirnum;</strong></span> <span class='ocrx_word' id='word_1_852' title='bbox 2965 5451 3071 5521; x_wconf 59' lang='lat' dir='ltr'><strong>cui:</strong></span> <span class='ocrx_word' id='word_1_853' title='bbox 3091 5462 3183 5536; x_wconf 77' lang='lat' dir='ltr'><strong>illo</strong></span> <span class='ocrx_word' id='word_1_854' title='bbox 3208 5451 3572 5534; x_wconf 69' lang='lat' dir='ltr'><strong>antiquiorem</strong></span> 
     </span>
    </p>
   </div>
   <div class='ocr_carea' id='block_1_124' title="bbox 2014 5523 3574 5606">
    <p class='ocr_par' dir='ltr' id='par_1_124' title="bbox 2014 5523 3574 5606">
     <span class='ocr_line' id='line_1_126' title="bbox 2014 5523 3574 5606; baseline 0.012 -31"><span class='ocrx_word' id='word_1_855' title='bbox 2014 5523 2122 5605; x_wconf 73' lang='lat' dir='ltr'><strong>acit</strong></span> <span class='ocrx_word' id='word_1_856' title='bbox 2165 5524 2428 5606; x_wconf 50' lang='lat' dir='ltr'><strong>quodnon</strong></span> <span class='ocrx_word' id='word_1_857' title='bbox 2467 5523 2773 5581; x_wconf 61' lang='lat' dir='ltr'><strong>Nicaeua&#39;m?</strong></span> <span class='ocrx_word' id='word_1_858' title='bbox 2798 5523 3107 5606; x_wconf 64' lang='lat' dir='ltr'><strong>scripserat</strong></span> <span class='ocrx_word' id='word_1_859' title='bbox 3142 5523 3376 5590; x_wconf 68' lang='lat' dir='ltr'><strong>fortasse</strong></span> <span class='ocrx_word' id='word_1_860' title='bbox 3398 5523 3574 5606; x_wconf 43' lang='lat' dir='ltr'><strong>poste;</strong></span> 
     </span>
    </p>
   </div>
   <div class='ocr_carea' id='block_1_125' title="bbox 1993 5592 3573 5675">
    <p class='ocr_par' dir='ltr' id='par_1_125' title="bbox 1993 5592 3573 5675">
     <span class='ocr_line' id='line_1_127' title="bbox 1993 5592 3573 5675; baseline 0.013 -30"><span class='ocrx_word' id='word_1_861' title='bbox 1993 5593 2171 5675; x_wconf 56' lang='lat' dir='ltr'><strong>tiaris:</strong></span> <span class='ocrx_word' id='word_1_862' title='bbox 2202 5592 2431 5675; x_wconf 64' lang='lat' dir='ltr'><strong>Nicaeum</strong></span> <span class='ocrx_word' id='word_1_863' title='bbox 2475 5611 2636 5667; x_wconf 88' lang='lat' dir='ltr'><strong>porro</strong></span> <span class='ocrx_word' id='word_1_864' title='bbox 2680 5597 2870 5667; x_wconf 82' lang='lat' dir='ltr'><strong>synodi</strong></span> <span class='ocrx_word' id='word_1_865' title='bbox 2920 5592 3201 5675; x_wconf 74' lang='lat' dir='ltr'><strong>decretum</strong></span> <span class='ocrx_word' id='word_1_866' title='bbox 3250 5592 3473 5662; x_wconf 67' lang='lat' dir='ltr'><strong>cum&#39;in</strong></span> <span class='ocrx_word' id='word_1_867' title='bbox 3505 5592 3573 5666; x_wconf 72' lang='lat' dir='ltr'><strong>iis</strong></span> 
     </span>
    </p>
   </div>
   <div class='ocr_carea' id='block_1_126' title="bbox 1989 5663 3574 5738">
    <p class='ocr_par' dir='ltr' id='par_1_126' title="bbox 1989 5663 3574 5738">
     <span class='ocr_line' id='line_1_128' title="bbox 1989 5663 3574 5738; baseline 0.013 -21"><span class='ocrx_word' id='word_1_868' title='bbox 1989 5676 2113 5732; x_wconf 70' lang='lat' dir='ltr'><strong>qua:</strong></span> <span class='ocrx_word' id='word_1_869' title='bbox 2157 5663 2316 5718; x_wconf 84' lang='lat' dir='ltr'><strong>hodie</strong></span> <span class='ocrx_word' id='word_1_870' title='bbox 2363 5663 2593 5733; x_wconf 80' lang='lat' dir='ltr'><strong>restant,</strong></span> <span class='ocrx_word' id='word_1_871' title='bbox 2625 5663 2731 5721; x_wconf 79' lang='lat' dir='ltr'><strong>non</strong></span> <span class='ocrx_word' id='word_1_872' title='bbox 2761 5675 2959 5735; x_wconf 76' lang='lat' dir='ltr'><strong>exstet,</strong></span> <span class='ocrx_word' id='word_1_873' title='bbox 2989 5669 3077 5725; x_wconf 77' lang='lat' dir='ltr'><strong>tibi</strong></span> <span class='ocrx_word' id='word_1_874' title='bbox 3102 5680 3262 5728; x_wconf 73' lang='lat' dir='ltr'><strong>natus</strong></span> <span class='ocrx_word' id='word_1_875' title='bbox 3291 5675 3362 5731; x_wconf 88' lang='lat' dir='ltr'><strong>sit</strong></span> <span class='ocrx_word' id='word_1_876' title='bbox 3392 5663 3574 5738; x_wconf 59' lang='lat' dir='ltr'><strong>inccr;</strong></span> 
     </span>
    </p>
   </div>
   <div class='ocr_carea' id='block_1_127' title="bbox 1993 5742 2228 5789">
    <p class='ocr_par' dir='ltr' id='par_1_127' title="bbox 1993 5742 2228 5789">
     <span class='ocr_line' id='line_1_129' title="bbox 1993 5742 2228 5789; baseline 0.004 -3"><span class='ocrx_word' id='word_1_877' title='bbox 1993 5742 2105 5787; x_wconf 85' lang='lat' dir='ltr'><strong>tttut</strong></span> <span class='ocrx_word' id='word_1_878' title='bbox 2128 5742 2228 5789; x_wconf 88' lang='lat' dir='ltr'><strong>est.</strong></span> 
     </span>
    </p>
   </div>
  </div>
