3990 6464
1420 443 1740 499 COFFRIDI
1781 444 2072 498 ABBATIS
2120 444 2636 501 VINDOCINENSIS

3563 447 3664 502 li!

390 570 591 610 tamen
624 555 675 609 in
716 554 934 612 Nicaena
986 556 1195 628 synodo
1250 553 1408 624 longe
1450 561 1575 607 ante
1615 555 1969 608 constitutmn
2002 556 2042 610 A
2075 562 2244 607 tutum
2277 554 2414 609 male
2439 563 2618 609 astuto
2644 555 2844 623 pastori
2877 554 3117 621 obedire,
3146 555 3237 625 qui
3263 555 3379 626 jam
3405 557 3470 610 de
3500 571 3658 612 exse-

388 647 555 703 fnisse
589 647 876 716 reperitur;
906 647 1048 717 quod
1074 646 1118 700 si
1145 644 1401 714 quislibet
1425 644 1702 713 impetitur
1721 643 1974 709 crimine,

389 737 533 792 nulla
557 736 880 792 detentiouis
929 736 1175 791 custodia
1212 743 1479 800 teneatur,
1521 734 1612 788 sed
1645 734 1804 790 liceat
1843 735 1891 788 ei
1923 735 1976 787 in

388 828 639 884 omnibus
672 827 896 883 liberam
952 827 1152 882 habere
1178 835 1523 896 potestatem,
1551 824 1617 878 ad
1669 824 1976 894 repellenda

389 919 638 974 videlicet
669 918 1038 987 impetitorum
1076 915 1545 979 machinamenta,
1578 922 1631 968 et
1661 928 1973 984 praeparan-

397 1013 492 1065 das
522 1026 649 1066 suas
693 1009 1096 1079 responsiones,
1134 1017 1297 1076 atque
1345 1007 1643 1061 amicorum
1691 1005 1978 1074 quaerenda

384 1101 684 1168 jnvamina,
708 1102 879 1156 donec
914 1108 1007 1153 aut
1033 1097 1386 1153 convincatur
1400 1104 1646 1160 reus,aut
1664 1095 1981 1151 libereretur

396 1194 669 1248 innoxius.
721 1191 874 1258 Quod
928 1191 971 1245 si
1015 1189 1172 1244 aliter
1217 1204 1247 1242 a
1274 1203 1546 1259 quoquam
1595 1196 1977 1259 praesumptum

392 1285 577 1348 fuerit,
611 1285 908 1340 secundum
933 1292 1244 1338 sanctorum
1277 1281 1521 1336 instituta
1548 1295 1814 1335 canonum
1839 1279 1973 1333 nihil

392 1378 514 1441 erit,
547 1386 602 1430 et
631 1376 841 1430 viribus
874 1375 1097 1429 omnino
1127 1373 1355 1428 carebit.

958 1462 1291 1519 EPISTOLA
1332 1461 1422 1516 IX.

394 1558 596 1613 Itomno
627 1556 890 1611 Rainaldo
935 1555 1218 1609 laudabilis
1240 1556 1356 1608 vitta
1380 1553 1638 1622 episcopo,
1665 1553 1977 1606 charissima

463 1650 674 1703 domino
716 1657 763 1702 et
793 1647 1129 1718 pra'cordiali
1169 1646 1361 1710 amico,
1411 1644 1684 1714 Com-idus
1730 1645 1976 1699 Viudoci-

465 1739 634 1792 nensis
655 1738 959 1791 monasterii
976 1734 1190 1789 humilis
1211 1751 1410 1800 servus,
1430 1735 1676 1799 salutem,
1699 1751 1816 1787 cum
1830 1750 1980 1804 pura:

463 1826 757 1880 dilectionis
779 1827 994 1895 a/fectu.

2080 649 2297 704 cutione
2353 647 2606 716 injunctze
2636 647 2899 718 discipulo
2926 649 3254 704 obeditionis
3283 658 3660 718 argumentum

2081 739 2370 808 assumpsit
2401 747 2588 793 contra
2639 737 2961 808 discipulum
3009 738 3316 793 crinnnosze
3361 739 3663 792 accusatio-

2080 828 2185 883 nis.
2219 827 2379 899 114
2402 827 2666 898 Praecepit
2696 828 2838 883 enim
2866 837 3055 898 pastor
3091 827 3177 882 ille
3197 827 3496 884 crudeliter
3521 839 3667 882 astu-

2082 929 2167 975 tus
2198 921 2284 975 ovi
2312 920 2542 989 simplici
2579 931 2637 974 ut
2664 935 2724 976 se
2772 923 2926 990 quasi
2962 921 3102 974 inter
3133 919 3331 974 fruteta
3370 920 3666 975 absconde-

2084 1019 2183 1073 ret,
2211 1019 2482 1079 quatenus
2513 1009 2660 1063 nullo
2689 1009 3021 1064 reclamante
3049 1025 3168 1064 eam
3215 1009 3397 1079 lupina
3429 1024 3668 1064 consur-

2081 1098 2265 1152 tndine
2311 1097 2651 1152 criminando
2705 1099 3012 1153 devoraret.
3077 1097 3270 1153 Pastor
3339 1097 3428 1153 ille
3496 1099 3666 1154 bonus

2081 1186 2425 1255 evangelicus
2457 1187 2653 1242 lassam
2684 1202 2839 1242 ovem
2868 1188 3084 1243 vexisse
3127 1188 3344 1259 legitur,
3385 1202 3493 1242 non
3523 1188 3670 1258 ahje-

2083 1277 2219 1332 cisse
2243 1276 2394 1346 (Luc.
2424 1293 2513 1341 xv,
2540 1277 2614 1346 5),
2648 1285 2702 1332 et
2725 1292 2887 1347 quam
2929 1281 3242 1331 damnatam
3271 1277 3503 1341 investit,
3538 1275 3669 1330 lihe-

2082 1367 2240 1432 ravit,
2281 1381 2389 1422 non
2438 1366 2660 1420 liberam
2707 1367 3110 1421 condemnavit.
3166 1365 3370 1431 Valete,
3401 1375 3456 1421 et
3495 1365 3670 1419 valeat

2082 1460 2239 1516 nobis
2269 1459 2409 1529 apud
2457 1475 2576 1521 vos,
2618 1475 2826 1531 magnae
2872 1458 3220 1514 discretionis
3262 1457 3449 1522 Pater,
3501 1459 3669 1524 aequi-

2085 1547 2211 1601 tatis
2248 1561 2513 1612 censura;
2541 1547 2749 1616 decepti
2784 1548 3029 1602 monachi
3057 1549 3401 1612 innocentia;
3438 1561 3544 1615 qua
3577 1561 3672 1600 vos

2081 1635 2381 1704 diligimus,
2427 1635 2611 1690 cordis
2660 1636 2831 1690 nostri
2874 1636 3198 1700 sinceritas;
3235 1644 3323 1703 et,
3354 1636 3399 1690 si
3431 1651 3671 1706 unquam

2082 1724 2218 1780 bene
2257 1723 2461 1794 aliquid
2508 1724 2574 1778 de
2617 1725 2773 1779 vobis
2803 1726 3121 1795 promeruit,
3155 1736 3340 1781 nostra
3368 1725 3667 1781 humilitas.

2648 1814 2979 1870 EPISTOLA
3026 1815 3091 1869 Χ.

465 1916 778 1981 Mandastis,
813 1889 1164 1971 dilectissime
1191 1915 1427 1981 domine,
1462 1930 1558 1986 per
1603 1915 1832 1969 fratrem
1885 1930 1972 1968 no-
2008 1889 2050 1948 Β
2087 1905 2351 1960 Παὶηαιόο
2381 1906 2739 1976 Andegavensi
2773 1908 3045 1977 episcopo.
3073 1923 3225 1977 quem
3265 1908 3320 1962 in
3355 1908 3520 1962 Deum
3548 1909 3672 1962 dili-

394 2016 564 2060 strum
593 2004 890 2059 Robertum
918 2003 1066 2074 (l97)
1103 2011 1164 2058 ut
1199 2004 1429 2058 domnus
1467 2003 1754 2058 Savaricus
1784 2002 1851 2058 ad
1887 2004 1980 2057 ab-

394 2098 574 2152 batem
623 2095 978 2150 Lambertum
1027 2102 1353 2150 revertatur.
1396 2094 1549 2162 Quod
1593 2094 1722 2150 licet
1754 2110 1782 2148 a
1828 2095 1980 2150 vobis

395 2189 532 2242 bona
553 2186 853 2241 intentione
877 2185 1106 2252 dicatur,
1132 2184 1279 2239 salva
1309 2193 1488 2239 tamen
1514 2194 1712 2240 vestrae
1741 2187 1980 2256 paterni-

396 2279 522 2332 tatis
551 2275 877 2341 reverentia,
913 2274 1019 2330 hoc
1065 2275 1297 2329 dicimus
1333 2275 1673 2340 inusitatum,
1700 2285 1754 2331 et
1776 2276 1828 2330 in
1867 2285 1979 2332 toto

394 2381 621 2437 corpore
643 2381 911 2422 canonum
941 2380 1046 2420 non
1068 2365 1681 2435 invenitur,utquilibet
1709 2366 1810 2421 sub
1838 2367 1981 2422 illius

397 2471 616 2512 manere
663 2455 876 2521 debeat,
926 2464 1216 2524 potestate,
1247 2470 1278 2509 a
1325 2470 1432 2526 quo
1465 2455 1532 2510 de
1561 2455 1788 2510 crimine
1823 2456 1980 2528 n3

397 2556 699 2604 accusatur.
731 2545 846 2600 Non
873 2561 988 2608 vos,
1026 2546 1345 2600 charissime
1391 2545 1572 2610 Pater,
1604 2546 1800 2602 docere
1845 2562 1982 2617 prte-

395 2638 681 2702 snmimus,
705 2651 735 2691 a
762 2652 870 2708 quo
892 2636 1086 2691 melius
1109 2635 1291 2690 doceri
1319 2643 1374 2690 et
1404 2649 1716 2705 possumus,
1741 2643 1798 2691 et
1821 2644 1978 2707 opta-

397 2745 536 2785 mus.
573 2729 640 2783 Et
669 2729 923 2799 quoniam
949 2727 1301 2799 cognovimus
1323 2727 1480 2808 vobis
1501 2727 1718 2798 placere
1749 2739 1807 2782 ut
1839 2743 1978 2798 prae-

395 2819 570 2873 dictus
615 2817 786 2873 frater
830 2816 996 2872 faciat
1042 2815 1186 2887 quod
1234 2815 1569 2884 mandastis,
1618 2816 1733 2886 ipse
1785 2825 1980 2871 vestrae

394 2909 658 2964 voluntati
703 2925 807 2963 non
857 2907 1056 2978 refugit
1104 2906 1344 2962 obedire.
1405 2905 1518 2961 Hoc
1565 2917 1786 2971 autem,
1836 2907 1980 2976 quod

393 2999 526 3053 satis
549 2997 754 3066 justum
781 3006 835 3052 et
866 2996 1186 3053 canonicum
1227 3003 1402 3064 potest
1431 2993 1597 3049 videri
1623 3007 1722 3050 nec
1746 2993 1847 3050 sibi
1871 2993 1976 3048 ulla

392 3090 652 3145 canonica
698 3088 907 3142 ratione
945 3085 1109 3141 debet
1148 3084 1369 3155 negari,
1408 3099 1439 3138 a
1469 3083 1754 3139 dulcedine
1783 3092 1977 3138 vestra:

393 3179 612 3248 pietatis
634 3175 896 3247 deposcit,
933 3185 988 3231 et
1027 3188 1123 3229 nos
1150 3188 1273 3228 cum
1310 3172 1401 3227 illo
1445 3171 1811 3243 deposcimus,
1841 3187 1976 3242 qna-

393 3282 551 3325 tenus
579 3268 920 3324 auctoritatis
947 3275 1139 3322 vestrte
1169 3273 1440 3336 praecepto
1471 3265 1550 3320 sic
1572 3263 1625 3319 in
1647 3265 1974 3320 monasterio

396 3375 496 3416 suo
522 3368 766 3424 maneat,
822 3372 891 3414 ne
944 3356 1184 3426 quolibet
1233 3368 1433 3424 genere
1484 3353 1845 3410 damnationis
1887 3353 1972 3407 vel

392 3451 720 3507 detentionis
762 3449 1121 3520 opprimatur,
1171 3447 1343 3502 donec
1400 3453 1720 3517 praesentem
1779 3444 1977 3500 habeat

391 3554 790 3608 accusatorem,
820 3541 1106 3610 locumque
1150 3537 1471 3594 defendendi
1509 3537 1739 3607 accipiat
1781 3551 1976 3592 conve-

392 3640 665 3706 nientem,
711 3652 819 3707 quo
851 3634 1246 3706 blasphemiam
1278 3631 1538 3702 repellere
1569 3629 1745 3685 valeat
1789 3630 1975 3686 crimi-

391 3745 602 3787 nosam.
655 3727 806 3795 Quod
843 3728 888 3781 si
928 3725 1042 3794 jam
1092 3724 1272 3779 dictus
1317 3723 1485 3779 abbas
1525 3736 1584 3777 se
1617 3721 1974 3790 exspoliatum

393 3822 547 3889 dicit,
577 3810 763 3890 u'tique
793 3833 901 3872 non
929 3815 1206 3880 mentitur,
1235 3823 1289 3869 et
1310 3814 1518 3869 utinam
1554 3812 1972 3882 exspoliatorem

393 3927 549 3968 suum
596 3919 801 3981 quanto
847 3909 1065 3979 gravius
1108 3915 1327 3976 posset,
1371 3905 1743 3976 impugnaret,
1789 3917 1976 3976 perse-

392 4011 680 4071 queretur,
726 4001 900 4055 modis
945 3997 1196 4053 omnibus
1242 3995 1557 4061 infamaret,
1616 3995 1745 4064 quia
1791 3995 1868 4050 sic
1919 3993 1972 4048 in

393 4089 622 4156 foveam,
651 4105 812 4160 quam
853 4087 1065 4160 paravit
1097 4085 1380 4156 proximo,
1417 4083 1626 4154 primus
1680 4082 1970 4137 incideret!

391 4182 508 4252 Ipse
528 4182 673 4237 enim
703 4195 761 4236 se
786 4177 1113 4250 expoliavit;
1141 4192 1267 4231 nam
1309 4175 1396 4231 ubi
1429 4173 1570 4245 apud
1601 4172 1973 4229 sublimiorem

393 4287 678 4342 personam
713 4270 990 4326 accusavit
1037 4267 1381 4337 subjectum,
1425 4265 1570 4335 quod
1619 4279 1777 4320 suum
1825 4271 1973 4326 erat,

392 4365 616 4421 alterius
663 4362 946 4434 potestatis
987 4360 1136 4415 fecit.
1190 4359 1246 4413 Si
1274 4359 1469 4414 iterum
1499 4358 1566 4412 ab
1597 4366 1684 4422 eo,
1717 4356 1784 4408 ad
1814 4369 1975 4425 quem

387 4454 741 4527 iugulandum
771 4453 837 4507 de
865 4450 1059 4520 vagina
1100 4447 1345 4502 mortalis
1374 4444 1609 4500 infamia:
1643 4443 1830 4499 eduxit
1863 4442 1978 4512 gla-

2153 1997 2257 2065 git,
2311 1997 2476 2064 frater
2526 1993 2823 2063 Coﬂridus,
2865 2014 3054 2068 purum
3086 1997 3318 2068 ejusdem
3373 1999 3673 2054 dilectionis

2153 2088 2419 2156 a/fectum.

2153 2177 2325 2233 Priori
2380 2187 2564 2234 nostro
2592 2189 2646 2235 et
2674 2180 2871 2234 domno
2919 2179 3374 2252 llamelino(l98)
3423 2180 3669 2248 dixistis,

2082 2268 2223 2340 quod
2257 2269 2603 2324 adversarius
2630 2271 3068 2325 adversariorum
3097 2280 3404 2326 nostrorum
3435 2271 3670 2325 Romam

2083 2362 2277 2417 ivistis.
2302 2361 2569 2417 Praeterea
2599 2361 2881 2417 habebatis
2909 2363 3254 2433 dispositum,
3276 2364 3418 2432 quod
3448 2373 3670 2417 centum

2084 2454 2311 2509 libratas
2349 2453 2496 2522 (199)
2536 2454 2791 2510 Ecclesia:
2844 2465 3044 2510 nostra:
3087 2456 3312 2521 daretis,
3354 2456 3480 2525 quia
3529 2457 3673 2511 bene

2082 2543 2234 2598 vobis
2279 2542 2598 2608 servieram,
2633 2545 2725 2598 sed
2763 2553 2949 2614 postea
2999 2546 3152 2600 bonae
3192 2546 3508 2599 intentionis
3550 2546 3674 2599 ani-

2082 2646 2228 2685 mum
2257 2633 2656 2700 commutastis,
2687 2635 2813 2703 quia
2859 2643 3045 2688 contra
3087 2649 3185 2688 vos
3213 2633 3440 2687 multum
3473 2650 3674 2703 pecca-

2080 2736 2290 2776 veram.
2336 2711 2629 2778 Servitium
2681 2724 2900 2792 quidem
2946 2724 3095 2788 seio,
3137 2732 3418 2792 peccatum
3458 2726 3673 2778 nescio.

2082 2811 2191 2867 Nec
2213 2813 2438 2880 mirum,
2467 2814 2721 2884 quoniam
2753 2812 3058 2881 hujusmodi
3089 2822 3367 2882 peccatum
3393 2814 3446 2867 in
3474 2815 3674 2868 charta

2081 2902 2278 2957 diaboli
2312 2918 2416 2958 non
2459 2903 2759 2967 invenitur;
2801 2903 2941 2958 Deus
2975 2902 3104 2958 illud
3133 2917 3238 2956 non
3271 2902 3406 2967 odit,
3433 2917 3535 2957 nec
3568 2919 3677 2973 pro

2081 3008 2146 3048 eo
2178 2994 2465 3048 damnatur
2487 2994 2689 3060 anima,
2721 3010 2819 3050 nec
2843 2995 3215 3064 paenitentiam
3241 2995 3371 3064 agit.
3405 2995 3519 3050 Hoc
3559 2997 3675 3051 lor-

2081 3084 2253 3146 sitan,
2281 3083 2422 3152 quod
2455 3084 2592 3138 bene
2621 3092 2674 3138 et
2722 3099 2863 3154 szrpe
2911 3085 3144 3150 servivi,
3200 3094 3482 3155 peccatum
3531 3087 3673 3142 mihi

2080 3177 2387 3243 ascribitur,
2435 3185 2490 3231 et
2535 3177 2615 3232 sic
2665 3177 2865 3232 malum
2918 3193 3016 3248 pro
3053 3178 3217 3244 bono,
3249 3189 3304 3234 et
3334 3179 3515 3234 odium
3569 3197 3676 3250 pro

2079 3267 2366 3321 dilectione
2389 3282 2506 3321 mea
2537 3265 2876 3322 retribuitur.
2915 3268 3064 3322 lianc
3086 3269 3270 3338 utique
3309 3268 3468 3340 115
3506 3272 3678 3324 retri-

2081 3356 2353 3412 butionem
2405 3357 2545 3411 Deus
2595 3372 2702 3412 non
2754 3357 2947 3423 docet,
2985 3357 3077 3412 sed
3130 3358 3414 3427 prohibet,
3467 3368 3521 3412 ct
3572 3361 3674 3430 qui

2079 3447 2225 3501 illam
2255 3455 2524 3511 sectatur,
2571 3446 2846 3502 diabolum
2881 3447 2932 3502 in
2977 3448 3184 3504 malitia
3210 3464 3470 3519 superare
3502 3466 3678 3504 Cena-

2081 3547 2188 3592 tur.
2230 3536 2439 3591 Justius
2480 3537 2897 3606 enimjudicare
2945 3539 3189 3594 diabolus
3236 3541 3450 3595 videtur
3493 3558 3671 3610 quam

2078 3626 2186 3693 ille,
2220 3642 2344 3682 cum
2377 3626 2623 3683 diabolus
2665 3628 2744 3684 sic
2787 3637 2912 3699 agat
2941 3631 3084 3699 quod
3114 3631 3489 3686 tantummodo
3523 3632 3672 3686 mala

2075 3734 2174 3789 pro
2207 3718 2380 3780 malis.
2426 3718 2516 3774 ille
2558 3734 2689 3774 vero
2738 3721 2879 3774 mala
2911 3737 3012 3790 pro
3041 3722 3195 3776 nobis
3233 3722 3514 3777 retribuat.
3556 3724 3676 3793 Ego

2077 3813 2122 3868 si
2152 3811 2367 3882 quidem
2396 3829 2496 3882 pro
2525 3813 2762 3868 servitiis
2790 3814 2924 3868 meis
2957 3813 3158 3868 rmllum
3187 3815 3328 3872 aliud
3357 3817 3676 3886 ιη’ξιέιιῑίιιιιι,

2078 3901 2183 3956 nisi
2216 3900 2563 3956 dilectionem
2594 3911 2830 3955 vestram
2862 3902 3108 3970 quaesivi.
3134 3902 3216 3957 vel
3249 3919 3464 3974 quaero;
3497 3920 3672 3974 quam

2077 3991 2296 4060 quidam
2327 3989 2545 4060 indigne
2565 3990 2673 4045 cito
2720 3991 3024 4058 inveniunt,
3056 4000 3111 4046 et
3137 3993 3352 4062 quidam
3388 3995 3525 4049 satis
3545 3998 3674 4064 qni-

2078 4081 2199 4134 dem
2239 4080 2400 4150 digne
2456 4094 2577 4134 eam
2633 4093 3039 4150 promerentur,
3090 4085 3183 4139 sed
3239 4093 3334 4140 aut
3384 4101 3672 4156 nunquam

2078 4177 2516 4239 Consequentur,
2539 4177 2633 4224 aut
2664 4172 2844 4226 subito
2880 4173 3134 4243 perdunt.
3167 4173 3281 4229 lloc
3311 4183 3489 4230 autem
3515 4177 3676 4241 dico,

2078 4262 2221 4318 Dens
2245 4260 2370 4326 scit,
2403 4275 2508 4316 non
2535 4277 2724 4318 amaro
2745 4264 2968 4331 animo;
2995 4274 3068 4330 et,
3096 4264 3140 4320 si
3164 4266 3319 4322 vobis
3345 4283 3448 4322 non
3473 4269 3679 4336 displi-

2077 4358 2161 4406 cet
2223 4350 2366 4419 quod
2422 4350 2647 4406 minime
2700 4351 2988 4422 displicere
3053 4353 3247 4420 debet,
3304 4356 3465 4410 detur
3527 4359 3672 4411 mihi

2078 4441 2394 4507 audientis;
2446 4451 2500 4498 et
2533 4442 2675 4512 quod
2723 4443 2924 4499 dictum
2983 4455 3067 4501 est
3117 4461 3245 4502 vera
3290 4450 3677 4518 pr0positione

391 4549 564 4610 dium,
609 4541 977 4598 obedientiam
1035 4538 1236 4608 exigit,
1284 4537 1482 4607 desipit
1527 4535 1759 4591 domnus
1805 4533 1973 4589 abbas
2001 4554 2050 4615 ι)
2077 4532 2336 4602 probabo.

391 4637 513 4702 ille,
563 4644 658 4689 aut
699 4632 924 4694 insanit,
982 4638 1040 4685 et
1085 4636 1345 4699 apostata:
1391 4627 1565 4698 angeli
1616 4626 1974 4696 perversitate

392 4728 602 4791 nititur,
627 4724 718 4794 qtti
745 4720 1055 4776 hominibus
1083 4721 1320 4791 suggerit
1341 4728 1396 4774 ut
1417 4718 1518 4774 sibi
1543 4717 1819 4785 obediant,
1841 4731 1975 4787 quos

393 4819 458 4876 ad
488 4825 717 4871 mortem
750 4813 840 4869 ille
874 4811 1240 4883 persequitur.
1290 4809 1452 4865 Pater
1495 4809 1726 4880 optime,
1755 4824 1861 4864 non
1891 4817 1976 4865 est

463 4971 612 5040 (197)
638 4969 881 5024 Fratrem
899 4977 1131 5022 nostrum
1162 4965 1464 5020 Robcrtum.
1488 4965 1567 5020 Ad
1591 4981 1748 5036 quem
1781 4965 1879 5019 lib.
1898 4981 1971 5032 Iv,

389 5044 549 5097 enist.
580 5040 672 5097 28.

423 5060 828 5182 νὶῗξβῗδὶηηονὶ
852 5118 1028 5164 nostra
1065 5116 1112 5162 et
1149 5106 1344 5160 domno
1391 5105 1692 5162 Ilamelino.
1747 5105 1974 5176 Utrique

392 5175 701 5238 scribit'lib.
735 5196 806 5233 tv.

460 5252 610 5322 (199)
651 5249 869 5322 Centum
895 5247 1288 5322 libralas.r_Lib.
1322 5263 1382 5312 tl,
1413 5246 1572 5315 epist.
1604 5245 1782 5322 ὅρηει
1811 5245 1974 5322 hujus

391 5317 512 5376 libri
534 5317 694 5391 epist.
719 5319 807 5382 15,
835 5320 1085 5391 ducentas
1110 5318 1363 5391 libratus,
1398 5317 1873 5391 tertj.e_rtitrtirttnt.
1914 5317 1968 5368 In

389 5385 658 5461 praecepto
680 5391 849 5461 sancti
864 5389 1118 5461 Ludovici
1151 5389 1311 5461 regis,
1331 5403 1471 5461 anno
1497 5386 1634 5439 1250
1657 5402 1670 5438 :
1703 5385 1898 5461 Dilecto
1922 5396 1970 5461 et

389 5455 533 5529 ﬁdeli
563 5455 740 5517 nostra
762 5460 958 5513 Joanni
984 5459 1048 5512 de
1071 5455 1345 5529 Valeriaco
1368 5459 1422 5529 in
1453 5466 1788 5529 augmentum
1825 5455 1970 5529 [cudi

388 5524 527 5596 eaad
553 5533 774 5595 tenebat,
799 5530 1038 5583 dedimus
1065 5538 1272 5581 centum
1319 5524 1538 5596 libratus
1567 5525 1822 5596 terrw._ln
1863 5524 1967 5596 Ar-

389 5593 572 5656 vernis
612 5593 858 5664 scilicet,
886 5599 1025 5668 apud
1055 5596 1344 5668 Escnrolas
1381 5603 1436 5648 et
1468 5594 1703 5668 Marsium
1737 5593 1966 5668 Seholzr.

389 5673 607 5742 Antiqui
626 5662 1168 5742 ntenSUres'integras
1187 5666 1301 5742 agri
1327 5678 1610 5742 mensuras
1634 5663 1699 5715 ad
1721 5662 1969 5742 similitu-

390 5731 569 5796 dinem
593 5741 731 5795 assis
756 5749 849 5791 aut
877 5739 1024 5791 libra:
1046 5731 1100 5789 in
1127 5731 1336 5792 uncias,
1357 5741 1411 5783 et
1437 5734 1608 5785 uncire
1630 5742 1809 5798 partes
1833 5731 1969 5783 divi-

391 5815 609 5874 debant,
629 5822 687 5863 ut
714 5810 894 5862 videre
913 5816 994 5859 est
1018 5805 1156 5872 apud
1186 5801 1536 5855 Columellam
1568 5802 1660 5855 lib.
1690 5816 1740 5859 v,
1766 5815 1884 5866 cap.
1919 5801 1962 5852 Ι.

2639 4627 2970 4683 EPISTOLA
3004 4628 3094 4682 Χι.

2077 4715 2341 4770 Rainaldo
2379 4717 2624 4786 prudenti
2674 4729 2722 4773 et
2768 4719 3046 4789 multiplici
3087 4736 3273 4790 genere
3315 4723 3674 4786 pecuniarum

2147 4809 2377 4874 sublimi,
2404 4810 2570 4876 frater
2597 4809 2872 4881 Goﬂ'ridus
2927 4811 3326 4869 Vindocinensis
3355 4820 3675 4872 monasterii

2077 4968 2248 5040 Varro
2270 4967 2345 5022 De
2375 4983 2432 5022 re
2474 4967 2677 5022 rustica
2709 4968 2848 5022 libro
2877 4970 3072 5039 primo,
3103 4971 3282 5040 capite
3312 4971 3378 5025 10
3412 4990 3425 5024 :
3459 4971 3538 5024 Ab
3565 4973 3673 5026 hoc

2073 5038 2330 5108 principio
2362 5053 2622 5092 mensores
2651 5038 3025 5108 nonnunquam
3056 5038 3234 5094 dicunt
3264 5044 3316 5094 in
3342 5042 3675 5095 subsiciuam

2074 5124 2195 5181 esse
2219 5108 2428 5160 unciam
2458 5109 2598 5176 agri,
2621 5118 2709 5160 aut
2735 5121 3051 5181 sextantem,
3075 5122 3164 5163 aut
3188 5112 3317 5181 quid
3342 5112 3508 5172 aliud,
3539 5128 3673 5164 cunt

2075 5178 2142 5229 ad
2166 5177 2411 5249 jugerum
2427 5187 2786 5249 pervenerunt.
2810 5177 2876 5230 Id
2900 5179 3046 5232 habet
3072 5177 3319 5248 scrupulo
3341 5181 3468 5242 288,
3491 5198 3670 5249 quan-

2075 5258 2185 5299 tum
2208 5263 2288 5298 as.
2313 5245 2620 5316 Quodergo
2644 5246 2806 5300 fiebat
2830 5249 2881 5301 in
2908 5245 3240 5316 partibus,id
3267 5251 3434 5304 etiam
3465 5245 3516 5303 in
3543 5264 3680 5305 toto

2075 5314 2660 5389 anonnullisfactutn
2691 5326 2801 5382 est,
2836 5314 3146 5389 utintegris
3177 5323 3291 5389 agri
3326 5322 3605 5374 mensuris
3637 5340 3671 5375 ει

2073 5385 2208 5439 labra
2239 5383 2320 5461 vel
2351 5382 2522 5438 solido
2564 5400 2684 5461 asse
2731 5402 2923 5461 nomen
2951 5382 3164 5444 dar'ent.
3211 5382 3487 5444 Libratam
3525 5407 3673 5461 ergo

2075 5465 2234 5508 terrae
2272 5453 2526 5532 dixerunt
2568 5455 3124 5532 integrumjugerum
3174 5472 3356 5523 terrae,
3416 5453 3674 5528 arapeTt-

2072 5538 2220 5598 nem,
2251 5523 2513 5598 autaliud
2541 5525 2737 5580 simile.
2770 5523 3139 5598 iDicﬁta'etiam
3172 5534 3240 5583 ab
3271 5532 3459 5584 eodem
3503 5523 3673 5598 prm-

2072 5591 2215 5669 cipio
2262 5591 2486 5669 solidata
2542 5603 2742 5669 terra}:
2768 5597 2823 5650 In
2880 5599 3081 5669 litteris
3133 5599 3354 5669 Seguini
3408 5591 3669 5669 episcopi

2073 5662 2486 5716 Matisconensis
2515 5680 2657 5719 anno
2687 5665 2822 5721 1260
2841 5685 2854 5720 :
2873 5668 3005 5720 Cum
3042 5662 3353 5723 Guillelmus
3375 5662 3681 5724 de'Obluio

2071 5730 2220 5785 miles
2262 5731 2326 5782 ab
2372 5734 2590 5786 ecclesia
2636 5736 2998 5791 Clunianicnsi
3065 5753 3128 5791 ιχ
3185 5741 3440 5792 solidatas
3495 5751 3670 5793 terrm

2070 5809 2261 5854 teneret
2289 5799 2341 5850 in
2371 5799 2578 5865 ferulam
2635 5813 2744 5858 etc.
