  <div class='ocr_page' id='page_1' title='image "/cluster/home/n/w/nwhite01/storage/ocr_20150623/157/hvd.32044010248185/062.png"; bbox 0 0 3992 6352; ppageno 0'>
   <div class='ocr_carea' id='block_1_1' title="bbox 303 365 406 421">
    <p class='ocr_par' dir='ltr' id='par_1_1' title="bbox 303 365 406 421">
     <span class='ocr_line' id='line_1_1' title="bbox 303 365 406 421; baseline 0.01 -1"><span class='ocrx_word' id='word_1_1' title='bbox 303 365 406 421; x_wconf 77' lang='lat' dir='ltr'><strong>H3</strong></span> 
     </span>
    </p>
   </div>
   <div class='ocr_carea' id='block_1_2' title="bbox 1591 360 2335 419">
    <p class='ocr_par' dir='ltr' id='par_1_2' title="bbox 1591 360 2335 419">
     <span class='ocr_line' id='line_1_2' title="bbox 1591 360 2335 419; baseline -0.003 -1"><span class='ocrx_word' id='word_1_2' title='bbox 1591 361 1971 419; x_wconf 65' lang='lat' dir='ltr'><strong>EPISTULrE.</strong></span> <span class='ocrx_word' id='word_1_3' title='bbox 2025 389 2071 401; x_wconf 89' lang='lat'><strong>--</strong></span> <span class='ocrx_word' id='word_1_4' title='bbox 2093 360 2220 416; x_wconf 67' lang='lat' dir='ltr'><strong>LIB.</strong></span> <span class='ocrx_word' id='word_1_5' title='bbox 2251 361 2335 416; x_wconf 85' lang='grc' dir='ltr'><strong>ιιι.</strong></span> 
     </span>
    </p>
   </div>
   <div class='ocr_carea' id='block_1_3' title="bbox 3468 362 3584 418">
    <p class='ocr_par' dir='ltr' id='par_1_3' title="bbox 3468 362 3584 418">
     <span class='ocr_line' id='line_1_3' title="bbox 3468 362 3584 418; baseline 0.009 -1"><span class='ocrx_word' id='word_1_6' title='bbox 3468 364 3488 417; x_wconf 81' lang='grc' dir='ltr'>ι</span> <span class='ocrx_word' id='word_1_7' title='bbox 3499 362 3584 418; x_wconf 60' lang='grc' dir='ltr'><strong>με</strong></span> 
     </span>
    </p>
   </div>
   <div class='ocr_carea' id='block_1_4' title="bbox 373 473 3588 548">
    <p class='ocr_par' dir='ltr' id='par_1_4' title="bbox 373 473 3588 548">
     <span class='ocr_line' id='line_1_4' title="bbox 373 473 3588 548; baseline -0.001 -18"><span class='ocrx_word' id='word_1_8' title='bbox 373 474 587 532; x_wconf 84' lang='lat' dir='ltr'><strong>Immilis</strong></span> <span class='ocrx_word' id='word_1_9' title='bbox 615 492 813 542; x_wconf 84' lang='lat' dir='ltr'><strong>servus,</strong></span> <span class='ocrx_word' id='word_1_10' title='bbox 838 475 1197 531; x_wconf 72' lang='lat' dir='ltr'><strong>Christianam</strong></span> <span class='ocrx_word' id='word_1_11' title='bbox 1228 475 1391 547; x_wconf 84' lang='lat' dir='ltr'><strong><em>legem</em></strong></span> <span class='ocrx_word' id='word_1_12' title='bbox 1413 476 1690 548; x_wconf 76' lang='lat' dir='ltr'><strong>diligenter</strong></span> <span class='ocrx_word' id='word_1_13' title='bbox 1712 477 1882 533; x_wconf 83' lang='lat' dir='ltr'><strong>obser-</strong></span> <span class='ocrx_word' id='word_1_14' title='bbox 1913 483 1954 538; x_wconf 80' lang='grc' dir='ltr'><strong>Λ</strong></span> <span class='ocrx_word' id='word_1_15' title='bbox 1989 475 2184 538; x_wconf 88' lang='lat' dir='ltr'><strong>vimus,</strong></span> <span class='ocrx_word' id='word_1_16' title='bbox 2209 489 2308 530; x_wconf 91' lang='lat' dir='ltr'><strong>nec</strong></span> <span class='ocrx_word' id='word_1_17' title='bbox 2332 488 2616 544; x_wconf 85' lang='lat' dir='ltr'><strong>possumus</strong></span> <span class='ocrx_word' id='word_1_18' title='bbox 2639 488 2740 531; x_wconf 90' lang='lat' dir='ltr'><strong>nec</strong></span> <span class='ocrx_word' id='word_1_19' title='bbox 2771 475 3028 531; x_wconf 84' lang='lat' dir='ltr'><strong>debemus</strong></span> <span class='ocrx_word' id='word_1_20' title='bbox 3060 487 3166 528; x_wconf 93' lang='lat' dir='ltr'><strong>non</strong></span> <span class='ocrx_word' id='word_1_21' title='bbox 3201 473 3368 544; x_wconf 83' lang='lat' dir='ltr'><strong>loqui.</strong></span> <span class='ocrx_word' id='word_1_22' title='bbox 3397 473 3455 528; x_wconf 89' lang='lat' dir='ltr'><strong>lu</strong></span> <span class='ocrx_word' id='word_1_23' title='bbox 3479 474 3588 528; x_wconf 85' lang='lat' dir='ltr'><strong>illa.</strong></span> 
     </span>
    </p>
   </div>
   <div class='ocr_carea' id='block_1_5' title="bbox 377 565 1886 637">
    <p class='ocr_par' dir='ltr' id='par_1_5' title="bbox 377 565 1886 637">
     <span class='ocr_line' id='line_1_5' title="bbox 377 565 1886 637; baseline 0 -15"><span class='ocrx_word' id='word_1_24' title='bbox 377 584 529 632; x_wconf 77' lang='lat' dir='ltr'><strong>vare,</strong></span> <span class='ocrx_word' id='word_1_25' title='bbox 575 575 628 621; x_wconf 87' lang='lat' dir='ltr'><strong>et</strong></span> <span class='ocrx_word' id='word_1_26' title='bbox 677 565 936 621; x_wconf 87' lang='lat' dir='ltr'><strong>neminem</strong></span> <span class='ocrx_word' id='word_1_27' title='bbox 986 581 1082 637; x_wconf 91' lang='lat' dir='ltr'><strong>pro</strong></span> <span class='ocrx_word' id='word_1_28' title='bbox 1137 567 1424 622; x_wconf 73' lang='lat' dir='ltr'><strong>assertione</strong></span> <span class='ocrx_word' id='word_1_29' title='bbox 1471 568 1709 622; x_wconf 79' lang='lat' dir='ltr'><strong>veritatis</strong></span> <span class='ocrx_word' id='word_1_30' title='bbox 1762 569 1886 622; x_wconf 88' lang='lat' dir='ltr'><strong>odio</strong></span> 
     </span>
    </p>
   </div>
   <div class='ocr_carea' id='block_1_6' title="bbox 373 657 804 728">
    <p class='ocr_par' dir='ltr' id='par_1_6' title="bbox 373 657 804 728">
     <span class='ocr_line' id='line_1_6' title="bbox 373 657 804 728; baseline 0 -16"><span class='ocrx_word' id='word_1_31' title='bbox 373 657 580 712; x_wconf 82' lang='lat' dir='ltr'><strong>habere.</strong></span> <span class='ocrx_word' id='word_1_32' title='bbox 802 726 804 728; x_wconf 17' lang='grc' dir='ltr'><strong><em>ν</em></strong></span> 
     </span>
    </p>
   </div>
   <div class='ocr_carea' id='block_1_7' title="bbox 373 746 1886 818">
    <p class='ocr_par' dir='ltr' id='par_1_7' title="bbox 373 746 1886 818">
     <span class='ocr_line' id='line_1_7' title="bbox 373 746 1886 818; baseline 0.001 -16"><span class='ocrx_word' id='word_1_33' title='bbox 373 748 580 803; x_wconf 89' lang='lat' dir='ltr'><strong>Domno</strong></span> <span class='ocrx_word' id='word_1_34' title='bbox 615 746 681 801; x_wconf 82' lang='lat' dir='ltr'><strong>ll.</strong></span> <span class='ocrx_word' id='word_1_35' title='bbox 715 746 866 818; x_wconf 76' lang='lat'><strong>(200)</strong></span> <span class='ocrx_word' id='word_1_36' title='bbox 901 747 1054 802; x_wconf 79' lang='lat' dir='ltr'><strong>fratri</strong></span> <span class='ocrx_word' id='word_1_37' title='bbox 1079 755 1266 804; x_wconf 90' lang='lat' dir='ltr'><strong>nostro</strong></span> <span class='ocrx_word' id='word_1_38' title='bbox 1298 747 1514 804; x_wconf 73' lang='lat' dir='ltr'><strong>dixistis</strong></span> <span class='ocrx_word' id='word_1_39' title='bbox 1541 763 1628 804; x_wconf 89' lang='lat' dir='ltr'><strong>me</strong></span> <span class='ocrx_word' id='word_1_40' title='bbox 1650 748 1804 805; x_wconf 92' lang='lat' dir='ltr'><strong>vobis</strong></span> <span class='ocrx_word' id='word_1_41' title='bbox 1831 749 1886 804; x_wconf 91' lang='lat' dir='ltr'><strong>in</strong></span> 
     </span>
    </p>
   </div>
   <div class='ocr_carea' id='block_1_8' title="bbox 304 835 1889 909">
    <p class='ocr_par' dir='ltr' id='par_1_8' title="bbox 304 835 1889 909">
     <span class='ocr_line' id='line_1_8' title="bbox 304 835 1889 909; baseline 0.001 -18"><span class='ocrx_word' id='word_1_42' title='bbox 304 835 570 891; x_wconf 91' lang='lat' dir='ltr'><strong>electione</strong></span> <span class='ocrx_word' id='word_1_43' title='bbox 634 845 814 891; x_wconf 83' lang='lat' dir='ltr'><strong>vestra</strong></span> <span class='ocrx_word' id='word_1_44' title='bbox 848 836 996 908; x_wconf 71' lang='lat'><strong>(201)</strong></span> <span class='ocrx_word' id='word_1_45' title='bbox 1030 836 1196 893; x_wconf 85' lang='lat' dir='ltr'><strong>fuisse</strong></span> <span class='ocrx_word' id='word_1_46' title='bbox 1239 837 1513 894; x_wconf 72' lang='lat' dir='ltr'><strong>infestum.</strong></span> <span class='ocrx_word' id='word_1_47' title='bbox 1546 837 1636 894; x_wconf 87' lang='lat' dir='ltr'><strong>Sic</strong></span> <span class='ocrx_word' id='word_1_48' title='bbox 1680 839 1889 909; x_wconf 79' lang='lat' dir='ltr'><strong>magni-</strong></span> 
     </span>
    </p>
   </div>
   <div class='ocr_carea' id='block_1_9' title="bbox 308 925 1885 996">
    <p class='ocr_par' dir='ltr' id='par_1_9' title="bbox 308 925 1885 996">
     <span class='ocr_line' id='line_1_9' title="bbox 308 925 1885 996; baseline 0.001 -17"><span class='ocrx_word' id='word_1_49' title='bbox 308 925 481 980; x_wconf 87' lang='lat' dir='ltr'><strong>tudini</strong></span> <span class='ocrx_word' id='word_1_50' title='bbox 512 934 708 981; x_wconf 79' lang='lat' dir='ltr'><strong>vestra:</strong></span> <span class='ocrx_word' id='word_1_51' title='bbox 752 925 899 996; x_wconf 87' lang='lat' dir='ltr'><strong>loqui</strong></span> <span class='ocrx_word' id='word_1_52' title='bbox 930 926 1165 996; x_wconf 90' lang='lat' dir='ltr'><strong>placuit;</strong></span> <span class='ocrx_word' id='word_1_53' title='bbox 1214 942 1349 982; x_wconf 77' lang='lat' dir='ltr'><strong>mete</strong></span> <span class='ocrx_word' id='word_1_54' title='bbox 1396 936 1576 982; x_wconf 88' lang='lat' dir='ltr'><strong>tamen</strong></span> <span class='ocrx_word' id='word_1_55' title='bbox 1630 928 1885 996; x_wconf 84' lang='lat' dir='ltr'><strong>parvitati</strong></span> 
     </span>
    </p>
   </div>
   <div class='ocr_carea' id='block_1_10' title="bbox 303 1014 1886 1088">
    <p class='ocr_par' dir='ltr' id='par_1_10' title="bbox 303 1014 1886 1088">
     <span class='ocr_line' id='line_1_10' title="bbox 303 1014 1886 1088; baseline 0.003 -19"><span class='ocrx_word' id='word_1_56' title='bbox 303 1015 437 1069; x_wconf 84' lang='lat' dir='ltr'><strong>satis</strong></span> <span class='ocrx_word' id='word_1_57' title='bbox 469 1014 766 1085; x_wconf 76' lang='lat' dir='ltr'><strong>displicuit,</strong></span> <span class='ocrx_word' id='word_1_58' title='bbox 795 1017 938 1086; x_wconf 89' lang='lat' dir='ltr'><strong>quod</strong></span> <span class='ocrx_word' id='word_1_59' title='bbox 964 1031 1233 1072; x_wconf 91' lang='lat' dir='ltr'><strong>canonum</strong></span> <span class='ocrx_word' id='word_1_60' title='bbox 1263 1017 1463 1088; x_wconf 80' lang='lat' dir='ltr'><strong>regulis</strong></span> <span class='ocrx_word' id='word_1_61' title='bbox 1492 1028 1548 1073; x_wconf 92' lang='lat' dir='ltr'><strong>et</strong></span> <span class='ocrx_word' id='word_1_62' title='bbox 1571 1027 1886 1073; x_wconf 87' lang='lat' dir='ltr'><strong>sanctorum</strong></span> 
     </span>
    </p>
   </div>
   <div class='ocr_carea' id='block_1_11' title="bbox 308 1105 1884 1164">
    <p class='ocr_par' dir='ltr' id='par_1_11' title="bbox 308 1105 1884 1164">
     <span class='ocr_line' id='line_1_11' title="bbox 308 1105 1884 1164; baseline 0.003 -7"><span class='ocrx_word' id='word_1_63' title='bbox 308 1105 790 1163; x_wconf 84' lang='lat' dir='ltr'><strong>constitutionibus</strong></span> <span class='ocrx_word' id='word_1_64' title='bbox 820 1106 1043 1164; x_wconf 85' lang='lat' dir='ltr'><strong>Patrum</strong></span> <span class='ocrx_word' id='word_1_65' title='bbox 1072 1105 1145 1162; x_wconf 89' lang='lat' dir='ltr'><strong>ibi</strong></span> <span class='ocrx_word' id='word_1_66' title='bbox 1196 1105 1322 1162; x_wconf 86' lang='lat' dir='ltr'><strong>novi</strong></span> <span class='ocrx_word' id='word_1_67' title='bbox 1365 1121 1484 1162; x_wconf 88' lang='lat' dir='ltr'><strong>esse</strong></span> <span class='ocrx_word' id='word_1_68' title='bbox 1529 1108 1884 1163; x_wconf 88' lang='lat' dir='ltr'><strong>contrarium.</strong></span> 
     </span>
    </p>
   </div>
   <div class='ocr_carea' id='block_1_12' title="bbox 306 1193 1890 1268">
    <p class='ocr_par' dir='ltr' id='par_1_12' title="bbox 306 1193 1890 1268">
     <span class='ocr_line' id='line_1_12' title="bbox 306 1193 1890 1268; baseline 0.004 -20"><span class='ocrx_word' id='word_1_69' title='bbox 306 1193 444 1250; x_wconf 73' lang='lat' dir='ltr'><strong>Nam</strong></span> <span class='ocrx_word' id='word_1_70' title='bbox 477 1196 568 1251; x_wconf 92' lang='lat' dir='ltr'><strong>ubi</strong></span> <span class='ocrx_word' id='word_1_71' title='bbox 600 1197 708 1251; x_wconf 88' lang='lat' dir='ltr'><strong>vidi</strong></span> <span class='ocrx_word' id='word_1_72' title='bbox 739 1198 957 1252; x_wconf 89' lang='lat' dir='ltr'><strong>unicum</strong></span> <span class='ocrx_word' id='word_1_73' title='bbox 1001 1205 1058 1254; x_wconf 89' lang='lat' dir='ltr'><strong>et</strong></span> <span class='ocrx_word' id='word_1_74' title='bbox 1094 1196 1368 1268; x_wconf 81' lang='lat' dir='ltr'><strong>singulare</strong></span> <span class='ocrx_word' id='word_1_75' title='bbox 1394 1207 1596 1255; x_wconf 82' lang='lat' dir='ltr'><strong>sanctae</strong></span> <span class='ocrx_word' id='word_1_76' title='bbox 1636 1199 1890 1255; x_wconf 77' lang='lat' dir='ltr'><strong>Ecclesia:</strong></span> 
     </span>
    </p>
   </div>
   <div class='ocr_carea' id='block_1_13' title="bbox 305 1285 1890 1359">
    <p class='ocr_par' dir='ltr' id='par_1_13' title="bbox 305 1285 1890 1359">
     <span class='ocr_line' id='line_1_13' title="bbox 305 1285 1890 1359; baseline 0.006 -22"><span class='ocrx_word' id='word_1_77' title='bbox 305 1285 509 1338; x_wconf 78' lang='lat' dir='ltr'><strong>ostium</strong></span> <span class='ocrx_word' id='word_1_78' title='bbox 527 1285 724 1350; x_wconf 89' lang='lat' dir='ltr'><strong>claudi,</strong></span> <span class='ocrx_word' id='word_1_79' title='bbox 757 1295 813 1342; x_wconf 90' lang='lat' dir='ltr'><strong>et</strong></span> <span class='ocrx_word' id='word_1_80' title='bbox 834 1286 982 1342; x_wconf 86' lang='lat' dir='ltr'><strong>aliud</strong></span> <span class='ocrx_word' id='word_1_81' title='bbox 1011 1287 1247 1351; x_wconf 88' lang='lat' dir='ltr'><strong>aliunde,</strong></span> <span class='ocrx_word' id='word_1_82' title='bbox 1277 1303 1374 1358; x_wconf 89' lang='lat' dir='ltr'><strong>per</strong></span> <span class='ocrx_word' id='word_1_83' title='bbox 1395 1289 1536 1359; x_wconf 91' lang='lat' dir='ltr'><strong>quod</strong></span> <span class='ocrx_word' id='word_1_84' title='bbox 1567 1290 1658 1357; x_wconf 92' lang='lat' dir='ltr'><strong>qui</strong></span> <span class='ocrx_word' id='word_1_85' title='bbox 1686 1289 1890 1346; x_wconf 87' lang='lat' dir='ltr'><strong>intrant</strong></span> 
     </span>
    </p>
   </div>
   <div class='ocr_carea' id='block_1_14' title="bbox 307 1374 1887 1451">
    <p class='ocr_par' dir='ltr' id='par_1_14' title="bbox 307 1374 1887 1451">
     <span class='ocr_line' id='line_1_14' title="bbox 307 1374 1887 1451; baseline 0.004 -23"><span class='ocrx_word' id='word_1_86' title='bbox 307 1374 458 1429; x_wconf 75' lang='lat' dir='ltr'><strong>{.tres</strong></span> <span class='ocrx_word' id='word_1_87' title='bbox 480 1385 605 1429; x_wconf 85' lang='lat' dir='ltr'><strong>sunt</strong></span> <span class='ocrx_word' id='word_1_88' title='bbox 641 1385 692 1431; x_wconf 91' lang='lat' dir='ltr'><strong>et</strong></span> <span class='ocrx_word' id='word_1_89' title='bbox 719 1376 735 1429; x_wconf 94' lang='lat' dir='ltr'><strong>l</strong></span> <span class='ocrx_word' id='word_1_90' title='bbox 758 1384 959 1432; x_wconf 72' lang='lat' dir='ltr'><strong>:trones</strong></span> <span class='ocrx_word' id='word_1_91' title='bbox 987 1377 1171 1448; x_wconf 82' lang='lat' dir='ltr'><strong>(Joan.</strong></span> <span class='ocrx_word' id='word_1_92' title='bbox 1217 1396 1271 1446; x_wconf 70' lang='grc' dir='ltr'><strong>κ,</strong></span> <span class='ocrx_word' id='word_1_93' title='bbox 1303 1380 1405 1451; x_wconf 80' lang='grc'><strong>1),.</strong></span> <span class='ocrx_word' id='word_1_94' title='bbox 1454 1380 1650 1435; x_wconf 90' lang='lat' dir='ltr'><strong>ostium</strong></span> <span class='ocrx_word' id='word_1_95' title='bbox 1691 1381 1887 1450; x_wconf 88' lang='lat' dir='ltr'><strong>aperiri</strong></span> 
     </span>
    </p>
   </div>
   <div class='ocr_carea' id='block_1_15' title="bbox 307 1462 1892 1540">
    <p class='ocr_par' dir='ltr' id='par_1_15' title="bbox 307 1462 1892 1540">
     <span class='ocr_line' id='line_1_15' title="bbox 307 1462 1892 1540; baseline 0.006 -26"><span class='ocrx_word' id='word_1_96' title='bbox 307 1462 659 1530; x_wconf 85' lang='lat' dir='ltr'><strong>apostolicam</strong></span> <span class='ocrx_word' id='word_1_97' title='bbox 684 1463 871 1518; x_wconf 89' lang='lat' dir='ltr'><strong>violari</strong></span> <span class='ocrx_word' id='word_1_98' title='bbox 903 1463 1232 1534; x_wconf 90' lang='lat' dir='ltr'><strong>doctrinam,</strong></span> <span class='ocrx_word' id='word_1_99' title='bbox 1257 1477 1506 1523; x_wconf 87' lang='lat' dir='ltr'><strong>sanctum</strong></span> <span class='ocrx_word' id='word_1_100' title='bbox 1537 1469 1698 1540; x_wconf 79' lang='lat'><strong>116</strong></span> <span class='ocrx_word' id='word_1_101' title='bbox 1720 1469 1892 1523; x_wconf 78' lang='lat' dir='ltr'><strong>Evan-</strong></span> 
     </span>
    </p>
   </div>
   <div class='ocr_carea' id='block_1_16' title="bbox 307 1545 1894 1629">
    <p class='ocr_par' dir='ltr' id='par_1_16' title="bbox 307 1545 1894 1629">
     <span class='ocr_line' id='line_1_16' title="bbox 307 1545 1894 1629; baseline 0.004 -22"><span class='ocrx_word' id='word_1_102' title='bbox 307 1553 506 1622; x_wconf 78' lang='lat' dir='ltr'><strong>gelium</strong></span> <span class='ocrx_word' id='word_1_103' title='bbox 539 1555 754 1624; x_wconf 92' lang='lat' dir='ltr'><strong>penitus</strong></span> <span class='ocrx_word' id='word_1_104' title='bbox 779 1557 1080 1623; x_wconf 86' lang='lat' dir='ltr'><strong>contemni,</strong></span> <span class='ocrx_word' id='word_1_105' title='bbox 1106 1557 1152 1612; x_wconf 89' lang='lat' dir='ltr'><strong>si</strong></span> <span class='ocrx_word' id='word_1_106' title='bbox 1185 1558 1317 1614; x_wconf 89' lang='lat' dir='ltr'><strong>mihi</strong></span> <span class='ocrx_word' id='word_1_107' title='bbox 1351 1558 1663 1629; x_wconf 87' lang='lat' dir='ltr'><strong>placuisset,</strong></span> <span class='ocrx_word' id='word_1_108' title='bbox 1687 1545 1894 1616; x_wconf 13' lang='lat' dir='ltr'><strong>Christi.</strong></span> 
     </span>
    </p>
   </div>
   <div class='ocr_carea' id='block_1_17' title="bbox 308 1649 1893 1718">
    <p class='ocr_par' dir='ltr' id='par_1_17' title="bbox 308 1649 1893 1718">
     <span class='ocr_line' id='line_1_17' title="bbox 308 1649 1893 1718; baseline 0.004 -18"><span class='ocrx_word' id='word_1_109' title='bbox 308 1661 500 1702; x_wconf 90' lang='lat' dir='ltr'><strong>servus</strong></span> <span class='ocrx_word' id='word_1_110' title='bbox 527 1662 636 1703; x_wconf 91' lang='lat' dir='ltr'><strong>non</strong></span> <span class='ocrx_word' id='word_1_111' title='bbox 663 1661 862 1714; x_wconf 91' lang='lat' dir='ltr'><strong>essem,</strong></span> <span class='ocrx_word' id='word_1_112' title='bbox 907 1649 1004 1705; x_wconf 91' lang='lat' dir='ltr'><strong>sed</strong></span> <span class='ocrx_word' id='word_1_113' title='bbox 1049 1649 1267 1706; x_wconf 91' lang='lat' dir='ltr'><strong>diaboli.</strong></span> <span class='ocrx_word' id='word_1_114' title='bbox 1299 1653 1370 1706; x_wconf 88' lang='lat' dir='ltr'><strong>At</strong></span> <span class='ocrx_word' id='word_1_115' title='bbox 1405 1651 1537 1706; x_wconf 88' lang='lat' dir='ltr'><strong>mihi</strong></span> <span class='ocrx_word' id='word_1_116' title='bbox 1569 1650 1706 1718; x_wconf 91' lang='lat' dir='ltr'><strong>soli,</strong></span> <span class='ocrx_word' id='word_1_117' title='bbox 1753 1653 1893 1708; x_wconf 90' lang='lat' dir='ltr'><strong>sicut</strong></span> 
     </span>
    </p>
   </div>
   <div class='ocr_carea' id='block_1_18' title="bbox 308 1736 1886 1812">
    <p class='ocr_par' dir='ltr' id='par_1_18' title="bbox 308 1736 1886 1812">
     <span class='ocr_line' id='line_1_18' title="bbox 308 1736 1886 1812; baseline 0.005 -23"><span class='ocrx_word' id='word_1_118' title='bbox 308 1736 566 1804; x_wconf 87' lang='lat' dir='ltr'><strong>arbitror,</strong></span> <span class='ocrx_word' id='word_1_119' title='bbox 597 1751 696 1808; x_wconf 93' lang='lat' dir='ltr'><strong>pro</strong></span> <span class='ocrx_word' id='word_1_120' title='bbox 735 1738 963 1794; x_wconf 89' lang='lat' dir='ltr'><strong>crimine</strong></span> <span class='ocrx_word' id='word_1_121' title='bbox 995 1754 1100 1794; x_wconf 92' lang='lat' dir='ltr'><strong>non</strong></span> <span class='ocrx_word' id='word_1_122' title='bbox 1130 1740 1292 1797; x_wconf 88' lang='lat' dir='ltr'><strong>debet</strong></span> <span class='ocrx_word' id='word_1_123' title='bbox 1326 1741 1550 1811; x_wconf 88' lang='lat' dir='ltr'><strong>ascribi,</strong></span> <span class='ocrx_word' id='word_1_124' title='bbox 1589 1742 1734 1812; x_wconf 93' lang='lat' dir='ltr'><strong>quod</strong></span> <span class='ocrx_word' id='word_1_125' title='bbox 1765 1743 1886 1797; x_wconf 91' lang='lat' dir='ltr'><strong>Ste-</strong></span> 
     </span>
    </p>
   </div>
   <div class='ocr_carea' id='block_1_19' title="bbox 1990 565 3570 636">
    <p class='ocr_par' dir='ltr' id='par_1_19' title="bbox 1990 565 3570 636">
     <span class='ocr_line' id='line_1_19' title="bbox 1990 565 3570 636; baseline -0.001 -16"><span class='ocrx_word' id='word_1_126' title='bbox 1990 566 2255 635; x_wconf 88' lang='lat' dir='ltr'><strong>siquidem</strong></span> <span class='ocrx_word' id='word_1_127' title='bbox 2281 566 2520 632; x_wconf 88' lang='lat' dir='ltr'><strong>actione,</strong></span> <span class='ocrx_word' id='word_1_128' title='bbox 2549 566 2659 622; x_wconf 91' lang='lat' dir='ltr'><strong>imo</strong></span> <span class='ocrx_word' id='word_1_129' title='bbox 2683 565 2824 636; x_wconf 81' lang='lat' dir='ltr'><strong>vulgi</strong></span> <span class='ocrx_word' id='word_1_130' title='bbox 2847 565 3266 635; x_wconf 86' lang='lat' dir='ltr'><strong>conspiratione,</strong></span> <span class='ocrx_word' id='word_1_131' title='bbox 3288 579 3450 634; x_wconf 90' lang='lat' dir='ltr'><strong>quam</strong></span> <span class='ocrx_word' id='word_1_132' title='bbox 3472 580 3570 635; x_wconf 88' lang='lat' dir='ltr'><strong>pro</strong></span> 
     </span>
    </p>
   </div>
   <div class='ocr_carea' id='block_1_20' title="bbox 1992 656 3572 727">
    <p class='ocr_par' dir='ltr' id='par_1_20' title="bbox 1992 656 3572 727">
     <span class='ocr_line' id='line_1_20' title="bbox 1992 656 3572 727; baseline 0 -15"><span class='ocrx_word' id='word_1_133' title='bbox 1992 656 2263 712; x_wconf 88' lang='lat' dir='ltr'><strong>electione</strong></span> <span class='ocrx_word' id='word_1_134' title='bbox 2295 658 2580 727; x_wconf 89' lang='lat' dir='ltr'><strong>reputatis,</strong></span> <span class='ocrx_word' id='word_1_135' title='bbox 2613 657 2698 712; x_wconf 80' lang='lat' dir='ltr'><strong>lex</strong></span> <span class='ocrx_word' id='word_1_136' title='bbox 2725 657 2874 713; x_wconf 88' lang='lat' dir='ltr'><strong>velut</strong></span> <span class='ocrx_word' id='word_1_137' title='bbox 2903 659 3044 713; x_wconf 87' lang='lat' dir='ltr'><strong>inter</strong></span> <span class='ocrx_word' id='word_1_138' title='bbox 3072 673 3221 712; x_wconf 88' lang='lat' dir='ltr'><strong>arma</strong></span> <span class='ocrx_word' id='word_1_139' title='bbox 3257 657 3432 724; x_wconf 85' lang='lat' dir='ltr'><strong>siluit;</strong></span> <span class='ocrx_word' id='word_1_140' title='bbox 3469 672 3572 713; x_wconf 83' lang='lat' dir='ltr'><strong>vox</strong></span> 
     </span>
    </p>
   </div>
   <div class='ocr_carea' id='block_1_21' title="bbox 1987 740 3571 805">
    <p class='ocr_par' dir='ltr' id='par_1_21' title="bbox 1987 740 3571 805">
     <span class='ocr_line' id='line_1_21' title="bbox 1987 740 3571 805; baseline -0.001 -1"><span class='ocrx_word' id='word_1_141' title='bbox 1987 749 2172 804; x_wconf 87' lang='lat' dir='ltr'><strong>divina</strong></span> <span class='ocrx_word' id='word_1_142' title='bbox 2217 749 2398 804; x_wconf 90' lang='lat' dir='ltr'><strong>locum</strong></span> <span class='ocrx_word' id='word_1_143' title='bbox 2428 764 2536 804; x_wconf 90' lang='lat' dir='ltr'><strong>non</strong></span> <span class='ocrx_word' id='word_1_144' title='bbox 2567 749 2773 805; x_wconf 86' lang='lat' dir='ltr'><strong>habuit.</strong></span> <span class='ocrx_word' id='word_1_145' title='bbox 2811 749 3006 805; x_wconf 89' lang='lat' dir='ltr'><strong>Totum</strong></span> <span class='ocrx_word' id='word_1_146' title='bbox 3053 749 3124 805; x_wconf 91' lang='lat' dir='ltr'><strong>ibi</strong></span> <span class='ocrx_word' id='word_1_147' title='bbox 3171 740 3362 804; x_wconf 79' lang='lat' dir='ltr'><strong>levitas</strong></span> <span class='ocrx_word' id='word_1_148' title='bbox 3390 750 3571 805; x_wconf 89' lang='lat' dir='ltr'><strong>vindi-</strong></span> 
     </span>
    </p>
   </div>
   <div class='ocr_carea' id='block_1_22' title="bbox 1988 835 3570 908">
    <p class='ocr_par' dir='ltr' id='par_1_22' title="bbox 1988 835 3570 908">
     <span class='ocr_line' id='line_1_22' title="bbox 1988 835 3570 908; baseline 0.001 -18"><span class='ocrx_word' id='word_1_149' title='bbox 1988 837 2132 890; x_wconf 89' lang='lat' dir='ltr'><strong>cavit</strong></span> <span class='ocrx_word' id='word_1_150' title='bbox 2154 845 2207 891; x_wconf 90' lang='lat' dir='ltr'><strong>et</strong></span> <span class='ocrx_word' id='word_1_151' title='bbox 2233 835 2462 900; x_wconf 89' lang='lat' dir='ltr'><strong>vanitas,</strong></span> <span class='ocrx_word' id='word_1_152' title='bbox 2489 835 2578 890; x_wconf 90' lang='lat' dir='ltr'><strong>ubi</strong></span> <span class='ocrx_word' id='word_1_153' title='bbox 2605 837 2768 892; x_wconf 89' lang='lat' dir='ltr'><strong>mima</strong></span> <span class='ocrx_word' id='word_1_154' title='bbox 2785 839 3032 908; x_wconf 60' lang='lat' dir='ltr'><strong>quaedam</strong></span> <span class='ocrx_word' id='word_1_155' title='bbox 3051 845 3106 894; x_wconf 92' lang='lat' dir='ltr'><strong>et</strong></span> <span class='ocrx_word' id='word_1_156' title='bbox 3127 837 3319 892; x_wconf 90' lang='lat' dir='ltr'><strong>mulier</strong></span> <span class='ocrx_word' id='word_1_157' title='bbox 3340 837 3570 908; x_wconf 87' lang='lat' dir='ltr'><strong>publica.</strong></span> 
     </span>
    </p>
   </div>
   <div class='ocr_carea' id='block_1_23' title="bbox 1990 927 3574 998">
    <p class='ocr_par' dir='ltr' id='par_1_23' title="bbox 1990 927 3574 998">
     <span class='ocr_line' id='line_1_23' title="bbox 1990 927 3574 998; baseline 0 -18"><span class='ocrx_word' id='word_1_158' title='bbox 1990 942 2113 995; x_wconf 69' lang='lat' dir='ltr'><strong>qua:</strong></span> <span class='ocrx_word' id='word_1_159' title='bbox 2141 942 2234 981; x_wconf 88' lang='lat' dir='ltr'><strong>vos</strong></span> <span class='ocrx_word' id='word_1_160' title='bbox 2257 927 2548 998; x_wconf 84' lang='lat' dir='ltr'><strong>garruliter</strong></span> <span class='ocrx_word' id='word_1_161' title='bbox 2580 927 2942 993; x_wconf 87' lang='lat' dir='ltr'><strong>acclamabat,</strong></span> <span class='ocrx_word' id='word_1_162' title='bbox 2967 927 3199 997; x_wconf 88' lang='lat' dir='ltr'><strong>amplius</strong></span> <span class='ocrx_word' id='word_1_163' title='bbox 3221 927 3394 998; x_wconf 92' lang='lat' dir='ltr'><strong>potuit</strong></span> <span class='ocrx_word' id='word_1_164' title='bbox 3415 942 3574 998; x_wconf 84' lang='lat' dir='ltr'><strong>quam</strong></span> 
     </span>
    </p>
   </div>
   <div class='ocr_carea' id='block_1_24' title="bbox 1989 1016 3572 1088">
    <p class='ocr_par' dir='ltr' id='par_1_24' title="bbox 1989 1016 3572 1088">
     <span class='ocr_line' id='line_1_24' title="bbox 1989 1016 3572 1088; baseline -0.002 -18"><span class='ocrx_word' id='word_1_165' title='bbox 1989 1016 2165 1087; x_wconf 89' lang='lat' dir='ltr'><strong>plebis</strong></span> <span class='ocrx_word' id='word_1_166' title='bbox 2211 1018 2530 1082; x_wconf 81' lang='lat' dir='ltr'><strong>maturitas,</strong></span> <span class='ocrx_word' id='word_1_167' title='bbox 2570 1017 2660 1072; x_wconf 88' lang='lat' dir='ltr'><strong>vel</strong></span> <span class='ocrx_word' id='word_1_168' title='bbox 2707 1018 2976 1073; x_wconf 89' lang='lat' dir='ltr'><strong>clericalis</strong></span> <span class='ocrx_word' id='word_1_169' title='bbox 3022 1018 3277 1074; x_wconf 80' lang='lat' dir='ltr'><strong>honestas</strong></span> <span class='ocrx_word' id='word_1_170' title='bbox 3319 1017 3572 1088; x_wconf 88' lang='lat' dir='ltr'><strong>potuerit.</strong></span> 
     </span>
    </p>
   </div>
   <div class='ocr_carea' id='block_1_25' title="bbox 1991 1105 3578 1179">
    <p class='ocr_par' dir='ltr' id='par_1_25' title="bbox 1991 1105 3578 1179">
     <span class='ocr_line' id='line_1_25' title="bbox 1991 1105 3578 1179; baseline 0.001 -20"><span class='ocrx_word' id='word_1_171' title='bbox 1991 1105 2129 1160; x_wconf 85' lang='lat' dir='ltr'><strong>llinc</strong></span> <span class='ocrx_word' id='word_1_172' title='bbox 2167 1106 2461 1162; x_wconf 89' lang='lat' dir='ltr'><strong>lldebertus</strong></span> <span class='ocrx_word' id='word_1_173' title='bbox 2489 1107 2638 1178; x_wconf 70' lang='lat'><strong>(203)</strong></span> <span class='ocrx_word' id='word_1_174' title='bbox 2659 1108 2742 1162; x_wconf 88' lang='lat' dir='ltr'><strong>vir</strong></span> <span class='ocrx_word' id='word_1_175' title='bbox 2770 1107 3076 1178; x_wconf 78' lang='lat' dir='ltr'><strong>religiosus,</strong></span> <span class='ocrx_word' id='word_1_176' title='bbox 3117 1109 3208 1179; x_wconf 91' lang='lat' dir='ltr'><strong>qui</strong></span> <span class='ocrx_word' id='word_1_177' title='bbox 3240 1115 3578 1178; x_wconf 85' lang='lat' dir='ltr'><strong>postmetro-</strong></span> 
     </span>
    </p>
   </div>
   <div class='ocr_carea' id='block_1_26' title="bbox 1990 1196 3577 1268">
    <p class='ocr_par' dir='ltr' id='par_1_26' title="bbox 1990 1196 3577 1268">
     <span class='ocr_line' id='line_1_26' title="bbox 1990 1196 3577 1268; baseline 0 -18"><span class='ocrx_word' id='word_1_178' title='bbox 1990 1196 2288 1266; x_wconf 87' lang='lat' dir='ltr'><strong>politanum</strong></span> <span class='ocrx_word' id='word_1_179' title='bbox 2317 1197 2369 1251; x_wconf 94' lang='lat' dir='ltr'><strong>in</strong></span> <span class='ocrx_word' id='word_1_180' title='bbox 2402 1197 2682 1267; x_wconf 77' lang='lat' dir='ltr'><strong>provincia</strong></span> <span class='ocrx_word' id='word_1_181' title='bbox 2713 1198 2922 1268; x_wconf 88' lang='lat' dir='ltr'><strong>primus</strong></span> <span class='ocrx_word' id='word_1_182' title='bbox 2951 1207 3069 1254; x_wconf 88' lang='lat' dir='ltr'><strong>erat</strong></span> <span class='ocrx_word' id='word_1_183' title='bbox 3095 1198 3378 1268; x_wconf 90' lang='lat' dir='ltr'><strong>episcopus</strong></span> <span class='ocrx_word' id='word_1_184' title='bbox 3406 1196 3577 1268; x_wconf 66' lang='lat'><strong>(204),</strong></span> 
     </span>
    </p>
   </div>
   <div class='ocr_carea' id='block_1_27' title="bbox 1993 1273 3580 1358">
    <p class='ocr_par' dir='ltr' id='par_1_27' title="bbox 1993 1273 3580 1358">
     <span class='ocr_line' id='line_1_27' title="bbox 1993 1273 3580 1358; baseline -0.001 -16"><span class='ocrx_word' id='word_1_185' title='bbox 1993 1273 2097 1342; x_wconf 84' lang='lat' dir='ltr'><strong>non</strong></span> <span class='ocrx_word' id='word_1_186' title='bbox 2125 1289 2326 1355; x_wconf 87' lang='lat' dir='ltr'><strong>tacuit;</strong></span> <span class='ocrx_word' id='word_1_187' title='bbox 2359 1288 2451 1358; x_wconf 88' lang='lat' dir='ltr'><strong>qui</strong></span> <span class='ocrx_word' id='word_1_188' title='bbox 2487 1304 2518 1343; x_wconf 92' lang='lat' dir='ltr'><strong>a</strong></span> <span class='ocrx_word' id='word_1_189' title='bbox 2559 1298 2743 1346; x_wconf 84' lang='lat' dir='ltr'><strong>vestra</strong></span> <span class='ocrx_word' id='word_1_190' title='bbox 2783 1289 3216 1352; x_wconf 88' lang='lat' dir='ltr'><strong>consecratione,</strong></span> <span class='ocrx_word' id='word_1_191' title='bbox 3249 1287 3376 1343; x_wconf 86' lang='lat' dir='ltr'><strong>licet</strong></span> <span class='ocrx_word' id='word_1_192' title='bbox 3415 1303 3445 1342; x_wconf 90' lang='lat' dir='ltr'><strong>a</strong></span> <span class='ocrx_word' id='word_1_193' title='bbox 3481 1303 3580 1344; x_wconf 89' lang='lat' dir='ltr'><strong>suo</strong></span> 
     </span>
    </p>
   </div>
   <div class='ocr_carea' id='block_1_28' title="bbox 1994 1378 3584 1451">
    <p class='ocr_par' dir='ltr' id='par_1_28' title="bbox 1994 1378 3584 1451">
     <span class='ocr_line' id='line_1_28' title="bbox 1994 1378 3584 1451; baseline 0 -19"><span class='ocrx_word' id='word_1_194' title='bbox 1994 1378 2413 1448; x_wconf 83' lang='lat' dir='ltr'><strong>metropolitano</strong></span> <span class='ocrx_word' id='word_1_195' title='bbox 2442 1388 2664 1435; x_wconf 83' lang='lat' dir='ltr'><strong>vocatus</strong></span> <span class='ocrx_word' id='word_1_196' title='bbox 2696 1379 2870 1451; x_wconf 73' lang='lat'><strong>(205),</strong></span> <span class='ocrx_word' id='word_1_197' title='bbox 2902 1379 3137 1448; x_wconf 89' lang='lat' dir='ltr'><strong>seipsum</strong></span> <span class='ocrx_word' id='word_1_198' title='bbox 3171 1379 3504 1443; x_wconf 86' lang='lat' dir='ltr'><strong>absentavit,</strong></span> <span class='ocrx_word' id='word_1_199' title='bbox 3529 1390 3584 1433; x_wconf 86' lang='lat' dir='ltr'><strong>et</strong></span> 
     </span>
    </p>
   </div>
   <div class='ocr_carea' id='block_1_29' title="bbox 1991 1471 3581 1542">
    <p class='ocr_par' dir='ltr' id='par_1_29' title="bbox 1991 1471 3581 1542">
     <span class='ocr_line' id='line_1_29' title="bbox 1991 1471 3581 1542; baseline -0.001 -18"><span class='ocrx_word' id='word_1_200' title='bbox 1991 1471 2423 1526; x_wconf 80' lang='lat' dir='ltr'><strong>exsecrationem</strong></span> <span class='ocrx_word' id='word_1_201' title='bbox 2470 1485 2590 1526; x_wconf 85' lang='lat' dir='ltr'><strong>esse</strong></span> <span class='ocrx_word' id='word_1_202' title='bbox 2651 1471 2833 1542; x_wconf 87' lang='lat' dir='ltr'><strong>potius</strong></span> <span class='ocrx_word' id='word_1_203' title='bbox 2889 1486 3054 1541; x_wconf 88' lang='lat' dir='ltr'><strong>quam</strong></span> <span class='ocrx_word' id='word_1_204' title='bbox 3113 1471 3581 1530; x_wconf 86' lang='lat' dir='ltr'><strong>consecrationem</strong></span> 
     </span>
    </p>
   </div>
   <div class='ocr_carea' id='block_1_30' title="bbox 1994 1560 3583 1634">
    <p class='ocr_par' dir='ltr' id='par_1_30' title="bbox 1994 1560 3583 1634">
     <span class='ocr_line' id='line_1_30' title="bbox 1994 1560 3583 1634; baseline 0 -20"><span class='ocrx_word' id='word_1_205' title='bbox 1994 1561 2290 1631; x_wconf 82' lang='lat' dir='ltr'><strong>apostolica</strong></span> <span class='ocrx_word' id='word_1_206' title='bbox 2317 1570 2372 1616; x_wconf 93' lang='lat' dir='ltr'><strong>et</strong></span> <span class='ocrx_word' id='word_1_207' title='bbox 2394 1562 2704 1634; x_wconf 81' lang='lat' dir='ltr'><strong>evangelica</strong></span> <span class='ocrx_word' id='word_1_208' title='bbox 2735 1562 2967 1618; x_wconf 87' lang='lat' dir='ltr'><strong>veritate</strong></span> <span class='ocrx_word' id='word_1_209' title='bbox 3017 1561 3348 1630; x_wconf 65' lang='lat' dir='ltr'><strong>praedicavit.</strong></span> <span class='ocrx_word' id='word_1_210' title='bbox 3401 1560 3583 1616; x_wconf 90' lang='lat' dir='ltr'><strong>Bonus</strong></span> 
     </span>
    </p>
   </div>
   <div class='ocr_carea' id='block_1_31' title="bbox 1994 1652 3584 1726">
    <p class='ocr_par' dir='ltr' id='par_1_31' title="bbox 1994 1652 3584 1726">
     <span class='ocr_line' id='line_1_31' title="bbox 1994 1652 3584 1726; baseline 0 -20"><span class='ocrx_word' id='word_1_211' title='bbox 1994 1652 2275 1708; x_wconf 84' lang='lat' dir='ltr'><strong>Maurilius</strong></span> <span class='ocrx_word' id='word_1_212' title='bbox 2299 1653 2468 1726; x_wconf 74' lang='lat'><strong>(206),</strong></span> <span class='ocrx_word' id='word_1_213' title='bbox 2495 1669 2654 1725; x_wconf 87' lang='lat' dir='ltr'><strong>quem</strong></span> <span class='ocrx_word' id='word_1_214' title='bbox 2677 1662 2916 1710; x_wconf 84' lang='lat' dir='ltr'><strong>vestrum</strong></span> <span class='ocrx_word' id='word_1_215' title='bbox 2941 1653 3392 1723; x_wconf 65' lang='lat' dir='ltr'><strong>praedecessorem</strong></span> <span class='ocrx_word' id='word_1_216' title='bbox 3419 1652 3584 1707; x_wconf 80' lang='lat' dir='ltr'><strong>fuisse</strong></span> 
     </span>
    </p>
   </div>
   <div class='ocr_carea' id='block_1_32' title="bbox 1995 1744 3586 1816">
    <p class='ocr_par' dir='ltr' id='par_1_32' title="bbox 1995 1744 3586 1816">
     <span class='ocr_line' id='line_1_32' title="bbox 1995 1744 3586 1816; baseline 0 -18"><span class='ocrx_word' id='word_1_217' title='bbox 1995 1745 2330 1815; x_wconf 80' lang='lat' dir='ltr'><strong>gloriamini,</strong></span> <span class='ocrx_word' id='word_1_218' title='bbox 2362 1746 2526 1803; x_wconf 89' lang='lat' dir='ltr'><strong>beato</strong></span> <span class='ocrx_word' id='word_1_219' title='bbox 2569 1746 2804 1816; x_wconf 84' lang='lat' dir='ltr'><strong>eligeute</strong></span> <span class='ocrx_word' id='word_1_220' title='bbox 2851 1745 3082 1801; x_wconf 83' lang='lat' dir='ltr'><strong>Martino</strong></span> <span class='ocrx_word' id='word_1_221' title='bbox 3123 1754 3180 1801; x_wconf 92' lang='lat' dir='ltr'><strong>et</strong></span> <span class='ocrx_word' id='word_1_222' title='bbox 3223 1744 3586 1816; x_wconf 79' lang='lat' dir='ltr'><strong>prtesignante</strong></span> 
     </span>
    </p>
   </div>
   <div class='ocr_carea' id='block_1_33' title="bbox 307 1813 3586 1906">
    <p class='ocr_par' dir='ltr' id='par_1_33' title="bbox 307 1813 3586 1906">
     <span class='ocr_line' id='line_1_33' title="bbox 307 1813 3586 1906; baseline 0.003 -27"><span class='ocrx_word' id='word_1_223' title='bbox 307 1827 486 1896; x_wconf 88' lang='lat' dir='ltr'><strong>pbauo</strong></span> <span class='ocrx_word' id='word_1_224' title='bbox 513 1827 724 1886; x_wconf 81' lang='lat' dir='ltr'><strong>decano</strong></span> <span class='ocrx_word' id='word_1_225' title='bbox 764 1838 948 1885; x_wconf 91' lang='lat' dir='ltr'><strong>vestro</strong></span> <span class='ocrx_word' id='word_1_226' title='bbox 975 1830 1145 1902; x_wconf 70' lang='lat'><strong>(202),</strong></span> <span class='ocrx_word' id='word_1_227' title='bbox 1187 1840 1241 1887; x_wconf 89' lang='lat' dir='ltr'><strong>et</strong></span> <span class='ocrx_word' id='word_1_228' title='bbox 1277 1835 1525 1904; x_wconf 89' lang='lat' dir='ltr'><strong>personis</strong></span> <span class='ocrx_word' id='word_1_229' title='bbox 1564 1851 1685 1906; x_wconf 76' lang='lat' dir='ltr'><strong>quae</strong></span> <span class='ocrx_word' id='word_1_230' title='bbox 1725 1834 1894 1891; x_wconf 84' lang='lat' dir='ltr'><strong>all‘ue-</strong></span> <span class='ocrx_word' id='word_1_231' title='bbox 1926 1813 1970 1869; x_wconf 72' lang='grc' dir='ltr'><strong>Β</strong></span> <span class='ocrx_word' id='word_1_232' title='bbox 1997 1813 2200 1906; x_wconf 75' lang='lat' dir='ltr'><strong>Spiritu</strong></span> <span class='ocrx_word' id='word_1_233' title='bbox 2262 1813 2484 1900; x_wconf 86' lang='lat' dir='ltr'><strong>sancto,</strong></span> <span class='ocrx_word' id='word_1_234' title='bbox 2539 1813 2746 1892; x_wconf 75' lang='lat' dir='ltr'><strong>electus</strong></span> <span class='ocrx_word' id='word_1_235' title='bbox 2794 1845 2880 1892; x_wconf 90' lang='lat' dir='ltr'><strong>est</strong></span> <span class='ocrx_word' id='word_1_236' title='bbox 2919 1844 2975 1892; x_wconf 88' lang='lat' dir='ltr'><strong>et</strong></span> <span class='ocrx_word' id='word_1_237' title='bbox 3035 1813 3410 1892; x_wconf 56' lang='lat' dir='ltr'><strong>consecratus:</strong></span> <span class='ocrx_word' id='word_1_238' title='bbox 3467 1833 3586 1890; x_wconf 74' lang='lat' dir='ltr'><strong>Vos</strong></span> 
     </span>
    </p>
   </div>
   <div class='ocr_carea' id='block_1_34' title="bbox 316 1918 1895 1993">
    <p class='ocr_par' dir='ltr' id='par_1_34' title="bbox 316 1918 1895 1993">
     <span class='ocr_line' id='line_1_34' title="bbox 316 1918 1895 1993; baseline 0.002 -23"><span class='ocrx_word' id='word_1_239' title='bbox 316 1926 467 1980; x_wconf 83' lang='lat' dir='ltr'><strong>runt,</strong></span> <span class='ocrx_word' id='word_1_240' title='bbox 493 1925 671 1986; x_wconf 88' lang='lat' dir='ltr'><strong>potest</strong></span> <span class='ocrx_word' id='word_1_241' title='bbox 696 1918 876 1988; x_wconf 90' lang='lat' dir='ltr'><strong>potius</strong></span> <span class='ocrx_word' id='word_1_242' title='bbox 917 1918 1191 1988; x_wconf 85' lang='lat' dir='ltr'><strong>imputari.</strong></span> <span class='ocrx_word' id='word_1_243' title='bbox 1238 1921 1440 1977; x_wconf 89' lang='lat' dir='ltr'><strong>Omnes</strong></span> <span class='ocrx_word' id='word_1_244' title='bbox 1471 1923 1655 1993; x_wconf 91' lang='lat' dir='ltr'><strong>utique</strong></span> <span class='ocrx_word' id='word_1_245' title='bbox 1679 1933 1895 1979; x_wconf 67' lang='lat' dir='ltr'><strong>contra.</strong></span> 
     </span>
    </p>
   </div>
   <div class='ocr_carea' id='block_1_35' title="bbox 316 2007 1892 2076">
    <p class='ocr_par' dir='ltr' id='par_1_35' title="bbox 316 2007 1892 2076">
     <span class='ocr_line' id='line_1_35' title="bbox 316 2007 1892 2076; baseline 0.006 -18"><span class='ocrx_word' id='word_1_246' title='bbox 316 2007 569 2059; x_wconf 78' lang='lat' dir='ltr'><strong>dixerunt</strong></span> <span class='ocrx_word' id='word_1_247' title='bbox 595 2007 742 2061; x_wconf 88' lang='lat' dir='ltr'><strong>illam</strong></span> <span class='ocrx_word' id='word_1_248' title='bbox 769 2023 932 2076; x_wconf 88' lang='lat' dir='ltr'><strong>quam</strong></span> <span class='ocrx_word' id='word_1_249' title='bbox 959 2017 1195 2064; x_wconf 89' lang='lat' dir='ltr'><strong>vestram</strong></span> <span class='ocrx_word' id='word_1_250' title='bbox 1224 2009 1392 2068; x_wconf 81' lang='lat' dir='ltr'><strong>fuisse</strong></span> <span class='ocrx_word' id='word_1_251' title='bbox 1439 2013 1622 2070; x_wconf 90' lang='lat' dir='ltr'><strong>dicitis</strong></span> <span class='ocrx_word' id='word_1_252' title='bbox 1669 2013 1892 2070; x_wconf 91' lang='lat' dir='ltr'><strong>electio-</strong></span> 
     </span>
    </p>
   </div>
   <div class='ocr_carea' id='block_1_36' title="bbox 315 2098 1896 2170">
    <p class='ocr_par' dir='ltr' id='par_1_36' title="bbox 315 2098 1896 2170">
     <span class='ocr_line' id='line_1_36' title="bbox 315 2098 1896 2170; baseline 0.006 -20"><span class='ocrx_word' id='word_1_253' title='bbox 315 2111 470 2162; x_wconf 85' lang='lat' dir='ltr'><strong>nem,</strong></span> <span class='ocrx_word' id='word_1_254' title='bbox 519 2105 574 2151; x_wconf 93' lang='lat' dir='ltr'><strong>et</strong></span> <span class='ocrx_word' id='word_1_255' title='bbox 616 2098 1066 2167; x_wconf 84' lang='lat' dir='ltr'><strong>reprobaverunt.</strong></span> <span class='ocrx_word' id='word_1_256' title='bbox 1113 2098 1226 2156; x_wconf 87' lang='lat' dir='ltr'><strong>Nec</strong></span> <span class='ocrx_word' id='word_1_257' title='bbox 1278 2102 1584 2170; x_wconf 88' lang='lat' dir='ltr'><strong>immerito;</strong></span> <span class='ocrx_word' id='word_1_258' title='bbox 1630 2119 1756 2158; x_wconf 90' lang='lat' dir='ltr'><strong>nam</strong></span> <span class='ocrx_word' id='word_1_259' title='bbox 1789 2104 1896 2160; x_wconf 89' lang='lat' dir='ltr'><strong>illis</strong></span> 
     </span>
    </p>
   </div>
   <div class='ocr_carea' id='block_1_37' title="bbox 319 2189 1895 2267">
    <p class='ocr_par' dir='ltr' id='par_1_37' title="bbox 319 2189 1895 2267">
     <span class='ocr_line' id='line_1_37' title="bbox 319 2189 1895 2267; baseline 0.006 -27"><span class='ocrx_word' id='word_1_260' title='bbox 319 2189 508 2244; x_wconf 86' lang='lat' dir='ltr'><strong>invitis</strong></span> <span class='ocrx_word' id='word_1_261' title='bbox 539 2197 726 2244; x_wconf 87' lang='lat' dir='ltr'><strong>etnon</strong></span> <span class='ocrx_word' id='word_1_262' title='bbox 755 2191 1082 2259; x_wconf 89' lang='lat' dir='ltr'><strong>petentibus,</strong></span> <span class='ocrx_word' id='word_1_263' title='bbox 1125 2202 1378 2262; x_wconf 89' lang='lat' dir='ltr'><strong>arreptus</strong></span> <span class='ocrx_word' id='word_1_264' title='bbox 1414 2193 1595 2250; x_wconf 84' lang='lat' dir='ltr'><strong>fuistis</strong></span> <span class='ocrx_word' id='word_1_265' title='bbox 1631 2211 1661 2248; x_wconf 90' lang='lat' dir='ltr'><strong>a</strong></span> <span class='ocrx_word' id='word_1_266' title='bbox 1700 2195 1895 2267; x_wconf 82' lang='lat' dir='ltr'><strong>vulgo,</strong></span> 
     </span>
    </p>
   </div>
   <div class='ocr_carea' id='block_1_38' title="bbox 314 2279 1900 2356">
    <p class='ocr_par' dir='ltr' id='par_1_38' title="bbox 314 2279 1900 2356">
     <span class='ocr_line' id='line_1_38' title="bbox 314 2279 1900 2356; baseline 0.005 -24"><span class='ocrx_word' id='word_1_267' title='bbox 314 2287 370 2332; x_wconf 75' lang='lat' dir='ltr'><strong>et</strong></span> <span class='ocrx_word' id='word_1_268' title='bbox 395 2279 537 2348; x_wconf 88' lang='lat' dir='ltr'><strong>quod</strong></span> <span class='ocrx_word' id='word_1_269' title='bbox 563 2279 636 2334; x_wconf 90' lang='lat' dir='ltr'><strong>ibi</strong></span> <span class='ocrx_word' id='word_1_270' title='bbox 663 2279 867 2335; x_wconf 74' lang='lat' dir='ltr'><strong>factum</strong></span> <span class='ocrx_word' id='word_1_271' title='bbox 910 2291 1014 2347; x_wconf 92' lang='lat' dir='ltr'><strong>est,</strong></span> <span class='ocrx_word' id='word_1_272' title='bbox 1044 2283 1146 2338; x_wconf 91' lang='lat' dir='ltr'><strong>hoc</strong></span> <span class='ocrx_word' id='word_1_273' title='bbox 1193 2294 1621 2355; x_wconf 67' lang='lat' dir='ltr'><strong>praesumptuosa</strong></span> <span class='ocrx_word' id='word_1_274' title='bbox 1651 2295 1705 2340; x_wconf 92' lang='lat' dir='ltr'><strong>et</strong></span> <span class='ocrx_word' id='word_1_275' title='bbox 1724 2285 1900 2356; x_wconf 89' lang='lat' dir='ltr'><strong>perni-</strong></span> 
     </span>
    </p>
   </div>
   <div class='ocr_carea' id='block_1_39' title="bbox 311 2369 1898 2444">
    <p class='ocr_par' dir='ltr' id='par_1_39' title="bbox 311 2369 1898 2444">
     <span class='ocr_line' id='line_1_39' title="bbox 311 2369 1898 2444; baseline 0.006 -22"><span class='ocrx_word' id='word_1_276' title='bbox 311 2371 460 2430; x_wconf 72' lang='lat' dir='ltr'><strong>ciosa</strong></span> <span class='ocrx_word' id='word_1_277' title='bbox 492 2369 622 2424; x_wconf 85' lang='lat' dir='ltr'><strong>fecit</strong></span> <span class='ocrx_word' id='word_1_278' title='bbox 659 2371 875 2426; x_wconf 89' lang='lat' dir='ltr'><strong>seditio.</strong></span> <span class='ocrx_word' id='word_1_279' title='bbox 914 2370 1026 2428; x_wconf 82' lang='lat' dir='ltr'><strong>Nos</strong></span> <span class='ocrx_word' id='word_1_280' title='bbox 1055 2381 1235 2428; x_wconf 90' lang='lat' dir='ltr'><strong>autem</strong></span> <span class='ocrx_word' id='word_1_281' title='bbox 1265 2389 1386 2444; x_wconf 84' lang='lat' dir='ltr'><strong>quae</strong></span> <span class='ocrx_word' id='word_1_282' title='bbox 1415 2376 1651 2431; x_wconf 89' lang='lat' dir='ltr'><strong>vidimus</strong></span> <span class='ocrx_word' id='word_1_283' title='bbox 1670 2385 1724 2430; x_wconf 91' lang='lat' dir='ltr'><strong>et</strong></span> <span class='ocrx_word' id='word_1_284' title='bbox 1745 2377 1898 2432; x_wconf 86' lang='lat' dir='ltr'><strong>audi-</strong></span> 
     </span>
    </p>
   </div>
   <div class='ocr_carea' id='block_1_40' title="bbox 384 2525 1893 2598">
    <p class='ocr_par' dir='ltr' id='par_1_40' title="bbox 384 2525 1893 2598">
     <span class='ocr_line' id='line_1_40' title="bbox 384 2525 1893 2598; baseline 0.003 -18"><span class='ocrx_word' id='word_1_285' title='bbox 384 2525 534 2596; x_wconf 74' lang='lat'><strong>(200)</strong></span> <span class='ocrx_word' id='word_1_286' title='bbox 569 2526 776 2598; x_wconf 80' lang='lat' dir='ltr'><strong>Damno</strong></span> <span class='ocrx_word' id='word_1_287' title='bbox 809 2527 880 2580; x_wconf 80' lang='grc' dir='ltr'><strong>Η.</strong></span> <span class='ocrx_word' id='word_1_288' title='bbox 901 2527 1220 2592; x_wconf 74' lang='lat' dir='ltr'><strong>&#39;Hamelino,</strong></span> <span class='ocrx_word' id='word_1_289' title='bbox 1252 2537 1311 2582; x_wconf 93' lang='lat' dir='ltr'><strong>ut</strong></span> <span class='ocrx_word' id='word_1_290' title='bbox 1334 2529 1496 2598; x_wconf 83' lang='lat' dir='ltr'><strong>epist.</strong></span> <span class='ocrx_word' id='word_1_291' title='bbox 1537 2531 1893 2598; x_wconf 69' lang='lat' dir='ltr'><strong>prmcedenti.</strong></span> 
     </span>
    </p>
   </div>
   <div class='ocr_carea' id='block_1_41' title="bbox 387 2597 1895 2670">
    <p class='ocr_par' dir='ltr' id='par_1_41' title="bbox 387 2597 1895 2670">
     <span class='ocr_line' id='line_1_41' title="bbox 387 2597 1895 2670; baseline 0.004 -21"><span class='ocrx_word' id='word_1_292' title='bbox 387 2598 534 2670; x_wconf 58' lang='lat' dir='ltr'><strong>(illi)</strong></span> <span class='ocrx_word' id='word_1_293' title='bbox 586 2597 656 2651; x_wconf 85' lang='lat' dir='ltr'><strong>In</strong></span> <span class='ocrx_word' id='word_1_294' title='bbox 707 2597 956 2670; x_wconf 81' lang='lat' dir='ltr'><strong>electione</strong></span> <span class='ocrx_word' id='word_1_295' title='bbox 1001 2610 1191 2670; x_wconf 54' lang='lat' dir='ltr'><strong>vestra,</strong></span> <span class='ocrx_word' id='word_1_296' title='bbox 1223 2599 1298 2654; x_wconf 87' lang='lat' dir='ltr'><strong>De</strong></span> <span class='ocrx_word' id='word_1_297' title='bbox 1348 2597 1601 2670; x_wconf 25' lang='lat' dir='ltr'><strong>Bainal’di</strong></span> <span class='ocrx_word' id='word_1_298' title='bbox 1656 2602 1895 2670; x_wconf 84' lang='lat' dir='ltr'><strong>episcopi</strong></span> 
     </span>
    </p>
   </div>
   <div class='ocr_carea' id='block_1_42' title="bbox 313 2666 1905 2730">
    <p class='ocr_par' dir='ltr' id='par_1_42' title="bbox 313 2666 1905 2730">
     <span class='ocr_line' id='line_1_42' title="bbox 313 2666 1905 2730; baseline 0.001 -10"><span class='ocrx_word' id='word_1_299' title='bbox 313 2666 598 2730; x_wconf 78' lang='lat' dir='ltr'><strong>electione,</strong></span> <span class='ocrx_word' id='word_1_300' title='bbox 640 2667 724 2721; x_wconf 91' lang='lat' dir='ltr'><strong>cui</strong></span> <span class='ocrx_word' id='word_1_301' title='bbox 751 2667 935 2720; x_wconf 91' lang='lat' dir='ltr'><strong>multis</strong></span> <span class='ocrx_word' id='word_1_302' title='bbox 960 2667 1268 2722; x_wconf 87' lang='lat' dir='ltr'><strong>nominibus</strong></span> <span class='ocrx_word' id='word_1_303' title='bbox 1297 2667 1612 2724; x_wconf 88' lang='lat' dir='ltr'><strong>adversatus</strong></span> <span class='ocrx_word' id='word_1_304' title='bbox 1659 2666 1739 2724; x_wconf 75' lang='lat' dir='ltr'><strong>est</strong></span> <span class='ocrx_word' id='word_1_305' title='bbox 1769 2666 1905 2724; x_wconf 69' lang='lat' dir='ltr'><strong>Gol-</strong></span> 
     </span>
    </p>
   </div>
   <div class='ocr_carea' id='block_1_43' title="bbox 319 2735 1898 2808">
    <p class='ocr_par' dir='ltr' id='par_1_43' title="bbox 319 2735 1898 2808">
     <span class='ocr_line' id='line_1_43' title="bbox 319 2735 1898 2808; baseline 0.001 -20"><span class='ocrx_word' id='word_1_306' title='bbox 319 2739 510 2800; x_wconf 81' lang='lat' dir='ltr'><strong>l&#39;rnlus,</strong></span> <span class='ocrx_word' id='word_1_307' title='bbox 550 2747 676 2808; x_wconf 77' lang='lat' dir='ltr'><strong>aget</strong></span> <span class='ocrx_word' id='word_1_308' title='bbox 701 2737 895 2808; x_wconf 74' lang='lat' dir='ltr'><strong>iterum</strong></span> <span class='ocrx_word' id='word_1_309' title='bbox 923 2735 1016 2808; x_wconf 81' lang='lat' dir='ltr'><strong>lib.</strong></span> <span class='ocrx_word' id='word_1_310' title='bbox 1053 2753 1124 2808; x_wconf 77' lang='lat' dir='ltr'><strong>tv.</strong></span> <span class='ocrx_word' id='word_1_311' title='bbox 1151 2738 1308 2805; x_wconf 84' lang='lat' dir='ltr'><strong>epist.</strong></span> <span class='ocrx_word' id='word_1_312' title='bbox 1333 2737 1420 2808; x_wconf 12' lang='lat'><strong>,9:</strong></span> <span class='ocrx_word' id='word_1_313' title='bbox 1451 2740 1693 2793; x_wconf 82' lang='lat' dir='ltr'><strong>eamdem</strong></span> <span class='ocrx_word' id='word_1_314' title='bbox 1727 2739 1898 2808; x_wconf 83' lang='lat' dir='ltr'><strong>impu-</strong></span> 
     </span>
    </p>
   </div>
   <div class='ocr_carea' id='block_1_44' title="bbox 318 2805 1897 2877">
    <p class='ocr_par' dir='ltr' id='par_1_44' title="bbox 318 2805 1897 2877">
     <span class='ocr_line' id='line_1_44' title="bbox 318 2805 1897 2877; baseline 0.003 -18"><span class='ocrx_word' id='word_1_315' title='bbox 318 2818 441 2874; x_wconf 73' lang='lat' dir='ltr'><strong>gnat</strong></span> <span class='ocrx_word' id='word_1_316' title='bbox 485 2805 655 2877; x_wconf 83' lang='lat' dir='ltr'><strong>tribus</strong></span> <span class='ocrx_word' id='word_1_317' title='bbox 677 2805 918 2875; x_wconf 88' lang='lat' dir='ltr'><strong>epistolis</strong></span> <span class='ocrx_word' id='word_1_318' title='bbox 942 2805 1274 2877; x_wconf 84' lang='lat' dir='ltr'><strong>lldebertus;</strong></span> <span class='ocrx_word' id='word_1_319' title='bbox 1301 2807 1384 2877; x_wconf 15' lang='lat'><strong>79,,</strong></span> <span class='ocrx_word' id='word_1_320' title='bbox 1414 2809 1483 2862; x_wconf 88' lang='lat' dir='ltr'><strong>ad</strong></span> <span class='ocrx_word' id='word_1_321' title='bbox 1531 2805 1897 2877; x_wconf 85' lang='lat' dir='ltr'><strong>archiepisco-</strong></span> 
     </span>
    </p>
   </div>
   <div class='ocr_carea' id='block_1_45' title="bbox 318 2875 1887 2948">
    <p class='ocr_par' dir='ltr' id='par_1_45' title="bbox 318 2875 1887 2948">
     <span class='ocr_line' id='line_1_45' title="bbox 318 2875 1887 2948; baseline 0.006 -25"><span class='ocrx_word' id='word_1_322' title='bbox 318 2892 444 2944; x_wconf 61' lang='lat' dir='ltr'><strong>lum</strong></span> <span class='ocrx_word' id='word_1_323' title='bbox 473 2876 869 2948; x_wconf 87' lang='lat' dir='ltr'><strong>Turoneusem;</strong></span> <span class='ocrx_word' id='word_1_324' title='bbox 920 2875 986 2930; x_wconf 76' lang='grc'><strong>12</strong></span> <span class='ocrx_word' id='word_1_325' title='bbox 1013 2887 1068 2931; x_wconf 92' lang='lat' dir='ltr'><strong>et</strong></span> <span class='ocrx_word' id='word_1_326' title='bbox 1113 2877 1180 2931; x_wconf 79' lang='grc'><strong>15</strong></span> <span class='ocrx_word' id='word_1_327' title='bbox 1203 2915 1217 2940; x_wconf 87' lang='grc'><em>,</em></span> <span class='ocrx_word' id='word_1_328' title='bbox 1244 2876 1312 2931; x_wconf 87' lang='lat' dir='ltr'><strong>ad</strong></span> <span class='ocrx_word' id='word_1_329' title='bbox 1359 2875 1678 2932; x_wconf 79' lang='lat' dir='ltr'><strong>Raiualdum</strong></span> <span class='ocrx_word' id='word_1_330' title='bbox 1713 2875 1887 2948; x_wconf 86' lang='lat' dir='ltr'><strong>ipsum</strong></span> 
     </span>
    </p>
   </div>
   <div class='ocr_carea' id='block_1_46' title="bbox 317 2947 1893 3015">
    <p class='ocr_par' dir='ltr' id='par_1_46' title="bbox 317 2947 1893 3015">
     <span class='ocr_line' id='line_1_46' title="bbox 317 2947 1893 3015; baseline 0.004 -17"><span class='ocrx_word' id='word_1_331' title='bbox 317 2955 572 3006; x_wconf 58' lang='lat' dir='ltr'><strong>uectum,</strong></span> <span class='ocrx_word' id='word_1_332' title='bbox 594 2947 680 3001; x_wconf 90' lang='lat' dir='ltr'><strong>cui</strong></span> <span class='ocrx_word' id='word_1_333' title='bbox 712 2947 902 3000; x_wconf 88' lang='lat' dir='ltr'><strong>suadet</strong></span> <span class='ocrx_word' id='word_1_334' title='bbox 929 2955 985 2999; x_wconf 92' lang='lat' dir='ltr'><strong>ut</strong></span> <span class='ocrx_word' id='word_1_335' title='bbox 1014 2947 1404 3015; x_wconf 86' lang='lat' dir='ltr'><strong>promotionem</strong></span> <span class='ocrx_word' id='word_1_336' title='bbox 1434 2963 1539 3002; x_wconf 89' lang='lat' dir='ltr'><strong>non</strong></span> <span class='ocrx_word' id='word_1_337' title='bbox 1570 2947 1893 3004; x_wconf 85' lang='lat' dir='ltr'><strong>canonicam</strong></span> 
     </span>
    </p>
   </div>
   <div class='ocr_carea' id='block_1_47' title="bbox 317 3015 1900 3088">
    <p class='ocr_par' dir='ltr' id='par_1_47' title="bbox 317 3015 1900 3088">
     <span class='ocr_line' id='line_1_47' title="bbox 317 3015 1900 3088; baseline 0.007 -23"><span class='ocrx_word' id='word_1_338' title='bbox 317 3029 510 3088; x_wconf 64' lang='lat' dir='ltr'><strong>enitet.</strong></span> <span class='ocrx_word' id='word_1_339' title='bbox 538 3017 635 3088; x_wconf 12' lang='lat' dir='ltr'><strong>rDe</strong></span> <span class='ocrx_word' id='word_1_340' title='bbox 683 3016 874 3070; x_wconf 80' lang='lat' dir='ltr'><strong>eadem</strong></span> <span class='ocrx_word' id='word_1_341' title='bbox 916 3017 1079 3070; x_wconf 83' lang='lat' dir='ltr'><strong>etiam</strong></span> <span class='ocrx_word' id='word_1_342' title='bbox 1131 3015 1420 3072; x_wconf 82' lang='lat' dir='ltr'><strong>Marbodus</strong></span> <span class='ocrx_word' id='word_1_343' title='bbox 1473 3017 1528 3072; x_wconf 88' lang='lat' dir='ltr'><strong>in</strong></span> <span class='ocrx_word' id='word_1_344' title='bbox 1577 3018 1801 3088; x_wconf 88' lang='lat' dir='ltr'><strong>epistola</strong></span> <span class='ocrx_word' id='word_1_345' title='bbox 1832 3021 1900 3075; x_wconf 89' lang='lat' dir='ltr'><strong>ad</strong></span> 
     </span>
    </p>
   </div>
   <div class='ocr_carea' id='block_1_48' title="bbox 317 3086 662 3140">
    <p class='ocr_par' dir='ltr' id='par_1_48' title="bbox 317 3086 662 3140">
     <span class='ocr_line' id='line_1_48' title="bbox 317 3086 662 3140; baseline 0.009 -3"><span class='ocrx_word' id='word_1_346' title='bbox 317 3086 662 3140; x_wconf 71' lang='lat' dir='ltr'><strong>ltaiualdum.</strong></span> 
     </span>
    </p>
   </div>
   <div class='ocr_carea' id='block_1_49' title="bbox 392 3145 1974 3226">
    <p class='ocr_par' dir='ltr' id='par_1_49' title="bbox 392 3145 1974 3226">
     <span class='ocr_line' id='line_1_49' title="bbox 392 3145 1974 3226; baseline 0.004 -18"><span class='ocrx_word' id='word_1_347' title='bbox 392 3155 540 3226; x_wconf 72' lang='lat'><strong>(202)</strong></span> <span class='ocrx_word' id='word_1_348' title='bbox 569 3155 832 3226; x_wconf 81' lang='lat' dir='ltr'><strong>Stephano</strong></span> <span class='ocrx_word' id='word_1_349' title='bbox 860 3156 1060 3226; x_wconf 77' lang='lat' dir='ltr'><strong>decano</strong></span> <span class='ocrx_word' id='word_1_350' title='bbox 1084 3166 1269 3211; x_wconf 85' lang='lat' dir='ltr'><strong>vestro.</strong></span> <span class='ocrx_word' id='word_1_351' title='bbox 1294 3155 1391 3212; x_wconf 92' lang='lat' dir='ltr'><strong>Cui</strong></span> <span class='ocrx_word' id='word_1_352' title='bbox 1414 3171 1536 3212; x_wconf 91' lang='lat' dir='ltr'><strong>cum</strong></span> <span class='ocrx_word' id='word_1_353' title='bbox 1561 3157 1680 3213; x_wconf 88' lang='lat' dir='ltr'><strong>aliis</strong></span> <span class='ocrx_word' id='word_1_354' title='bbox 1701 3160 1898 3214; x_wconf 81' lang='lat' dir='ltr'><strong>inscri-</strong></span> <span class='ocrx_word' id='word_1_355' title='bbox 1930 3145 1974 3206; x_wconf 83' lang='lat' dir='ltr'><strong>C</strong></span> 
     </span>
    </p>
   </div>
   <div class='ocr_carea' id='block_1_50' title="bbox 319 3224 1900 3349">
    <p class='ocr_par' dir='ltr' id='par_1_50' title="bbox 319 3224 1900 3349">
     <span class='ocr_line' id='line_1_50' title="bbox 319 3224 1900 3349; baseline 0.003 -71"><span class='ocrx_word' id='word_1_356' title='bbox 319 3224 422 3349; x_wconf 60' lang='lat' dir='ltr'><strong>Bue</strong></span> <span class='ocrx_word' id='word_1_357' title='bbox 443 3225 682 3308; x_wconf 60' lang='lat' dir='ltr'><strong>epistolae</strong></span> <span class='ocrx_word' id='word_1_358' title='bbox 709 3224 744 3278; x_wconf 77' lang='grc'>4</span> <span class='ocrx_word' id='word_1_359' title='bbox 772 3235 828 3280; x_wconf 94' lang='lat' dir='ltr'><strong>et</strong></span> <span class='ocrx_word' id='word_1_360' title='bbox 851 3225 907 3290; x_wconf 83' lang='lat'><strong>5,</strong></span> <span class='ocrx_word' id='word_1_361' title='bbox 937 3225 1028 3280; x_wconf 89' lang='lat' dir='ltr'><strong>lib.</strong></span> <span class='ocrx_word' id='word_1_362' title='bbox 1056 3241 1108 3276; x_wconf 91' lang='lat' dir='ltr'><strong>v.</strong></span> <span class='ocrx_word' id='word_1_363' title='bbox 1143 3226 1216 3280; x_wconf 91' lang='lat' dir='ltr'><strong>De</strong></span> <span class='ocrx_word' id='word_1_364' title='bbox 1245 3229 1432 3280; x_wconf 88' lang='lat' dir='ltr'><strong>eodem</strong></span> <span class='ocrx_word' id='word_1_365' title='bbox 1461 3238 1721 3308; x_wconf 66' lang='lat' dir='ltr'><strong>prseterea</strong></span> <span class='ocrx_word' id='word_1_366' title='bbox 1757 3230 1900 3311; x_wconf 69' lang='lat' dir='ltr'><strong>illar-</strong></span> 
     </span>
     <span class='ocr_line' id='line_1_51' title="bbox 357 3293 1900 3349; baseline 0.003 -4"><span class='ocrx_word' id='word_1_367' title='bbox 357 3295 494 3349; x_wconf 82' lang='lat' dir='ltr'><strong>odus</strong></span> <span class='ocrx_word' id='word_1_368' title='bbox 520 3293 746 3349; x_wconf 83' lang='lat' dir='ltr'><strong>eotstola</strong></span> <span class='ocrx_word' id='word_1_369' title='bbox 774 3296 991 3349; x_wconf 89' lang='lat' dir='ltr'><strong>eadem.</strong></span> <span class='ocrx_word' id='word_1_370' title='bbox 1018 3304 1072 3349; x_wconf 90' lang='lat' dir='ltr'><strong>et</strong></span> <span class='ocrx_word' id='word_1_371' title='bbox 1095 3295 1390 3349; x_wconf 89' lang='lat' dir='ltr'><strong>lldebertus</strong></span> <span class='ocrx_word' id='word_1_372' title='bbox 1413 3305 1572 3349; x_wconf 84' lang='lat' dir='ltr'><strong>eutst.</strong></span> <span class='ocrx_word' id='word_1_373' title='bbox 1604 3297 1658 3349; x_wconf 88' lang='lat'><strong>9.</strong></span> <span class='ocrx_word' id='word_1_374' title='bbox 1689 3297 1900 3349; x_wconf 76' lang='lat' dir='ltr'><strong>Ull‘lllS-</strong></span> 
     </span>
    </p>
   </div>
   <div class='ocr_carea' id='block_1_51' title="bbox 357 3293 1901 3366">
    <p class='ocr_par' dir='ltr' id='par_1_51' title="bbox 357 3293 1901 3366">
     <span class='ocr_line' id='line_1_52' title="bbox 357 3293 1901 3366; baseline 0.006 -21"><span class='ocrx_word' id='word_1_375' title='bbox 357 3293 494 3351; x_wconf 77' lang='lat' dir='ltr'><strong>udus</strong></span> <span class='ocrx_word' id='word_1_376' title='bbox 520 3293 746 3364; x_wconf 90' lang='lat' dir='ltr'><strong>epistola</strong></span> <span class='ocrx_word' id='word_1_377' title='bbox 774 3296 991 3366; x_wconf 87' lang='lat' dir='ltr'><strong>eadem,</strong></span> <span class='ocrx_word' id='word_1_378' title='bbox 1018 3304 1072 3350; x_wconf 90' lang='lat' dir='ltr'><strong>et</strong></span> <span class='ocrx_word' id='word_1_379' title='bbox 1095 3295 1390 3351; x_wconf 89' lang='lat' dir='ltr'><strong>lldcbertus</strong></span> <span class='ocrx_word' id='word_1_380' title='bbox 1413 3293 1572 3366; x_wconf 77' lang='lat' dir='ltr'><strong>epist.</strong></span> <span class='ocrx_word' id='word_1_381' title='bbox 1604 3297 1658 3353; x_wconf 91' lang='lat'><strong>9.</strong></span> <span class='ocrx_word' id='word_1_382' title='bbox 1689 3297 1901 3355; x_wconf 72' lang='lat' dir='ltr'><strong>Utrius~</strong></span> 
     </span>
    </p>
   </div>
   <div class='ocr_carea' id='block_1_52' title="bbox 319 3365 1896 3434">
    <p class='ocr_par' dir='ltr' id='par_1_52' title="bbox 319 3365 1896 3434">
     <span class='ocr_line' id='line_1_53' title="bbox 319 3365 1896 3434; baseline 0.003 -17"><span class='ocrx_word' id='word_1_383' title='bbox 319 3381 426 3434; x_wconf 87' lang='lat' dir='ltr'><strong>que</strong></span> <span class='ocrx_word' id='word_1_384' title='bbox 489 3366 650 3420; x_wconf 82' lang='lat' dir='ltr'><strong>verba</strong></span> <span class='ocrx_word' id='word_1_385' title='bbox 713 3365 839 3434; x_wconf 88' lang='lat' dir='ltr'><strong>quia</strong></span> <span class='ocrx_word' id='word_1_386' title='bbox 910 3375 1077 3418; x_wconf 86' lang='lat' dir='ltr'><strong>totum</strong></span> <span class='ocrx_word' id='word_1_387' title='bbox 1142 3366 1285 3421; x_wconf 86' lang='lat' dir='ltr'><strong>hunc</strong></span> <span class='ocrx_word' id='word_1_388' title='bbox 1348 3366 1522 3422; x_wconf 85' lang='lat' dir='ltr'><strong>locum</strong></span> <span class='ocrx_word' id='word_1_389' title='bbox 1589 3368 1896 3432; x_wconf 86' lang='lat' dir='ltr'><strong>illustrant,</strong></span> 
     </span>
    </p>
   </div>
   <div class='ocr_carea' id='block_1_53' title="bbox 321 3434 1900 3506">
    <p class='ocr_par' dir='ltr' id='par_1_53' title="bbox 321 3434 1900 3506">
     <span class='ocr_line' id='line_1_54' title="bbox 321 3434 1900 3506; baseline 0.004 -21"><span class='ocrx_word' id='word_1_390' title='bbox 321 3434 690 3506; x_wconf 69' lang='lat' dir='ltr'><strong>subjiciemns.</strong></span> <span class='ocrx_word' id='word_1_391' title='bbox 741 3435 834 3490; x_wconf 85' lang='lat' dir='ltr'><strong>Sic</strong></span> <span class='ocrx_word' id='word_1_392' title='bbox 884 3436 1048 3506; x_wconf 83' lang='lat' dir='ltr'><strong>igitur</strong></span> <span class='ocrx_word' id='word_1_393' title='bbox 1091 3435 1143 3490; x_wconf 89' lang='lat' dir='ltr'><strong>in</strong></span> <span class='ocrx_word' id='word_1_394' title='bbox 1186 3450 1249 3490; x_wconf 87' lang='lat' dir='ltr'><strong>ea</strong></span> <span class='ocrx_word' id='word_1_395' title='bbox 1289 3437 1514 3506; x_wconf 89' lang='lat' dir='ltr'><strong>epistola</strong></span> <span class='ocrx_word' id='word_1_396' title='bbox 1562 3437 1900 3494; x_wconf 85' lang='lat' dir='ltr'><strong>lldebertus:</strong></span> 
     </span>
    </p>
   </div>
   <div class='ocr_carea' id='block_1_54' title="bbox 323 3503 1904 3569">
    <p class='ocr_par' dir='ltr' id='par_1_54' title="bbox 323 3503 1904 3569">
     <span class='ocr_line' id='line_1_55' title="bbox 323 3503 1904 3569; baseline 0.005 -13"><span class='ocrx_word' id='word_1_397' title='bbox 323 3503 515 3558; x_wconf 78' lang='lat' dir='ltr'><strong>Petitio</strong></span> <span class='ocrx_word' id='word_1_398' title='bbox 542 3516 734 3569; x_wconf 81' lang='lat' dir='ltr'><strong>vestra,</strong></span> <span class='ocrx_word' id='word_1_399' title='bbox 761 3521 864 3568; x_wconf 81' lang='lat' dir='ltr'><strong>qua</strong></span> <span class='ocrx_word' id='word_1_400' title='bbox 895 3503 1140 3560; x_wconf 69' lang='lat' dir='ltr'><strong>uocamur</strong></span> <span class='ocrx_word' id='word_1_401' title='bbox 1171 3507 1240 3559; x_wconf 90' lang='lat' dir='ltr'><strong>ad</strong></span> <span class='ocrx_word' id='word_1_402' title='bbox 1266 3503 1415 3561; x_wconf 80' lang='lat' dir='ltr'><strong>electi</strong></span> <span class='ocrx_word' id='word_1_403' title='bbox 1437 3510 1591 3562; x_wconf 82' lang='lat' dir='ltr'><strong>vestri</strong></span> <span class='ocrx_word' id='word_1_404' title='bbox 1630 3525 1904 3564; x_wconf 85' lang='lat' dir='ltr'><strong>consecra-</strong></span> 
     </span>
    </p>
   </div>
   <div class='ocr_carea' id='block_1_55' title="bbox 323 3575 1903 3644">
    <p class='ocr_par' dir='ltr' id='par_1_55' title="bbox 323 3575 1903 3644">
     <span class='ocr_line' id='line_1_56' title="bbox 323 3575 1903 3644; baseline 0.004 -18"><span class='ocrx_word' id='word_1_405' title='bbox 323 3576 536 3638; x_wconf 77' lang='lat' dir='ltr'><strong>tionem,</strong></span> <span class='ocrx_word' id='word_1_406' title='bbox 581 3575 798 3644; x_wconf 13' lang='lat' dir='ltr'><strong>facilemr</strong></span> <span class='ocrx_word' id='word_1_407' title='bbox 821 3576 962 3644; x_wconf 89' lang='lat' dir='ltr'><strong>apud</strong></span> <span class='ocrx_word' id='word_1_408' title='bbox 992 3591 1084 3628; x_wconf 85' lang='lat' dir='ltr'><strong>nos</strong></span> <span class='ocrx_word' id='word_1_409' title='bbox 1113 3577 1366 3630; x_wconf 72' lang='lat' dir='ltr'><strong>inveniret</strong></span> <span class='ocrx_word' id='word_1_410' title='bbox 1400 3593 1692 3644; x_wconf 82' lang='lat' dir='ltr'><strong>assensum,</strong></span> <span class='ocrx_word' id='word_1_411' title='bbox 1717 3581 1762 3633; x_wconf 86' lang='lat' dir='ltr'><strong>si</strong></span> <span class='ocrx_word' id='word_1_412' title='bbox 1786 3596 1903 3632; x_wconf 87' lang='lat' dir='ltr'><strong>eam</strong></span> 
     </span>
    </p>
   </div>
   <div class='ocr_carea' id='block_1_56' title="bbox 326 3643 1902 3716">
    <p class='ocr_par' dir='ltr' id='par_1_56' title="bbox 326 3643 1902 3716">
     <span class='ocr_line' id='line_1_57' title="bbox 326 3643 1902 3716; baseline 0.004 -22"><span class='ocrx_word' id='word_1_413' title='bbox 326 3647 464 3716; x_wconf 75' lang='lat' dir='ltr'><strong>ratio</strong></span> <span class='ocrx_word' id='word_1_414' title='bbox 490 3654 742 3716; x_wconf 81' lang='lat' dir='ltr'><strong>tueretur.</strong></span> <span class='ocrx_word' id='word_1_415' title='bbox 773 3643 875 3698; x_wconf 83' lang='lat' dir='ltr'><strong>Sed</strong></span> <span class='ocrx_word' id='word_1_416' title='bbox 901 3655 1159 3716; x_wconf 79' lang='lat' dir='ltr'><strong>testantur</strong></span> <span class='ocrx_word' id='word_1_417' title='bbox 1191 3647 1281 3714; x_wconf 88' lang='lat' dir='ltr'><strong>qui</strong></span> <span class='ocrx_word' id='word_1_418' title='bbox 1330 3645 1634 3714; x_wconf 77' lang='lat' dir='ltr'><strong>adfuerunt,</strong></span> <span class='ocrx_word' id='word_1_419' title='bbox 1665 3643 1802 3716; x_wconf 88' lang='lat' dir='ltr'><strong>quod</strong></span> <span class='ocrx_word' id='word_1_420' title='bbox 1833 3649 1902 3702; x_wconf 89' lang='lat' dir='ltr'><strong>ad</strong></span> 
     </span>
    </p>
   </div>
   <div class='ocr_carea' id='block_1_57' title="bbox 313 3714 1902 3782">
    <p class='ocr_par' dir='ltr' id='par_1_57' title="bbox 313 3714 1902 3782">
     <span class='ocr_line' id='line_1_58' title="bbox 313 3714 1902 3782; baseline 0.004 -18"><span class='ocrx_word' id='word_1_421' title='bbox 313 3714 584 3782; x_wconf 86' lang='lat' dir='ltr'><strong>juvenem,</strong></span> <span class='ocrx_word' id='word_1_422' title='bbox 606 3715 749 3781; x_wconf 74' lang='lat' dir='ltr'><strong>infra</strong></span> <span class='ocrx_word' id='word_1_423' title='bbox 774 3730 953 3767; x_wconf 84' lang='lat' dir='ltr'><strong>sacros</strong></span> <span class='ocrx_word' id='word_1_424' title='bbox 979 3715 1194 3768; x_wconf 89' lang='lat' dir='ltr'><strong>ordines</strong></span> <span class='ocrx_word' id='word_1_425' title='bbox 1229 3725 1275 3767; x_wconf 89' lang='lat' dir='ltr'><strong>et</strong></span> <span class='ocrx_word' id='word_1_426' title='bbox 1301 3731 1466 3768; x_wconf 87' lang='lat' dir='ltr'><strong>annos</strong></span> <span class='ocrx_word' id='word_1_427' title='bbox 1485 3714 1751 3770; x_wconf 79' lang='lat' dir='ltr'><strong>inventum</strong></span> <span class='ocrx_word' id='word_1_428' title='bbox 1769 3759 1782 3780; x_wconf 91' lang='lat'><strong>,</strong></span> <span class='ocrx_word' id='word_1_429' title='bbox 1810 3735 1902 3772; x_wconf 87' lang='lat' dir='ltr'><strong>nec</strong></span> 
     </span>
    </p>
   </div>
   <div class='ocr_carea' id='block_1_58' title="bbox 322 3782 1902 3855">
    <p class='ocr_par' dir='ltr' id='par_1_58' title="bbox 322 3782 1902 3855">
     <span class='ocr_line' id='line_1_59' title="bbox 322 3782 1902 3855; baseline 0.003 -20"><span class='ocrx_word' id='word_1_430' title='bbox 322 3801 362 3855; x_wconf 4' lang='lat' dir='ltr'><strong>a1</strong></span> <span class='ocrx_word' id='word_1_431' title='bbox 387 3786 525 3855; x_wconf 74' lang='lat' dir='ltr'><strong>clero</strong></span> <span class='ocrx_word' id='word_1_432' title='bbox 551 3783 792 3855; x_wconf 85' lang='lat' dir='ltr'><strong>electum,</strong></span> <span class='ocrx_word' id='word_1_433' title='bbox 819 3782 1108 3855; x_wconf 76' lang='lat' dir='ltr'><strong>seditiosus</strong></span> <span class='ocrx_word' id='word_1_434' title='bbox 1123 3782 1346 3855; x_wconf 58' lang='lat' dir='ltr'><strong>turbatae</strong></span> <span class='ocrx_word' id='word_1_435' title='bbox 1367 3785 1532 3855; x_wconf 76' lang='lat' dir='ltr'><strong>turba:</strong></span> <span class='ocrx_word' id='word_1_436' title='bbox 1547 3785 1754 3855; x_wconf 81' lang='lat' dir='ltr'><strong>_clamo‘r</strong></span> <span class='ocrx_word' id='word_1_437' title='bbox 1772 3805 1902 3855; x_wconf 89' lang='lat' dir='ltr'><strong>pon-</strong></span> 
     </span>
    </p>
   </div>
   <div class='ocr_carea' id='block_1_59' title="bbox 324 3850 1902 3919">
    <p class='ocr_par' dir='ltr' id='par_1_59' title="bbox 324 3850 1902 3919">
     <span class='ocr_line' id='line_1_60' title="bbox 324 3850 1902 3919; baseline 0.003 -15"><span class='ocrx_word' id='word_1_438' title='bbox 324 3851 576 3919; x_wconf 87' lang='lat' dir='ltr'><strong>ti/icalem</strong></span> <span class='ocrx_word' id='word_1_439' title='bbox 599 3851 872 3903; x_wconf 90' lang='lat' dir='ltr'><strong>detorserit</strong></span> <span class='ocrx_word' id='word_1_440' title='bbox 899 3850 1232 3904; x_wconf 83' lang='lat' dir='ltr'><strong>electionem.</strong></span> <span class='ocrx_word' id='word_1_441' title='bbox 1260 3851 1458 3904; x_wconf 82' lang='lat' dir='ltr'><strong>Asserit</strong></span> <span class='ocrx_word' id='word_1_442' title='bbox 1489 3852 1645 3906; x_wconf 88' lang='lat' dir='ltr'><strong>etiam</strong></span> <span class='ocrx_word' id='word_1_443' title='bbox 1675 3850 1902 3910; x_wconf 84' lang='lat' dir='ltr'><strong>decanus</strong></span> 
     </span>
    </p>
   </div>
   <div class='ocr_carea' id='block_1_60' title="bbox 325 3919 1900 3991">
    <p class='ocr_par' dir='ltr' id='par_1_60' title="bbox 325 3919 1900 3991">
     <span class='ocr_line' id='line_1_61' title="bbox 325 3919 1900 3991; baseline 0.004 -19"><span class='ocrx_word' id='word_1_444' title='bbox 325 3920 1054 3991; x_wconf 71' lang='lat' dir='ltr'><strong>cantarem,archidiaconus,</strong></span> <span class='ocrx_word' id='word_1_445' title='bbox 1080 3929 1126 3972; x_wconf 89' lang='lat' dir='ltr'><strong>et</strong></span> <span class='ocrx_word' id='word_1_446' title='bbox 1151 3919 1407 3988; x_wconf 88' lang='lat' dir='ltr'><strong>majorem</strong></span> <span class='ocrx_word' id='word_1_447' title='bbox 1434 3922 1649 3990; x_wconf 85' lang='lat' dir='ltr'><strong>capituli</strong></span> <span class='ocrx_word' id='word_1_448' title='bbox 1679 3934 1900 3991; x_wconf 83' lang='lat' dir='ltr'><strong>portent,</strong></span> 
     </span>
    </p>
   </div>
   <div class='ocr_carea' id='block_1_61' title="bbox 321 3989 1903 4061">
    <p class='ocr_par' dir='ltr' id='par_1_61' title="bbox 321 3989 1903 4061">
     <span class='ocr_line' id='line_1_62' title="bbox 321 3989 1903 4061; baseline 0.003 -19"><span class='ocrx_word' id='word_1_449' title='bbox 321 3999 586 4061; x_wconf 87' lang='lat' dir='ltr'><strong>quantum</strong></span> <span class='ocrx_word' id='word_1_450' title='bbox 617 3989 842 4061; x_wconf 75' lang='lat' dir='ltr'><strong>licuerit,</strong></span> <span class='ocrx_word' id='word_1_451' title='bbox 875 3989 1215 4054; x_wconf 86' lang='lat' dir='ltr'><strong>obclamasse,</strong></span> <span class='ocrx_word' id='word_1_452' title='bbox 1261 3989 1521 4061; x_wconf 82' lang='lat' dir='ltr'><strong>simulque</strong></span> <span class='ocrx_word' id='word_1_453' title='bbox 1546 3989 1738 4045; x_wconf 78' lang='lat' dir='ltr'><strong>talibus</strong></span> <span class='ocrx_word' id='word_1_454' title='bbox 1762 3989 1903 4048; x_wconf 81' lang='lat' dir='ltr'><strong>ausis</strong></span> 
     </span>
    </p>
   </div>
   <div class='ocr_carea' id='block_1_62' title="bbox 325 4059 1898 4130">
    <p class='ocr_par' dir='ltr' id='par_1_62' title="bbox 325 4059 1898 4130">
     <span class='ocr_line' id='line_1_63' title="bbox 325 4059 1898 4130; baseline 0.003 -17"><span class='ocrx_word' id='word_1_455' title='bbox 325 4059 597 4113; x_wconf 84' lang='lat' dir='ltr'><strong>assensum</strong></span> <span class='ocrx_word' id='word_1_456' title='bbox 622 4059 948 4114; x_wconf 72' lang='lat' dir='ltr'><strong>subtraxisse</strong></span> <span class='ocrx_word' id='word_1_457' title='bbox 985 4075 1080 4130; x_wconf 89' lang='lat' dir='ltr'><strong>pro</strong></span> <span class='ocrx_word' id='word_1_458' title='bbox 1122 4061 1356 4122; x_wconf 87' lang='lat' dir='ltr'><strong>ratione,</strong></span> <span class='ocrx_word' id='word_1_459' title='bbox 1396 4059 1622 4130; x_wconf 83' lang='lat' dir='ltr'><strong>seipsum</strong></span> <span class='ocrx_word' id='word_1_460' title='bbox 1665 4078 1898 4130; x_wconf 68' lang='lat' dir='ltr'><strong>pra&#39;sen-</strong></span> 
     </span>
    </p>
   </div>
   <div class='ocr_carea' id='block_1_63' title="bbox 324 4129 1904 4202">
    <p class='ocr_par' dir='ltr' id='par_1_63' title="bbox 324 4129 1904 4202">
     <span class='ocr_line' id='line_1_64' title="bbox 324 4129 1904 4202; baseline 0.003 -20"><span class='ocrx_word' id='word_1_461' title='bbox 324 4131 456 4202; x_wconf 81' lang='lat' dir='ltr'><strong>tiam</strong></span> <span class='ocrx_word' id='word_1_462' title='bbox 485 4145 578 4197; x_wconf 87' lang='lat' dir='ltr'><strong>pro</strong></span> <span class='ocrx_word' id='word_1_463' title='bbox 607 4131 812 4202; x_wconf 80' lang='lat' dir='ltr'><strong>timore.</strong></span> <span class='ocrx_word' id='word_1_464' title='bbox 842 4129 1159 4202; x_wconf 78' lang='lat' dir='ltr'><strong>ltemepist.</strong></span> <span class='ocrx_word' id='word_1_465' title='bbox 1186 4130 1254 4184; x_wconf 74' lang='grc'><strong>12</strong></span> <span class='ocrx_word' id='word_1_466' title='bbox 1278 4147 1290 4184; x_wconf 91' lang='lat'>:</span> <span class='ocrx_word' id='word_1_467' title='bbox 1325 4129 1527 4199; x_wconf 77' lang='lat' dir='ltr'><strong>Quippe</strong></span> <span class='ocrx_word' id='word_1_468' title='bbox 1553 4129 1833 4202; x_wconf 24' lang='lat' dir='ltr'><strong>non’elegit</strong></span> <span class='ocrx_word' id='word_1_469' title='bbox 1857 4144 1904 4187; x_wconf 85' lang='lat' dir='ltr'><strong>te</strong></span> 
     </span>
    </p>
   </div>
   <div class='ocr_carea' id='block_1_64' title="bbox 325 4199 1906 4270">
    <p class='ocr_par' dir='ltr' id='par_1_64' title="bbox 325 4199 1906 4270">
     <span class='ocr_line' id='line_1_65' title="bbox 325 4199 1906 4270; baseline 0.003 -18"><span class='ocrx_word' id='word_1_470' title='bbox 325 4199 520 4270; x_wconf 84' lang='lat' dir='ltr'><strong>clerus,</strong></span> <span class='ocrx_word' id='word_1_471' title='bbox 548 4200 638 4252; x_wconf 86' lang='lat' dir='ltr'><strong>sed</strong></span> <span class='ocrx_word' id='word_1_472' title='bbox 664 4201 818 4252; x_wconf 74' lang='lat' dir='ltr'><strong>mima</strong></span> <span class='ocrx_word' id='word_1_473' title='bbox 839 4200 1116 4270; x_wconf 85' lang='lat' dir='ltr'><strong>populares</strong></span> <span class='ocrx_word' id='word_1_474' title='bbox 1145 4201 1402 4253; x_wconf 86' lang='lat' dir='ltr'><strong>intrusere</strong></span> <span class='ocrx_word' id='word_1_475' title='bbox 1426 4202 1682 4254; x_wconf 85' lang='lat' dir='ltr'><strong>renitenti.</strong></span> <span class='ocrx_word' id='word_1_476' title='bbox 1711 4199 1906 4256; x_wconf 73' lang='lat' dir='ltr'><strong>Hacte-</strong></span> 
     </span>
    </p>
   </div>
   <div class='ocr_carea' id='block_1_65' title="bbox 325 4269 1905 4337">
    <p class='ocr_par' dir='ltr' id='par_1_65' title="bbox 325 4269 1905 4337">
     <span class='ocr_line' id='line_1_66' title="bbox 325 4269 1905 4337; baseline 0.001 -13"><span class='ocrx_word' id='word_1_477' title='bbox 325 4284 430 4324; x_wconf 83' lang='lat' dir='ltr'><strong>nus</strong></span> <span class='ocrx_word' id='word_1_478' title='bbox 483 4269 1118 4337; x_wconf 75' lang='lat' dir='ltr'><strong>lldehertus,tleinceps</strong></span> <span class='ocrx_word' id='word_1_479' title='bbox 1165 4272 1448 4325; x_wconf 71' lang='lat' dir='ltr'><strong>Mlll&#39;DOllllS</strong></span> <span class='ocrx_word' id='word_1_480' title='bbox 1496 4288 1510 4323; x_wconf 94' lang='lat'><strong>:</strong></span> <span class='ocrx_word' id='word_1_481' title='bbox 1563 4270 1674 4325; x_wconf 83' lang='lat' dir='ltr'><strong>Nec</strong></span> <span class='ocrx_word' id='word_1_482' title='bbox 1732 4283 1905 4326; x_wconf 83' lang='lat' dir='ltr'><strong>tamen</strong></span> 
     </span>
    </p>
   </div>
   <div class='ocr_carea' id='block_1_66' title="bbox 324 4339 1907 4408">
    <p class='ocr_par' dir='ltr' id='par_1_66' title="bbox 324 4339 1907 4408">
     <span class='ocr_line' id='line_1_67' title="bbox 324 4339 1907 4408; baseline 0.003 -16"><span class='ocrx_word' id='word_1_483' title='bbox 324 4339 534 4407; x_wconf 84' lang='lat' dir='ltr'><strong>elapsus</strong></span> <span class='ocrx_word' id='word_1_484' title='bbox 563 4341 772 4404; x_wconf 75' lang='lat' dir='ltr'><strong>destiti,</strong></span> <span class='ocrx_word' id='word_1_485' title='bbox 807 4349 860 4393; x_wconf 90' lang='lat' dir='ltr'><strong>ut</strong></span> <span class='ocrx_word' id='word_1_486' title='bbox 887 4349 1011 4392; x_wconf 89' lang='lat' dir='ltr'><strong>tunc</strong></span> <span class='ocrx_word' id='word_1_487' title='bbox 1047 4342 1297 4408; x_wconf 87' lang='lat' dir='ltr'><strong>putabant</strong></span> <span class='ocrx_word' id='word_1_488' title='bbox 1326 4350 1646 4406; x_wconf 83' lang='lat' dir='ltr'><strong>constanter,</strong></span> <span class='ocrx_word' id='word_1_489' title='bbox 1678 4353 1732 4396; x_wconf 90' lang='lat' dir='ltr'><strong>ut</strong></span> <span class='ocrx_word' id='word_1_490' title='bbox 1766 4358 1907 4396; x_wconf 82' lang='lat' dir='ltr'><strong>nunc</strong></span> 
     </span>
    </p>
   </div>
   <div class='ocr_carea' id='block_1_67' title="bbox 324 4409 1904 4480">
    <p class='ocr_par' dir='ltr' id='par_1_67' title="bbox 324 4409 1904 4480">
     <span class='ocr_line' id='line_1_68' title="bbox 324 4409 1904 4480; baseline 0.003 -18"><span class='ocrx_word' id='word_1_491' title='bbox 324 4409 562 4480; x_wconf 81' lang='lat' dir='ltr'><strong>intelligo</strong></span> <span class='ocrx_word' id='word_1_492' title='bbox 605 4410 942 4480; x_wconf 83' lang='lat' dir='ltr'><strong>pertinaciter</strong></span> <span class='ocrx_word' id='word_1_493' title='bbox 989 4425 1172 4480; x_wconf 85' lang='lat' dir='ltr'><strong>urgere</strong></span> <span class='ocrx_word' id='word_1_494' title='bbox 1214 4411 1571 4477; x_wconf 85' lang='lat' dir='ltr'><strong>propositum,</strong></span> <span class='ocrx_word' id='word_1_495' title='bbox 1623 4422 1672 4466; x_wconf 85' lang='lat' dir='ltr'><strong>et</strong></span> <span class='ocrx_word' id='word_1_496' title='bbox 1721 4423 1904 4468; x_wconf 84' lang='lat' dir='ltr'><strong>contra</strong></span> 
     </span>
    </p>
   </div>
   <div class='ocr_carea' id='block_1_68' title="bbox 1996 1923 3598 1995">
    <p class='ocr_par' dir='ltr' id='par_1_68' title="bbox 1996 1923 3598 1995">
     <span class='ocr_line' id='line_1_69' title="bbox 1996 1923 3598 1995; baseline -0.001 -17"><span class='ocrx_word' id='word_1_497' title='bbox 1996 1933 2178 1979; x_wconf 88' lang='lat' dir='ltr'><strong>autem</strong></span> <span class='ocrx_word' id='word_1_498' title='bbox 2224 1924 2383 1995; x_wconf 80' lang='lat' dir='ltr'><strong>vulgo</strong></span> <span class='ocrx_word' id='word_1_499' title='bbox 2431 1925 2646 1980; x_wconf 81' lang='lat' dir='ltr'><strong>furente</strong></span> <span class='ocrx_word' id='word_1_500' title='bbox 2683 1933 2739 1982; x_wconf 89' lang='lat' dir='ltr'><strong>et</strong></span> <span class='ocrx_word' id='word_1_501' title='bbox 2789 1933 2970 1995; x_wconf 87' lang='lat' dir='ltr'><strong>spreta</strong></span> <span class='ocrx_word' id='word_1_502' title='bbox 3012 1925 3274 1980; x_wconf 89' lang='lat' dir='ltr'><strong>canonica</strong></span> <span class='ocrx_word' id='word_1_503' title='bbox 3321 1923 3598 1978; x_wconf 15' lang='lat' dir='ltr'><strong>electione,</strong></span> 
     </span>
    </p>
   </div>
   <div class='ocr_carea' id='block_1_69' title="bbox 1996 2015 3584 2086">
    <p class='ocr_par' dir='ltr' id='par_1_69' title="bbox 1996 2015 3584 2086">
     <span class='ocr_line' id='line_1_70' title="bbox 1996 2015 3584 2086; baseline -0.003 -14"><span class='ocrx_word' id='word_1_504' title='bbox 1996 2017 2128 2072; x_wconf 89' lang='lat' dir='ltr'><strong>estis</strong></span> <span class='ocrx_word' id='word_1_505' title='bbox 2156 2025 2398 2072; x_wconf 89' lang='lat' dir='ltr'><strong>creatus.</strong></span> <span class='ocrx_word' id='word_1_506' title='bbox 2447 2015 2667 2071; x_wconf 87' lang='lat' dir='ltr'><strong>Frustra</strong></span> <span class='ocrx_word' id='word_1_507' title='bbox 2707 2016 2894 2086; x_wconf 89' lang='lat' dir='ltr'><strong>utique</strong></span> <span class='ocrx_word' id='word_1_508' title='bbox 2919 2016 2986 2071; x_wconf 92' lang='lat' dir='ltr'><strong>de</strong></span> <span class='ocrx_word' id='word_1_509' title='bbox 3016 2017 3156 2071; x_wconf 90' lang='lat' dir='ltr'><strong>bono</strong></span> <span class='ocrx_word' id='word_1_510' title='bbox 3185 2015 3584 2085; x_wconf 65' lang='lat' dir='ltr'><strong>praedecessore</strong></span> 
     </span>
    </p>
   </div>
   <div class='ocr_carea' id='block_1_70' title="bbox 1997 2103 3585 2178">
    <p class='ocr_par' dir='ltr' id='par_1_70' title="bbox 1997 2103 3585 2178">
     <span class='ocr_line' id='line_1_71' title="bbox 1997 2103 3585 2178; baseline -0.003 -16"><span class='ocrx_word' id='word_1_511' title='bbox 1997 2110 2280 2178; x_wconf 78' lang='lat' dir='ltr'><strong>gloriatur,</strong></span> <span class='ocrx_word' id='word_1_512' title='bbox 2314 2107 2405 2175; x_wconf 90' lang='lat' dir='ltr'><strong>qui</strong></span> <span class='ocrx_word' id='word_1_513' title='bbox 2453 2115 2655 2162; x_wconf 89' lang='lat' dir='ltr'><strong>sortem</strong></span> <span class='ocrx_word' id='word_1_514' title='bbox 2695 2105 2976 2160; x_wconf 91' lang='lat' dir='ltr'><strong>electionis</strong></span> <span class='ocrx_word' id='word_1_515' title='bbox 3008 2115 3063 2160; x_wconf 90' lang='lat' dir='ltr'><strong>et</strong></span> <span class='ocrx_word' id='word_1_516' title='bbox 3105 2104 3394 2169; x_wconf 85' lang='lat' dir='ltr'><strong>bonitatis,</strong></span> <span class='ocrx_word' id='word_1_517' title='bbox 3429 2103 3585 2173; x_wconf 81' lang='lat'><strong>117</strong></span> 
     </span>
    </p>
   </div>
   <div class='ocr_carea' id='block_1_71' title="bbox 2000 2193 3591 2267">
    <p class='ocr_par' dir='ltr' id='par_1_71' title="bbox 2000 2193 3591 2267">
     <span class='ocr_line' id='line_1_72' title="bbox 2000 2193 3591 2267; baseline -0.002 -17"><span class='ocrx_word' id='word_1_518' title='bbox 2000 2214 2162 2267; x_wconf 89' lang='lat' dir='ltr'><strong>quam</strong></span> <span class='ocrx_word' id='word_1_519' title='bbox 2194 2199 2286 2254; x_wconf 87' lang='lat' dir='ltr'><strong>ille</strong></span> <span class='ocrx_word' id='word_1_520' title='bbox 2329 2197 2555 2254; x_wconf 89' lang='lat' dir='ltr'><strong>sortitus</strong></span> <span class='ocrx_word' id='word_1_521' title='bbox 2589 2203 2706 2260; x_wconf 90' lang='lat' dir='ltr'><strong>est,</strong></span> <span class='ocrx_word' id='word_1_522' title='bbox 2737 2211 2844 2251; x_wconf 91' lang='lat' dir='ltr'><strong>non</strong></span> <span class='ocrx_word' id='word_1_523' title='bbox 2891 2195 3138 2250; x_wconf 89' lang='lat' dir='ltr'><strong>sortitur.</strong></span> <span class='ocrx_word' id='word_1_524' title='bbox 3188 2193 3322 2248; x_wconf 85' lang='lat' dir='ltr'><strong>Nam</strong></span> <span class='ocrx_word' id='word_1_525' title='bbox 3354 2203 3411 2250; x_wconf 89' lang='lat' dir='ltr'><strong>et</strong></span> <span class='ocrx_word' id='word_1_526' title='bbox 3455 2193 3591 2248; x_wconf 52' lang='lat' dir='ltr'><strong>alto.</strong></span> 
     </span>
    </p>
   </div>
   <div class='ocr_carea' id='block_1_72' title="bbox 2002 2283 3587 2356">
    <p class='ocr_par' dir='ltr' id='par_1_72' title="bbox 2002 2283 3587 2356">
     <span class='ocr_line' id='line_1_73' title="bbox 2002 2283 3587 2356; baseline 0.001 -14"><span class='ocrx_word' id='word_1_527' title='bbox 2002 2289 2114 2343; x_wconf 87' lang='lat' dir='ltr'><strong>rius</strong></span> <span class='ocrx_word' id='word_1_528' title='bbox 2137 2288 2351 2344; x_wconf 89' lang='lat' dir='ltr'><strong>bonitas</strong></span> <span class='ocrx_word' id='word_1_529' title='bbox 2383 2287 2430 2342; x_wconf 90' lang='lat' dir='ltr'><strong>ei</strong></span> <span class='ocrx_word' id='word_1_530' title='bbox 2462 2286 2554 2356; x_wconf 92' lang='lat' dir='ltr'><strong>qui</strong></span> <span class='ocrx_word' id='word_1_531' title='bbox 2588 2287 2641 2340; x_wconf 89' lang='lat' dir='ltr'><strong>in</strong></span> <span class='ocrx_word' id='word_1_532' title='bbox 2664 2285 2893 2342; x_wconf 90' lang='lat' dir='ltr'><strong>crimine</strong></span> <span class='ocrx_word' id='word_1_533' title='bbox 2929 2293 3110 2340; x_wconf 79' lang='lat' dir='ltr'><strong>manet</strong></span> <span class='ocrx_word' id='word_1_534' title='bbox 3137 2283 3444 2340; x_wconf 89' lang='lat' dir='ltr'><strong>nullatenus</strong></span> <span class='ocrx_word' id='word_1_535' title='bbox 3474 2286 3587 2344; x_wconf 82' lang='lat' dir='ltr'><strong>sul.-</strong></span> 
     </span>
    </p>
   </div>
   <div class='ocr_carea' id='block_1_73' title="bbox 2001 2372 3600 2448">
    <p class='ocr_par' dir='ltr' id='par_1_73' title="bbox 2001 2372 3600 2448">
     <span class='ocr_line' id='line_1_74' title="bbox 2001 2372 3600 2448; baseline -0.002 -18"><span class='ocrx_word' id='word_1_536' title='bbox 2001 2375 2265 2448; x_wconf 79' lang='lat' dir='ltr'><strong>fragatur,</strong></span> <span class='ocrx_word' id='word_1_537' title='bbox 2293 2385 2348 2431; x_wconf 91' lang='lat' dir='ltr'><strong>et</strong></span> <span class='ocrx_word' id='word_1_538' title='bbox 2368 2375 2655 2446; x_wconf 86' lang='lat' dir='ltr'><strong>episcopus</strong></span> <span class='ocrx_word' id='word_1_539' title='bbox 2681 2375 2798 2429; x_wconf 89' lang='lat' dir='ltr'><strong>sine</strong></span> <span class='ocrx_word' id='word_1_540' title='bbox 2828 2373 3087 2429; x_wconf 86' lang='lat' dir='ltr'><strong>canonica</strong></span> <span class='ocrx_word' id='word_1_541' title='bbox 3116 2372 3380 2428; x_wconf 87' lang='lat' dir='ltr'><strong>electione</strong></span> <span class='ocrx_word' id='word_1_542' title='bbox 3409 2372 3600 2443; x_wconf 42' lang='lat'><strong>(207),,</strong></span> 
     </span>
    </p>
   </div>
   <div class='ocr_carea' id='block_1_74' title="bbox 2000 2526 3586 2597">
    <p class='ocr_par' dir='ltr' id='par_1_74' title="bbox 2000 2526 3586 2597">
     <span class='ocr_line' id='line_1_75' title="bbox 2000 2526 3586 2597; baseline -0.004 -11"><span class='ocrx_word' id='word_1_543' title='bbox 2000 2531 2238 2595; x_wconf 87' lang='lat' dir='ltr'><strong>tenebat,</strong></span> <span class='ocrx_word' id='word_1_544' title='bbox 2268 2545 2333 2585; x_wconf 89' lang='lat' dir='ltr'><strong>ac</strong></span> <span class='ocrx_word' id='word_1_545' title='bbox 2367 2527 2604 2584; x_wconf 88' lang='lat' dir='ltr'><strong>secundo</strong></span> <span class='ocrx_word' id='word_1_546' title='bbox 2629 2528 2697 2583; x_wconf 91' lang='lat' dir='ltr'><strong>ab</strong></span> <span class='ocrx_word' id='word_1_547' title='bbox 2725 2541 2788 2582; x_wconf 91' lang='lat' dir='ltr'><strong>ea</strong></span> <span class='ocrx_word' id='word_1_548' title='bbox 2837 2526 2957 2583; x_wconf 92' lang='lat' dir='ltr'><strong>loco</strong></span> <span class='ocrx_word' id='word_1_549' title='bbox 2986 2527 3038 2581; x_wconf 92' lang='lat' dir='ltr'><strong>in</strong></span> <span class='ocrx_word' id='word_1_550' title='bbox 3070 2526 3362 2597; x_wconf 66' lang='lat' dir='ltr'><strong>provincia:</strong></span> <span class='ocrx_word' id='word_1_551' title='bbox 3395 2528 3586 2582; x_wconf 88' lang='lat' dir='ltr'><strong>notitia</strong></span> 
     </span>
    </p>
   </div>
   <div class='ocr_carea' id='block_1_75' title="bbox 1999 2597 3588 2667">
    <p class='ocr_par' dir='ltr' id='par_1_75' title="bbox 1999 2597 3588 2667">
     <span class='ocr_line' id='line_1_76' title="bbox 1999 2597 3588 2667; baseline -0.003 -11"><span class='ocrx_word' id='word_1_552' title='bbox 1999 2599 2432 2656; x_wconf 84' lang='lat' dir='ltr'><strong>describebatur.</strong></span> <span class='ocrx_word' id='word_1_553' title='bbox 2487 2599 2600 2653; x_wconf 86' lang='lat' dir='ltr'><strong>lloc</strong></span> <span class='ocrx_word' id='word_1_554' title='bbox 2647 2597 2792 2667; x_wconf 87' lang='lat' dir='ltr'><strong>enim</strong></span> <span class='ocrx_word' id='word_1_555' title='bbox 2842 2597 3214 2667; x_wconf 62' lang='lat' dir='ltr'><strong>praerogativa:</strong></span> <span class='ocrx_word' id='word_1_556' title='bbox 3264 2607 3588 2666; x_wconf 78' lang='lat' dir='ltr'><strong>argumento</strong></span> 
     </span>
    </p>
   </div>
   <div class='ocr_carea' id='block_1_76' title="bbox 2001 2666 3582 2736">
    <p class='ocr_par' dir='ltr' id='par_1_76' title="bbox 2001 2666 3582 2736">
     <span class='ocr_line' id='line_1_77' title="bbox 2001 2666 3582 2736; baseline -0.001 -14"><span class='ocrx_word' id='word_1_557' title='bbox 2001 2673 2174 2724; x_wconf 90' lang='lat' dir='ltr'><strong>utitur</strong></span> <span class='ocrx_word' id='word_1_558' title='bbox 2205 2669 2494 2724; x_wconf 89' lang='lat' dir='ltr'><strong>Fulbertus</strong></span> <span class='ocrx_word' id='word_1_559' title='bbox 2523 2668 2572 2736; x_wconf 87' lang='lat' dir='ltr'><strong>iu</strong></span> <span class='ocrx_word' id='word_1_560' title='bbox 2603 2666 2826 2736; x_wconf 89' lang='lat' dir='ltr'><strong>epistola</strong></span> <span class='ocrx_word' id='word_1_561' title='bbox 2845 2666 2916 2722; x_wconf 85' lang='lat' dir='ltr'><strong>ad</strong></span> <span class='ocrx_word' id='word_1_562' title='bbox 2940 2666 3235 2736; x_wconf 85' lang='lat' dir='ltr'><strong>Deodatum</strong></span> <span class='ocrx_word' id='word_1_563' title='bbox 3265 2669 3582 2736; x_wconf 76' lang='lat' dir='ltr'><strong>episcopum</strong></span> 
     </span>
    </p>
   </div>
   <div class='ocr_carea' id='block_1_77' title="bbox 2001 2735 3592 2794">
    <p class='ocr_par' dir='ltr' id='par_1_77' title="bbox 2001 2735 3592 2794">
     <span class='ocr_line' id='line_1_78' title="bbox 2001 2735 3592 2794; baseline -0.003 0"><span class='ocrx_word' id='word_1_564' title='bbox 2001 2739 2448 2794; x_wconf 88' lang='lat' dir='ltr'><strong>Suessionensctn</strong></span> <span class='ocrx_word' id='word_1_565' title='bbox 2476 2756 2489 2791; x_wconf 92' lang='lat'><strong>:</strong></span> <span class='ocrx_word' id='word_1_566' title='bbox 2519 2735 2624 2792; x_wconf 88' lang='lat' dir='ltr'><strong>Sed</strong></span> <span class='ocrx_word' id='word_1_567' title='bbox 2640 2735 2718 2790; x_wconf 85' lang='lat' dir='ltr'><strong>ne</strong></span> <span class='ocrx_word' id='word_1_568' title='bbox 2745 2737 2944 2790; x_wconf 84' lang='lat' dir='ltr'><strong>civitati</strong></span> <span class='ocrx_word' id='word_1_569' title='bbox 2968 2735 3306 2791; x_wconf 72' lang='lat' dir='ltr'><strong>velEcclesite</strong></span> <span class='ocrx_word' id='word_1_570' title='bbox 3337 2735 3592 2789; x_wconf 81' lang='lat' dir='ltr'><strong>Catalau-</strong></span> 
     </span>
    </p>
   </div>
   <div class='ocr_carea' id='block_1_78' title="bbox 2002 2805 3594 2876">
    <p class='ocr_par' dir='ltr' id='par_1_78' title="bbox 2002 2805 3594 2876">
     <span class='ocr_line' id='line_1_79' title="bbox 2002 2805 3594 2876; baseline -0.004 -12"><span class='ocrx_word' id='word_1_571' title='bbox 2002 2826 2190 2864; x_wconf 86' lang='lat' dir='ltr'><strong>norum</strong></span> <span class='ocrx_word' id='word_1_572' title='bbox 2219 2825 2374 2863; x_wconf 89' lang='lat' dir='ltr'><strong>suum</strong></span> <span class='ocrx_word' id='word_1_573' title='bbox 2397 2807 2658 2876; x_wconf 87' lang='lat' dir='ltr'><strong>denegetis</strong></span> <span class='ocrx_word' id='word_1_574' title='bbox 2684 2807 2955 2867; x_wconf 82' lang='lat' dir='ltr'><strong>honorem,</strong></span> <span class='ocrx_word' id='word_1_575' title='bbox 2984 2807 3282 2876; x_wconf 87' lang='lat' dir='ltr'><strong>ntemin_isse</strong></span> <span class='ocrx_word' id='word_1_576' title='bbox 3307 2821 3394 2858; x_wconf 84' lang='lat' dir='ltr'><strong>vos</strong></span> <span class='ocrx_word' id='word_1_577' title='bbox 3421 2805 3594 2868; x_wconf 77' lang='lat' dir='ltr'><strong>decet,</strong></span> 
     </span>
    </p>
   </div>
   <div class='ocr_carea' id='block_1_79' title="bbox 1999 2873 3592 2949">
    <p class='ocr_par' dir='ltr' id='par_1_79' title="bbox 1999 2873 3592 2949">
     <span class='ocr_line' id='line_1_80' title="bbox 1999 2873 3592 2949; baseline -0.003 -18"><span class='ocrx_word' id='word_1_578' title='bbox 1999 2883 2139 2949; x_wconf 87' lang='lat' dir='ltr'><strong>quod</strong></span> <span class='ocrx_word' id='word_1_579' title='bbox 2173 2879 2230 2933; x_wconf 90' lang='lat' dir='ltr'><strong>in</strong></span> <span class='ocrx_word' id='word_1_580' title='bbox 2252 2879 2467 2949; x_wconf 86' lang='lat' dir='ltr'><strong>antiqua</strong></span> <span class='ocrx_word' id='word_1_581' title='bbox 2487 2873 2835 2949; x_wconf 60' lang='lat' dir='ltr'><strong>descriptione</strong></span> <span class='ocrx_word' id='word_1_582' title='bbox 2854 2873 3379 2949; x_wconf 74' lang='lat' dir='ltr'><strong>prOt&#39;incia:_Belgict_e</strong></span> <span class='ocrx_word' id='word_1_583' title='bbox 3407 2891 3562 2949; x_wconf 79' lang='lat' dir='ltr'><strong>secun</strong></span> <span class='ocrx_word' id='word_1_584' title='bbox 3577 2905 3592 2914; x_wconf 89' lang='lat'><em>-</em></span> 
     </span>
    </p>
   </div>
   <div class='ocr_carea' id='block_1_80' title="bbox 2003 2943 3588 3018">
    <p class='ocr_par' dir='ltr' id='par_1_80' title="bbox 2003 2943 3588 3018">
     <span class='ocr_line' id='line_1_81' title="bbox 2003 2943 3588 3018; baseline -0.003 -16"><span class='ocrx_word' id='word_1_585' title='bbox 2003 2943 2129 3002; x_wconf 82' lang='lat' dir='ltr'><strong>dum</strong></span> <span class='ocrx_word' id='word_1_586' title='bbox 2155 2949 2270 3018; x_wconf 85' lang='lat' dir='ltr'><strong>ipsa</strong></span> <span class='ocrx_word' id='word_1_587' title='bbox 2303 2943 2484 3001; x_wconf 70' lang='lat' dir='ltr'><strong>ciuitas</strong></span> <span class='ocrx_word' id='word_1_588' title='bbox 2515 2963 2548 2999; x_wconf 90' lang='lat' dir='ltr'><strong>a</strong></span> <span class='ocrx_word' id='word_1_589' title='bbox 2587 2943 2828 3018; x_wconf 30' lang='lat' dir='ltr'><strong>lle&#39;ntensi</strong></span> <span class='ocrx_word' id='word_1_590' title='bbox 2855 2943 3039 3018; x_wconf 64' lang='lat' dir='ltr'><strong>locum</strong></span> <span class='ocrx_word' id='word_1_591' title='bbox 3067 2944 3271 3018; x_wconf 73' lang='lat' dir='ltr'><strong>habeat.</strong></span> <span class='ocrx_word' id='word_1_592' title='bbox 3317 2943 3384 3000; x_wconf 92' lang='lat' dir='ltr'><strong>Ut</strong></span> <span class='ocrx_word' id='word_1_593' title='bbox 3423 2946 3588 3018; x_wconf 77' lang='lat' dir='ltr'><strong>igitur</strong></span> 
     </span>
    </p>
   </div>
   <div class='ocr_carea' id='block_1_81' title="bbox 2003 3013 3583 3088">
    <p class='ocr_par' dir='ltr' id='par_1_81' title="bbox 2003 3013 3583 3088">
     <span class='ocr_line' id='line_1_82' title="bbox 2003 3013 3583 3088; baseline -0.003 -15"><span class='ocrx_word' id='word_1_594' title='bbox 2003 3020 2058 3073; x_wconf 89' lang='lat' dir='ltr'><strong>in</strong></span> <span class='ocrx_word' id='word_1_595' title='bbox 2084 3013 2297 3088; x_wconf 80' lang='lat' dir='ltr'><strong>Belgica</strong></span> <span class='ocrx_word' id='word_1_596' title='bbox 2321 3015 2684 3088; x_wconf 22' lang='lat' dir='ltr'><strong>tt‘proviucia,</strong></span> <span class='ocrx_word' id='word_1_597' title='bbox 2735 3016 2984 3088; x_wconf 58' lang='lat' dir='ltr'><strong>proritua</strong></span> <span class='ocrx_word' id='word_1_598' title='bbox 3007 3013 3262 3088; x_wconf 75' lang='lat' dir='ltr'><strong>Remensi</strong></span> <span class='ocrx_word' id='word_1_599' title='bbox 3294 3015 3583 3088; x_wconf 78' lang='lat' dir='ltr'><strong>metmpoli</strong></span> 
     </span>
    </p>
   </div>
   <div class='ocr_carea' id='block_1_82' title="bbox 2005 3082 3588 3154">
    <p class='ocr_par' dir='ltr' id='par_1_82' title="bbox 2005 3082 3588 3154">
     <span class='ocr_line' id='line_1_83' title="bbox 2005 3082 3588 3154; baseline -0.007 -10"><span class='ocrx_word' id='word_1_600' title='bbox 2005 3099 2089 3144; x_wconf 91' lang='lat' dir='ltr'><strong>est</strong></span> <span class='ocrx_word' id='word_1_601' title='bbox 2123 3082 2319 3144; x_wconf 69' lang='lat' dir='ltr'><strong>civitas</strong></span> <span class='ocrx_word' id='word_1_602' title='bbox 2342 3082 2788 3150; x_wconf 78' lang='lat' dir='ltr'><strong>Galalaunorum,</strong></span> <span class='ocrx_word' id='word_1_603' title='bbox 2821 3085 2902 3140; x_wconf 90' lang='lat' dir='ltr'><strong>sic</strong></span> <span class='ocrx_word' id='word_1_604' title='bbox 2945 3085 2998 3138; x_wconf 94' lang='lat' dir='ltr'><strong>in</strong></span> <span class='ocrx_word' id='word_1_605' title='bbox 3031 3083 3186 3138; x_wconf 89' lang='lat' dir='ltr'><strong>tertia</strong></span> <span class='ocrx_word' id='word_1_606' title='bbox 3216 3082 3588 3154; x_wconf 50' lang='lat' dir='ltr'><strong>Lugdune‘nsi,</strong></span> 
     </span>
    </p>
   </div>
   <div class='ocr_carea' id='block_1_83' title="bbox 2007 3154 3594 3230">
    <p class='ocr_par' dir='ltr' id='par_1_83' title="bbox 2007 3154 3594 3230">
     <span class='ocr_line' id='line_1_84' title="bbox 2007 3154 3594 3230; baseline -0.004 -18"><span class='ocrx_word' id='word_1_607' title='bbox 2007 3159 2182 3230; x_wconf 83' lang='lat' dir='ltr'><strong>prima</strong></span> <span class='ocrx_word' id='word_1_608' title='bbox 2237 3166 2362 3230; x_wconf 83' lang='lat' dir='ltr'><strong>post</strong></span> <span class='ocrx_word' id='word_1_609' title='bbox 2402 3154 2746 3230; x_wconf 76' lang='lat' dir='ltr'><strong>Turonorum</strong></span> <span class='ocrx_word' id='word_1_610' title='bbox 2797 3154 3138 3230; x_wconf 73' lang='lat' dir='ltr'><strong>metropolim</strong></span> <span class='ocrx_word' id='word_1_611' title='bbox 3175 3154 3378 3230; x_wconf 70' lang='lat' dir='ltr'><strong>civitas</strong></span> <span class='ocrx_word' id='word_1_612' title='bbox 3419 3154 3594 3209; x_wconf 87' lang='lat' dir='ltr'><strong>Ceno-</strong></span> 
     </span>
    </p>
   </div>
   <div class='ocr_carea' id='block_1_84' title="bbox 2007 3223 3586 3293">
    <p class='ocr_par' dir='ltr' id='par_1_84' title="bbox 2007 3223 3586 3293">
     <span class='ocr_line' id='line_1_85' title="bbox 2007 3223 3586 3293; baseline -0.004 -11"><span class='ocrx_word' id='word_1_613' title='bbox 2007 3223 2254 3282; x_wconf 51' lang='lat' dir='ltr'><strong>iuanica.’</strong></span> <span class='ocrx_word' id='word_1_614' title='bbox 2269 3226 2449 3293; x_wconf 83' lang='lat' dir='ltr'><strong>Quare</strong></span> <span class='ocrx_word' id='word_1_615' title='bbox 2479 3223 2767 3293; x_wconf 85' lang='lat' dir='ltr'><strong>episcopus</strong></span> <span class='ocrx_word' id='word_1_616' title='bbox 2795 3223 3220 3280; x_wconf 67' lang='lat' dir='ltr'><strong>Cenomanensis</strong></span> <span class='ocrx_word' id='word_1_617' title='bbox 3254 3223 3464 3293; x_wconf 86' lang='lat' dir='ltr'><strong>primus</strong></span> <span class='ocrx_word' id='word_1_618' title='bbox 3501 3235 3586 3278; x_wconf 85' lang='lat' dir='ltr'><strong>est</strong></span> 
     </span>
    </p>
   </div>
   <div class='ocr_carea' id='block_1_85' title="bbox 2005 3292 3588 3367">
    <p class='ocr_par' dir='ltr' id='par_1_85' title="bbox 2005 3292 3588 3367">
     <span class='ocr_line' id='line_1_86' title="bbox 2005 3292 3588 3367; baseline -0.003 -17"><span class='ocrx_word' id='word_1_619' title='bbox 2005 3292 2455 3367; x_wconf 76' lang='lat' dir='ltr'><strong>episcopusillius</strong></span> <span class='ocrx_word' id='word_1_620' title='bbox 2473 3292 2782 3367; x_wconf 78' lang='lat' dir='ltr'><strong>provinciae.</strong></span> <span class='ocrx_word' id='word_1_621' title='bbox 2809 3294 3118 3367; x_wconf 84' lang='lat' dir='ltr'><strong>Eodemque</strong></span> <span class='ocrx_word' id='word_1_622' title='bbox 3141 3295 3300 3348; x_wconf 86' lang='lat' dir='ltr'><strong>modo</strong></span> <span class='ocrx_word' id='word_1_623' title='bbox 3329 3292 3380 3367; x_wconf 80' lang='lat' dir='ltr'><strong>in</strong></span> <span class='ocrx_word' id='word_1_624' title='bbox 3413 3293 3588 3367; x_wconf 75' lang='lat' dir='ltr'><strong>prima</strong></span> 
     </span>
    </p>
   </div>
   <div class='ocr_carea' id='block_1_86' title="bbox 2005 3361 3592 3436">
    <p class='ocr_par' dir='ltr' id='par_1_86' title="bbox 2005 3361 3592 3436">
     <span class='ocr_line' id='line_1_87' title="bbox 2005 3361 3592 3436; baseline -0.003 -17"><span class='ocrx_word' id='word_1_625' title='bbox 2005 3361 2315 3436; x_wconf 56' lang='lat' dir='ltr'><strong>A&#39;quita&#39;nia,</strong></span> <span class='ocrx_word' id='word_1_626' title='bbox 2345 3361 2558 3436; x_wconf 78' lang='lat' dir='ltr'><strong>primus</strong></span> <span class='ocrx_word' id='word_1_627' title='bbox 2599 3363 3308 3436; x_wconf 78' lang='lat' dir='ltr'><strong>episcopu_s_Arveruorum;</strong></span> <span class='ocrx_word' id='word_1_628' title='bbox 3343 3361 3394 3416; x_wconf 85' lang='lat' dir='ltr'><strong>iu</strong></span> <span class='ocrx_word' id='word_1_629' title='bbox 3422 3363 3592 3436; x_wconf 61' lang='lat' dir='ltr'><strong>Aqui-</strong></span> 
     </span>
    </p>
   </div>
   <div class='ocr_carea' id='block_1_87' title="bbox 2009 3431 3588 3506">
    <p class='ocr_par' dir='ltr' id='par_1_87' title="bbox 2009 3431 3588 3506">
     <span class='ocr_line' id='line_1_88' title="bbox 2009 3431 3588 3506; baseline -0.004 -16"><span class='ocrx_word' id='word_1_630' title='bbox 2009 3431 2154 3491; x_wconf 76' lang='lat' dir='ltr'><strong>lania</strong></span> <span class='ocrx_word' id='word_1_631' title='bbox 2183 3453 2242 3498; x_wconf 88' lang='grc' dir='ltr'><strong>ιι.</strong></span> <span class='ocrx_word' id='word_1_632' title='bbox 2274 3431 2484 3506; x_wconf 39' lang='lat' dir='ltr'><strong>pri—mus</strong></span> <span class='ocrx_word' id='word_1_633' title='bbox 2529 3431 2817 3505; x_wconf 79' lang='lat' dir='ltr'><strong>episcopus</strong></span> <span class='ocrx_word' id='word_1_634' title='bbox 2841 3432 3209 3506; x_wconf 80' lang='lat' dir='ltr'><strong>Pictavorum,</strong></span> <span class='ocrx_word' id='word_1_635' title='bbox 3242 3440 3404 3506; x_wconf 82' lang='lat' dir='ltr'><strong>atque</strong></span> <span class='ocrx_word' id='word_1_636' title='bbox 3426 3431 3588 3506; x_wconf 87' lang='lat' dir='ltr'><strong>it_a_iu</strong></span> 
     </span>
    </p>
   </div>
   <div class='ocr_carea' id='block_1_88' title="bbox 2005 3501 3592 3586">
    <p class='ocr_par' dir='ltr' id='par_1_88' title="bbox 2005 3501 3592 3586">
     <span class='ocr_line' id='line_1_89' title="bbox 2005 3501 3592 3586; baseline -0.004 -24"><span class='ocrx_word' id='word_1_637' title='bbox 2005 3506 2238 3586; x_wconf 66' lang='lat' dir='ltr'><strong>ueteris.</strong></span> <span class='ocrx_word' id='word_1_638' title='bbox 2275 3501 2419 3586; x_wconf 44' lang='lat' dir='ltr'><strong>&#39;Alio.</strong></span> <span class='ocrx_word' id='word_1_639' title='bbox 2441 3501 2600 3560; x_wconf 81' lang='lat' dir='ltr'><strong>modo</strong></span> <span class='ocrx_word' id='word_1_640' title='bbox 2643 3501 2878 3586; x_wconf 47' lang='lat' dir='ltr'><strong>primus.</strong></span> <span class='ocrx_word' id='word_1_641' title='bbox 2905 3503 3049 3557; x_wconf 92' lang='lat' dir='ltr'><strong>inter</strong></span> <span class='ocrx_word' id='word_1_642' title='bbox 3104 3501 3592 3586; x_wconf 67' lang='lat' dir='ltr'><strong>cotnprovinciales</strong></span> 
     </span>
    </p>
   </div>
   <div class='ocr_carea' id='block_1_89' title="bbox 2005 3570 3591 3646">
    <p class='ocr_par' dir='ltr' id='par_1_89' title="bbox 2005 3570 3591 3646">
     <span class='ocr_line' id='line_1_90' title="bbox 2005 3570 3591 3646; baseline -0.005 -14"><span class='ocrx_word' id='word_1_643' title='bbox 2005 3577 2288 3646; x_wconf 84' lang='lat' dir='ltr'><strong>episcopos</strong></span> <span class='ocrx_word' id='word_1_644' title='bbox 2317 3575 2536 3642; x_wconf 88' lang='lat' dir='ltr'><strong>dicitur,</strong></span> <span class='ocrx_word' id='word_1_645' title='bbox 2564 3570 2662 3645; x_wconf 86' lang='lat' dir='ltr'><strong>qui</strong></span> <span class='ocrx_word' id='word_1_646' title='bbox 2685 3573 2914 3646; x_wconf 78' lang='lat' dir='ltr'><strong>honoris</strong></span> <span class='ocrx_word' id='word_1_647' title='bbox 2935 3587 3050 3628; x_wconf 68' lang='lat' dir='ltr'><strong>aevo</strong></span> <span class='ocrx_word' id='word_1_648' title='bbox 3090 3570 3398 3646; x_wconf 62' lang='lat' dir='ltr'><strong>antecedit;</strong></span> <span class='ocrx_word' id='word_1_649' title='bbox 3431 3586 3591 3642; x_wconf 88' lang='lat' dir='ltr'><strong>quem</strong></span> 
     </span>
    </p>
   </div>
   <div class='ocr_carea' id='block_1_90' title="bbox 2004 3641 3590 3716">
    <p class='ocr_par' dir='ltr' id='par_1_90' title="bbox 2004 3641 3590 3716">
     <span class='ocr_line' id='line_1_91' title="bbox 2004 3641 3590 3716; baseline -0.003 -15"><span class='ocrx_word' id='word_1_650' title='bbox 2004 3641 2059 3701; x_wconf 78' lang='lat' dir='ltr'><strong>et</strong></span> <span class='ocrx_word' id='word_1_651' title='bbox 2091 3641 2391 3716; x_wconf 82' lang='lat' dir='ltr'><strong>primatem</strong></span> <span class='ocrx_word' id='word_1_652' title='bbox 2419 3641 2632 3716; x_wconf 70' lang='lat' dir='ltr'><strong>qucque</strong></span> <span class='ocrx_word' id='word_1_653' title='bbox 2679 3644 2784 3716; x_wconf 89' lang='lat' dir='ltr'><strong>dici</strong></span> <span class='ocrx_word' id='word_1_654' title='bbox 2817 3643 3034 3716; x_wconf 84' lang='lat' dir='ltr'><strong>solitum</strong></span> <span class='ocrx_word' id='word_1_655' title='bbox 3083 3657 3151 3716; x_wconf 56' lang='lat' dir='ltr'><strong>ert</strong></span> <span class='ocrx_word' id='word_1_656' title='bbox 3195 3641 3388 3716; x_wconf 73' lang='lat' dir='ltr'><strong>Hilarii</strong></span> <span class='ocrx_word' id='word_1_657' title='bbox 3437 3641 3590 3712; x_wconf 68' lang='lat' dir='ltr'><strong>papa:</strong></span> 
     </span>
    </p>
   </div>
   <div class='ocr_carea' id='block_1_91' title="bbox 2009 3711 3592 3782">
    <p class='ocr_par' dir='ltr' id='par_1_91' title="bbox 2009 3711 3592 3782">
     <span class='ocr_line' id='line_1_92' title="bbox 2009 3711 3592 3782; baseline -0.001 -13"><span class='ocrx_word' id='word_1_658' title='bbox 2009 3711 2206 3770; x_wconf 76' lang='lat' dir='ltr'><strong>litteris</strong></span> <span class='ocrx_word' id='word_1_659' title='bbox 2235 3711 2557 3770; x_wconf 49' lang='lat' dir='ltr'><strong>didicimus.’</strong></span> <span class='ocrx_word' id='word_1_660' title='bbox 2573 3713 2666 3770; x_wconf 89' lang='lat' dir='ltr'><strong>Sic</strong></span> <span class='ocrx_word' id='word_1_661' title='bbox 2690 3715 2832 3768; x_wconf 91' lang='lat' dir='ltr'><strong>enim</strong></span> <span class='ocrx_word' id='word_1_662' title='bbox 2856 3713 3047 3770; x_wconf 89' lang='lat' dir='ltr'><strong>scribit</strong></span> <span class='ocrx_word' id='word_1_663' title='bbox 3071 3711 3137 3766; x_wconf 89' lang='lat' dir='ltr'><strong>ad</strong></span> <span class='ocrx_word' id='word_1_664' title='bbox 3159 3713 3444 3782; x_wconf 87' lang='lat' dir='ltr'><strong>episcopos</strong></span> <span class='ocrx_word' id='word_1_665' title='bbox 3459 3727 3592 3782; x_wconf 87' lang='lat' dir='ltr'><strong>pro-</strong></span> 
     </span>
    </p>
   </div>
   <div class='ocr_carea' id='block_1_92' title="bbox 2007 3781 3606 3850">
    <p class='ocr_par' dir='ltr' id='par_1_92' title="bbox 2007 3781 3606 3850">
     <span class='ocr_line' id='line_1_93' title="bbox 2007 3781 3606 3850; baseline -0.002 -11"><span class='ocrx_word' id='word_1_666' title='bbox 2007 3785 2200 3840; x_wconf 74' lang='lat' dir='ltr'><strong>vincite</strong></span> <span class='ocrx_word' id='word_1_667' title='bbox 2234 3786 2584 3849; x_wconf 85' lang='lat' dir='ltr'><strong>Viennensis,</strong></span> <span class='ocrx_word' id='word_1_668' title='bbox 2613 3794 2670 3840; x_wconf 91' lang='lat' dir='ltr'><strong>et</strong></span> <span class='ocrx_word' id='word_1_669' title='bbox 2713 3783 2885 3840; x_wconf 89' lang='lat' dir='ltr'><strong>alios:</strong></span> <span class='ocrx_word' id='word_1_670' title='bbox 2918 3782 2986 3837; x_wconf 85' lang='lat' dir='ltr'><strong>Ei</strong></span> <span class='ocrx_word' id='word_1_671' title='bbox 3021 3783 3112 3850; x_wconf 85' lang='lat' dir='ltr'><strong>qui</strong></span> <span class='ocrx_word' id='word_1_672' title='bbox 3153 3781 3290 3836; x_wconf 80' lang='lat' dir='ltr'><strong>nunc</strong></span> <span class='ocrx_word' id='word_1_673' title='bbox 3337 3781 3606 3837; x_wconf 70' lang='lat' dir='ltr'><strong>Ecclesia-</strong></span> 
     </span>
    </p>
   </div>
   <div class='ocr_carea' id='block_1_93' title="bbox 2012 3852 3590 3925">
    <p class='ocr_par' dir='ltr' id='par_1_93' title="bbox 2012 3852 3590 3925">
     <span class='ocr_line' id='line_1_94' title="bbox 2012 3852 3590 3925; baseline -0.002 -18"><span class='ocrx_word' id='word_1_674' title='bbox 2012 3853 2351 3925; x_wconf 86' lang='lat' dir='ltr'><strong>Narbonensi</strong></span> <span class='ocrx_word' id='word_1_675' title='bbox 2417 3854 2700 3925; x_wconf 81' lang='lat' dir='ltr'><strong>prtesidere</strong></span> <span class='ocrx_word' id='word_1_676' title='bbox 2753 3855 3102 3925; x_wconf 81' lang='lat' dir='ltr'><strong>permittitur,</strong></span> <span class='ocrx_word' id='word_1_677' title='bbox 3169 3852 3590 3925; x_wconf 84' lang='lat' dir='ltr'><strong>ordinandorum</strong></span> 
     </span>
    </p>
   </div>
   <div class='ocr_carea' id='block_1_94' title="bbox 2009 3922 3589 3994">
    <p class='ocr_par' dir='ltr' id='par_1_94' title="bbox 2009 3922 3589 3994">
     <span class='ocr_line' id='line_1_95' title="bbox 2009 3922 3589 3994; baseline -0.001 -18"><span class='ocrx_word' id='word_1_678' title='bbox 2009 3924 2369 3994; x_wconf 86' lang='lat' dir='ltr'><strong>episcoporum</strong></span> <span class='ocrx_word' id='word_1_679' title='bbox 2390 3922 2460 3994; x_wconf 75' lang='lat' dir='ltr'><strong>ob</strong></span> <span class='ocrx_word' id='word_1_680' title='bbox 2492 3925 2604 3977; x_wconf 70' lang='lat' dir='ltr'><strong>hmo</strong></span> <span class='ocrx_word' id='word_1_681' title='bbox 2625 3922 2764 3994; x_wconf 57' lang='lat' dir='ltr'><strong>qute&#39;</strong></span> <span class='ocrx_word' id='word_1_682' title='bbox 2780 3939 2934 3994; x_wconf 83' lang='lat' dir='ltr'><strong>prore</strong></span> <span class='ocrx_word' id='word_1_683' title='bbox 2965 3923 3105 3988; x_wconf 79' lang='lat' dir='ltr'><strong>facta</strong></span> <span class='ocrx_word' id='word_1_684' title='bbox 3130 3931 3250 3994; x_wconf 80' lang='lat' dir='ltr'><strong>sunt</strong></span> <span class='ocrx_word' id='word_1_685' title='bbox 3279 3922 3589 3975; x_wconf 81' lang='lat' dir='ltr'><strong>sustulimus</strong></span> 
     </span>
    </p>
   </div>
   <div class='ocr_carea' id='block_1_95' title="bbox 2009 3991 3587 4062">
    <p class='ocr_par' dir='ltr' id='par_1_95' title="bbox 2009 3991 3587 4062">
     <span class='ocr_line' id='line_1_96' title="bbox 2009 3991 3587 4062; baseline -0.003 -16"><span class='ocrx_word' id='word_1_686' title='bbox 2009 3991 2334 4062; x_wconf 83' lang='lat' dir='ltr'><strong>potestatem.</strong></span> <span class='ocrx_word' id='word_1_687' title='bbox 2371 3992 2542 4057; x_wconf 85' lang='lat' dir='ltr'><strong>Quam</strong></span> <span class='ocrx_word' id='word_1_688' title='bbox 2565 3991 2644 4062; x_wconf 63' lang='lat' dir='ltr'><strong>ita</strong></span> <span class='ocrx_word' id='word_1_689' title='bbox 2679 3992 2747 4044; x_wconf 85' lang='lat' dir='ltr'><strong>ad</strong></span> <span class='ocrx_word' id='word_1_690' title='bbox 2775 3993 2992 4062; x_wconf 71' lang='lat' dir='ltr'><strong>fratrem</strong></span> <span class='ocrx_word' id='word_1_691' title='bbox 3021 4001 3068 4044; x_wconf 86' lang='lat' dir='ltr'><strong>et</strong></span> <span class='ocrx_word' id='word_1_692' title='bbox 3099 3991 3457 4062; x_wconf 84' lang='lat' dir='ltr'><strong>coepiscopum</strong></span> <span class='ocrx_word' id='word_1_693' title='bbox 3488 4007 3587 4062; x_wconf 89' lang='lat' dir='ltr'><strong>no-</strong></span> 
     </span>
    </p>
   </div>
   <div class='ocr_carea' id='block_1_96' title="bbox 2011 4058 3592 4130">
    <p class='ocr_par' dir='ltr' id='par_1_96' title="bbox 2011 4058 3592 4130">
     <span class='ocr_line' id='line_1_97' title="bbox 2011 4058 3592 4130; baseline -0.001 -16"><span class='ocrx_word' id='word_1_694' title='bbox 2011 4058 2177 4116; x_wconf 84' lang='lat' dir='ltr'><strong>strum</strong></span> <span class='ocrx_word' id='word_1_695' title='bbox 2208 4061 2574 4116; x_wconf 79' lang='lat' dir='ltr'><strong>Constantium</strong></span> <span class='ocrx_word' id='word_1_696' title='bbox 2595 4058 2821 4130; x_wconf 70' lang='lat' dir='ltr'><strong>Ucetieaz</strong></span> <span class='ocrx_word' id='word_1_697' title='bbox 2840 4058 3102 4130; x_wconf 67' lang='lat' dir='ltr'><strong>Ecclesia:</strong></span> <span class='ocrx_word' id='word_1_698' title='bbox 3131 4060 3444 4130; x_wconf 86' lang='lat' dir='ltr'><strong>antistitem,</strong></span> <span class='ocrx_word' id='word_1_699' title='bbox 3467 4061 3592 4130; x_wconf 88' lang='lat' dir='ltr'><strong>quia</strong></span> 
     </span>
    </p>
   </div>
   <div class='ocr_carea' id='block_1_97' title="bbox 2008 4129 3590 4200">
    <p class='ocr_par' dir='ltr' id='par_1_97' title="bbox 2008 4129 3590 4200">
     <span class='ocr_line' id='line_1_98' title="bbox 2008 4129 3590 4200; baseline -0.001 -14"><span class='ocrx_word' id='word_1_700' title='bbox 2008 4147 2117 4186; x_wconf 75' lang='lat' dir='ltr'><strong>a&#39;vo</strong></span> <span class='ocrx_word' id='word_1_701' title='bbox 2146 4131 2356 4186; x_wconf 78' lang='lat' dir='ltr'><strong>honoris</strong></span> <span class='ocrx_word' id='word_1_702' title='bbox 2380 4132 2584 4200; x_wconf 74' lang='lat' dir='ltr'><strong>primus</strong></span> <span class='ocrx_word' id='word_1_703' title='bbox 2609 4145 2718 4182; x_wconf 86' lang='lat' dir='ltr'><strong>esse</strong></span> <span class='ocrx_word' id='word_1_704' title='bbox 2743 4129 2958 4200; x_wconf 75' lang='lat' dir='ltr'><strong>dicitur,</strong></span> <span class='ocrx_word' id='word_1_705' title='bbox 2988 4130 3244 4200; x_wconf 79' lang='lat' dir='ltr'><strong>pertinere</strong></span> <span class='ocrx_word' id='word_1_706' title='bbox 3270 4129 3590 4200; x_wconf 82' lang='lat' dir='ltr'><strong>censuimus.</strong></span> 
     </span>
    </p>
   </div>
   <div class='ocr_carea' id='block_1_98' title="bbox 2011 4196 3584 4269">
    <p class='ocr_par' dir='ltr' id='par_1_98' title="bbox 2011 4196 3584 4269">
     <span class='ocr_line' id='line_1_99' title="bbox 2011 4196 3584 4269; baseline -0.003 -15"><span class='ocrx_word' id='word_1_707' title='bbox 2011 4211 2065 4254; x_wconf 91' lang='lat' dir='ltr'><strong>ut</strong></span> <span class='ocrx_word' id='word_1_708' title='bbox 2115 4202 2162 4254; x_wconf 91' lang='lat' dir='ltr'><strong>si</strong></span> <span class='ocrx_word' id='word_1_709' title='bbox 2215 4196 2492 4269; x_wconf 80' lang='lat' dir='ltr'><strong>superstite</strong></span> <span class='ocrx_word' id='word_1_710' title='bbox 2535 4197 2729 4269; x_wconf 82' lang='lat' dir='ltr'><strong>Ilerme</strong></span> <span class='ocrx_word' id='word_1_711' title='bbox 2780 4196 3018 4266; x_wconf 88' lang='lat' dir='ltr'><strong>episcopo</strong></span> <span class='ocrx_word' id='word_1_712' title='bbox 3071 4197 3364 4269; x_wconf 73' lang='lat' dir='ltr'><strong>defunctus</strong></span> <span class='ocrx_word' id='word_1_713' title='bbox 3401 4197 3584 4269; x_wconf 79' lang='lat' dir='ltr'><strong>fuerit,</strong></span> 
     </span>
    </p>
   </div>
   <div class='ocr_carea' id='block_1_99' title="bbox 2010 4267 3615 4337">
    <p class='ocr_par' dir='ltr' id='par_1_99' title="bbox 2010 4267 3615 4337">
     <span class='ocr_line' id='line_1_100' title="bbox 2010 4267 3615 4337; baseline -0.001 -15"><span class='ocrx_word' id='word_1_714' title='bbox 2010 4269 2164 4323; x_wconf 91' lang='lat' dir='ltr'><strong>illum</strong></span> <span class='ocrx_word' id='word_1_715' title='bbox 2213 4267 2324 4322; x_wconf 79' lang='lat' dir='ltr'><strong>luet:</strong></span> <span class='ocrx_word' id='word_1_716' title='bbox 2365 4283 2494 4321; x_wconf 89' lang='lat' dir='ltr'><strong>cura</strong></span> <span class='ocrx_word' id='word_1_717' title='bbox 2531 4267 2771 4337; x_wconf 85' lang='lat' dir='ltr'><strong>respiciat</strong></span> <span class='ocrx_word' id='word_1_718' title='bbox 2808 4281 2960 4336; x_wconf 87' lang='lat' dir='ltr'><strong>quem</strong></span> <span class='ocrx_word' id='word_1_719' title='bbox 3000 4267 3246 4336; x_wconf 84' lang='lat' dir='ltr'><strong>repererit</strong></span> <span class='ocrx_word' id='word_1_720' title='bbox 3276 4267 3615 4337; x_wconf 61' lang='lat' dir='ltr'><strong>episcopalis,</strong></span> 
     </span>
    </p>
   </div>
   <div class='ocr_carea' id='block_1_100' title="bbox 2009 4335 3592 4408">
    <p class='ocr_par' dir='ltr' id='par_1_100' title="bbox 2009 4335 3592 4408">
     <span class='ocr_line' id='line_1_101' title="bbox 2009 4335 3592 4408; baseline -0.005 -14"><span class='ocrx_word' id='word_1_721' title='bbox 2009 4341 2139 4394; x_wconf 88' lang='lat' dir='ltr'><strong>ordo</strong></span> <span class='ocrx_word' id='word_1_722' title='bbox 2171 4341 2469 4408; x_wconf 85' lang='lat' dir='ltr'><strong>primatem,</strong></span> <span class='ocrx_word' id='word_1_723' title='bbox 2502 4337 2556 4392; x_wconf 93' lang='lat' dir='ltr'><strong>id</strong></span> <span class='ocrx_word' id='word_1_724' title='bbox 2577 4335 2671 4408; x_wconf 81' lang='lat' dir='ltr'><strong>est</strong></span> <span class='ocrx_word' id='word_1_725' title='bbox 2713 4335 3093 4408; x_wconf 73' lang='lat' dir='ltr'><strong>epiScoporutlt</strong></span> <span class='ocrx_word' id='word_1_726' title='bbox 3137 4335 3433 4408; x_wconf 76' lang='lat' dir='ltr'><strong>provinciae</strong></span> <span class='ocrx_word' id='word_1_727' title='bbox 3453 4338 3592 4391; x_wconf 58' lang='lat' dir='ltr'><strong>anti.</strong></span> 
     </span>
    </p>
   </div>
   <div class='ocr_carea' id='block_1_101' title="bbox 2009 4405 3593 4479">
    <p class='ocr_par' dir='ltr' id='par_1_101' title="bbox 2009 4405 3593 4479">
     <span class='ocr_line' id='line_1_102' title="bbox 2009 4405 3593 4479; baseline -0.004 -14"><span class='ocrx_word' id='word_1_728' title='bbox 2009 4405 2355 4479; x_wconf 89' lang='lat' dir='ltr'><strong>quissimum,</strong></span> <span class='ocrx_word' id='word_1_729' title='bbox 2379 4408 2471 4479; x_wconf 82' lang='lat' dir='ltr'><strong>qui</strong></span> <span class='ocrx_word' id='word_1_730' title='bbox 2497 4407 2712 4479; x_wconf 79' lang='lat' dir='ltr'><strong>quidem</strong></span> <span class='ocrx_word' id='word_1_731' title='bbox 2743 4405 2870 4462; x_wconf 88' lang='lat' dir='ltr'><strong>ante</strong></span> <span class='ocrx_word' id='word_1_732' title='bbox 2891 4405 3028 4479; x_wconf 84' lang='lat' dir='ltr'><strong>alios</strong></span> <span class='ocrx_word' id='word_1_733' title='bbox 3057 4405 3246 4479; x_wconf 69' lang='lat' dir='ltr'><strong>sedere</strong></span> <span class='ocrx_word' id='word_1_734' title='bbox 3271 4415 3324 4460; x_wconf 87' lang='lat' dir='ltr'><strong>et</strong></span> <span class='ocrx_word' id='word_1_735' title='bbox 3355 4406 3593 4463; x_wconf 86' lang='lat' dir='ltr'><strong>subscri-</strong></span> 
     </span>
    </p>
   </div>
   <div class='ocr_carea' id='block_1_102' title="bbox 327 4475 3608 4552">
    <p class='ocr_par' dir='ltr' id='par_1_102' title="bbox 327 4475 3608 4552">
     <span class='ocr_line' id='line_1_103' title="bbox 327 4475 3608 4552; baseline -0.001 -20"><span class='ocrx_word' id='word_1_736' title='bbox 327 4475 550 4546; x_wconf 81' lang='lat' dir='ltr'><strong>Optimos</strong></span> <span class='ocrx_word' id='word_1_737' title='bbox 594 4475 930 4552; x_wconf 77' lang='lat' dir='ltr'><strong>clericorum,</strong></span> <span class='ocrx_word' id='word_1_738' title='bbox 958 4475 1073 4552; x_wconf 73' lang='lat' dir='ltr'><strong>qui</strong></span> <span class='ocrx_word' id='word_1_739' title='bbox 1103 4475 1447 4552; x_wconf 74' lang='lat' dir='ltr'><strong>pluribusex</strong></span> <span class='ocrx_word' id='word_1_740' title='bbox 1498 4482 1672 4552; x_wconf 79' lang='lat' dir='ltr'><strong>causis</strong></span> <span class='ocrx_word' id='word_1_741' title='bbox 1713 4485 1907 4550; x_wconf 84' lang='lat' dir='ltr'><strong>absque</strong></span> <span class='ocrx_word' id='word_1_742' title='bbox 1939 4480 1984 4535; x_wconf 86' lang='lat' dir='ltr'><strong>D</strong></span> <span class='ocrx_word' id='word_1_743' title='bbox 2010 4475 2140 4552; x_wconf 73' lang='lat' dir='ltr'><strong>bere</strong></span> <span class='ocrx_word' id='word_1_744' title='bbox 2192 4480 2244 4552; x_wconf 74' lang='lat' dir='ltr'><strong>iu</strong></span> <span class='ocrx_word' id='word_1_745' title='bbox 2276 4475 2703 4552; x_wconf 28' lang='lat' dir='ltr'><strong>concilio’solet,</strong></span> <span class='ocrx_word' id='word_1_746' title='bbox 2734 4491 2802 4552; x_wconf 58' lang='lat' dir='ltr'><strong>est</strong></span> <span class='ocrx_word' id='word_1_747' title='bbox 2850 4475 3332 4552; x_wconf 62' lang='lat' dir='ltr'><strong>synodocabilon.</strong></span> <span class='ocrx_word' id='word_1_748' title='bbox 3381 4492 3501 4552; x_wconf 76' lang='lat' dir='ltr'><strong>cap.</strong></span> <span class='ocrx_word' id='word_1_749' title='bbox 3534 4481 3608 4552; x_wconf 67' lang='lat' dir='ltr'><strong>ti-</strong></span> 
     </span>
    </p>
   </div>
   <div class='ocr_carea' id='block_1_103' title="bbox 327 4549 1904 4618">
    <p class='ocr_par' dir='ltr' id='par_1_103' title="bbox 327 4549 1904 4618">
     <span class='ocr_line' id='line_1_104' title="bbox 327 4549 1904 4618; baseline 0.002 -18"><span class='ocrx_word' id='word_1_750' title='bbox 327 4563 426 4600; x_wconf 90' lang='lat' dir='ltr'><strong>suo</strong></span> <span class='ocrx_word' id='word_1_751' title='bbox 451 4564 666 4602; x_wconf 85' lang='lat' dir='ltr'><strong>assensu</strong></span> <span class='ocrx_word' id='word_1_752' title='bbox 698 4566 729 4601; x_wconf 91' lang='lat' dir='ltr'><strong>a</strong></span> <span class='ocrx_word' id='word_1_753' title='bbox 757 4550 910 4618; x_wconf 79' lang='lat' dir='ltr'><strong>vulgo</strong></span> <span class='ocrx_word' id='word_1_754' title='bbox 944 4549 1140 4618; x_wconf 83' lang='lat' dir='ltr'><strong>{actam</strong></span> <span class='ocrx_word' id='word_1_755' title='bbox 1177 4550 1536 4618; x_wconf 85' lang='lat' dir='ltr'><strong>improbabant</strong></span> <span class='ocrx_word' id='word_1_756' title='bbox 1573 4549 1904 4616; x_wconf 83' lang='lat' dir='ltr'><strong>electionem,</strong></span> 
     </span>
    </p>
   </div>
   <div class='ocr_carea' id='block_1_104' title="bbox 322 4618 1909 4688">
    <p class='ocr_par' dir='ltr' id='par_1_104' title="bbox 322 4618 1909 4688">
     <span class='ocr_line' id='line_1_105' title="bbox 322 4618 1909 4688; baseline 0.001 -18"><span class='ocrx_word' id='word_1_757' title='bbox 322 4619 576 4688; x_wconf 87' lang='lat' dir='ltr'><strong>quoniam</strong></span> <span class='ocrx_word' id='word_1_758' title='bbox 599 4628 644 4672; x_wconf 88' lang='lat' dir='ltr'><strong>et</strong></span> <span class='ocrx_word' id='word_1_759' title='bbox 662 4618 801 4686; x_wconf 79' lang='lat' dir='ltr'><strong>infra</strong></span> <span class='ocrx_word' id='word_1_760' title='bbox 823 4629 1071 4683; x_wconf 88' lang='lat' dir='ltr'><strong>annos,et</strong></span> <span class='ocrx_word' id='word_1_761' title='bbox 1095 4629 1241 4673; x_wconf 71' lang='lat' dir='ltr'><strong>extra</strong></span> <span class='ocrx_word' id='word_1_762' title='bbox 1271 4621 1501 4684; x_wconf 82' lang='lat' dir='ltr'><strong>ordines,</strong></span> <span class='ocrx_word' id='word_1_763' title='bbox 1525 4629 1571 4672; x_wconf 85' lang='lat' dir='ltr'><strong>et</strong></span> <span class='ocrx_word' id='word_1_764' title='bbox 1597 4637 1688 4688; x_wconf 86' lang='lat' dir='ltr'><strong>per</strong></span> <span class='ocrx_word' id='word_1_765' title='bbox 1713 4622 1909 4675; x_wconf 86' lang='lat' dir='ltr'><strong>tumul-</strong></span> 
     </span>
    </p>
   </div>
   <div class='ocr_carea' id='block_1_105' title="bbox 327 4687 1907 4759">
    <p class='ocr_par' dir='ltr' id='par_1_105' title="bbox 327 4687 1907 4759">
     <span class='ocr_line' id='line_1_106' title="bbox 327 4687 1907 4759; baseline 0.004 -21"><span class='ocrx_word' id='word_1_766' title='bbox 327 4687 440 4739; x_wconf 79' lang='lat' dir='ltr'><strong>tum</strong></span> <span class='ocrx_word' id='word_1_767' title='bbox 469 4688 647 4757; x_wconf 86' lang='lat' dir='ltr'><strong>populi</strong></span> <span class='ocrx_word' id='word_1_768' title='bbox 670 4689 836 4754; x_wconf 89' lang='lat' dir='ltr'><strong>magis</strong></span> <span class='ocrx_word' id='word_1_769' title='bbox 864 4689 988 4755; x_wconf 81' lang='lat' dir='ltr'><strong>ﬁcta</strong></span> <span class='ocrx_word' id='word_1_770' title='bbox 1011 4698 1143 4759; x_wconf 66' lang='lat' dir='ltr'><strong>esset</strong></span> <span class='ocrx_word' id='word_1_771' title='bbox 1169 4705 1326 4758; x_wconf 89' lang='lat' dir='ltr'><strong>quam</strong></span> <span class='ocrx_word' id='word_1_772' title='bbox 1354 4689 1528 4757; x_wconf 80' lang='lat' dir='ltr'><strong>facta,</strong></span> <span class='ocrx_word' id='word_1_773' title='bbox 1566 4687 1907 4759; x_wconf 80' lang='lat' dir='ltr'><strong>promotionis</strong></span> 
     </span>
    </p>
   </div>
   <div class='ocr_carea' id='block_1_106' title="bbox 327 4758 1901 4830">
    <p class='ocr_par' dir='ltr' id='par_1_106' title="bbox 327 4758 1901 4830">
     <span class='ocr_line' id='line_1_107' title="bbox 327 4758 1901 4830; baseline 0.003 -20"><span class='ocrx_word' id='word_1_774' title='bbox 327 4769 436 4830; x_wconf 66' lang='lat' dir='ltr'><strong>tum</strong></span> <span class='ocrx_word' id='word_1_775' title='bbox 476 4773 663 4811; x_wconf 77' lang='lat' dir='ltr'><strong>causas</strong></span> <span class='ocrx_word' id='word_1_776' title='bbox 685 4773 968 4830; x_wconf 86' lang='lat' dir='ltr'><strong>_asserere.</strong></span> <span class='ocrx_word' id='word_1_777' title='bbox 1009 4758 1074 4812; x_wconf 86' lang='lat' dir='ltr'><strong>Et</strong></span> <span class='ocrx_word' id='word_1_778' title='bbox 1113 4758 1177 4812; x_wconf 85' lang='lat' dir='ltr'><strong>de</strong></span> <span class='ocrx_word' id='word_1_779' title='bbox 1208 4759 1502 4830; x_wconf 85' lang='lat' dir='ltr'><strong>Stephano,</strong></span> <span class='ocrx_word' id='word_1_780' title='bbox 1542 4758 1664 4830; x_wconf 89' lang='lat' dir='ltr'><strong>post</strong></span> <span class='ocrx_word' id='word_1_781' title='bbox 1690 4776 1901 4830; x_wconf 84' lang='lat' dir='ltr'><strong>pauca:</strong></span> 
     </span>
    </p>
   </div>
   <div class='ocr_carea' id='block_1_107' title="bbox 332 4827 1910 4899">
    <p class='ocr_par' dir='ltr' id='par_1_107' title="bbox 332 4827 1910 4899">
     <span class='ocr_line' id='line_1_108' title="bbox 332 4827 1910 4899; baseline 0.004 -21"><span class='ocrx_word' id='word_1_782' title='bbox 332 4827 483 4899; x_wconf 83' lang='lat' dir='ltr'><strong>Idem</strong></span> <span class='ocrx_word' id='word_1_783' title='bbox 513 4844 632 4881; x_wconf 89' lang='lat' dir='ltr'><strong>cum</strong></span> <span class='ocrx_word' id='word_1_784' title='bbox 671 4827 970 4895; x_wconf 82' lang='lat' dir='ltr'><strong>Stephanus</strong></span> <span class='ocrx_word' id='word_1_785' title='bbox 1014 4843 1131 4899; x_wconf 75' lang='lat' dir='ltr'><strong>curn</strong></span> <span class='ocrx_word' id='word_1_786' title='bbox 1160 4829 1510 4897; x_wconf 87' lang='lat' dir='ltr'><strong>quibusdam,</strong></span> <span class='ocrx_word' id='word_1_787' title='bbox 1543 4827 1705 4899; x_wconf 43' lang='lat' dir='ltr'><strong>&#39;quos&#39;</strong></span> <span class='ocrx_word' id='word_1_788' title='bbox 1733 4846 1910 4884; x_wconf 90' lang='lat' dir='ltr'><strong>omnes</strong></span> 
     </span>
    </p>
   </div>
   <div class='ocr_carea' id='block_1_108' title="bbox 329 4897 1913 4967">
    <p class='ocr_par' dir='ltr' id='par_1_108' title="bbox 329 4897 1913 4967">
     <span class='ocr_line' id='line_1_109' title="bbox 329 4897 1913 4967; baseline 0.004 -20"><span class='ocrx_word' id='word_1_789' title='bbox 329 4897 422 4967; x_wconf 79' lang='lat' dir='ltr'><strong>tibi</strong></span> <span class='ocrx_word' id='word_1_790' title='bbox 447 4900 778 4964; x_wconf 82' lang='lat' dir='ltr'><strong>postmodum</strong></span> <span class='ocrx_word' id='word_1_791' title='bbox 807 4913 974 4967; x_wconf 74' lang='lat' dir='ltr'><strong>meant</strong></span> <span class='ocrx_word' id='word_1_792' title='bbox 999 4908 1052 4950; x_wconf 91' lang='lat' dir='ltr'><strong>ut</strong></span> <span class='ocrx_word' id='word_1_793' title='bbox 1079 4897 1454 4965; x_wconf 81' lang='lat' dir='ltr'><strong>fertur.pnctus</strong></span> <span class='ocrx_word' id='word_1_794' title='bbox 1477 4897 1818 4967; x_wconf 83' lang='lat' dir='ltr'><strong>dejectionem</strong></span> <span class='ocrx_word' id='word_1_795' title='bbox 1848 4916 1913 4954; x_wconf 71' lang='lat' dir='ltr'><strong>ex</strong></span> 
     </span>
    </p>
   </div>
   <div class='ocr_carea' id='block_1_109' title="bbox 328 4965 1902 5035">
    <p class='ocr_par' dir='ltr' id='par_1_109' title="bbox 328 4965 1902 5035">
     <span class='ocr_line' id='line_1_110' title="bbox 328 4965 1902 5035; baseline 0.003 -17"><span class='ocrx_word' id='word_1_796' title='bbox 328 4965 682 5033; x_wconf 81' lang='lat' dir='ltr'><strong>infestissimis</strong></span> <span class='ocrx_word' id='word_1_797' title='bbox 722 4968 916 5021; x_wconf 88' lang='lat' dir='ltr'><strong>amicos</strong></span> <span class='ocrx_word' id='word_1_798' title='bbox 948 4965 1150 5035; x_wconf 73' lang='lat' dir='ltr'><strong>fecisti,</strong></span> <span class='ocrx_word' id='word_1_799' title='bbox 1191 4969 1245 5020; x_wconf 90' lang='lat' dir='ltr'><strong>in</strong></span> <span class='ocrx_word' id='word_1_800' title='bbox 1274 4967 1439 5034; x_wconf 88' lang='lat' dir='ltr'><strong>ipsam</strong></span> <span class='ocrx_word' id='word_1_801' title='bbox 1481 4965 1591 5022; x_wconf 78' lang='lat' dir='ltr'><strong>esse</strong></span> <span class='ocrx_word' id='word_1_802' title='bbox 1629 4969 1902 5034; x_wconf 87' lang='lat' dir='ltr'><strong>clamaret,</strong></span> 
     </span>
    </p>
   </div>
   <div class='ocr_carea' id='block_1_110' title="bbox 330 5037 1913 5107">
    <p class='ocr_par' dir='ltr' id='par_1_110' title="bbox 330 5037 1913 5107">
     <span class='ocr_line' id='line_1_111' title="bbox 330 5037 1913 5107; baseline 0.003 -19"><span class='ocrx_word' id='word_1_803' title='bbox 330 5052 425 5107; x_wconf 84' lang='lat' dir='ltr'><strong>ego</strong></span> <span class='ocrx_word' id='word_1_804' title='bbox 446 5037 602 5091; x_wconf 87' lang='lat' dir='ltr'><strong>stulte</strong></span> <span class='ocrx_word' id='word_1_805' title='bbox 635 5037 845 5107; x_wconf 86' lang='lat' dir='ltr'><strong>quidem</strong></span> <span class='ocrx_word' id='word_1_806' title='bbox 872 5045 921 5090; x_wconf 88' lang='lat' dir='ltr'><strong>et</strong></span> <span class='ocrx_word' id='word_1_807' title='bbox 949 5037 1256 5107; x_wconf 84' lang='lat' dir='ltr'><strong>improvide,</strong></span> <span class='ocrx_word' id='word_1_808' title='bbox 1308 5037 1398 5090; x_wconf 89' lang='lat' dir='ltr'><strong>sed</strong></span> <span class='ocrx_word' id='word_1_809' title='bbox 1429 5038 1590 5090; x_wconf 89' lang='lat' dir='ltr'><strong>nimio</strong></span> <span class='ocrx_word' id='word_1_810' title='bbox 1617 5049 1707 5092; x_wconf 86' lang='lat' dir='ltr'><strong>tuo</strong></span> <span class='ocrx_word' id='word_1_811' title='bbox 1738 5037 1913 5106; x_wconf 80' lang='lat' dir='ltr'><strong>favore</strong></span> 
     </span>
    </p>
   </div>
   <div class='ocr_carea' id='block_1_111' title="bbox 331 5105 1910 5177">
    <p class='ocr_par' dir='ltr' id='par_1_111' title="bbox 331 5105 1910 5177">
     <span class='ocr_line' id='line_1_112' title="bbox 331 5105 1910 5177; baseline 0.001 -17"><span class='ocrx_word' id='word_1_812' title='bbox 331 5106 602 5177; x_wconf 74' lang='lat' dir='ltr'><strong>seductus,</strong></span> <span class='ocrx_word' id='word_1_813' title='bbox 631 5105 886 5177; x_wconf 82' lang='lat' dir='ltr'><strong>nteipsum</strong></span> <span class='ocrx_word' id='word_1_814' title='bbox 927 5105 1137 5174; x_wconf 81' lang='lat' dir='ltr'><strong>devovi,</strong></span> <span class='ocrx_word' id='word_1_815' title='bbox 1163 5105 1231 5160; x_wconf 79' lang='lat' dir='ltr'><strong>In</strong></span> <span class='ocrx_word' id='word_1_816' title='bbox 1260 5121 1370 5171; x_wconf 89' lang='lat' dir='ltr'><strong>me,</strong></span> <span class='ocrx_word' id='word_1_817' title='bbox 1409 5107 1678 5176; x_wconf 87' lang='lat' dir='ltr'><strong>inquiens,</strong></span> <span class='ocrx_word' id='word_1_818' title='bbox 1711 5105 1776 5164; x_wconf 78' lang='lat' dir='ltr'><strong>sit</strong></span> <span class='ocrx_word' id='word_1_819' title='bbox 1808 5108 1910 5161; x_wconf 89' lang='lat' dir='ltr'><strong>ista</strong></span> 
     </span>
    </p>
   </div>
   <div class='ocr_carea' id='block_1_112' title="bbox 330 5176 599 5231">
    <p class='ocr_par' dir='ltr' id='par_1_112' title="bbox 330 5176 599 5231">
     <span class='ocr_line' id='line_1_113' title="bbox 330 5176 599 5231; baseline 0.011 -3"><span class='ocrx_word' id='word_1_820' title='bbox 330 5176 599 5231; x_wconf 81' lang='lat' dir='ltr'><strong>iniquitas.</strong></span> 
     </span>
    </p>
   </div>
   <div class='ocr_carea' id='block_1_113' title="bbox 404 5192 1914 5318">
    <p class='ocr_par' dir='ltr' id='par_1_113' title="bbox 404 5192 1914 5318">
     <span class='ocr_line' id='line_1_114' title="bbox 404 5192 1914 5318; baseline 0.001 -20"><span class='ocrx_word' id='word_1_821' title='bbox 404 5192 902 5317; x_wconf 45' lang='lat' dir='ltr'><strong>gliggsltdebertus.</strong></span> <span class='ocrx_word' id='word_1_822' title='bbox 955 5247 1067 5303; x_wconf 88' lang='lat' dir='ltr'><strong>lloc</strong></span> <span class='ocrx_word' id='word_1_823' title='bbox 1093 5257 1335 5318; x_wconf 90' lang='lat' dir='ltr'><strong>tempore</strong></span> <span class='ocrx_word' id='word_1_824' title='bbox 1366 5246 1706 5302; x_wconf 89' lang='lat' dir='ltr'><strong>Turonorum</strong></span> <span class='ocrx_word' id='word_1_825' title='bbox 1734 5246 1914 5302; x_wconf 87' lang='lat' dir='ltr'><strong>archi-</strong></span> 
     </span>
    </p>
   </div>
   <div class='ocr_carea' id='block_1_114' title="bbox 329 5318 1914 5386">
    <p class='ocr_par' dir='ltr' id='par_1_114' title="bbox 329 5318 1914 5386">
     <span class='ocr_line' id='line_1_115' title="bbox 329 5318 1914 5386; baseline 0.001 -17"><span class='ocrx_word' id='word_1_826' title='bbox 329 5318 652 5386; x_wconf 80' lang='lat' dir='ltr'><strong>episcOpus;</strong></span> <span class='ocrx_word' id='word_1_827' title='bbox 707 5321 800 5372; x_wconf 89' lang='lat' dir='ltr'><strong>sed</strong></span> <span class='ocrx_word' id='word_1_828' title='bbox 853 5333 975 5373; x_wconf 87' lang='lat' dir='ltr'><strong>cum</strong></span> <span class='ocrx_word' id='word_1_829' title='bbox 1031 5319 1324 5374; x_wconf 75' lang='lat' dir='ltr'><strong>ltainaldus</strong></span> <span class='ocrx_word' id='word_1_830' title='bbox 1373 5318 1579 5373; x_wconf 89' lang='lat' dir='ltr'><strong>electus</strong></span> <span class='ocrx_word' id='word_1_831' title='bbox 1627 5326 1746 5380; x_wconf 88' lang='lat' dir='ltr'><strong>est,</strong></span> <span class='ocrx_word' id='word_1_832' title='bbox 1801 5325 1914 5371; x_wconf 87' lang='lat' dir='ltr'><strong>tum</strong></span> 
     </span>
    </p>
   </div>
   <div class='ocr_carea' id='block_1_115' title="bbox 332 5387 1912 5457">
    <p class='ocr_par' dir='ltr' id='par_1_115' title="bbox 332 5387 1912 5457">
     <span class='ocr_line' id='line_1_116' title="bbox 332 5387 1912 5457; baseline 0 -19"><span class='ocrx_word' id='word_1_833' title='bbox 332 5388 512 5445; x_wconf 78' lang='lat' dir='ltr'><strong>adhuc</strong></span> <span class='ocrx_word' id='word_1_834' title='bbox 539 5387 1012 5457; x_wconf 83' lang='lat' dir='ltr'><strong>Cenomaunorutu</strong></span> <span class='ocrx_word' id='word_1_835' title='bbox 1041 5387 1357 5457; x_wconf 85' lang='lat' dir='ltr'><strong>episcopus,</strong></span> <span class='ocrx_word' id='word_1_836' title='bbox 1388 5389 1454 5443; x_wconf 94' lang='lat' dir='ltr'><strong>de</strong></span> <span class='ocrx_word' id='word_1_837' title='bbox 1483 5403 1593 5456; x_wconf 94' lang='lat' dir='ltr'><strong>quo</strong></span> <span class='ocrx_word' id='word_1_838' title='bbox 1627 5388 1790 5457; x_wconf 84' lang='lat' dir='ltr'><strong>epist.</strong></span> <span class='ocrx_word' id='word_1_839' title='bbox 1824 5387 1912 5450; x_wconf 73' lang='grc'><strong>13,</strong></span> 
     </span>
    </p>
   </div>
   <div class='ocr_carea' id='block_1_116' title="bbox 328 5455 784 5522">
    <p class='ocr_par' dir='ltr' id='par_1_116' title="bbox 328 5455 784 5522">
     <span class='ocr_line' id='line_1_117' title="bbox 328 5455 784 5522; baseline -0.002 -11"><span class='ocrx_word' id='word_1_840' title='bbox 328 5465 388 5512; x_wconf 84' lang='lat' dir='ltr'><strong>et</strong></span> <span class='ocrx_word' id='word_1_841' title='bbox 414 5455 784 5522; x_wconf 82' lang='lat' dir='ltr'><strong>sequentibus.</strong></span> 
     </span>
    </p>
   </div>
   <div class='ocr_carea' id='block_1_117' title="bbox 403 5521 1916 5597">
    <p class='ocr_par' dir='ltr' id='par_1_117' title="bbox 403 5521 1916 5597">
     <span class='ocr_line' id='line_1_118' title="bbox 403 5521 1916 5597; baseline -0.002 -16"><span class='ocrx_word' id='word_1_842' title='bbox 403 5521 558 5596; x_wconf 69' lang='grc'><strong>(204)</strong></span> <span class='ocrx_word' id='word_1_843' title='bbox 605 5525 732 5580; x_wconf 82' lang='lat' dir='ltr'><strong>Post</strong></span> <span class='ocrx_word' id='word_1_844' title='bbox 779 5525 1236 5597; x_wconf 75' lang='lat' dir='ltr'><strong>metrOpolitanum</strong></span> <span class='ocrx_word' id='word_1_845' title='bbox 1286 5528 1344 5580; x_wconf 87' lang='lat' dir='ltr'><strong>in</strong></span> <span class='ocrx_word' id='word_1_846' title='bbox 1398 5526 1663 5597; x_wconf 82' lang='lat' dir='ltr'><strong>provincia</strong></span> <span class='ocrx_word' id='word_1_847' title='bbox 1718 5526 1916 5597; x_wconf 80' lang='lat' dir='ltr'><strong>primus</strong></span> 
     </span>
    </p>
   </div>
   <div class='ocr_carea' id='block_1_118' title="bbox 331 5595 1920 5665">
    <p class='ocr_par' dir='ltr' id='par_1_118' title="bbox 331 5595 1920 5665">
     <span class='ocr_line' id='line_1_119' title="bbox 331 5595 1920 5665; baseline 0.001 -17"><span class='ocrx_word' id='word_1_848' title='bbox 331 5595 446 5648; x_wconf 85' lang='lat' dir='ltr'><strong>erat</strong></span> <span class='ocrx_word' id='word_1_849' title='bbox 471 5595 766 5663; x_wconf 80' lang='lat' dir='ltr'><strong>episcopus.</strong></span> <span class='ocrx_word' id='word_1_850' title='bbox 787 5595 980 5665; x_wconf 82' lang='lat' dir='ltr'><strong>Utpote</strong></span> <span class='ocrx_word' id='word_1_851' title='bbox 1001 5595 1470 5651; x_wconf 81' lang='lat' dir='ltr'><strong>Ceuomannorum</strong></span> <span class='ocrx_word' id='word_1_852' title='bbox 1493 5596 1742 5650; x_wconf 90' lang='lat' dir='ltr'><strong>antistes.</strong></span> <span class='ocrx_word' id='word_1_853' title='bbox 1775 5595 1920 5650; x_wconf 85' lang='lat' dir='ltr'><strong>Inter</strong></span> 
     </span>
    </p>
   </div>
   <div class='ocr_carea' id='block_1_119' title="bbox 333 5666 1915 5736">
    <p class='ocr_par' dir='ltr' id='par_1_119' title="bbox 333 5666 1915 5736">
     <span class='ocr_line' id='line_1_120' title="bbox 333 5666 1915 5736; baseline 0 -18"><span class='ocrx_word' id='word_1_854' title='bbox 333 5666 624 5736; x_wconf 84' lang='lat' dir='ltr'><strong>episcopos</strong></span> <span class='ocrx_word' id='word_1_855' title='bbox 654 5666 893 5736; x_wconf 84' lang='lat' dir='ltr'><strong>ejusdem</strong></span> <span class='ocrx_word' id='word_1_856' title='bbox 923 5667 1215 5736; x_wconf 67' lang='lat' dir='ltr'><strong>provinciae</strong></span> <span class='ocrx_word' id='word_1_857' title='bbox 1249 5667 1459 5736; x_wconf 86' lang='lat' dir='ltr'><strong>primus</strong></span> <span class='ocrx_word' id='word_1_858' title='bbox 1485 5666 1757 5719; x_wconf 81' lang='lat' dir='ltr'><strong>interdum</strong></span> <span class='ocrx_word' id='word_1_859' title='bbox 1785 5681 1915 5720; x_wconf 90' lang='lat' dir='ltr'><strong>ceu-</strong></span> 
     </span>
    </p>
   </div>
   <div class='ocr_carea' id='block_1_120' title="bbox 332 5734 1914 5810">
    <p class='ocr_par' dir='ltr' id='par_1_120' title="bbox 332 5734 1914 5810">
     <span class='ocr_line' id='line_1_121' title="bbox 332 5734 1914 5810; baseline 0.001 -21"><span class='ocrx_word' id='word_1_860' title='bbox 332 5739 558 5800; x_wconf 64' lang='lat' dir='ltr'><strong>sebatur</strong></span> <span class='ocrx_word' id='word_1_861' title='bbox 583 5735 628 5789; x_wconf 90' lang='lat' dir='ltr'><strong>is</strong></span> <span class='ocrx_word' id='word_1_862' title='bbox 653 5734 809 5808; x_wconf 81' lang='lat' dir='ltr'><strong>cujus</strong></span> <span class='ocrx_word' id='word_1_863' title='bbox 835 5734 1026 5792; x_wconf 84' lang='lat' dir='ltr'><strong>civitas</strong></span> <span class='ocrx_word' id='word_1_864' title='bbox 1056 5734 1350 5792; x_wconf 83' lang='lat' dir='ltr'><strong>secundum</strong></span> <span class='ocrx_word' id='word_1_865' title='bbox 1377 5751 1404 5790; x_wconf 82' lang='lat' dir='ltr'><strong>a</strong></span> <span class='ocrx_word' id='word_1_866' title='bbox 1431 5737 1715 5810; x_wconf 86' lang='lat' dir='ltr'><strong>metropoli</strong></span> <span class='ocrx_word' id='word_1_867' title='bbox 1740 5737 1914 5793; x_wconf 89' lang='lat' dir='ltr'><strong>locum</strong></span> 
     </span>
    </p>
   </div>
   <div class='ocr_carea' id='block_1_121' title="bbox 2011 4545 3591 4618">
    <p class='ocr_par' dir='ltr' id='par_1_121' title="bbox 2011 4545 3591 4618">
     <span class='ocr_line' id='line_1_122' title="bbox 2011 4545 3591 4618; baseline -0.002 -17"><span class='ocrx_word' id='word_1_868' title='bbox 2011 4547 2080 4602; x_wconf 83' lang='lat' dir='ltr'><strong>At</strong></span> <span class='ocrx_word' id='word_1_869' title='bbox 2107 4550 2166 4603; x_wconf 80' lang='grc' dir='ltr'><strong>ί).</strong></span> <span class='ocrx_word' id='word_1_870' title='bbox 2199 4548 2494 4618; x_wconf 80' lang='lat' dir='ltr'><strong>Gregorius</strong></span> <span class='ocrx_word' id='word_1_871' title='bbox 2522 4545 2782 4616; x_wconf 80' lang='lat' dir='ltr'><strong>singulari</strong></span> <span class='ocrx_word' id='word_1_872' title='bbox 2828 4545 3114 4618; x_wconf 77' lang='lat' dir='ltr'><strong>privilegio</strong></span> <span class='ocrx_word' id='word_1_873' title='bbox 3145 4546 3196 4600; x_wconf 92' lang='lat' dir='ltr'><strong>in</strong></span> <span class='ocrx_word' id='word_1_874' title='bbox 3241 4545 3461 4618; x_wconf 74' lang='lat' dir='ltr'><strong>Syagrii</strong></span> <span class='ocrx_word' id='word_1_875' title='bbox 3477 4547 3591 4617; x_wconf 82' lang='lat' dir='ltr'><strong>epi-</strong></span> 
     </span>
    </p>
   </div>
   <div class='ocr_carea' id='block_1_122' title="bbox 2012 4615 3595 4688">
    <p class='ocr_par' dir='ltr' id='par_1_122' title="bbox 2012 4615 3595 4688">
     <span class='ocr_line' id='line_1_123' title="bbox 2012 4615 3595 4688; baseline -0.001 -14"><span class='ocrx_word' id='word_1_876' title='bbox 2012 4620 2162 4688; x_wconf 80' lang='lat' dir='ltr'><strong>scopi</strong></span> <span class='ocrx_word' id='word_1_877' title='bbox 2191 4615 2484 4673; x_wconf 58' lang='lat' dir='ltr'><strong>[Eduensis</strong></span> <span class='ocrx_word' id='word_1_878' title='bbox 2505 4615 2735 4688; x_wconf 76' lang='lat' dir='ltr'><strong>gratiam</strong></span> <span class='ocrx_word' id='word_1_879' title='bbox 2764 4615 2956 4688; x_wconf 78' lang='lat' dir='ltr'><strong>statuit</strong></span> <span class='ocrx_word' id='word_1_880' title='bbox 2980 4615 3074 4688; x_wconf 80' lang='lat' dir='ltr'><strong>lib.</strong></span> <span class='ocrx_word' id='word_1_881' title='bbox 3107 4632 3202 4681; x_wconf 85' lang='lat' dir='ltr'><strong>vn,</strong></span> <span class='ocrx_word' id='word_1_882' title='bbox 3223 4615 3365 4688; x_wconf 81' lang='lat' dir='ltr'><strong>epist</strong></span> <span class='ocrx_word' id='word_1_883' title='bbox 3386 4615 3595 4682; x_wconf 54' lang='lat'><strong>“2.1&quot;</strong></span> 
     </span>
    </p>
   </div>
   <div class='ocr_carea' id='block_1_123' title="bbox 2014 4685 3590 4758">
    <p class='ocr_par' dir='ltr' id='par_1_123' title="bbox 2014 4685 3590 4758">
     <span class='ocr_line' id='line_1_124' title="bbox 2014 4685 3590 4758; baseline -0.003 -12"><span class='ocrx_word' id='word_1_884' title='bbox 2014 4685 2298 4758; x_wconf 83' lang='lat' dir='ltr'><strong>episcopus</strong></span> <span class='ocrx_word' id='word_1_885' title='bbox 2326 4690 2442 4758; x_wconf 90' lang='lat' dir='ltr'><strong>ejus</strong></span> <span class='ocrx_word' id='word_1_886' title='bbox 2473 4685 2732 4758; x_wconf 68' lang='lat' dir='ltr'><strong>Ecclesiae</strong></span> <span class='ocrx_word' id='word_1_887' title='bbox 2760 4687 2994 4757; x_wconf 91' lang='lat' dir='ltr'><strong>primum</strong></span> <span class='ocrx_word' id='word_1_888' title='bbox 3023 4685 3198 4758; x_wconf 82' lang='lat' dir='ltr'><strong>locum</strong></span> <span class='ocrx_word' id='word_1_889' title='bbox 3227 4686 3278 4740; x_wconf 91' lang='lat' dir='ltr'><strong>in</strong></span> <span class='ocrx_word' id='word_1_890' title='bbox 3311 4689 3590 4758; x_wconf 80' lang='lat' dir='ltr'><strong>provincia</strong></span> 
     </span>
    </p>
   </div>
   <div class='ocr_carea' id='block_1_124' title="bbox 2009 4755 3610 4829">
    <p class='ocr_par' dir='ltr' id='par_1_124' title="bbox 2009 4755 3610 4829">
     <span class='ocr_line' id='line_1_125' title="bbox 2009 4755 3610 4829; baseline 0 -17"><span class='ocrx_word' id='word_1_891' title='bbox 2009 4755 2186 4825; x_wconf 71' lang='lat' dir='ltr'><strong>prima</strong></span> <span class='ocrx_word' id='word_1_892' title='bbox 2203 4755 2575 4829; x_wconf 65' lang='lat' dir='ltr'><strong>&#39;Lugduuensi</strong></span> <span class='ocrx_word' id='word_1_893' title='bbox 2619 4765 2742 4827; x_wconf 86' lang='lat' dir='ltr'><strong>post</strong></span> <span class='ocrx_word' id='word_1_894' title='bbox 2761 4755 3262 4829; x_wconf 11' lang='lat' dir='ltr'><strong>fruetropolitauum</strong></span> <span class='ocrx_word' id='word_1_895' title='bbox 3288 4756 3587 4829; x_wconf 87' lang='lat' dir='ltr'><strong>_obtincat;</strong></span> <span class='ocrx_word' id='word_1_896' title='bbox 3608 4820 3610 4822; x_wconf 18' lang='grc' dir='ltr'><strong><em>ν</em></strong></span> 
     </span>
    </p>
   </div>
   <div class='ocr_carea' id='block_1_125' title="bbox 2013 4825 3614 4899">
    <p class='ocr_par' dir='ltr' id='par_1_125' title="bbox 2013 4825 3614 4899">
     <span class='ocr_line' id='line_1_126' title="bbox 2013 4825 3614 4899; baseline 0.001 -18"><span class='ocrx_word' id='word_1_897' title='bbox 2013 4830 2192 4882; x_wconf 68' lang='lat' dir='ltr'><strong>caeteri</strong></span> <span class='ocrx_word' id='word_1_898' title='bbox 2236 4825 2536 4899; x_wconf 23' lang='lat' dir='ltr'><strong>post‘illum</strong></span> <span class='ocrx_word' id='word_1_899' title='bbox 2581 4825 2693 4881; x_wconf 71' lang='lat' dir='ltr'><strong>suae</strong></span> <span class='ocrx_word' id='word_1_900' title='bbox 2722 4826 2951 4896; x_wconf 88' lang='lat' dir='ltr'><strong>quisque</strong></span> <span class='ocrx_word' id='word_1_901' title='bbox 2976 4825 3333 4882; x_wconf 87' lang='lat' dir='ltr'><strong>ordinationis</strong></span> <span class='ocrx_word' id='word_1_902' title='bbox 3379 4837 3614 4899; x_wconf 76' lang='lat' dir='ltr'><strong>tempus.</strong></span> 
     </span>
    </p>
   </div>
   <div class='ocr_carea' id='block_1_126' title="bbox 2014 4895 2852 4967">
    <p class='ocr_par' dir='ltr' id='par_1_126' title="bbox 2014 4895 2852 4967">
     <span class='ocr_line' id='line_1_127' title="bbox 2014 4895 2852 4967; baseline -0.002 -17"><span class='ocrx_word' id='word_1_903' title='bbox 2014 4905 2068 4950; x_wconf 87' lang='lat' dir='ltr'><strong>et</strong></span> <span class='ocrx_word' id='word_1_904' title='bbox 2088 4895 2500 4967; x_wconf 74' lang='lat' dir='ltr'><strong>przet&#39;ogativam</strong></span> <span class='ocrx_word' id='word_1_905' title='bbox 2531 4906 2852 4967; x_wconf 72' lang='lat' dir='ltr'><strong>sequantur.</strong></span> 
     </span>
    </p>
   </div>
   <div class='ocr_carea' id='block_1_127' title="bbox 2111 4965 3614 5037">
    <p class='ocr_par' dir='ltr' id='par_1_127' title="bbox 2111 4965 3614 5037">
     <span class='ocr_line' id='line_1_128' title="bbox 2111 4965 3614 5037; baseline 0.003 -19"><span class='ocrx_word' id='word_1_906' title='bbox 2111 4966 2240 5035; x_wconf 73' lang='lat'><strong>205)</strong></span> <span class='ocrx_word' id='word_1_907' title='bbox 2273 4965 2318 5018; x_wconf 75' lang='grc' dir='ltr'><strong><em>Ἀ</em></strong></span> <span class='ocrx_word' id='word_1_908' title='bbox 2344 4965 2900 5037; x_wconf 77' lang='lat' dir='ltr'><strong>suo_m_eti&#39;opolit_a_no</strong></span> <span class='ocrx_word' id='word_1_909' title='bbox 2940 4974 3174 5022; x_wconf 75' lang='lat' dir='ltr'><strong>vocatus.</strong></span> <span class='ocrx_word' id='word_1_910' title='bbox 3209 4965 3258 5020; x_wconf 73' lang='grc' dir='ltr'>Α</span> <span class='ocrx_word' id='word_1_911' title='bbox 3299 4965 3614 5037; x_wconf 80' lang='lat' dir='ltr'><strong>Radulpho.</strong></span> 
     </span>
    </p>
   </div>
   <div class='ocr_carea' id='block_1_128' title="bbox 2019 5033 3612 5106">
    <p class='ocr_par' dir='ltr' id='par_1_128' title="bbox 2019 5033 3612 5106">
     <span class='ocr_line' id='line_1_129' title="bbox 2019 5033 3612 5106; baseline 0.001 -18"><span class='ocrx_word' id='word_1_912' title='bbox 2019 5033 2297 5090; x_wconf 87' lang='lat' dir='ltr'><strong>Turonum</strong></span> <span class='ocrx_word' id='word_1_913' title='bbox 2327 5033 2756 5106; x_wconf 80' lang='lat' dir='ltr'><strong>archiepiscopo.</strong></span> <span class='ocrx_word' id='word_1_914' title='bbox 2785 5033 2938 5106; x_wconf 83' lang='lat' dir='ltr'><strong>Unde</strong></span> <span class='ocrx_word' id='word_1_915' title='bbox 2961 5046 3221 5106; x_wconf 69' lang='lat' dir='ltr'><strong>apparet,</strong></span> <span class='ocrx_word' id='word_1_916' title='bbox 3251 5038 3395 5106; x_wconf 90' lang='lat' dir='ltr'><strong>quod</strong></span> <span class='ocrx_word' id='word_1_917' title='bbox 3428 5033 3612 5106; x_wconf 79' lang='lat' dir='ltr'><strong>paulo.</strong></span> 
     </span>
    </p>
   </div>
   <div class='ocr_carea' id='block_1_129' title="bbox 2017 5103 3610 5176">
    <p class='ocr_par' dir='ltr' id='par_1_129' title="bbox 2017 5103 3610 5176">
     <span class='ocr_line' id='line_1_130' title="bbox 2017 5103 3610 5176; baseline -0.003 -17"><span class='ocrx_word' id='word_1_918' title='bbox 2017 5117 2144 5160; x_wconf 88' lang='lat' dir='ltr'><strong>ante</strong></span> <span class='ocrx_word' id='word_1_919' title='bbox 2185 5103 2533 5176; x_wconf 57' lang='lat' dir='ltr'><strong>monuimus,j_</strong></span> <span class='ocrx_word' id='word_1_920' title='bbox 2555 5105 2838 5176; x_wconf 82' lang='lat' dir='ltr'><strong>epistolam</strong></span> <span class='ocrx_word' id='word_1_921' title='bbox 2884 5105 2917 5160; x_wconf 88' lang='lat'><strong>9</strong></span> <span class='ocrx_word' id='word_1_922' title='bbox 2959 5103 3234 5176; x_wconf 82' lang='lat' dir='ltr'><strong>lldeberti,</strong></span> <span class='ocrx_word' id='word_1_923' title='bbox 3268 5103 3395 5176; x_wconf 60' lang='lat' dir='ltr'><strong>&#39;qute</strong></span> <span class='ocrx_word' id='word_1_924' title='bbox 3430 5103 3610 5160; x_wconf 71' lang='grc' dir='ltr'><strong>ἰὶιυ1α..</strong></span> 
     </span>
    </p>
   </div>
   <div class='ocr_carea' id='block_1_130' title="bbox 2017 5173 3607 5244">
    <p class='ocr_par' dir='ltr' id='par_1_130' title="bbox 2017 5173 3607 5244">
     <span class='ocr_line' id='line_1_131' title="bbox 2017 5173 3607 5244; baseline -0.003 -13"><span class='ocrx_word' id='word_1_925' title='bbox 2017 5183 2191 5240; x_wconf 85' lang='lat' dir='ltr'><strong>caret,</strong></span> <span class='ocrx_word' id='word_1_926' title='bbox 2214 5177 2281 5230; x_wconf 90' lang='lat' dir='ltr'><strong>ad</strong></span> <span class='ocrx_word' id='word_1_927' title='bbox 2310 5173 2648 5244; x_wconf 71' lang='lat' dir='ltr'><strong>Radulphtuu</strong></span> <span class='ocrx_word' id='word_1_928' title='bbox 2678 5174 2820 5231; x_wconf 89' lang='lat' dir='ltr'><strong>hunc</strong></span> <span class='ocrx_word' id='word_1_929' title='bbox 2853 5175 3169 5244; x_wconf 87' lang='lat' dir='ltr'><strong>rescriptam</strong></span> <span class='ocrx_word' id='word_1_930' title='bbox 3193 5173 3334 5239; x_wconf 80' lang='lat' dir='ltr'><strong>esse,</strong></span> <span class='ocrx_word' id='word_1_931' title='bbox 3372 5189 3495 5229; x_wconf 84' lang='lat' dir='ltr'><strong>cum</strong></span> <span class='ocrx_word' id='word_1_932' title='bbox 3523 5177 3607 5227; x_wconf 79' lang='lat' dir='ltr'><strong>ab.</strong></span> 
     </span>
    </p>
   </div>
   <div class='ocr_carea' id='block_1_131' title="bbox 2018 5243 3594 5310">
    <p class='ocr_par' dir='ltr' id='par_1_131' title="bbox 2018 5243 3594 5310">
     <span class='ocr_line' id='line_1_132' title="bbox 2018 5243 3594 5310; baseline -0.004 -8"><span class='ocrx_word' id='word_1_933' title='bbox 2018 5260 2084 5302; x_wconf 87' lang='lat' dir='ltr'><strong>eo</strong></span> <span class='ocrx_word' id='word_1_934' title='bbox 2103 5254 2388 5300; x_wconf 85' lang='lat' dir='ltr'><strong>vocaretur</strong></span> <span class='ocrx_word' id='word_1_935' title='bbox 2411 5245 2479 5297; x_wconf 89' lang='lat' dir='ltr'><strong>ad</strong></span> <span class='ocrx_word' id='word_1_936' title='bbox 2508 5243 2750 5301; x_wconf 79' lang='lat' dir='ltr'><strong>Rainaldi</strong></span> <span class='ocrx_word' id='word_1_937' title='bbox 2773 5243 3258 5300; x_wconf 84' lang='lat' dir='ltr'><strong>consecrationem.</strong></span> <span class='ocrx_word' id='word_1_938' title='bbox 3283 5246 3455 5310; x_wconf 85' lang='lat' dir='ltr'><strong>Quam</strong></span> <span class='ocrx_word' id='word_1_939' title='bbox 3472 5245 3594 5310; x_wconf 90' lang='lat' dir='ltr'><strong>qui-</strong></span> 
     </span>
    </p>
   </div>
   <div class='ocr_carea' id='block_1_132' title="bbox 2019 5311 3608 5384">
    <p class='ocr_par' dir='ltr' id='par_1_132' title="bbox 2019 5311 3608 5384">
     <span class='ocr_line' id='line_1_133' title="bbox 2019 5311 3608 5384; baseline -0.003 -15"><span class='ocrx_word' id='word_1_940' title='bbox 2019 5317 2142 5384; x_wconf 79' lang='lat' dir='ltr'><strong>dem</strong></span> <span class='ocrx_word' id='word_1_941' title='bbox 2188 5315 2527 5384; x_wconf 80' lang='lat' dir='ltr'><strong>deprecatur,</strong></span> <span class='ocrx_word' id='word_1_942' title='bbox 2575 5322 2631 5366; x_wconf 89' lang='lat' dir='ltr'><strong>et</strong></span> <span class='ocrx_word' id='word_1_943' title='bbox 2674 5315 2954 5384; x_wconf 84' lang='lat' dir='ltr'><strong>epistolam</strong></span> <span class='ocrx_word' id='word_1_944' title='bbox 2993 5315 3197 5370; x_wconf 88' lang='lat' dir='ltr'><strong>claudit</strong></span> <span class='ocrx_word' id='word_1_945' title='bbox 3245 5315 3332 5368; x_wconf 85' lang='lat' dir='ltr'><strong>bis</strong></span> <span class='ocrx_word' id='word_1_946' title='bbox 3371 5311 3608 5372; x_wconf 48' lang='lat' dir='ltr'><strong>verbis;</strong></span> 
     </span>
    </p>
   </div>
   <div class='ocr_carea' id='block_1_133' title="bbox 2021 5381 3602 5454">
    <p class='ocr_par' dir='ltr' id='par_1_133' title="bbox 2021 5381 3602 5454">
     <span class='ocr_line' id='line_1_134' title="bbox 2021 5381 3602 5454; baseline -0.001 -18"><span class='ocrx_word' id='word_1_947' title='bbox 2021 5382 2221 5436; x_wconf 79' lang='lat' dir='ltr'><strong>Pareat</strong></span> <span class='ocrx_word' id='word_1_948' title='bbox 2257 5381 2393 5454; x_wconf 51' lang='lat' dir='ltr'><strong>&#39;mihi</strong></span> <span class='ocrx_word' id='word_1_949' title='bbox 2441 5381 2624 5448; x_wconf 77' lang='lat' dir='ltr'><strong>Pater,</strong></span> <span class='ocrx_word' id='word_1_950' title='bbox 2662 5381 2786 5452; x_wconf 80' lang='lat' dir='ltr'><strong>quia</strong></span> <span class='ocrx_word' id='word_1_951' title='bbox 2824 5401 2916 5454; x_wconf 92' lang='lat' dir='ltr'><strong>ego</strong></span> <span class='ocrx_word' id='word_1_952' title='bbox 2949 5401 3163 5453; x_wconf 79' lang='lat' dir='ltr'><strong>parcam</strong></span> <span class='ocrx_word' id='word_1_953' title='bbox 3203 5385 3393 5437; x_wconf 65' lang='lat' dir='ltr'><strong>animae</strong></span> <span class='ocrx_word' id='word_1_954' title='bbox 3429 5397 3602 5454; x_wconf 55' lang='lat' dir='ltr'><strong>metu;</strong></span> 
     </span>
    </p>
   </div>
   <div class='ocr_carea' id='block_1_134' title="bbox 2021 5452 3592 5523">
    <p class='ocr_par' dir='ltr' id='par_1_134' title="bbox 2021 5452 3592 5523">
     <span class='ocr_line' id='line_1_135' title="bbox 2021 5452 3592 5523; baseline -0.001 -16"><span class='ocrx_word' id='word_1_955' title='bbox 2021 5454 2238 5523; x_wconf 78' lang='lat' dir='ltr'><strong>frustra,</strong></span> <span class='ocrx_word' id='word_1_956' title='bbox 2266 5453 2498 5522; x_wconf 89' lang='lat' dir='ltr'><strong>inquam,</strong></span> <span class='ocrx_word' id='word_1_957' title='bbox 2525 5452 2884 5522; x_wconf 79' lang='lat' dir='ltr'><strong>exspectabitis</strong></span> <span class='ocrx_word' id='word_1_958' title='bbox 2913 5452 3020 5519; x_wconf 87' lang='lat' dir='ltr'><strong>me,</strong></span> <span class='ocrx_word' id='word_1_959' title='bbox 3041 5457 3165 5523; x_wconf 87' lang='lat' dir='ltr'><strong>quia</strong></span> <span class='ocrx_word' id='word_1_960' title='bbox 3209 5468 3397 5510; x_wconf 83' lang='lat' dir='ltr'><strong>manus</strong></span> <span class='ocrx_word' id='word_1_961' title='bbox 3420 5452 3592 5521; x_wconf 79' lang='lat' dir='ltr'><strong>impo-</strong></span> 
     </span>
    </p>
   </div>
   <div class='ocr_carea' id='block_1_135' title="bbox 2020 5524 2426 5578">
    <p class='ocr_par' dir='ltr' id='par_1_135' title="bbox 2020 5524 2426 5578">
     <span class='ocr_line' id='line_1_136' title="bbox 2020 5524 2426 5578; baseline -0.005 -1"><span class='ocrx_word' id='word_1_962' title='bbox 2020 5524 2152 5578; x_wconf 87' lang='lat' dir='ltr'><strong>netis</strong></span> <span class='ocrx_word' id='word_1_963' title='bbox 2185 5524 2300 5576; x_wconf 86' lang='lat' dir='ltr'><strong>sine</strong></span> <span class='ocrx_word' id='word_1_964' title='bbox 2324 5538 2426 5576; x_wconf 88' lang='lat' dir='ltr'><strong>me.</strong></span> 
     </span>
    </p>
   </div>
   <div class='ocr_carea' id='block_1_136' title="bbox 2091 5591 3604 5666">
    <p class='ocr_par' dir='ltr' id='par_1_136' title="bbox 2091 5591 3604 5666">
     <span class='ocr_line' id='line_1_137' title="bbox 2091 5591 3604 5666; baseline 0.003 -20"><span class='ocrx_word' id='word_1_965' title='bbox 2091 5593 2242 5666; x_wconf 59' lang='lat' dir='ltr'><strong>(suo)</strong></span> <span class='ocrx_word' id='word_1_966' title='bbox 2279 5591 2459 5666; x_wconf 53' lang='lat' dir='ltr'><strong>ﬂantis</strong></span> <span class='ocrx_word' id='word_1_967' title='bbox 2493 5593 2796 5666; x_wconf 79' lang='lat' dir='ltr'><strong>Maurilius.</strong></span> <span class='ocrx_word' id='word_1_968' title='bbox 2833 5592 2967 5666; x_wconf 68' lang='lat' dir='ltr'><strong>Vita:</strong></span> <span class='ocrx_word' id='word_1_969' title='bbox 3001 5591 3063 5666; x_wconf 63' lang='lat' dir='ltr'><strong>B.</strong></span> <span class='ocrx_word' id='word_1_970' title='bbox 3092 5591 3474 5666; x_wconf 75' lang='lat' dir='ltr'><strong>Maurilii-_cap.</strong></span> <span class='ocrx_word' id='word_1_971' title='bbox 3500 5593 3604 5666; x_wconf 63' lang='grc'><strong>15..</strong></span> 
     </span>
    </p>
   </div>
   <div class='ocr_carea' id='block_1_137' title="bbox 2092 5652 3614 5732">
    <p class='ocr_par' dir='ltr' id='par_1_137' title="bbox 2092 5652 3614 5732">
     <span class='ocr_line' id='line_1_138' title="bbox 2092 5652 3614 5732; baseline 0 -17"><span class='ocrx_word' id='word_1_972' title='bbox 2092 5652 2240 5731; x_wconf 67' lang='grc'>(207)</span> <span class='ocrx_word' id='word_1_973' title='bbox 2280 5652 2568 5732; x_wconf 80' lang='lat' dir='ltr'><strong>Episcopus</strong></span> <span class='ocrx_word' id='word_1_974' title='bbox 2600 5664 2710 5732; x_wconf 87' lang='lat' dir='ltr'><strong>sine</strong></span> <span class='ocrx_word' id='word_1_975' title='bbox 2732 5662 2984 5732; x_wconf 80' lang='lat' dir='ltr'><strong>canonica</strong></span> <span class='ocrx_word' id='word_1_976' title='bbox 3013 5659 3276 5715; x_wconf 86' lang='lat' dir='ltr'><strong>electione.</strong></span> <span class='ocrx_word' id='word_1_977' title='bbox 3309 5652 3479 5718; x_wconf 77' lang='lat' dir='ltr'><strong>Totus</strong></span> <span class='ocrx_word' id='word_1_978' title='bbox 3505 5665 3614 5726; x_wconf 64' lang='lat' dir='ltr'><strong>hic;</strong></span> 
     </span>
    </p>
   </div>
   <div class='ocr_carea' id='block_1_138' title="bbox 2022 5731 3600 5805">
    <p class='ocr_par' dir='ltr' id='par_1_138' title="bbox 2022 5731 3600 5805">
     <span class='ocr_line' id='line_1_139' title="bbox 2022 5731 3600 5805; baseline 0.005 -16"><span class='ocrx_word' id='word_1_979' title='bbox 2022 5733 2170 5793; x_wconf 83' lang='lat' dir='ltr'><strong>locus</strong></span> <span class='ocrx_word' id='word_1_980' title='bbox 2197 5734 2263 5788; x_wconf 86' lang='lat' dir='ltr'><strong>de</strong></span> <span class='ocrx_word' id='word_1_981' title='bbox 2291 5731 2554 5791; x_wconf 81' lang='lat' dir='ltr'><strong>canonica</strong></span> <span class='ocrx_word' id='word_1_982' title='bbox 2600 5731 2862 5786; x_wconf 81' lang='lat' dir='ltr'><strong>electione</strong></span> <span class='ocrx_word' id='word_1_983' title='bbox 2905 5739 2961 5786; x_wconf 89' lang='lat' dir='ltr'><strong>et</strong></span> <span class='ocrx_word' id='word_1_984' title='bbox 2994 5743 3225 5805; x_wconf 84' lang='lat' dir='ltr'><strong>sequens</strong></span> <span class='ocrx_word' id='word_1_985' title='bbox 3254 5732 3322 5789; x_wconf 89' lang='lat' dir='ltr'><strong>de</strong></span> <span class='ocrx_word' id='word_1_986' title='bbox 3363 5734 3600 5796; x_wconf 44' lang='lat' dir='ltr'><strong>iuves“?</strong></span> 
     </span>
    </p>
   </div>
  </div>
