3990 6472
1435 417 1571 476 COF
1576 418 1613 473 Γ
1620 416 1753 474 111111
1790 406 2075 474 ABBATIS
2120 418 2643 479 VINDOCINENSIS

3573 425 3679 481 116

406 544 484 590 est
517 535 676 604 quasi
709 534 871 593 arbor
900 534 1017 591 sine
1046 533 1247 590 radice.
1289 529 1465 586 Arbor
1483 541 1663 587 autem
1696 549 1816 603 qum
1846 532 1980 587 radi-
2016 536 2062 591 Α
2090 549 2119 588 a
2148 550 2253 605 quo
2276 544 2330 591 et
2356 536 2820 591 consecrationem
2839 536 3020 592 habet.
3051 535 3200 591 illum
3233 537 3499 608 siquidem
3524 541 3678 609 prius

399 643 520 682 cent
555 642 664 683 non
696 628 879 692 habet,
913 625 1126 684 etiamsi
1173 621 1298 679 folia
1335 622 1553 692 habeat,
1589 623 1819 679 fructum
1844 625 1985 681 ferre

400 717 717 776 nullatenus
759 718 920 773 valet.
951 716 1034 772 Ad
1080 713 1389 785 huiusmodi
1440 715 1691 771 arborem
1732 716 1985 774 Christus

398 808 619 879 qnilern
651 809 902 875 accessit,
927 814 983 863 et
1011 822 1134 863 cum
1166 806 1240 863 ibi
1268 807 1500 861 fructum
1529 824 1635 864 non
1666 809 1982 875 invenisset,

400 914 522 954 eam
557 898 832 953 maledixit
859 896 1056 968 (Marc.
1089 897 1284 963 111,15,
1310 897 1421 967 14).
1456 895 1593 954 Tota
1617 901 1804 971 utique
1837 903 1983 961 ordie

396 988 549 1044 natio
586 989 825 1060 episcopi
856 989 912 1043 in
944 987 1059 1043 sola
1094 988 1359 1046 electione
1387 990 1665 1061 consistit,
1690 1005 1747 1050 ct
1785 1011 1982 1051 conse-

398 1082 666 1146 crat'one,
711 1081 756 1135 si
795 1090 979 1135 tamen
1007 1079 1154 1137 illam
1185 1081 1380 1139 electio
1432 1092 1582 1139 recta
1613 1088 1981 1156 praecesserit.

397 1167 522 1224 llaec
572 1176 751 1224 autem
792 1168 944 1238 prius
991 1184 1093 1241 per
1135 1177 1486 1248 semetipsum
1537 1175 1667 1232 fecit.
1712 1176 1981 1245 Christus,

395 1259 590 1315 deinde
631 1274 762 1316 vero
795 1260 984 1316 vicarii
1021 1261 1158 1331 ejus.
1191 1265 1259 1321 Et
1298 1271 1353 1324 in
1381 1272 1646 1342 apostolis
1686 1270 1904 1340 Quidcm
1951 1286 1983 1326 a

395 1349 613 1404 Christo
638 1348 780 1405 facta
812 1357 958 1415 sunt,
983 1353 1239 1421 quoniam
1263 1357 1333 1413 ab
1364 1359 1480 1429 ipso
1502 1361 1671 1418 electi
1702 1370 1758 1418 et
1786 1374 1981 1417 conse-

395 1437 533 1491 crati
568 1436 821 1504 fuerunt;
866 1437 919 1492 in
963 1437 1084 1495 aliis
1124 1456 1256 1499 vero
1286 1449 1569 1516 omnibus,
1600 1465 1630 1504 a
1665 1450 1827 1506 nullis
1861 1449 1984 1507 aliis

395 1526 514 1581 ﬁeri
546 1527 696 1592 licet,
728 1526 832 1581 nisi
857 1540 887 1581 a
925 1526 1148 1585 vicariis
1168 1529 1392 1591 Christi.
1421 1538 1560 1594 Sunt
1582 1548 1762 1595 autem
1790 1538 1982 1594 vicarii

394 1621 599 1675 Christi
647 1620 832 1676 clerici
868 1621 922 1677 in
970 1620 1274 1694 electione,
1325 1630 1563 1701 episcopi
1606 1631 1659 1686 in
1690 1646 1982 1687 consecra-

397 1713 566 1768 tione.
594 1712 788 1771 Caatcri
823 1730 1015 1775 omnes
1042 1730 1227 1792 petere
1255 1719 1471 1792 quidem
1500 1723 1813 1795 episcopum
1856 1737 1984 1794 pos-

395 1814 552 1872 sunt;
578 1806 778 1878 eligere
807 1824 938 1867 vero
969 1810 1052 1866 vel
1078 1827 1403 1871 consecrare
1425 1830 1530 1869 non
1561 1825 1806 1884 possunt.
1850 1813 1980 1881 Qni-

395 1913 607 1966 cunque
661 1899 827 1970 igitur
871 1902 978 1958 alio
1007 1903 1187 1971 modo,
1218 1906 1375 1976 quasi
1416 1906 1517 1965 sub
1547 1906 1764 1962 nomine
1802 1905 1978 1976 ponti—

395 1988 549 2056 ﬁcis,
581 1988 879 2047 Ecclesiam
922 1993 1007 2049 vel
1036 2004 1360 2065 potestatem
1403 1996 1833 2053 ecclesiasticam
1874 1998 1978 2054 sibi

394 2080 676 2136 vindicare
699 2084 999 2152 praesumit,
1029 2085 1120 2141 hic
1139 2086 1255 2156 jam,
1279 2102 1386 2141 non
1424 2102 1523 2157 per
1546 2088 1745 2143 ostium
1789 2088 1979 2156 intrat,

397 2170 491 2226 sed
521 2170 742 2229 aliunde
778 2175 1046 2241 ascendit,
1074 2185 1132 2231 ut
1157 2177 1353 2239 merito
1385 2192 1491 2231 non
1518 2177 1660 2233 inter
1696 2179 1983 2251 episcopos

398 2270 768 2331 computetur,
797 2264 891 2320 sed
925 2264 1069 2320 inter
1118 2266 1269 2323 fures
1297 2275 1354 2321 et
1401 2265 1644 2324 latrones
1687 2283 1984 2324 connume-

397 2360 553 2409 retur
599 2351 784 2425 (Joan.
830 2370 885 2421 χ,
933 2354 1010 2427 1).
1056 2355 1469 2420 lnvestituram,
1503 2372 1666 2428 quam
1712 2358 1779 2413 de
1821 2375 1981 2413 manu

395 2439 523 2496 laici
573 2442 861 2511 accepistis
894 2458 991 2515 per
1019 2445 1345 2515 pastoralem
1400 2446 1638 2517 virgam,
1671 2446 1834 2504 silere
1874 2463 1980 2502 non

399 2532 602 2598 debeo,
635 2547 738 2588 nec
786 2532 933 2604 loqui
977 2533 1096 2591 sine
1141 2535 1363 2603 dolore,
1411 2539 1555 2607 quod
1605 2538 1674 2595 ad
1721 2538 1984 2609 majorem

397 2623 657 2691 injuriam
697 2634 904 2681 sancta:
953 2625 1211 2683 Ecclesia:
1260 2627 1314 2682 in
1363 2628 1576 2685 occulto
1624 2629 1829 2686 factum
1875 2644 1984 2684 non

396 2716 537 2780 fuit,
588 2715 684 2772 sed
729 2715 966 2788 publice.
1013 2716 1117 2786 Qui
1165 2727 1347 2775 autem
1385 2735 1714 2792 cognoscere
1757 2720 1983 2777 voluerit

399 2807 531 2876 quid
578 2807 849 2865 catholica
869 2817 923 2864 et
946 2808 1244 2880 apostolica
1270 2810 1515 2866 Ecclesia
1555 2812 1622 2866 de
1661 2811 1984 2867 investitura

397 2898 661 2964 senserit;
707 2899 838 2968 quid
882 2901 1150 2969 docuerit,
1192 2901 1327 2973 quid
1362 2902 1693 2974 judicaverit
1737 2903 1904 2974 118
1930 2913 1989 2960 et

397 2990 767 3059 constituerit,
803 2991 946 3062 legat
990 2993 1045 3048 in
1086 2994 1267 3064 primo
1294 2995 1533 3067 capitulo
1568 2995 1716 3051 illius
1743 2996 1983 3058 concilii,

397 3079 543 3148 quod
565 3090 807 3152 tempore
837 3082 1083 3154 Gregorii
1127 3085 1345 3156 septimi
1367 3102 1519 3157 papae
1545 3085 1749 3140 factum
1778 3094 1883 3141 est.
1914 3085 1984 3141 Et

2091 636 2306 696 oportet
2333 629 2666 693 consecrari,
2699 628 2890 685 deinde
2911 643 3042 685 vero
3071 638 3324 700 tanquam
3352 631 3544 687 ducem
3574 633 3677 687 Ec-

2086 717 2262 774 clesiae
2281 720 2459 779 sacris
2488 719 2788 791 insignibus
2814 720 3080 775 decorari.
3110 718 3167 774 Si
3199 721 3326 790 quis
3346 732 3529 776 autem
3559 723 3679 777 cni-

2086 807 2219 864 libet
2246 808 2491 864 saeculari
2521 810 2777 879 potestati
2804 809 2904 865 ista
2932 809 3096 865 licere
3126 820 3301 880 putat,
3324 820 3493 868 errat.
3519 811 3676 880 Quod

2085 900 2131 957 si
2163 900 2452 958 defendere
2476 902 2686 968 nititur,
2720 900 3092 971 apostolorum
3114 902 3443 969 doctrinam,
3469 912 3525 957 et
3547 918 3676 958 san-

2086 995 2156 1051 cti
2190 994 2425 1064 Spiritus
2451 1011 2669 1051 sensum
2716 994 2996 1049 annullarc
3028 994 3304 1050 desiderat
3330 1010 3347 1049 :
3379 996 3520 1051 unde
3553 996 3664 1051 lia:-

2085 1086 2293 1142 retieus
2343 1101 2465 1142 esse
2527 1087 2837 1143 nullatenus
2889 1086 3186 1141 dubitatur.
3242 1086 3368 1142 llaec
3411 1096 3671 1157 praeterea

2085 1176 2312 1232 haeresis
2335 1175 2400 1231 de
2428 1176 2773 1243 investitura,
2816 1174 2861 1230 si
2893 1184 3041 1230 recte
3089 1175 3472 1245 perspiciatur,
3503 1176 3672 1230 etiam

2084 1266 2309 1321 harresis
2340 1263 2648 1321 Simoniaca
2672 1281 2818 1330 esse,
2849 1266 2968 1320 viva
2992 1274 3048 1321 et
3075 1280 3199 1321 vera
3236 1266 3449 1321 ratione
3469 1265 3670 1337 proba-

2087 1366 2194 1412 tur.
2227 1356 2521 1426 Nam.qnae
2548 1356 2826 1414 saecularis
2860 1365 3105 1428 potestas
3139 1356 3241 1412 sibi
3278 1358 3557 1413 vindicare
3591 1359 3672 1412 ni-

2085 1450 2220 1505 titur
2247 1450 2643 1514 invcstituratn,
2704 1448 2808 1505 nisi
2855 1459 2914 1504 ut
2959 1464 3059 1520 per
3087 1449 3214 1516 hoc,
3242 1457 3337 1503 aut
3380 1449 3673 1520 pecuniam

2084 1547 2431 1609 extorqueat,
2473 1548 2588 1606 aut,
2635 1539 2780 1609 quod
2821 1548 2905 1595 est
2942 1539 3183 1610 gravius,
3211 1540 3314 1595 sibi
3367 1539 3675 1596 inordinate

2086 1632 2384 1703 subiectam
2413 1631 2614 1687 cﬂiciat
2654 1631 2931 1701 pontiﬁcis
2983 1632 3311 1703 personam?
3354 1630 3545 1687 Nullus
3587 1640 3675 1687 est

2085 1723 2274 1792 utique
2297 1722 2586 1789 laicorum,
2613 1723 2828 1778 etiamsi
2875 1724 2923 1778 ei
2961 1723 3168 1783 liceret.
3195 1723 3285 1794 qui
3317 1732 3466 1778 tanta
3495 1723 3672 1778 inicu-

2086 1811 2232 1867 tione
2259 1810 2543 1877 annulum,
2569 1811 2657 1866 vel
2685 1812 2894 1882 virgam
2938 1811 3069 1867 dare
3096 1811 3393 1880 desideret,
3432 1812 3538 1868 nisi
3576 1828 3677 1883 per

2087 1905 2222 1970 haec,
2249 1920 2371 1975 qua:
2418 1912 2547 1960 sunt
2590 1912 2932 1959 sacramenta
2978 1904 3250 1971 Ecclesiae,
3282 1905 3675 1976 temporalibus

2081 1994 2248 2051 lucris
2276 1994 2532 2050 inhiat-et.
2561 1993 2743 2050 Laicis
2763 1994 2980 2062 quidem
3011 2004 3357 2050 sacramenta
3385 1996 3453 2050 ab
3479 1995 3671 2052 Eccle-

2083 2088 2162 2143 sia
2183 2088 2461 2158 suscipere
2482 2087 2629 2152 licet,
2646 2102 2751 2143 non
2778 2086 3034 2142 Ecclesia:
3056 2086 3308 2156 quaelibet
3327 2096 3672 2142 sacramenta

2084 2180 2234 2248 dare,
2281 2179 2519 2235 annulus
2548 2188 2727 2233 autem
2757 2189 2813 2233 ct
2842 2178 3014 2249 virga,
3044 2178 3259 2247 quando
3288 2177 3357 2231 ab
3398 2177 3506 2231 illis
3533 2177 3671 2231 dan-

2086 2280 2195 2335 tur.
2250 2288 2279 2327 a
2325 2272 2521 2342 quibus
2551 2271 2670 2326 dari
2721 2271 2945 2335 debent,
2988 2280 3046 2325 et
3090 2270 3328 2338 quando,
3382 2278 3437 2323 et
3468 2269 3584 2333 ubi,
3618 2276 3675 2324 et

2085 2362 2355 2434 quomodo
2402 2361 2618 2427 debent,
2662 2362 3005 2417 saeramenta
3061 2359 3311 2415 Ecclesiae
3339 2367 3502 2422 sunt,
3531 2360 3675 2414 sicut

2085 2454 2187 2519 sal,
2219 2463 2275 2509 et
2305 2468 2465 2523 aqua,
2489 2463 2546 2509 et
2573 2453 2819 2523 quaedam
2846 2452 2972 2517 alia,
3005 2452 3125 2507 sine
3157 2451 3352 2521 quibus
3383 2449 3670 2506 hominum

2086 2554 2140 2599 et
2191 2543 2555 2599 Ecclesiarum
2592 2542 3032 2598 consecrationes
3078 2542 3191 2596 llcri
3263 2556 3371 2596 non
3423 2549 3671 2611 possunt.

2088 2632 2318 2704 Semper
2337 2633 2508 2689 laicus
2534 2634 2599 2689 de
2631 2632 2975 2698 investitum,
3013 2640 3071 2686 ut
3099 2632 3355 2695 diximus,
3381 2641 3476 2685 aut
3506 2647 3676 2701 pecu-

2086 2726 2233 2781 niam
2276 2725 2378 2781 sibi
2411 2725 2688 2790 vindicat;
2722 2734 2816 2778 aut
2851 2724 2996 2794 quod
3040 2733 3124 2778 est
3149 2723 3403 2794 amplius,
3430 2724 3674 2793 episcopi

2087 2817 2171 2870 vel
2200 2814 2413 2870 abbatis
2439 2829 2743 2884 personam.
2779 2812 2892 2868 Hac
2928 2814 3113 2884 utique
3158 2830 3267 2868 non
3295 2823 3402 2868 tam
3430 2815 3674 2869 humana

2086 2922 2249 2978 quam
2276 2905 2543 2961 diabolica
2587 2904 2937 2978 malignitate
2966 2905 3130 2974 120
3160 2903 3400 2959 Ecclesia
3440 2904 3677 2958 catholi-

2088 2976 2209 3054 cam
2264 2996 2448 3064 tidem,
2497 2996 2805 3051 libertatem
2851 2976 3264 3050 et'castitatem
3294 2992 3519 3054 amittit,
3552 2994 3678 3049 sine

2087 3090 2283 3161 quibus
2303 3088 2445 3143 nulla
2470 3089 2680 3144 ratione
2705 3087 2973 3143 subsistit.
3001 3085 3124 3142 llaec
3156 3085 3356 3141 ctenim
3385 3085 3487 3139 tria
3521 3099 3673 3139 sem-

397 3171 473 3226 ibi
496 3186 686 3230 omnes
711 3173 962 3242 clericos,
998 3177 1097 3247 qui,
1139 3177 1206 3234 de
1246 3192 1413 3235 manu
1438 3178 1565 3234 laici
1606 3177 1984 3234 investituram
2011 3212 2057 3272 ρ
2088 3169 2184 3252 per
2211 3181 2449 3237 Ecclesia
2481 3182 2682 3236 habere
2712 3181 2892 3246 debet,
2922 3195 3154 3251 quorum
3180 3178 3263 3233 vel
3296 3179 3343 3233 si
3372 3193 3540 3233 unum
3571 3179 3672 3231 dc-

397 3262 725 3332 suscipiunt,
753 3264 1042 3322 haereticos
1063 3276 1304 3335 vocatos,
1327 3279 1384 3324 et
1407 3270 1528 3327 ideo
1557 3268 1844 3324 damnatos
1862 3283 1986 3326 esse

397 3368 454 3412 et
482 3359 982 3417 excommunicatos
1002 3360 1261 3418 inveniet.
1288 3361 1439 3418 Licet
1469 3361 1614 3417 enim
1636 3361 1739 3416 alia
1763 3362 1987 3419 haeresis

397 3448 466 3504 de
496 3447 821 3505 investltura
861 3448 1100 3516 dicatur,
1141 3451 1253 3507 alia
1273 3451 1616 3518 Simoniaca;
1657 3453 1764 3508 ista
1804 3462 1985 3511 tamen

397 3553 519 3609 quae
545 3538 619 3595 de
640 3539 963 3596 investitura
1008 3541 1228 3608 dicitur,
1270 3552 1463 3599 contra
1510 3551 1754 3600 sanctam
1799 3544 1987 3602 Eccle-

397 3631 546 3684 siam
594 3629 797 3691 fortius
829 3630 1124 3700 iaculatur.
1177 3631 1257 3693 lbi
1292 3632 1436 3688 enim
1480 3634 1534 3689 in
1581 3634 1773 3705 primis
1808 3635 1988 3691 omnis

398 3712 805 3782 ecclesiasticus
845 3721 982 3777 ordo
1033 3722 1403 3790 confunditur,
1445 3725 1663 3794 quando
1698 3725 1801 3780 hoc
1841 3725 1985 3796 quod

398 3812 694 3880 unicuique
722 3828 755 3868 a
784 3826 887 3868 suo
913 3823 1298 3869 consecratore
1338 3815 1391 3869 in
1419 3814 1664 3872 Ecclesia
1697 3833 1822 3872 cum
1856 3832 1985 3873 ora-

398 3904 665 3968 tionibus,
692 3919 813 3975 quae
844 3903 918 3960 ibi
946 3906 1304 3971 conveniunt,
1329 3906 1444 3962 dari
1473 3896 1653 3975 debet,
1678 3923 1710 3963 a
1735 3909 1983 3965 surculari

398 4004 669 4066 patestate
711 3996 871 4066 prius~
899 3995 1186 4067 accipitur.
1218 3996 1371 4063 Quod
1409 3998 1583 4054 sancti
1619 3999 1851 4069 apostoli
1874 4015 1983 4056 non

397 4085 581 4148 solum,
619 4084 1044 4153 interdixerunt,
1077 4101 1267 4142 verum
1300 4088 1465 4143 etiam
1489 4104 1683 4145 mnnes
1717 4089 1860 4154 illos,
1890 4091 1983 4160 qui

396 4188 499 4248 per
544 4177 860 4243 stecularem
899 4186 1224 4249 potestatem
1277 4179 1589 4236 Ecclesiam-
1629 4180 1895 4245 obtinent,
1953 4195 1985 4234 a

399 4271 741 4331 Christosibi
757 4272 952 4333 tradita
975 4280 1245 4344 potestate
1265 4272 1684 4331 damnaverunt.
1703 4273 1767 4327 Et
1790 4273 1985 4329 merito

398 4362 635 4432 apostoli
654 4362 858 4434 judicio
878 4362 1122 4433 Spiritus
1144 4364 1320 4419 sancti
1340 4364 1483 4419 hanc
1509 4363 1764 4420 haeresim
1790 4365 1843 4418 in
1868 4364 1986 4435 ipso

396 4451 659 4508 Ecclesia
714 4452 989 4524 principio
1046 4454 1310 4509 damnare
1363 4453 1755 4518 decreverunt,
1816 4469 1983 4524 quam

2091 3273 2273 3339 fuerit,
2299 3273 2447 3329 velut
2485 3272 2784 3347 paralytica
2817 3272 2984 3345 jacet,
3025 3287 3124 3328 nec
3164 3271 3388 3342 ligandi,
3416 3284 3515 3325 nec
3560 3270 3676 3324 sol-

2086 3365 2246 3421 vendi
2278 3372 2601 3435 potestatem
2634 3364 2818 3418 habet.
2860 3362 3010 3417 lianc
3035 3361 3200 3431 igitur
3233 3360 3541 3432 quicunque
3566 3360 3671 3416 sub

2088 3457 2268 3527 specie
2298 3455 2532 3526 pastoris
2558 3455 2840 3523 suscipere
2882 3452 3187 3524 praesumit,
3221 3451 3278 3504 lit
3310 3449 3666 3521 paralyticos,

2088 3556 2141 3603 et
2166 3547 2418 3602 ltmrctica
2451 3546 2597 3615 lepra
2620 3545 2870 3614 pollutus.
2907 3542 3059 3597 illum
3088 3556 3194 3595 non
3216 3551 3491 3611 pastorem
3524 3538 3664 3594 [idu-

2087 3637 2299 3693 cialiter
2322 3636 2466 3702 dico,
2498 3651 2596 3691 nec
2648 3635 2791 3691 illius
2826 3633 3070 3690 Pastoris
3106 3633 3201 3704 qui
3247 3632 3485 3687 animam
3514 3647 3668 3687 suam

2087 3727 2264 3798 posuit
2294 3742 2393 3797 pro
2411 3727 2603 3782 ovibus
2627 3727 2739 3781 suis
2767 3724 2951 3797 (Joan.
2989 3740 3043 3788 Χ,
3062 3723 3174 3793 il),
3198 3723 3478 3792 quodlibet
3500 3739 3671 3777 ment-

2085 3817 2272 3872 brum.
2298 3815 2407 3871 Sed
2459 3816 2546 3870 l'ur
2573 3825 2630 3872 et
2655 3815 2816 3878 latro,
2845 3824 2899 3869 et
2928 3814 3085 3885 lupus
3130 3823 3249 3878 est;
3278 3827 3405 3868 nam
3443 3815 3511 3867 ad
3559 3813 3664 3867 hoc
3712 3882 3716 3890 ι

2086 3924 2136 3963 vi
2155 3910 2235 3963 nit
2262 3918 2322 3963 ut
2366 3907 2597 3973 iuretur,
2644 3915 2696 3961 et
2729 3907 2927 3977 rapiat,
2974 3915 3028 3960 et
3080 3914 3280 3961 mactet
3317 3906 3492 3977 (ibid.,
3543 3905 3659 3972 ill).

2088 3997 2241 4054 lianc
2268 4005 2449 4053 autem
2479 3995 2852 4053 detestabilem
2880 3995 3212 4065 impietatem
3242 4010 3348 4049 non
3375 3995 3547 4050 solum
3573 3993 3663 4064 qui

2086 4092 2315 4159 faciunt,
2357 4090 2453 4146 sed
2490 4088 2583 4160 qui
2632 4087 2982 4143 consentiunt
3014 4087 3096 4155 ei,
3125 4086 3366 4141 damnati
3391 4092 3537 4141 sunt.
3572 4085 3665 4141 Ille

2086 4195 2216 4237 vero
2242 4179 2535 4247 consentit,
2566 4180 2660 4248 qui
2685 4192 2802 4233 eam
2826 4185 2988 4241 tacet,
3017 4176 3109 4247 qui
3135 4190 3257 4231 eam
3284 4192 3389 4231 non
3417 4175 3666 4244 corrigit,

2086 4282 2141 4329 et
2163 4273 2257 4343 qui
2286 4271 2337 4326 ei
2364 4268 2543 4340 palam
2602 4283 2710 4323 non
2752 4268 3095 4323 contradicit.
3144 4266 3212 4321 Et
3250 4282 3409 4322 nemo
3435 4280 3520 4322 csr
3571 4265 3663 4336 qui

2085 4363 2458 4421 contradicere
2482 4361 2657 4431 palam
2687 4376 2792 4416 non
2841 4359 3059 4425 debeat,
3114 4369 3171 4415 et
3202 4362 3394 4430 possit.
3437 4357 3597 4424 Nam,
3622 4350 3687 4413 si'

2085 4454 2292 4527 prtelati
2325 4467 2434 4509 non
2463 4451 2629 4508 habet
2665 4453 3071 4517 auctoritatem,
3103 4452 3270 4508 habet
3300 4461 3485 4507 tamen
3508 4452 3667 4507 Chri-

396 4545 559 4617 longo
583 4552 709 4617 post
733 4554 977 4615 tempore
997 4558 1064 4599 ex
1087 4553 1243 4613 patre
1270 4543 1487 4599 diabolo
1509 4543 1841 4600 nascituram
1865 4560 1982 4602 esse
2012 4544 2061 4605 D
2088 4542 2249 4598 stiani
2280 4556 2493 4606 vocem,
2535 4550 2591 4595 et
2621 4539 2902 4611 Scriptura
2951 4541 3102 4605 dicit,
3130 4550 3185 4595 et
3212 4539 3483 4594 neminem
3518 4542 3665 4595 exci-

396 4637 787 4708 prmviderunt.
835 4634 974 4694 Cum
1020 4635 1188 4703 igitur
1229 4633 1369 4688 laico
1409 4643 1463 4687 et
1514 4633 1864 4702 investitura,
1923 4646 1979 4691 et

397 4727 579 4781 ornnis
607 4726 772 4781 etiam
799 4723 1254 4794 disponendarum
1276 4721 1761 4784 ecclosiasticarum
1793 4741 1976 4782 rerum

394 4823 627 4879 facultas
648 4839 678 4877 a
703 4821 907 4892 Spiritu
930 4817 1254 4889 sancto,qui.
1274 4817 1327 4873 in
1351 4805 1611 4889 apostolis
1636 4818 1973 4890 loquebatur,

395 4923 592 4984 negata
625 4914 698 4967 sit
732 4911 947 4982 penitus
975 4918 1030 4965 et
1053 4909 1370 4976 interdicta,
1406 4911 1496 4980 qui
1530 4911 1907 4968 investituram
1946 4928 1978 4967 a

394 5005 544 5061 laico
562 5003 829 5072 suscepit,
849 5016 957 5058 non
981 5010 1063 5057 est
1079 4999 1195 5068 jam
1218 5009 1409 5056 contra
1434 5001 1708 5072 apostolos
1744 5012 1978 5072 tantum,

392 5096 507 5151 imo
528 5102 718 5148 contra
748 5093 1039 5148 Dominum
1054 5090 1442 5163 apostolorum;
1462 5094 1605 5163 quod
1629 5104 1876 5150 sanctum
1898 5108 1981 5152 est

392 5187 624 5243 canibus
645 5185 894 5256 exponit.
920 5183 1244 5241 lnvestitura
1264 5191 1435 5250 eulm,
1458 5185 1527 5240 de
1546 5201 1654 5255 qua
1678 5186 1980 5257 loquimur,

391 5285 799 5333 sacramentum
830 5282 936 5340 est,
970 5274 1027 5330 id
1056 5282 1141 5331 est
1165 5288 1381 5331 sacrum
1418 5275 1657 5348 signum,
1688 5292 1797 5345 quo
1829 5278 1981 5348 prin-

392 5384 521 5438 ceps
546 5366 820 5430 Ecclesiae,
845 5367 1130 5438 episcopus
1154 5367 1381 5434 scilicet,
1398 5383 1428 5422 a
1445 5369 1988 5437 czeterisltominibus.

393 5459 701 5513 secernitur
745 5460 954 5529 pariter
980 5469 1143 5530 atque
1187 5460 1523 5532 dignoscitur
1551 5478 1566 5513 :
1597 5469 1652 5516 et
1679 5476 1788 5531 quo
1815 5477 1979 5531 supra

399 5551 560 5625 119
587 5550 955 5608 Chriﬂianum
977 5568 1196 5625 gregem
1228 5569 1357 5608 cura
1391 5552 1681 5624 pastoralis
1704 5554 1753 5607 ei
1786 5554 1979 5609 tribui-

396 5651 505 5693 tur.
544 5638 695 5697 lianc
722 5641 1096 5699 investituram
1137 5643 1208 5700 ab
1239 5642 1331 5699 illo
1369 5643 1484 5699 solo
1522 5642 1796 5714 suscipere
1818 5644 1981 5701 debet

2085 4634 2166 4706 pit
2198 4653 2211 4688 :
2246 4633 2563 4688 Maledicta:
2599 4642 2698 4700 cst,
2725 4633 2814 4703 qui
2840 4632 3074 4702 prohibet
3099 4632 3334 4702 gladium
3360 4650 3390 4684 α
3415 4633 3672 4703 sanguine

2085 4723 2222 4796 (Jer.
2251 4739 2441 4790 XLVIII,
2470 4724 2578 4794 l0),
2608 4722 2660 4777 id
2681 4732 2782 4786 est,
2812 4738 3000 4778 vocem
3022 4738 3177 4777 suam
3201 4722 3271 4777 ab
3299 4721 3673 4792 increpatione

2085 4817 2317 4887 peccati.
2363 4814 2498 4869 illud
2527 4814 2695 4870 etiam
2726 4813 2929 4871 factum
2962 4813 3291 4880 meminerit,
3336 4815 3481 4883 quod
3514 4814 3671 4868 asina

2089 4906 2298 4962 fatuum
2323 4906 2641 4976 prophetam
2673 4905 2802 4961 olim
2833 4905 3137 4961 correxerit
3159 4904 3351 4977 (Nam.
3388 4921 3526 4971 χιιι,
3555 4906 3672 4975 28).

2089 4998 2245 5066 Quod
2286 4998 2331 5053 si
2374 4997 2541 5052 fuerit
2585 4997 2850 5063 vitiosus,
2900 4996 2987 5052 vel
3027 4996 3266 5067 quolibet
3292 4995 3399 5051 alio
3439 4997 3675 5052 crimine

2089 5091 2309 5149 infamis
2332 5090 2533 5157 factus,
2560 5106 2670 5147 non
2702 5090 2827 5145 ideo
2851 5090 3014 5146 silere
3042 5090 3223 5155 debet,
3250 5090 3509 5160 quoniam
3541 5089 3670 5143 uni-

2087 5185 2283 5255 cuique
2308 5185 2584 5255 peccatori
2621 5198 2967 5241 communem
2994 5182 3252 5240 Ecclesia:
3288 5182 3472 5247 iidem,
3504 5197 3673 5251 quam

2087 5292 2241 5332 suam
2266 5291 2390 5332 esse
2413 5277 2588 5332 credit
2609 5285 2666 5332 ct
2703 5277 3021 5342 confitetur,
3047 5275 3361 5340 defendere,
3390 5284 3445 5329 et
3471 5284 3669 5329 contra

2084 5366 2202 5436 cjus
2235 5366 2578 5422 adversarios
2608 5365 2777 5421 libere
2818 5380 3060 5436 pugnare
3086 5364 3232 5420 licet.
3266 5363 3402 5418 Nam
3432 5363 3506 5417 illi
3536 5365 3673 5429 duo,

2086 5461 2177 5530 qui
2205 5459 2259 5513 in
2292 5456 2540 5528 passione
2585 5456 2802 5512 Domini
2841 5455 3087 5512 crucifixi
3126 5464 3253 5510 sunt
3280 5470 3403 5510 cum
3432 5469 3523 5522 eo,
3553 5473 3673 5511 om-

2084 5553 2212 5608 nino
2241 5550 2475 5608 infames
2500 5560 2678 5617 erant,
2713 5566 2837 5605 nam
2863 5550 3063 5620 publici
3115 5550 3355 5605 latrones
3386 5564 3401 5602 :
3430 5564 3669 5619 quorum

2083 5660 2225 5699 unus
2255 5657 2359 5698 non
2388 5649 2595 5697 tantum
2626 5642 2754 5712 quia
2784 5639 3037 5706 credidit,
3075 5639 3230 5709 121
3281 5639 3374 5695 sed
3403 5638 3529 5708 quia
3558 5652 3674 5694 sua:

394 5761 514 5806 tura
548 5754 807 5810 laicnrum
836 5756 913 5831 ad
947 5755 1173 5831 verbum
1219 5756 1473 5828 leguntur
1520 5756 1782 5827 opusculo
1813 5756 1855 5831 2
1903 5761 1979 5815 ad
2009 5755 2229 5821 Petrum
2260 5753 2454 5810 Leonis
2484 5754 2836 5823 cardinalcnt,
2865 5753 2956 5815 ubi
3014 5762 3392 5826 argumentum
3451 5760 3672 5811 utruma

397 5837 500 5899 que
521 5833 715 5882 tractat
741 5841 807 5882 ex
832 5826 1099 5884 instituto.
1280 5826 1297 5828 '
1528 5860 1533 5865 η
