3990 6454
472 382 576 435 ιιι)

1499 371 1822 436 GOFH’JDI
1862 367 2154 438 ABBATIS
2199 364 2716 431 VINDOCINENSIS

3633 368 3725 425 ἕω

469 491 844 561 redemptione
888 488 1159 544 altarium.
1193 487 1334 556 Bene
1365 485 1513 540 novit
1556 485 1845 553 prudentia
1871 494 2048 537 vestra
2079 489 2126 544 Α
2157 481 2353 544 vitare,
2376 489 2430 536 et
2459 481 2748 549 episcopus
2775 479 3015 534 maxime
3061 477 3319 532 detestari
3351 476 3528 541 debet,
3560 494 3623 535 ne
3647 482 3733 536 lla:

469 599 574 638 LlOll
602 597 725 637 esse
757 582 956 636 bonum
1005 578 1148 648 quod
1179 573 1469 644 apostolica
1521 572 1834 627 sinceritate
1866 571 2052 641 dispo-

468 681 620 726 nitur
645 687 743 742 per
769 667 1101 724 contrarium
1133 663 1453 733 praedicare.
1501 661 1650 715 Bone
1680 662 1922 728 domine,
1952 677 2052 716 vos

470 764 545 817 illi
577 778 684 817 non
720 759 968 816 adfuistis
993 755 1222 812 concilio
1247 771 1263 819 ;
1285 765 1340 807 et
1371 769 1474 822 ego
1497 751 1739 815 interfui,
1769 754 1859 822 qui
1891 752 2056 821 hujus

468 852 545 906 rei
574 861 844 920 cognosco
864 847 1167 900 veritatem.
1194 843 1641 914 Redemptionem
1662 842 2053 908 Eeclesiarum,

469 955 589 1009 quae
639 936 845 1006 vulgari
898 933 1165 989 vocabulo
1201 933 1391 993 altaria
1433 942 1830 1001 nuncupantur,
1865 932 2059 988 beatus

467 1031 552 1083 vir
582 1029 668 1083 ille
711 1026 1079 1082 Simoniacatn
1127 1024 1446 1094 pravitatem
1483 1023 1714 1086 vocavit,
1749 1033 1804 1078 et
1841 1031 2059 1093 aposto-

468 1121 568 1175 lica
602 1118 924 1174 auctoritate
963 1117 1261 1170 damnavit.
1310 1115 1400 1169 llla
1432 1124 1609 1170 tamen
1645 1113 1853 1184 magica
1886 1123 1942 1167 et
1965 1111 2056 1166 Si-

467 1210 719 1271 moniaca
745 1208 998 1278 pecunia,
1046 1206 1336 1276 aliquando
1383 1206 1438 1260 in
1470 1205 1714 1278 triginta,
1766 1203 2059 1273 aliquando

467 1313 598 1353 vero
622 1299 675 1352 in
719 1295 1106 1368 quadraginta,
1152 1294 1444 1364 aliquando
1483 1295 1647 1349 etiam
1685 1294 1739 1346 in
1777 1291 2058 1363 sexaginta

470 1387 628 1444 annis
653 1385 961 1440 solvebatur
982 1382 1268 1453 episcopis.
1294 1381 1397 1448 Qui
1424 1391 1606 1438 autem
1630 1381 2056 1451 redemptionem

471 1477 745 1541 altarium,
778 1490 899 1545 quae
950 1475 1001 1528 in
1035 1473 1280 1543 pluribus
1309 1474 1466 1528 annis
1499 1488 1606 1528 non
1639 1473 1742 1528 nisi
1776 1472 1942 1527 semel
1965 1487 2060 1541 per

472 1564 707 1619 vicarios
745 1562 862 1618 ﬁeri
892 1562 1121 1628 solebat,
1170 1562 1420 1617 haeresim
1453 1563 1684 1626 vocavit,
1720 1572 1774 1618 et
1803 1563 2059 1618 condem-

474 1659 648 1722 navit,
710 1658 810 1714 sub
854 1657 1075 1712 nomine
1112 1657 1277 1712 annui
1332 1673 1528 1714 census
1559 1673 1659 1728 pro
1695 1658 2062 1728 redemptione

477 1749 832 1814 vicariorum,
863 1745 1024 1819 124
1049 1748 1163 1803 sive
1193 1747 1446 1801 altarium
1495 1762 1727 1802 annuam
1775 1745 2058 1816 pecuniam

475 1851 803 1910 extorquere
825 1840 1096 1904 dedoeuit,
1130 1855 1234 1894 non
1257 1839 1532 1909 praecepit,
1566 1839 1673 1892 imo
1704 1839 1886 1894 omnia
1911 1854 2060 1909 qua:-

477 1944 692 1999 cunque
725 1930 950 1996 abbates
977 1938 1034 1985 ct
1065 1928 1316 1982 monachi
1347 1928 1402 1982 in
1441 1927 1698 1983 Ecclesiis
1726 1929 1824 1984 sub
1855 1931 2059 1983 redem-

474 2020 659 2092 ptione
690 2018 1022 2077 vicariorum
1069 2027 1377 2085 tenuerant,
1407 2026 1468 2072 ut
1493 2019 1678 2088 quiete
1699 2019 1979 2088 deinceps,
2006 2029 2060 2074 et

476 2097 594 2166 sine
615 2111 900 2180 cujuslibet
948 2111 1234 2168 exactione
1277 2111 1520 2180 pecunia:
1548 2111 1906 2181 possiderent,
1929 2111 2060 2166 bea-

477 2218 653 2260 torum
683 2201 1047 2273 apostolorum
1075 2202 1222 2266 Petri
1249 2209 1306 2256 et
1336 2202 1487 2268 Pauli
1513 2202 1841 2256 auctoritate
1869 2202 2058 2256 ﬁrma-

474 2297 571 2352 vit.
600 2295 734 2349 Nam
760 2292 891 2360 siin
912 2293 1156 2365 pluribus
1186 2293 1343 2348 annis
1372 2309 1478 2349 non
1511 2293 1610 2348 nisi
1649 2293 1840 2359 semel,
1868 2302 1927 2347 ut
1976 2293 2062 2348 di-

478 2397 624 2443 ctum
653 2395 762 2454 est,
799 2401 898 2457 per
924 2386 1156 2442 vicarios
1173 2385 1398 2455 pecunia
1425 2399 1524 2454 pro
1545 2385 1808 2440 altaribus
1833 2385 2065 2441 dabatur

481 2479 777 2549 episcopis,
807 2489 863 2534 et
889 2478 1174 2547 pecuniam
1207 2477 1377 2548 ipsam
1405 2477 1694 2555 apostolica
1738 2478 2064 2533 auctoritate

481 2569 770 2640 probatum
812 2569 883 2624 sit
912 2569 1210 2626 Simoniain
1243 2581 1386 2632 esse,
1417 2567 1642 2638 singulis
1672 2568 1830 2624 annis
1855 2569 2065 2639 episco-

483 2663 567 2732 pis
597 2676 694 2732 pro
740 2661 959 2718 vieariis
1007 2659 1258 2716 altarium
1289 2659 1588 2738 pecuniam
1630 2659 1780 2724 dare,
1830 2659 1960 2730 quid
1983 2668 2067 2715 est

483 2739 649 2816 aliud,
676 2764 837 2820 quam
866 2763 967 2819 pro
986 2749 1342 2819 plurimorum
1381 2764 1648 2804 annorum
1681 2748 1943 2814 Siuionia,
1969 2764 2069 2820 per

487 2861 660 2900 annos
685 2842 948 2914 singulos,
983 2842 1084 2898 sub
1118 2842 1338 2898 nomine
1377 2854 1596 2908 census,
1627 2856 1862 2894 annuam
1891 2839 2069 2895 Simo-

488 2936 628 2990 niam
661 2933 957 2989 exercere?
1007 2930 1125 2986 Non
1177 2940 1264 2986 est
1311 2930 1412 2985 hoc
1457 2931 1702 2984 doctrina
1747 2929 2070 2994 Christianae

486 3026 633 3092 ﬁdei,
666 3026 760 3082 sed
789 3024 1002 3081 exactio
1030 3025 1264 3095 pessima
1308 3037 1429 3092 qua:
1469 3023 1769 3078 Simoniam
1815 3022 2068 3092 multipli-

487 3124 601 3184 cat,
648 3125 703 3171 et
733 3124 935 3172 sanctae
964 3114 1219 3171 Ecclesia:
1251 3113 1418 3168 violat
1448 3115 1775 3169 castitatem.
1832 3113 2067 3168 Pecunia

487 3207 673 3275 itaque
698 3221 794 3276 pro
826 3205 1085 3261 Ecclesiis
1122 3205 1222 3260 sub
1263 3202 1483 3274 palliata
1515 3204 1810 3274 cupiditate
1837 3213 2068 3268 extorta,

491 3312 610 3366 quze
641 3297 941 3366 redemptio
987 3295 1240 3350 altarium
1271 3294 1492 3359 dicitur,
1525 3293 1592 3348 ab
1621 3294 1911 3363 apostolica
1945 3295 2072 3349 sedc

491 3389 768 3456 damnata,
799 3387 914 3441 sive
940 3401 1037 3457 per
1069 3385 1305 3442 vicarios
1334 3384 1530 3448 rarius,
1569 3383 1685 3438 sive
1729 3398 1826 3451 pro
1855 3382 2077 3446 vicariis

491 3479 849 3549 frequentius,
881 3479 985 3533 sub
1015 3476 1382 3547 qualicunque
1407 3476 1627 3535 nomine
1671 3473 1756 3530 vel
1785 3474 2075 3540 occasione

491 3579 899 3638 extorqueatur,
928 3568 1236 3622 Simoniaca
1267 3567 1510 3637 pravitas
1538 3581 1658 3622 esse
1687 3565 1830 3622 nulla
1855 3566 2069 3621 ratione

496 3661 808 3724 dubitatur;
843 3657 934 3712 illa
983 3666 1162 3712 tamen
1217 3657 1452 3728 gravior,
1490 3671 1608 3724 qua:
1639 3654 1833 3725 sacpius
1877 3655 2070 3724 agitur.

496 3754 840 3821 Quapropter
887 3749 1035 3803 illam
1079 3747 1386 3818 specialiter
1410 3747 1750 3802 Christianus
1771 3746 2078 3800 catholicus

502 3873 561 3916 ιιι
597 3860 860 3932 nefariam
905 3869 960 3915 et
999 3859 1365 3932 Simoniacam
1399 3859 1679 3932 interdixit
1729 3857 1980 3932 Urbanus
2020 3859 2074 3912 in

503 3929 713 4001 synodo
759 3931 1116 3998 Arvernensj.
1151 3930 1608 4001 ,Postdsynodum
1670 3944 1799 3984 vero
1856 3929 2075 4001 luerunt

499 3998 738 4070 episcopi
759 4041 774 4064 ,
820 4001 910 4070 qui
943 4015 1040 4070 pro
1069 3998 1440 4068 redemptione
1474 3999 1582 4064 illa,
1625 4013 1745 4068 qua:
1779 3998 2072 4070 multorum

502 4068 765 4138 annorum
797 4068 1098 4124 intervallis
1131 4069 1311 4138 ﬁebat,
1343 4071 1508 4138 annui
1539 4084 1737 4124 census
1761 4068 2077 4138 pensitatio-

499 4158 623 4194 item
645 4137 943 4210 exigerent.
975 4140 1092 4205 Quo
1108 4154 1137 4194 c
1161 4137 1385 4194 numero
1405 4137 1657 4210 Ulgerius
1676 4137 2079 4210 Andegavcnsis

497 4211 602 4264 huc
633 4205 770 4274 loco',
807 4217 860 4264 et
895 4209 983 4264 lvo
1021 4210 1395 4271 Carnotcnsis,
1438 4205 1502 4262 ac
1544 4205 1849 4261 Itannull‘us
1881 4207 2078 4260 Santo-

504 4281 689 4354 nensis
721 4295 856 4348 quos
898 4295 962 4334 eo
1018 4279 1234 4354 nomine
1265 4279 1444 4354 arguit
1489 4276 1767 4354 Paschalis
1792 4275 1894 4354 _ll_,
1927 4275 2079 4354 cujus

504 4353 584 4402 ha:
635 4343 826 4402 littera:
855 4358 1071 4403 exstant
1099 4349 1152 4401 in
1183 4343 1629 4415 chartbphylacio
1673 4343 2073 4415 Vindocinensi.

579 4437 596 4468 ι
631 4419 904 4473 Paschalis
926 4418 1227 4486 cpiscopus,
1253 4412 1442 4486 servus
1457 4412 1748 4486 sermonm
1772 4412 1888 4486 Dei,
1916 4427 2076 4486 vene.

2162 571 2494 626 novissimus
2520 587 2678 626 error
2713 569 2866 640 pejor
2919 571 3123 640 priore.
3180 569 3379 633 Semel,
3436 568 3518 624 bis
3542 581 3594 625 et
3634 583 3729 640 ter,

2159 665 2270 718 imo
2297 663 2669 734 multipliciter
2697 678 2798 718 vos
2835 663 3018 733 rogavi
3051 670 3105 716 et
3140 661 3346 725 monui,
3373 670 3426 716 et
3449 663 3619 716 adhuc
3643 665 3731 720 hu-

2158 752 2410 818 militate,
2439 768 2545 822 qua
2563 753 2733 808 debeo
2755 763 2806 807 et
2835 766 3082 822 possum,
3102 749 3389 819 diligenter
3415 764 3540 819 rogo
3555 760 3605 805 et
3627 768 3728 806 mo-

2159 859 2283 909 neo,
2317 853 2376 898 ιιι
2401 860 2523 915 qua:
2559 844 2718 901 nobis
2745 843 3083 909 abstulistis,
3126 857 3231 896 non
3267 839 3482 895 diﬂ‘erat
3519 843 3731 898 reddere

2159 945 2337 989 vestra
2362 934 2696 1005 magnitudo.
2745 933 3020 1003 Alioquin,
3053 930 3179 1002 quia
3216 939 3397 984 vestra
3424 929 3578 999 125
3611 947 3726 1000 gra-

2159 1026 2377 1080 vamina
2401 1027 2601 1082 fratres
2625 1026 2796 1080 nostri
2840 1023 3044 1079 diutius
3081 1031 3304 1092 portare
3339 1034 3447 1075 non
3497 1031 3728 1089 possunt,

2160 1113 2258 1185 ipsi
2287 1125 2342 1170 et
2388 1130 2486 1169 nos
2512 1129 2638 1170 cum
2664 1113 2796 1183 ipsis
2833 1113 3137 1168 Romanam
3171 1109 3470 1165 Ecclesiam
3512 1109 3730 1179 appella~

2162 1220 2307 1270 mus,
2340 1205 2468 1260 licet
2511 1217 2631 1260 eam
2668 1212 2723 1260 et
2775 1203 2982 1276 legatos
3020 1217 3150 1258 suos
3177 1215 3275 1258 vos
3331 1215 3475 1270 saepe
3502 1210 3729 1268 contem-

2161 1296 2337 1366 psisse
2363 1296 2588 1354 minime
2613 1294 2942 1350 dubitemus.
2975 1294 3042 1349 Et
3091 1309 3160 1348 ne
3182 1292 3412 1348 ulterius
3439 1294 3506 1352 de
3533 1294 3737 1351 decreto

2161 1387 2489 1442 vicariorum
2523 1385 2805 1452 dubitetis,
2851 1385 2980 1441 illud
3007 1385 3158 1440 vobis
3201 1383 3590 1454 transcriptum
3621 1386 3734 1440 mit-

2162 1479 2349 1533 timus.
2384 1476 2536 1532 Vale.

2705 1565 3039 1623 EPISTOLA
3081 1565 3195 1620 Xlll

2161 1681 2427 1737 lldeberto
2461 1681 2609 1752 (215)
2652 1683 2934 1736 venerabili
2975 1680 3436 1736 Cenomanorum
3487 1683 3734 1751 episcopo,

2234 1773 2506 1845 Goﬂ'ridua
2544 1773 2938 1829 Vindocinensia
2967 1776 3273 1828 monasterii
3313 1773 3518 1827 inutilis
3549 1791 3736 1836 servus,

2235 1881 2398 1936 neque
2431 1865 2500 1918 ad
2531 1866 2820 1923 dexteram.
2849 1883 3012 1931 neque
3047 1866 3116 1919 ad
3154 1866 3428 1920 sinistram
3465 1866 3736 1930 declinare,

2230 1959 2320 2011 sed
2357 1968 2551 2012 rectam
2575 1958 2714 2010 viam
2744 1967 2939 2011 tenere.

2230 2046 2286 2101 Si
2325 2062 2418 2101 eos
2443 2046 2537 2116 qui
2567 2055 2694 2102 sunt
2721 2046 2959 2111 Domini,
2989 2055 3049 2100 ut
3073 2046 3226 2101 vobis
3247 2045 3574 2117 jnngantur,
3603 2063 3739 2116 quia:-

2163 2137 2304 2204 ritis,
2345 2152 2475 2192 ecce
2514 2152 2611 2192 nos
2647 2146 2866 2206 paratos
2893 2138 3378 2193 habetis.Abraha:
3409 2139 3574 2193 etiam
3613 2139 3746 2203 filios

2163 2244 2262 2284 nos
2286 2244 2408 2284 esse
2440 2230 2786 2294 conﬁtemur,
2824 2237 2880 2283 et
2912 2229 3030 2298 ejus
3061 2245 3226 2299 opera
3260 2232 3447 2286 facere
3475 2231 3740 2286 desidera-

2165 2336 2322 2385 mus;
2363 2319 2454 2389 qui
2487 2319 2540 2374 in
2571 2319 2658 2374 die
2685 2318 2898 2376 Domini
2935 2329 3082 2376 stare
3113 2321 3166 2375 in
3196 2321 3408 2391 prmlio,
3431 2330 3487 2376 et
3517 2333 3745 2376 nosmet-

2165 2409 2311 2479 ipsos
2349 2424 2561 2463 murum
2602 2423 2878 2479 opponere
2911 2424 3012 2480 pro
3051 2410 3212 2466 domo
3245 2410 3409 2466 Israel
3451 2411 3748 2470 nullatenus

2167 2497 2542 2561 formidamus,
2578 2497 2668 2552 tibi
2707 2506 2856 2554 tutus
2889 2499 2974 2555 vel
3018 2511 3335 2570 competens
3380 2502 3542 2556 fuerit
3581 2503 3742 2558 locus.

2167 2588 2442 2644 Turonum
2473 2603 2606 2644 vero
2647 2604 2747 2645 nec
2783 2605 3104 2660 possumus,
3135 2606 3238 2646 nec
3255 2592 3536 2657 debemus,
3578 2604 3633 2648 et
3659 2609 3749 2648 vos

2167 2677 2290 2733 illuc
2318 2677 2534 2733 tendere
2556 2678 2770 2748 penitus
2791 2679 3180 2736 dislaudamus.
3205 2682 3278 2737 lbi
3300 2682 3444 2737 enim
3468 2698 3750 2755 congrega-

2166 2768 2368 2824 buntur
2392 2784 2582 2825 omnes
2616 2770 2852 2826 factores
2880 2770 3126 2826 Rainaldi
3155 2772 3330 2842 (216),
3353 2773 3540 2830 furore
3570 2791 3636 2831 ac
3673 2791 3755 2830 δερ

2169 2859 2373 2914 ditione
2397 2859 2578 2928 politis
2602 2874 2762 2928 quam
2788 2861 2997 2916 ratione
3035 2861 3316 2917 vobiscum
3357 2878 3523 2932 agere
3557 2865 3750 2934 parati.

2168 2950 2331 3007 Putat
2355 2951 2518 3006 etiam
2563 2951 2674 3018 ille,
2706 2952 2795 3021 qui
2828 2967 2927 3007 vos
2949 2952 3072 3007 illuc
3099 2953 3311 3008 vocavit
3343 2953 3521 3025 (217),
3549 2965 3642 3008 aut
3669 2953 3753 3023 ju-

2172 3041 2374 3095 stitiam
2399 3048 2635 3096 vestram
2660 3041 2830 3097 turba:
2851 3041 3159 3111 importuno
3181 3041 3421 3096 clamore
3453 3043 3668 3098 facilius
3689 3044 3753 3098 ibi

2096 3155 2137 3212 ο
2171 3139 2504 3200 pervertere,
2538 3139 2632 3185 aut
2661 3146 2776 3194 vos,
2815 3141 2874 3185 ut
2896 3132 3015 3202 ejus
3060 3131 3343 3186 dementiae
3385 3133 3754 3196 consentiatis,

2173 3221 2313 3291 quod
2353 3221 2522 3276 absit!
2559 3235 2722 3291 prece
2753 3221 2836 3277 vel
2869 3222 3046 3292 pretio
3073 3221 3312 3278 ﬂectere.
3363 3221 3513 3278 Bene
3541 3222 3758 3292 quidem

2173 3309 2498 3378 incoapistis,
2527 3310 2784 3380 quoniam
2821 3326 2921 3380 pro
2947 3310 3197 3366 libertate
3227 3311 3392 3382 126
3429 3322 3633 3367 sanctae
3662 3311 3756 3365 Ec-

2172 3397 2351 3456 clesia:
2378 3407 2567 3452 contra
2596 3397 2715 3466 ejus
2740 3399 3083 3454 adversarios
3105 3399 3335 3454 viriliter
3357 3414 3457 3454 vos
3482 3399 3752 3455 erexistis.

2176 3487 2328 3544 Unde
2352 3488 2484 3556 Deo,
2515 3497 2571 3542 et
2600 3487 2694 3544 Dei
2725 3489 2916 3546 amicis
2945 3504 3043 3545 vos
3077 3489 3250 3559 magis
3289 3504 3482 3544 carum
3526 3489 3755 3545 reddidi-

2174 3577 2292 3642 stis,
2327 3587 2383 3632 et
2422 3579 2626 3633 famam
2668 3579 2906 3634 nominis
2941 3579 3111 3633 vestri
3149 3593 3245 3646 per
3271 3577 3377 3632 hoc
3419 3593 3526 3633 non
3561 3579 3755 3633 medio-

2175 3669 2344 3724 criter
2402 3668 2692 3727 dilatastis.
2751 3668 2971 3724 Grande
3025 3683 3122 3739 per
3171 3668 3355 3723 omnia
3406 3667 3561 3724 vobis
3605 3670 3762 3723 decus

2175 3759 2463 3825 exstiterit,
2490 3759 2534 3814 si
2563 3767 2880 3828 constanter
2919 3759 3171 3830 egeritis;
3214 3757 3311 3814 sed
3353 3760 3562 3832 grande
3605 3759 3755 3814 dede-

2182 3871 2399 3942 caeteris
2439 3885 2656 3940 quoque
2706 3870 3002 3942 Galliarum
3043 3871 3314 3941 cpiscOpis
3364 3885 3496 3942 erga
3545 3885 3759 3934 suarum

2177 3939 2468 4011 diceeesim’
2508 3941 2834 3999 monasteria
2859 3981 2929 4011 ,7,
2949 3939 3292 4011 praecipimus
3343 3939 3760 4011 observandum.

2177 4009 2375 4063 Datum
2417 4009 2603 4065 Romze
2646 4026 2686 4064 ιι
2713 4011 2837 4065 ldus
2882 4009 3079 4065 Martii.
3116 4009 3137 4062 ᾧ
3190 4012 3267 4064 Ex
3314 4012 3403 4065 his
3435 4011 3633 4065 litteris
3667 4009 3760 4062 Pa-

2178 4078 2402 4151 schalis,
2429 4087 2564 4134 etex
2599 4079 2824 4151 Goﬂ'ridi
2849 4080 3028 4151 verbis
3053 4080 3278 4151 intelligi
3310 4080 3440 4136 licet
3467 4079 3765 4151 cujusmodi

2177 4146 2343 4202 fuerit
2369 4151 2687 4219 synodicum
2721 4149 2924 4204 Urbani
2956 4146 3320 4205 decretum'de
3345 4146 3593 4210 vicarii's,
3620 4150 3769 4216 cuius

2179 4218 2676 4341 extremadepistola
2703 4219 2762 4273 lit
2783 4220 3006 4275 mentio.
3033 4219 3304 4275 Hactenus
3327 4221 3478 4275 enim
3512 4221 3568 4275 in
3595 4219 3761 4274 lucem

2179 4302 2285 4341 non
2318 4302 2416 4341 ιιι-ο
2457 4297 2538 4340 ιιι.

2179 4302 2285 4342 non
2318 4289 2538 4355 prodiit.

2252 4357 2402 4428 (215)
2441 4356 2725 4428 “debet-to.
2783 4359 2948 4428 Cujus
2995 4368 3212 4414 exstant
3259 4359 3512 4428 epistol:e
3564 4371 3620 4414 et
3673 4357 3767 4411 alia

2180 4427 2456 4496 opuscula.
2489 4426 2675 4482 Hoello
2704 4431 2755 4482 in
2779 4426 3034 4484 cathedra
3053 4426 3495 4484 Cenomaimensi
3524 4430 3775 4486 suffectus

503 4488 761 4568 rabilibtts
784 4482 1050 4570 episcopis
1079 4482 1224 4539 lvoni
1247 4483 1537 4570 tiapptcns'i
1561 4492 1615 4536 et
1645 4482 1916 4570 [lannullfo
1939 4483 2069 4537 San-

2183 4482 2362 4570 f_tlerat
2390 4512 2532 4570 anno
2563 4499 2720 4552 1097.
2760 4482 3680 4570 liaerelict—a'Gillebet-to‘postea
3723 4498 3772 4549 in

502 4558 769 4620 ctoncnsi,
799 4551 1023 4609 salutem
1052 4565 1104 4607 et
1139 4552 1490 4624 apostolicam
1519 4551 1968 4624 benedictionem.

579 4647 596 4678 ι
641 4625 800 4680 Juxta
823 4633 1132 4677 sanctorum
1163 4622 1429 4676 eanonum
1461 4622 1768 4691 sanctiones
1797 4636 1902 4674 non
1929 4623 2076 4691 igno-

504 4708 616 4748 tum
650 4697 802 4749 vobis
825 4709 944 4746 esse
973 4691 1264 4756 credimus,
1294 4692 1424 4759 quid
1467 4690 1688 4744 ultionis
1731 4690 2079 4746 maneat’ec-

503 4764 794 4820 clcsiastici
843 4761 1048 4815 ordinis
1106 4761 1251 4814 viros
1306 4760 1622 4828 apostolicm,
1663 4760 1809 4813 sedis
1858 4763 2078 4815 decreta

503 4843 849 4901 spernentes.
877 4831 978 4899 Ipsi
1017 4830 1162 4884 enim
1203 4829 1532 4901 Arvernensi
1564 4829 1795 4901 concilio
1824 4828 2078 4894 aﬂ‘uistis,

504 4899 558 4954 in
586 4918 692 4970 quo
730 4903 1046 4970 praesidente
1072 4900 1469 4970 praedecessore
1497 4907 1681 4970 nostro
1703 4899 1857 4954 bonae
1882 4915 2080 4954 memo-

409 4975 414 5036 ζ
507 4967 617 5023 ria!
655 4967 791 5040 papa
827 4969 1063 5031 Urbano,
1095 4967 1498 5040 considentibus
1540 4968 1836 5040 Galliarum
1868 4971 2080 5038 episco-

408 5073 416 5118 ἒ
504 5041 610 5110 pis,
647 5037 922 5118 decretum
951 5046 1035 5092 est
1067 5047 1134 5118 ιιι.
1173 5037 1384 5118 altaria,
1417 5053 1537 5107 qua:
1574 5039 1641 5118 ab
1672 5039 1830 5118 annis
1859 5037 2078 5118 triginta

410 5108 416 5183 ξ
506 5108 562 5162 et
584 5109 685 5160 sub
699 5108 1021 5183 vicariorum
1044 5108 1412 5183 redemptione
1429 5108 2082 5183 titanasteriapossedisse

510 5188 829 5242 noscuntur,
859 5178 1037 5244 quiete
1073 5177 1326 5246 deinceps
1351 5187 1407 5230 et
1426 5177 1543 5232 sine
1566 5177 1810 5234 molestia
1843 5179 2082 5246 qualibet

511 5245 859 5300 monasteriis
884 5245 1012 5314 ipsis
1037 5245 1189 5299 ﬁrma
1213 5245 1587 5315 permaneant.
1618 5247 1726 5312 Vos
1744 5245 1923 5300 autem
1954 5248 2082 5302 huic

511 5316 843 5382 simplicitati
887 5316 1214 5382 incongruus
1270 5315 1610 5384 duplicitates
1669 5316 1972 5379 innectitis,
2028 5328 2082 5370 et

507 5399 861 5456 personarum
895 5385 1312 5456 redemptionem
1337 5387 1555 5447 minatis
1584 5385 2086 5456 nominibusextor-

511 5454 679 5524 (luere
705 5454 994 5524 conamini.
1026 5454 1225 5522 Verum
1256 5463 1470 5524 Oportet
1499 5470 1596 5508 nos
1623 5455 2081 5524 hujusmodivcr—

513 5472 679 5521 quere
705 5472 994 5507 conamini.
1036 5472 1225 5522 verum
1256 5472 1470 5524 oportet
1499 5472 1596 5508 nos
1623 5472 1691 5508 nu
1720 5472 1928 5509 usmout
1959 5472 2080 5508 ver-

513 5523 672 5592 sutiis
715 5522 1027 5584 sinceritate
1055 5525 1300 5592 Veritatis
1325 5525 1632 5592 apostolicae
1659 5472 1902 5578 obviare.
1933 5523 2080 5576 Prae-

514 5591 744 5663 cipimus
791 5607 920 5663 ergo
973 5603 1031 5646 ut
1079 5591 1515 5647 decretum’illud
1562 5593 1784 5663 omnino
1836 5595 2088 5663 teneatur

515 5660 746 5731 integre.
782 5660 884 5716 nec
909 5678 1070 5731 super
1101 5662 1228 5715 illud
1259 5663 1550 5730 quidquam
1590 5662 1811 5714 ulterius
1855 5677 1951 5730 pro
1979 5661 2084 5716 eis-

519 5729 653 5802 dum
679 5731 934 5788 altaribus
978 5729 1232 5800 exigatis.
1275 5729 1418 5785 Sane
1454 5732 1596 5798 quod
1653 5733 1802 5786 vobis
1829 5729 2078 5793 dicimus,

2183 4564 2486 4637 Turonensi
2533 4569 2961 4624 successitanno
3003 4569 3164 4633 1025,
3217 4569 3301 4622 vir
3351 4569 3408 4623 in
3463 4564 3774 4637 episcopatu

2181 4635 2443 4700 eximius;
2475 4648 2602 4691 ante
2633 4637 2804 4703 illum,
2834 4639 2956 4692 vitze
2985 4639 3282 4701 solutioris,
3317 4649 3379 4692 ut
3433 4635 3775 4694 indicat—Ive-

2184 4703 2270 4758 nis
2308 4705 2467 4773 epist.
2505 4707 2632 4770 277,
2667 4723 2828 4777 quam
2865 4709 3082 4776 quidem
3129 4709 3219 4774 qui
3269 4708 3334 4761 de
3389 4708 3686 4772 lldeberto,
3715 4705 3775 4758 de

2181 4781 2289 4847 quo
2332 4777 2563 4847 agimus,
2606 4777 3241 4847 scriptam‘pertinacius
3287 4786 3470 4845 neget,
3515 4778 3562 4832 is
3592 4778 3778 4847 Opinor

2183 4843 2387 4915 clausis
2413 4846 2583 4900 oculis
2612 4843 2892 4900 sibi'crodi
2911 4843 3073 4900 'velit.
3124 4847 3320 4915 Ecqua:
3346 4843 3500 4900 enim
3534 4843 3644 4902 alia
3670 4847 3777 4898 lvo-

2184 4913 2270 4966 nis
2330 4923 2571 4985 tempore
2613 4915 3076 4970 Cenomannensis
3123 4913 3362 4985 episcopi
3412 4917 3616 4972 electio
3664 4915 3773 4971 fuit.

2183 4996 2346 5051 quam
2379 4984 2624 5056 lldeberti
2645 4985 2676 5045 ?,
2700 5001 2862 5056 quem
2891 4995 3147 5054 praeterea
3175 4984 3383 5056 scimus
3414 5001 3486 5042 ex
3517 4985 3780 5041 archidia-

2184 5067 2344 5113 cono,
2395 5054 2538 5121 quod
2577 5055 2668 5110 lvo
2707 5054 2900 5126 notat,
2929 5056 2995 5108 ad
3032 5054 3408 5126 episcopalem
3462 5057 3780 5126 cathedram

2183 5131 2452 5194 evectum,
2480 5139 2654 5194 neque
2682 5135 2860 5178 tamen
2889 5124 3003 5194 habe
3027 5124 3101 5178 ita
3127 5125 3361 5189 dissero,
3387 5133 3451 5178 ut
3479 5127 3582 5179 viri
3614 5124 3776 5194 docti,

2183 5188 2276 5258 qui
2310 5203 2499 5264 contra
2540 5188 2732 5264 sensit,
2773 5193 2974 5264 nomini
3015 5188 3354 5264 obitrectem,’
3386 5195 3487 5249 sed
3518 5193 3647 5264 quia
3684 5193 3782 5264 im-

2187 5260 2431 5328 mortalis
2467 5262 2743 5317 memorize
2787 5262 3049 5316 cardinali
3080 5263 3312 5320 Baronio
3355 5260 3567 5318 debere
3595 5279 3680 5316 me
3705 5262 3782 5328 ju-

2186 5327 2328 5400 dico,
2355 5339 2411 5400 ut
2433 5346 2553 5398 quae
2579 5342 2726 5386 recte
2754 5340 2811 5386 et
2830 5345 2960 5386 vere
2982 5333 3050 5388 ab
3075 5347 3141 5388 eo
3167 5333 3311 5388 dicta
3335 5343 3491 5399 sunt,
3519 5347 3584 5387 ea
3611 5341 3670 5386 ut
3692 5327 3784 5400 pro

2184 5398 2338 5472 veris
2361 5399 2686 5472 habeantur,
2714 5401 2892 5472 enitar
2919 5403 3096 5472 quoad
3123 5417 3364 5472 possum.

2259 5465 2410 5542 (2_16)
2469 5467 2662 5542 omnes
2717 5465 2950 5542 [actores
2987 5465 3256 5526 Rainaldi.
3309 5471 3485 5528 Electi
3544 5468 3784 5542 episcopi

2188 5535 2619 5610 Andegavensis,
2653 5535 2813 5610 epist.
2837 5541 2923 5595 ll.
2951 5551 2953 5554 ‘

2259 5603 2405 5688 (217)
2450 5607 2554 5688 Qui
2593 5603 2847 5664 uos'illuc
2879 5611 3093 5665 vocavit.
3131 5609 3396 5666 Radulfus
3428 5609 3793 5688 Turonensis,

2186 5676 2342 5739 epist.
2369 5676 2575 5730 eadem.
2843 5689 2846 5694 '
