3992 6352
265 370 374 425 iii

1588 343 1975 400 EPISTULIE.
2012 375 2078 384 ——
2116 343 2238 398 ΜΒ.
2266 342 2350 397 lli.

3449 333 3552 388 122

263 495 399 544 cus,
436 477 482 533 sl
510 470 838 532 defeceritis.
895 466 1113 531 Valete;
1153 472 1208 519 et
1251 461 1381 532 quia
1435 468 1626 514 contra
1650 459 1873 512 Rainal-
1904 457 1950 514 Α
1978 458 2046 512 de
2082 457 2168 513 his
2206 455 2458 512 omnibus
2504 453 2809 508 subiremus
2849 447 3132 519 judicium.
3181 447 3337 516 Quod
3381 449 3557 519 magis

267 574 409 629 dum
457 578 512 625 et
548 567 666 638 ejus
709 571 962 618 auctores
1023 557 1306 626 vobiscum
1352 551 1556 608 erimus
1603 548 1872 605 veraci-ter

266 661 506 717 credite.
549 657 733 727 Usque
771 652 838 708 ad
881 651 1134 706 Castrum
1177 645 1336 701 Leda:
1364 643 1539 716 (218),
1577 641 1659 696 vel
1702 654 1871 711 usque

265 755 348 806 ad
376 749 667 805 Carcerem
699 744 850 816 (219)
886 750 1042 799 sexta
1075 738 1208 794 feria
1243 734 1540 806 dignemini
1577 733 1867 788 accedere:

265 842 374 897 ubi
409 841 475 896 de
503 840 606 904 hoc
634 845 691 892 et
727 835 850 892 aliis
890 833 1121 889 invicem
1160 829 1305 900 loqui
1349 826 1621 898 possimus
1659 834 1712 880 et
1741 837 1873 880 con-

264 935 444 988 terre.

817 1010 1156 1071 EPISTOLA
1196 1009 1340 1066 XIV.

265 1109 550 1164 Ildeberto
577 1108 740 1162 beata
768 1106 892 1160 vita
920 1105 1162 1172 episcOpo
1197 1099 1512 1156 charissima
1539 1097 1751 1152 domino
1777 1112 1874 1152 suo

354 1212 401 1256 et
438 1201 631 1265 amico,
662 1197 936 1266 Golfridus
978 1192 1372 1248 Vindocinensis
1416 1189 1721 1244 monasterii
1743 1205 1875 1260 qua-

354 1291 628 1360 liscunque
673 1303 884 1352 servus,
927 1283 1257 1340 dilectionem
1300 1291 1348 1336 et
1385 1280 1683 1335 dilectionis
1713 1279 1876 1333 servi-

359 1391 543 1434 tutem.

355 1469 620 1536 Quoniam
659 1465 862 1521 illicita:
889 1463 1141 1521 electioni
1172 1460 1325 1531 (220)
1360 1475 1466 1515 non
1499 1459 1871 1522 consensistis,

267 1559 518 1617 bonitati
567 1567 765 1614 vestrae
793 1557 1000 1628 gratias
1030 1553 1242 1620 refero;
1281 1553 1425 1623 quod
1473 1565 1684 1606 mecum
1717 1565 1876 1605 nemo

271 1651 469 1706 facere
517 1659 756 1713 recusat,
807 1649 899 1719 qui
952 1647 1122 1702 Deum
1175 1644 1350 1716 diligit
1398 1644 1564 1700 corde
1611 1640 1872 1713 perfecto.

272 1743 397 1798 Pro
422 1743 670 1814 captione
696 1739 1036 1796 Redonensis
1065 1737 1306 1808 episcopi
1338 1735 1486 1807 (221)
1519 1735 1660 1790 fama
1691 1743 1874 1788 nostra

274 1835 459 1890 minui
506 1833 812 1888 nullatenus
849 1830 1045 1896 debet,
1108 1844 1210 1885 nec
1251 1828 1306 1884 in
1349 1827 1532 1898 aliquo
1562 1827 1704 1882 lmdi.
1758 1827 1877 1882 Non

277 1927 437 1981 enim
485 1941 582 1995 per
625 1939 712 1979 me
758 1923 864 1978 hoc
919 1931 1099 1977 actum
1150 1931 1266 1987 est;
1321 1935 1498 1992 neque
1541 1920 1704 1974 etiam
1746 1920 1880 1975 scie-

280 2015 418 2067 ham
445 2015 586 2082 quod
619 2015 687 2069 ab
712 2013 820 2068 illis
859 2028 892 2068 a
917 2012 1114 2082 quibus
1143 2020 1337 2083 captus
1373 2021 1458 2066 est
1485 2011 1708 2066 deberet
1736 2009 1877 2080 capi.

279 2101 502 2157 Inimici
541 2103 644 2158 mei
675 2117 762 2161 me
789 2103 844 2156 in
867 2101 972 2157 hoc
995 2101 1194 2156 habent
1222 2111 1554 2171 suspectum,
1582 2117 1742 2174 quem
1772 2117 1883 2157 sua:

285 2193 553 2266 pravitati
585 2208 799 2264 semper
823 2207 1047 2249 sensere
1074 2193 1431 2248 contrarium.
1475 2193 1542 2249 Et
1568 2195 1694 2263 quia
1724 2193 1884 2249 factis

278 2283 429 2336 mihi
475 2297 672 2336 nocere
698 2291 994 2353 nequeunt,
1031 2283 1135 2338 hoc
1172 2283 1357 2338 verbis
1407 2284 1757 2339 mendacibus
1802 2283 1882 2337 ta-

276 2386 417 2425 cere
440 2371 738 2426 moliuntur
763 2380 819 2426 et
849 2372 1092 2442 cupiunt.
1123 2372 1364 2439 Quorum
1394 2388 1664 2430 venenosa
1695 2375 1879 2440 verba,

275 2462 460 2524 Deum
488 2468 679 2528 testor,
707 2474 809 2516 nec
839 2459 1025 2524 timeo,
1052 2476 1153 2517 nec
1179 2477 1415 2530 unquam
1448 2463 1634 2528 timui;
1663 2463 1879 2534 quibus,

275 2567 374 2606 me
399 2551 618 2606 Christo
639 2560 979 2621 protegente,
1000 2551 1170 2608 velint
1194 2552 1387 2618 nolint,
1413 2553 1651 2623 quandiu
1675 2553 1878 2618 vixero,

273 2659 381 2700 ero
414 2643 623 2699 timori.
683 2645 840 2716 127
872 2643 984 2714 Ego
1027 2652 1208 2700 tamen
1249 2643 1393 2714 quod
1437 2644 1569 2699 mihi
1614 2644 1882 2700 laudando

275 2733 877 2808 mandastis,plibenter
905 2735 1070 2802 facio,
1116 2748 1218 2790 nec
1265 2735 1556 2806 aliquando
1594 2750 1624 2789 a
1654 2735 1881 2791 consilio

271 2834 473 2880 vestro
516 2825 766 2891 deviabo,
818 2827 886 2882 de
935 2825 1090 2894 cujus
1139 2826 1429 2884 dilectione
1482 2826 1732 2889 dubitare
1780 2841 1882 2883 nec

265 2931 535 2989 possum,
564 2929 664 2971 nec
691 2917 881 2971 debeo.

846 3006 1176 3064 EPISTOLA
1209 3006 1326 3070 XV.

268 3095 554 3158 lldelJerto
583 3096 1044 3152 Cenomannorum
1083 3098 1342 3168 episcopo,
1376 3094 1647 3167 Co/fridns
1679 3096 1880 3152 Vindo.
1905 3123 1947 3181 ο

341 3187 585 3242 Cirtensis
613 3188 916 3242 monasterii
952 3188 1189 3242 minister
1228 3189 1506 3258 indignus,
1545 3187 1762 3258 diligere
1786 3187 1880 3261 ju-

343 3277 560 3334 stitiam
589 3286 636 3331 et
670 3277 791 3331 odio
818 3278 1008 3333 habere
1037 3278 1384 3348 iniquitatem.

345 3368 634 3424 Multoties
657 3371 796 3439 apud
823 3384 916 3424 vos
942 3371 1249 3439 conquesti,
1293 3371 1469 3425 adhuc
1498 3370 1882 3440 conquerimur

281 3460 351 3514 de
377 3457 665 3515 comitissa
695 3459 1111 3524 Vindocincnsi,
1156 3476 1277 3531 qua:
1311 3461 1466 3517 nobis
1495 3461 1781 3517 ecclesiam
1817 3462 1883 3515 de

284 3552 584 3607 Saviniaco
611 3552 783 3625 (222),
825 3561 880 3608 et
903 3554 1088 3608 omnia
1119 3567 1240 3624 quae
1274 3553 1347 3609 ibi
1385 3554 1739 3619 habebamus,
1773 3563 1882 3608 tam

281 3643 513 3696 mobilia
549 3659 713 3712 quam
753 3644 1076 3710 immobilia,
1109 3645 1268 3699 nobis
1317 3645 1519 3716 injuste
1549 3645 1795 3711 abstulit,
1829 3656 1884 3701 et

283 3729 562 3784 violenter
588 3746 800 3800 semper
828 3731 1084 3786 detinuit.
1138 3732 1424 3787 Annonam
1462 3743 1725 3800 nostram,
1763 3749 1884 3802 qua:

285 3819 342 3880 in
377 3819 497 3886 ipsa
529 3818 757 3873 ecclesia
794 3821 848 3872 in
877 3821 1018 3875 arcis
1054 3822 1382 3886 habebatur,
1429 3822 1570 3876 arcis
1608 3823 1740 3891 ipsis
1771 3823 1884 3878 ira.

285 3912 399 3965 clis
432 3910 636 3980 rapuit,
667 3918 721 3965 et
752 3911 968 3981 impiis,
1011 3927 1150 3982 quos
1180 3927 1363 3968 secum
1397 3913 1659 3980 habebat,
1700 3916 1886 3970 distri-

286 4003 430 4057 buit.
482 4002 938 4076 Archipresbyter
983 4016 1166 4062 vester
1211 4004 1360 4078 (225)
1403 4006 1558 4075 quasi
1606 4023 1670 4062 ex
1704 4017 1885 4063 vestra

288 4103 450 4162 parte
485 4095 644 4151 nobis
674 4094 832 4162 dixit,
867 4109 924 4152 ut
955 4097 1008 4151 in
1040 4097 1251 4154 curiam
1281 4093 1522 4153 v'cstram
1573 4098 1800 4166 iremus,
1831 4109 1889 4155 et

364 4207 518 4281 (218)
538 4207 787 4275 Castrum
806 4207 990 4281 Ledte.
1013 4209 1278 4281 Oppidum
1306 4211 1357 4264 in
1385 4210 1582 4268 linihus
1603 4211 1884 4269 Turonum

296 4276 995 4354 etCenOmannorum,__sed
1027 4276 1314 4354 iu'horum
1346 4296 1502 4354 pago,
1531 4297 1625 4354 ac_
1636 4282 1882 4354 dioecesi.

293 4346 549 4402 Castrum
577 4347 695 4403 Lidi
731 4346 973 4418 appellat'
994 4359 1149 4404 vetus
1180 4346 1574 4406 historia—Vita:
1610 4351 1884 4416 lldeberti,

293 4432 462 4491 quem
490 4432 559 4472 eo
585 4432 644 4472 se
672 4419 944 4491 recepisse
976 4429 1160 4491 narrat
1190 4429 1322 4491 post
1355 4431 1568 4491 captam
1598 4421 1786 4476 urbem
1818 4423 1886 4476 ab

296 4485 539 4572 Heiu-iet)
569 4502 694 4572 rege
721 4485 1037 4572 An'glpruni.
1093 4485 1450 4572 Ledalrncrgo
1477 4490 1696 4572 lluvium
1726 4492 1879 4572 dicit,

291 4556 765 4677 gziioagiigsﬁbidus,
796 4556 878 4612 vel
903 4557 1102 4626 Ledus,
1137 4568 1194 4614 ut
1223 4556 1446 4616 Sidonio
1477 4561 1529 4615 in
1559 4556 1885 4632 panegyrico

317 4641 607 4691 ‘lztjortalll.

360 4694 736 4776 (27l9)hUsqn_e
765 4697 1162 4776 _ad.Cat_'_c_erem.
1204 4696 1396 4770 Oppidi
1424 4715 1642 4765 nomen,
1674 4701 1741 4755 de
1777 4716 1885 4775 quo

291 4766 447 4833 epist.
493 4765 559 4834 16
589 4775 645 4820 et
668 4765 736 4818 27
765 4765 923 4834 hujus
952 4768 1098 4824 libri.

363 4833 523 4910 (221))
562 4834 776 4910 "licita;
805 4833 1063 4910 electioni,
1094 4837 1340 4896 Rainaldi
1366 4839 1790 4910 Andegavensis,
1819 4841 1887 4897 de

297 4905 399 4972 qua
428 4905 665 4970 dictum,
693 4906 854 4974 epist.
878 4907 966 4960 ll.

369 4975 522 5042 (221)
564 4974 816 5043 Captione
844 4975 1169 5032 Redonensis
1197 4978 1440 5046 episcOpi.
1481 4977 1758 5041 Marbodi;
1791 4996 1883 5034 ca-

302 5050 421 5110 ptus
448 5055 537 5099 est
563 5058 593 5097 a
626 5054 776 5112 parte
806 5046 1056 5110 adversa,
1087 5049 1213 5101 dum
1246 5047 1492 5101 Rainaldi
1523 5049 1773 5104 electioni
1807 5051 1888 5102 in-

303 5115 549 5169 consulto
578 5112 741 5168 lavet.
774 5113 865 5188 Sic
892 5117 1034 5188 enim
1060 5116 1326 5188 Baithaldo
1352 5117 1680 5188 scribit,‘qui
1715 5120 1886 5188 pessi-

304 5195 442 5234 mam
470 5192 658 5254 postea
687 5185 917 5256 gratiam
944 5185 1200 5242 Marbodo
1230 5188 1504 5256 reposuit:
1533 5185 1676 5241 Nam
1701 5185 1748 5241 et
1777 5205 1890 5242 car-

305 5265 466 5330 cerein
493 5263 541 5306 et
562 5262 796 5330 catenas,
823 5255 949 5330 dum
979 5256 1048 5308 ad
1071 5266 1119 5330 te
1143 5256 1196 5310 in
1219 5255 1468 5326 auspiciis
1491 5267 1596 5311 tua:
1619 5256 1764 5311 illius
1791 5258 1889 5330 ele-

307 5323 489 5387 ctiqnis
522 5331 734 5396 vocatus
767 5324 990 5396 festino,
1021 5326 1097 5378 tui
1124 5342 1284 5396 causa
1313 5323 1500 5396 passus
1533 5343 1669 5393 sum,
1694 5328 1891 5380 machi-

309 5401 546 5470 namento
586 5392 724 5460 ejus,
767 5394 858 5470 qui
893 5394 984 5448 tibi
1023 5411 1162 5448 nunc
1203 5392 1693 5470 placetLStepItani,
1729 5398 1881 5470 quasi

309 5464 428 5535 tunc
435 5464 552 5527 jam
566 5465 930 5535 praesagiente,
953 5474 1001 5518 et
1023 5464 1373 5535 prtemanente
1387 5464 1624 5535 fortuna,
1649 5475 1704 5519 ut
1723 5464 1788 5520 ab
1809 5468 1890 5520 in-

311 5523 668 5605 fausiocaipto
709 5523 1033 5605 dirsisterem:
1062 5532 1229 5605 Hujus
1257 5523 1430 5605 sancti
1461 5523 1702 5604 prmsulis
1732 5552 1888 5605 egre-

311 5598 421 5676 gias
439 5598 687 5676 virtutes,
719 5613 916 5676 praeter
945 5598 1240 5676 Ulgerium,
1268 5604 1360 5672 qui
1389 5598 1504 5676 eius
1532 5598 1891 5676 scripsit'cpi-

315 5665 568 5744 iuphium,
616 5665 1314 5744 his_'versibuspc'ompleiu's
1344 5665 1432 5730 est
1461 5665 1768 5731 Iiivullunus
1800 5665 1888 5731 εἶθ’·-

314 5731 656 5806 illidiacouus
687 5738 1020 5798 Rcdoncusis
1049 5760 1059 5795 :

1973 548 2042 604 ab
2095 547 2215 616 ipso
2264 546 2544 600 inventum
2594 557 2717 599 esse
2761 541 3090 598 credidimus
3134 554 3296 611 Quam
3342 554 3372 593 a
3401 539 3560 594 vobis

1972 641 2314 705 mandatum,
2359 653 2482 694 cum
2533 651 2633 693 nec
2670 635 2876 706 justum
2920 649 3020 690 nec
3063 633 3382 690 canonicum
3429 646 3556 688 esse

1971 733 2245 796 videatur,
2278 739 2339 785 ut
2367 729 2658 800 quisquam
2686 728 2853 784 rebus
2877 725 3229 796 exspoliatus,
3263 733 3553 792 antequam

1972 826 2335 889 investiatur,
2390 821 2683 892 iudicetur.
2756 819 2868 875 Nec
2943 819 2998 873 in
3054 820 3157 873 hoc
3201 831 3300 872 vos
3359 815 3556 870 docere

1971 915 2378 987 praesumimus,
2427 927 2457 967 a
2487 926 2595 982 quo
2619 925 2833 981 semper
2859 909 3041 966 doceri
3077 909 3468 964 desideramus.
3496 907 3554 961 In

1974 1008 2183 1063 curiam
2213 1005 2376 1062 etiam
2403 1011 2642 1060 vestram
2686 1002 2920 1058 libenter
2960 1001 3316 1066 venissemus,
3347 999 3392 1055 si
3423 1013 3556 1054 con-

1974 1100 2196 1154 ductum
2235 1112 2516 1169 possemus
2549 1095 2774 1160 habere,
2802 1107 2965 1163 quem
3012 1108 3042 1147 a
3072 1093 3328 1163 praedicto
3361 1090 3560 1146 clerico

1974 1197 2158 1244 vestro
2184 1189 2554 1258 quaesivimus.
2592 1185 2784 1241 Plures
2819 1183 2966 1239 enim
3003 1184 3336 1239 sustinemus
3372 1182 3556 1236 inimi-

1975 1294 2104 1345 cos,
2143 1294 2250 1334 non
2289 1279 2416 1349 quia
2447 1277 2678 1333 velimus
2711 1290 2833 1345 qua:
2871 1288 2968 1328 sua
3012 1283 3139 1328 sunt
3185 1272 3424 1336 auferre,
3463 1272 3559 1328 sed

1975 1373 2101 1442 quia
2134 1371 2384 1426 nolumus
2415 1371 2497 1426 eis
2527 1368 2777 1425 conferre
2805 1381 2926 1437 qua:
2955 1365 3310 1436 possidemus.
3347 1363 3562 1420 Olricus

1975 1465 2044 1521 de
2077 1465 2238 1536 128
2266 1463 2468 1519 Sancto
2497 1460 2755 1518 Karilell‘o
2785 1460 2935 1532 (224)
2977 1469 3033 1516 et
3065 1459 3264 1514 milites
3297 1459 3379 1514 sui
3423 1459 3561 1514 mul-

1979 1571 2092 1612 tum
2121 1558 2186 1610 de
2216 1565 2404 1611 nostro
2435 1555 2590 1610 nobis
2625 1552 2992 1619 abstulerunt;
3024 1551 3165 1606 unde
3193 1565 3289 1606 vos
3318 1551 3398 1606 eis
3424 1550 3560 1606 divi-

1978 1663 2106 1702 num
2135 1645 2367 1702 cilicium
2407 1645 2755 1701 iuterdisisse
2791 1641 3114 1698 audivimus.
3151 1641 3258 1697 Sed
3287 1641 3562 1713 quomodo

1979 1747 2164 1809 postea
2204 1739 2406 1794 iuerint
2438 1737 2690 1803 absoluti,
2723 1736 3056 1807 ignoramus,
3082 1733 3207 1804 quia
3233 1733 3301 1788 de
3329 1733 3415 1790 his
3443 1747 3561 1803 quae

1981 1830 2333 1901 perdidimus,
2369 1830 2501 1884 nihil
2532 1831 2747 1900 penitus
2773 1846 3098 1900 recuperare
3125 1830 3416 1900 potuimus.
3446 1825 3562 1882 Hoc

1983 1921 2170 1989 etiam,
2217 1920 2367 1976 salva
2408 1929 2588 1976 vestra
2635 1921 2958 1988 reverentia,
2991 1921 3263 1975 veraciter
3307 1919 3561 1982 dicimus,

1982 2013 2127 2082 quod
2164 2021 2478 2082 postquam,
2520 2019 2580 2066 ut
2607 2010 2912 2076 credimus,
2956 2010 3278 2080 disponente
3308 2010 3422 2064 Deo
3451 2010 3566 2078 epi-

1984 2118 2178 2172 scopus
2207 2101 2381 2156 lactus
2409 2099 2565 2166 estis,
2613 2101 2669 2156 in
2713 2100 3038 2170 episcopatu:
3057 2108 3240 2155 vestro
3279 2099 3564 2169 plusquam

1983 2192 2241 2246 ducentas
2279 2190 2502 2244 libratas
2541 2188 2844 2255 amisimus,
2884 2205 2986 2244 nec
3023 2189 3277 2258 deinceps
3305 2191 3445 2258 quod
3485 2190 3568 2244 vi-

1983 2282 2120 2354 ginti
2151 2281 2354 2338 solidos
2380 2281 2557 2337 valeat
2592 2295 2691 2350 per
2723 2279 2990 2349 justitiam
3022 2289 3259 2334 vestram
3290 2281 3566 2336 consecuti

1983 2387 2190 2428 sumus.
2220 2371 2333 2426 Hoc
2364 2381 2542 2426 tamen
2572 2387 2676 2426 non
2708 2371 2864 2426 aliter
2887 2385 3048 2440 quam
3076 2369 3229 2425 vobis
3257 2372 3563 2437 serviendo,

1983 2471 2040 2519 et
2061 2477 2158 2518 vos
2184 2462 2453 2534 diligendo
2475 2461 2836 2532 peccavimus.
2868 2460 2973 2517 Sed
3000 2460 3228 2516 forsitan
3258 2463 3332 2517 ita
3362 2463 3567 2518 amicos

1981 2562 2193 2608 vestros
2222 2555 2386 2609 beare
2408 2553 2602 2608 nostis.
2649 2551 2804 2619 Quod
2840 2552 2884 2606 si
2920 2551 2996 2607 ita
3037 2559 3143 2618 est,
3169 2567 3368 2608 novum
3397 2567 3568 2624 genus

1981 2644 2334 2700 beatitudinis
2382 2643 2686 2698 invenistis.
2737 2641 2849 2697 Hac
2907 2642 3176 2712 siquidem
3233 2642 3568 2698 beatitudine

1983 2753 2085 2793 nec
2111 2751 2229 2803 vos,
2262 2752 2364 2792 nec
2408 2736 2615 2792 amicos
2649 2745 2864 2790 nostros
2903 2735 3068 2790 beare
3113 2733 3425 2801 didicimus,
3465 2750 3568 2789 nec

1982 2829 2061 2884 sic
2092 2845 2120 2883 a
2152 2829 2307 2884 vobis
2334 2828 2481 2884 beari
2513 2826 2910 2882 desideramus.
2950 2823 3167 2891 Valete;
3209 2833 3262 2878 et
3309 2825 3566 2896 quoniam

1980 2920 2196 2975 meliora
2223 2930 2342 2974 sunt
2367 2919 2583 2973 vulnera
2602 2917 2864 2988 diligentis
2888 2933 3048 2988 quam
3073 2914 3357 2970 obedientis
3387 2915 3566 2968 oscula

1983 3011 2320 3081 fraudulenta
2349 3010 2530 3082 (Prov.
2555 3026 2726 3075 xxvii,
2750 3009 2830 3080 6),
2855 3009 2921 3064 ad
2948 3016 3184 3064 mentem
3213 3015 3485 3064 revocate.

2513 3100 2849 3158 EPISTOLA
2891 3099 3028 3156 XVI.

1942 3183 1946 3187 ’
1983 3191 2246 3248 lldeberto
2270 3191 2725 3247 Cenomannorum
2751 3193 2989 3261 episcOpo
3038 3189 3331 3260 Go/fridus,
3377 3189 3571 3245 Vindo-

2247 3284 2472 3338 cinensis
2507 3284 2808 3336 monasterii
2837 3299 3035 3346 servus,
3061 3281 3302 3338 salutent.

2052 3377 2327 3434 Justitiam
2362 3377 2414 3430 in
2446 3376 2596 3430 curia
2627 3384 2806 3428 vestra
2854 3371 3052 3426 obtulit
3098 3373 3276 3435 nobis,
3308 3380 3364 3426 et
3393 3372 3572 3428 adhuc

1982 3466 2139 3523 ot'fert
2182 3467 2482 3532 comitissa,
2527 3465 2667 3520 sicut
2711 3464 2829 3534 ipse
2871 3462 3196 3518 mandastis.
3243 3464 3358 3530 Qua
3404 3463 3471 3520 de
3513 3479 3571 3518 re

1983 3559 2158 3612 visum
2184 3566 2269 3612 est
2298 3556 2445 3626 quod
2473 3554 2591 3626 ejus
2618 3553 2938 3624 iujustitiam
2967 3567 3161 3624 magna
3188 3567 3252 3608 ex
3283 3561 3436 3622 parte
3479 3554 3572 3608 de-

1985 3651 2226 3716 fenditis,
2258 3666 2380 3706 cum
2419 3657 2671 3704 neutrum
2705 3661 2891 3701 verum
2925 3645 3020 3712 sit,
3045 3646 3148 3702 nisi
3180 3646 3308 3715 quia
3339 3661 3434 3700 vos
3468 3646 3572 3700 hoc

1983 3755 2170 3795 verum
2200 3755 2320 3797 esse
2345 3739 2663 3810 perhibetis.
2721 3736 2972 3792 Nondum
3018 3735 3166 3791 enim
3216 3736 3452 3790 vidimus
3485 3735 3572 3790 vel

1986 3831 2296 3885 audivimus
2347 3831 2586 3900 aliquem
2620 3845 2684 3886 ex
2715 3838 2870 3900 parte
2901 3827 3194 3884 comitissae
3247 3825 3389 3882 illius
3416 3826 3571 3881 nobis

1993 3919 2444 3990 129iustitiam
2494 3920 2835 3976 oli‘ercntem.
2890 3918 3003 3973 Hoc
3064 3926 3271 3972 tantum
3321 3919 3574 3978 novimus

1987 4012 2131 4078 quod
2180 4010 2620 4080 archipresbyter
2647 4018 2830 4064 vester
2854 4007 3048 4063 Petrus
3092 4025 3160 4067 ex
3209 4021 3364 4080 parte
3393 4017 3576 4080 vestra

1987 4101 2280 4166 nuntiavit,
2326 4101 2470 4170 quod
2520 4101 2588 4154 de
2638 4099 2729 4154 illa
2778 4097 2934 4154 nobis
2974 4100 3243 4170 justitiam
3296 4097 3572 4170 faceretis,

2064 4212 2312 4268 Reddidit
2349 4211 2611 4278 ingenium
2643 4209 2952 4276 sapientem,
2982 4208 3160 4278 lingua
3191 4208 3462 4274 disertum,

2133 4284 2282 4336 Mens
2323 4295 2624 4344 memorem,
2661 4278 2861 4349 vigilem
2895 4278 3194 4333 sollicztudo
3229 4279 3428 4348 gregis:

2060 4351 2219 4406 Αῖιαε
2243 4351 2399 4420 longa
2427 4365 2619 4420 senem,
2649 4349 2946 4420 jucundum
2976 4349 3148 4419 gratia
3182 4351 3344 4402 moris

2137 4423 2282 4476 Ordo
2302 4419 2602 4491 petitiﬁcem
2644 4419 2926 4491 religioque
2957 4435 3176 4491 sacrant
3195 4438 3214 4474 :

2137 4456 2282 4476 υιιιυ
2340 4456 2444 4474 υιῑῑσ
2472 4456 2602 4472 ovs".
2645 4456 2734 4473 σοι.
2777 4456 2824 4472 IV
2864 4456 2923 4473 ιον
2957 4456 3168 4473 “utiuti.
3195 4463 3208 4474 ο

1921 4456 1964 4510 D
2064 4456 2335 4548 Sobrieta‘;
2362 4456 2580 4558 par'cum
2612 4456 3128 4558 sibi,vm;niﬁcentia
3160 4490 3364 4558 largum

2133 4561 2487 4631 Pauperibus,
2517 4570 2713 4614 rectum
2745 4559 2925 4629 regula
2953 4559 3197 4631 justitiw.

2061 4631 2162 4693 llic
2192 4628 2332 4686 basis
2360 4628 2612 4684 Ecclesia:
2639 4628 2844 4699 pondus
2869 4629 3132 4698 portabat,
3163 4639 3211 4684 et
3243 4628 3380 4688 idem

2132 4701 2184 4757 Μ
2194 4700 2540 4756 ansuetudine
2569 4699 2658 4754 bos
2689 4710 2736 4754 et
2758 4699 2968 4769 feritate
2990 4700 3091 4754 leo.

1989 4841 2123 4908 Quia
2158 4841 2514 4904 nimirum,ut
2544 4838 2757 4908 scripsit
2788 4837 3036 4908 Ulgerius
3066 4837 3120 4890 in
3152 4837 3464 4908 epitaphiu:

2060 4911 2214 4963 Lenis
2241 4920 2355 4964 erat
2384 4910 2632 4976 placidis,
2660 4919 2706 4962 et
2738 4909 2939 4976 rigidus
2966 4908 3203 4962 tumidis.

2061 4979 2210 5048 (222)
2253 4979 2544 5032 Ecclesium
2577 4979 2641 5032 de
2665 4976 2969 5032 Saviniaco.
3015 4977 3165 5046 Epist
3193 4979 3284 5043 2t,
3307 4980 3577 5035 ecclesiam

1992 5049 2436 5105 Sariniacensem.

2062 5118 2210 5190 (225)
2251 5117 2878 5190 archipresbyter-meyer.
2915 5115 3125 5190 P_e_trus,
3158 5119 3316 5187 epist.
3347 5133 3462 5190 seq.

2062 5184 2211 5259 (224)
2236 5184 2540 5259 Olricusde
2561 5184 2621 5259 S.
2639 5184 2918 5259 Karilejfo.
2944 5184 3318 5259 Nu_nc_noinen
3332 5184 3574 5259 [anuli-aa,

1991 5253 2126 5314 alias
2159 5256 2469 5312 monasterii
2516 5253 2874 5322 Anisolensis,
2919 5265 2976 5309 ut
3021 5257 3073 5310 in
3105 5257 3301 5310 litteris
3329 5253 3580 5322 Theodo-

1991 5329 2090 5383 rici
2128 5327 2402 5396 episcopi;
2445 5325 2719 5396 Ebrardus
2759 5321 2919 5380 abbas
2956 5325 3019 5379 de
3051 5323 3108 5396 S.
3132 5321 3578 5396 Karilefo;__alias

1991 5391 2192 5461 Castri,
2225 5391 2349 5451 villa
2383 5395 2568 5470 ϐξ]εηί
2619 5397 2746 5450 olim
2783 5396 3066 5470 dicebatur
3098 5395 3150 5470 in
3184 5393 3382 5470 [litibus
3400 5391 3580 5470 Ceno-

1993 5459 2310 5524 mannorum
2346 5475 2399 5520 et
2427 5459 2748 5529 Carnutum,
2792 5465 2879 5518 ubi
2914 5463 2975 5517 S.
2997 5461 3264 5518 Carilel‘us
3294 5459 3360 5513 ad
3385 5459 3580 5529 Aniso-

1993 5539 2101 5593 lam
2133 5536 2378 5610 ﬂuvium,
2415 5528 3120 5610 emnobiumChildebcrto
3149 5543 3289 5610 rege.
3311 5528 3574 5610 condidit,

1992 5618 2046 5663 et
2091 5608 2453 5669 monasterio,
2501 5606 2714 5669 Castro,
2761 5602 3047 5669 Castrique
3091 5601 3323 5655 dominis
3381 5609 3576 5654 nomen

1993 5679 2230 5749 reliquit.
2267 5675 2324 5732 S.
2350 5677 2618 5734 Calesium
2646 5673 2807 5730 hodie
2834 5670 3092 5728 vocitant.
