3990 6462
425 364 529 419 123

1455 356 1774 411 σοιἰτξιιοι
1816 351 2107 410 ΑΒΒᾹΤΙΞ
2152 352 2668 411 VINDOCINENSIS

3591 362 3688 418 124

419 477 516 532 sed
544 475 638 531 ubi
672 475 754 531 vel
785 473 1025 545 quando,
1057 481 1146 526 aut
1181 469 1447 541 ignoravit
1472 470 1652 524 dicere
1688 480 1781 524 aut
1808 468 1994 523 uoluit.
2030 467 2072 525 Α
2104 475 2340 521 nostram
2372 466 2569 521 saltum
2600 468 2714 539 ipse
2744 467 2969 535 daretis,
2999 471 3397 527 amaritudines
3427 475 3687 543 quaslam

420 566 574 635 Quod
604 565 933 620 conductum
960 562 1308 633 qumsivimus
1333 559 1561 614 multum
1593 559 1900 624 miramini;
1950 566 2005 614 et

421 667 569 713 certe
612 657 966 710 vehementer
1013 654 1319 707 mirandum
1365 661 1531 716 esset,
1581 651 1627 705 si
1675 668 1780 706 non
1828 649 2006 721 potius

421 755 619 801 vestra:
654 744 919 799 debilitati
951 742 1206 811 imputari
1238 751 1417 811 posset
1443 757 1606 811 quant
1656 750 1855 795 nostra:
1896 740 2007 795 for-

424 837 641 893 midini.
708 835 840 903 Quis
891 834 1092 889 etenim
1143 842 1319 902 potest
1368 834 1420 886 in
1464 834 1775 902 episc0patu
1825 832 2006 888 vestro

425 944 532 982 non
591 926 783 981 timere
835 923 988 978 vobis
1028 924 1416 993 cpiscopaute?
1451 922 1557 977 Vos
1588 923 1821 978 vidimus
1846 937 2008 991 paro-

424 1018 653 1073 cbianos
693 1022 904 1070 vestros
943 1024 1086 1067 metu
1119 1013 1383 1079 devitarc,
1426 1021 1479 1068 et
1516 1013 1703 1084 fugere
1738 1012 1879 1068 velut
1910 1013 2009 1068 bo-

424 1117 568 1171 stcs;
621 1106 915 1176 puduitque
962 1104 1168 1158 videre.
1216 1103 1271 1158 Si
1322 1104 1620 1168 miramini,
1671 1105 1776 1159 boc
1822 1104 2009 1175 utique

425 1197 610 1252 mirari
658 1195 891 1265 potestis
936 1194 1078 1265 quod
1131 1209 1399 1262 nusquam
1453 1182 2009 1263 securus‘prmsumit

424 1286 676 1354 cuiquam
705 1284 1056 1340 securitatem
1089 1283 1421 1354 promittere.
1452 1282 1567 1337 Non
1600 1293 1726 1339 tunc
1756 1284 2009 1353 personis

425 1378 658 1442 nostris,
710 1376 806 1431 sed
843 1374 1170 1445 equitaturis
1222 1373 1546 1430 timebamus
1582 1385 1637 1429 et
1680 1376 1914 1441 famulis,
1945 1378 2011 1433 de

425 1468 624 1536 quibus
658 1468 703 1522 si
734 1467 950 1537 aliquod
983 1467 1238 1521 danmum
1276 1466 1720 1533 incurrissemus,
1755 1482 1860 1521 non
1893 1468 2012 1538 plus

422 1558 651 1630 justitiae
678 1573 776 1628 per
805 1572 901 1613 vos
942 1572 1038 1612 nos
1076 1556 1360 1612 habituros
1395 1557 1813 1613 eredidissemus
1849 1575 2011 1629 quam

427 1646 495 1701 de
521 1646 721 1701 nostris
751 1646 870 1701 aliis
909 1646 1071 1701 rebus
1101 1646 1408 1702 habuimus.
1450 1646 1745 1703 Mandaslis
1774 1658 1853 1714 ut,
1880 1650 1925 1706 si
1959 1650 2011 1706 in

428 1738 610 1807 aliquo
652 1738 807 1792 nobis
836 1736 1102 1801 defuistis,
1144 1739 1503 1794 determinate
1543 1739 1697 1794 vobis
1740 1740 2010 1798 scribere-

426 1844 568 1890 mus,
596 1838 648 1883 et
674 1828 924 1900 supplere
965 1840 1189 1898 paratus
1228 1831 1415 1887 eratis.
1475 1831 1531 1884 in
1573 1831 1676 1887 boc
1716 1832 2014 1900 prudenter

429 1921 564 1976 estis
593 1919 822 1987 locutus,
857 1920 901 1974 si
934 1921 1075 1975 dicta
1111 1919 1269 1976 factis
1308 1936 1412 1975 non
1443 1924 1736 1977 evacuatis.
1783 1921 1841 1976 In
1887 1923 2011 1992 qui-

425 2010 528 2068 bus
558 2022 735 2067 autem
768 2012 926 2068 nobis
959 2013 1225 2077 defuistis,
1271 2014 1431 2083 juxta
1464 2014 1543 2070 rei
1577 2015 1860 2070 veritatem
1894 2030 2010 2072 me-

429 2101 536 2157 lius
575 2103 942 2159 determinare
984 2119 1090 2159 non
1135 2119 1442 2175 possumus,
1474 2121 1636 2176 quam
1666 2108 1710 2162 si
1748 2107 2014 2162 fateamur

428 2194 483 2249 ln
506 2195 775 2261 omnibus,
800 2195 865 2251 de
890 2195 1085 2265 quibus
1109 2211 1206 2252 vos
1234 2211 1377 2252 nunc
1397 2212 1568 2267 usque
1594 2198 1918 2267 rogavimus.
1946 2198 2015 2254 Et

428 2283 638 2339 idcirco
662 2301 762 2340 vos
789 2292 1047 2356 tanquam
1078 2287 1451 2356 promissionis
1476 2297 1531 2343 et
1557 2289 1836 2359 propositi,
1869 2290 2011 2359 quod

428 2372 598 2427 semel
627 2383 681 2427 et
710 2374 903 2429 iterum
938 2375 991 2433 in
1023 2376 1257 2445 capitulo
1295 2387 1481 2433 nostro
1522 2377 1753 2449 fecistis,
1786 2380 2010 2436 oblitum

429 2460 712 2524 miramur,
733 2470 787 2516 et
810 2462 1056 2519 mirando
1078 2463 1340 2521 dolemus.
1366 2465 1479 2523 Hoc
1508 2468 1669 2523 etiam
1697 2478 1805 2523 tam
1835 2471 2013 2528 subito

430 2566 461 2604 a
504 2552 769 2607 memoria
811 2559 992 2607 vestra
1049 2554 1313 2611 cecidisse
1367 2572 1472 2612 non
1524 2557 1840 2628 debuisset,
1888 2575 2011 2615 cum

428 2644 700 2710 quondam
742 2644 809 2698 de
842 2643 1180 2716 Sigebranno
1223 2647 1363 2715 apud
1417 2650 1672 2705 comitem
1719 2649 2012 2706 clamorem

430 2728 676 2788 facturus
709 2734 1067 2790 Vindocinum
1117 2737 1436 2804 venissetis;
1473 2740 1633 2811 130
1660 2742 1803 2811 quod
1846 2742 2016 2799 comi-

430 2833 539 2880 tem
568 2835 622 2881 et
645 2828 973 2883 comitissam
1000 2837 1185 2885 contra
1213 2848 1312 2887 nos
1335 2847 1434 2902 pro
1459 2833 1612 2889 vobis
1638 2836 1706 2890 ad
1737 2836 1870 2891 iram
1892 2852 2012 2892 con-

432 2914 735 2981 citavimus,
773 2932 962 2973 eorum
1012 2918 1324 2975 inimicitias
1371 2922 1652 2978 incurrere
1690 2938 1789 2993 pro
1833 2940 2017 2981 amore

430 3012 613 3058 vestro
652 3005 875 3061 minime
911 3018 1247 3065 recusantes.
1298 3012 1450 3068 Tunc
1477 3026 1698 3084 propter
1723 3031 1819 3072 vos
1843 3015 2015 3072 oﬂ'en-

430 3091 608 3149 dimus
652 3097 1008 3165 comitissam,
1055 3101 1122 3155 de
1151 3116 1281 3171 qua,
1306 3112 1361 3158 et
1386 3113 1605 3174 propter
1632 3121 1794 3175 quam
1847 3123 2012 3173 nunc,

432 3184 525 3237 sed
574 3184 873 3253 immerito,
918 3189 1205 3247 distulistis
1249 3193 1429 3256 nobis,
1475 3203 1531 3251 et
1570 3196 1747 3251 adhuc
1790 3196 2018 3255 differtis

425 3273 715 3343 justitiam.
744 3279 801 3333 In
829 3279 967 3336 libro
1002 3297 1267 3338 canonum
1296 3285 1362 3341 de
1386 3284 1553 3341 Grato
1592 3288 1840 3358 episeopo
1870 3289 2016 3362 (2‘25)

432 3369 762 3424 mentionem
811 3370 1008 3427 factam
1045 3374 1371 3441 audivimus,
1401 3377 1495 3431 sed
1521 3377 1645 3446 quis
1673 3380 1837 3434 luerit
1882 3381 2014 3451 ipse,

433 3457 1000 3539 penitusignoramus.
1034 3462 1283 3535 Ingratus
1312 3481 1441 3521 vero
1465 3467 1754 3538 episcopus
1780 3470 1900 3539 quis
1926 3473 2012 3539 sit,

436 3548 521 3602 vel
554 3536 694 3606 unde
724 3552 816 3618 sit,
843 3555 971 3622 quid
999 3554 1208 3621 valeat,
1255 3557 1487 3626 qualiter
1537 3536 1706 3626 vivat,
1757 3536 1872 3632 ipso
1921 3536 2007 3620 se;

437 3638 611 3709 ipsum
662 3641 954 3708 revelante,
1003 3645 1279 3701 occultare
1333 3662 1438 3703 non
1488 3664 1795 3719 possumus.
1837 3653 1894 3709 Si
1923 3668 2018 3712 vos

434 3744 653 3798 quoquo
684 3732 844 3785 modo
886 3742 1075 3803 gravat
1104 3733 1248 3804 quod
1293 3736 1554 3807 diximus,
1583 3756 1690 3796 non
1721 3744 1896 3810 nobis,
1924 3745 2017 3801 sed

434 3819 588 3874 vobis
619 3820 897 3890 imputetis
924 3823 1013 3892 qui
1060 3825 1211 3894 prius
1245 3835 1432 3881 contra
1473 3844 1570 3886 nos
1611 3830 2016 3904 indiscipliuata

432 3911 598 3965 verba
637 3911 974 3981 profudistis,
1027 3929 1134 3970 non
1182 3915 1399 3986 quidem
1443 3921 1714 3990 aequitatis
1761 3938 2015 3991 censura,

434 4002 529 4059 sed
574 4019 761 4060 amore
807 4005 1067 4063 mulieris.
1115 4007 1341 4066 Domine
1393 4013 1665 4083 episcope,
1706 4016 2019 4073 meminisse

434 4093 786 4162 debuissetis,
831 4097 1086 4166 quoniam
1132 4099 1359 4155 multum
1395 4117 1491 4157 vos
1521 4102 1827 4171 dileximus,
1874 4105 2017 4160 mul-

433 4193 547 4239 tum
577 4186 730 4242 vobis
774 4189 1120 4257 servivimus,
1166 4192 1398 4248 multum
1439 4194 1493 4249 in
1536 4194 1719 4251 futuro
1761 4198 2015 4253 servituri

432 4275 656 4332 erimus.
689 4276 853 4349 Bene,
897 4279 952 4334 in
983 4289 1245 4352 quantum
1295 4285 1591 4354 potuimus,
1619 4286 1773 4343 vobis
1822 4296 2018 4343 canta-

431 4366 629 4431 vimus,
660 4375 735 4433 et,
766 4377 823 4423 ut
849 4370 1005 4426 nobis
1050 4370 1341 4436 saltaretis,
1381 4375 1851 4443 exspectabamus.
1902 4376 2013 4432 Sed

2041 1800 2086 1859 Β

2040 3137 2091 3196 C

2106 556 2206 611 sub
2243 556 2450 611 ironica
2483 556 2753 613 locutione
2797 561 3158 630 conscriptas,
3197 572 3387 617 contra
3420 578 3523 618 nos
3549 563 3686 617 dire-

2106 648 2277 703 xistis.
2318 649 2472 706 Nunc
2509 666 2603 707 vos
2640 665 2767 721 erga
2811 666 2909 707 nos
2938 653 3203 707 veraciter
3252 654 3573 723 agnovimus
3611 655 3691 722 pi-

2106 758 2292 813 grurn,
2336 753 2523 800 contra
2563 760 2663 799 nos
2705 744 2862 800 factis
2898 754 2954 800 et
2997 745 3157 801 dictis
3195 746 3435 801 velocem
3477 758 3533 803 et
3569 763 3692 818 pro-

2107 850 2256 889 num.
2289 833 2442 889 Unde
2474 833 2817 889 fraternitate
2846 849 2952 905 qua
2993 835 3375 905 conjungimur
3404 851 3501 891 vos
3538 852 3691 906 roga-

2108 941 2247 987 Inus,
2277 934 2330 980 et
2360 925 2597 996 rogando
2643 940 2946 989 monemus,
2972 933 3033 980 ut
3059 926 3203 995 quod
3252 926 3432 981 minus
3471 925 3693 995 iustitiae

2109 1025 2166 1072 ct
2185 1015 2487 1070 dilectionis
2510 1023 2694 1069 nostro
2716 1023 2771 1070 et
2792 1023 2973 1071 vestro
2997 1016 3328 1071 monasterio
3350 1017 3689 1085 exbibuistis,

2109 1105 2211 1161 sub
2234 1105 2514 1161 celeritate
2548 1105 2842 1162 emendare
2882 1105 3106 1161 curetis.
3154 1104 3271 1161 Non
3306 1116 3391 1161 est
3420 1107 3577 1163 nobis
3604 1123 3693 1165 ne—

2110 1197 2434 1263 cessarium,
2480 1211 2579 1252 nec
2626 1196 2778 1252 vobis
2825 1196 2979 1262 utile,
3027 1205 3251 1268 propter
3284 1196 3541 1265 injustam
3583 1197 3692 1267 jam

2112 1288 2267 1344 dicta:
2313 1287 2528 1342 femina:
2561 1301 2806 1353 causam,
2862 1303 2892 1343 a
2940 1288 3226 1355 cbaritate,
3261 1288 3414 1360 131
3457 1303 3563 1359 qua
3601 1305 3694 1346 vos

2111 1392 2244 1448 pure
2270 1392 2482 1447 semper
2509 1376 2817 1442 dileximus,
2864 1377 3131 1447 separari.
3184 1379 3263 1433 De
3307 1378 3397 1433 illa
3429 1378 3692 1448 siquidem

2107 1468 2374 1539 justitiam
2425 1468 2676 1537 accipere
2728 1469 2782 1522 in
2826 1468 2975 1523 curia
3024 1477 3201 1524 vestra
3247 1470 3423 1538 parati
3475 1470 3693 1535 fuimus,

2112 1570 2167 1613 et
2192 1574 2411 1624 sumus;
2447 1566 2502 1613 et
2526 1557 2665 1628 apud
2712 1557 3213 1615 Montem-aureum
3240 1559 3413 1631 (236),
3439 1560 3525 1615 vel
3556 1563 3696 1631 apud

2114 1650 2400 1705 Carcerem
2425 1648 2597 1720 (2'27),
2625 1664 2720 1704 seu
2759 1650 2898 1719 apud
2925 1649 3154 1704 Seusam
3182 1648 3331 1721 (228)
3361 1651 3431 1705 ob
3477 1650 3578 1705 hoc
3613 1666 3697 1705 vo.

2114 1741 2199 1796 bis
2227 1741 2442 1796 obviam
2473 1740 2689 1795 ibimus.
2723 1740 3129 1796 Cenomannum
3160 1756 3288 1796 vero
3335 1740 3415 1796 ire
3446 1756 3547 1796 nec
3576 1757 3698 1812 pos-

2114 1848 2321 1898 sumus,
2353 1847 2451 1887 nec
2478 1831 2746 1899 volumus,
2772 1832 2900 1902 quia
2931 1848 3028 1888 vos
3071 1847 3301 1902 gravare
3345 1832 3599 1888 timemus
3643 1843 3697 1888 et

2113 1925 2239 1980 olim
2270 1924 2423 1980 nobis
2451 1924 2769 1990 mandastis,
2800 1938 2870 1979 ne
2904 1924 2970 1979 ad
2993 1939 3090 1979 vos
3125 1939 3247 1978 cum
3276 1924 3434 1978 turba
3462 1922 3695 1978 famulo.-

2114 2030 2233 2069 rum
2266 2013 2596 2068 veniremus.
2641 2012 2769 2076 Sed,
2798 2012 3025 2076 credite,
3056 2012 3186 2066 mihi
3227 2026 3334 2066 non
3365 2021 3472 2065 tam
3502 2012 3697 2065 mirum

2112 2106 2338 2170 exstitit,
2352 2105 2396 2161 si
2412 2105 2505 2172 ibi,
2526 2105 2615 2160 ubi
2634 2119 2793 2160 nemo
2819 2112 2967 2159 tutus
2988 2119 3107 2159 esse
3128 2113 3323 2174 potest,
3352 2103 3701 2175 quaesivimus

2114 2194 2474 2261 conductum,
2534 2210 2697 2265 quam
2761 2194 3067 2249 mirandum
3127 2195 3265 2249 loret
3305 2195 3348 2250 si
3396 2204 3502 2249 tam
3544 2193 3700 2263 longa

2116 2294 2273 2341 terra:
2299 2285 2470 2355 spatia
2503 2285 2883 2340 transissemus
2907 2284 3023 2340 sine
3052 2285 3326 2340 consortio
3353 2284 3699 2339 famulorum.

2115 2374 2335 2445 llilgoto
2365 2384 2419 2430 et
2446 2374 2722 2446 Vulgrino,
2755 2375 2821 2430 de
2850 2374 3047 2444 quibus
3077 2376 3231 2430 nobis
3271 2374 3583 2444 scripsistis,
3614 2373 3704 2443 jn-

2115 2466 2317 2519 stitiam
2352 2464 2576 2533 exsequi
2607 2463 2898 2529 voluimus,
2929 2473 2985 2518 ct
3006 2463 3074 2518 ab
3108 2464 3238 2534 ipsis
3285 2463 3424 2518 idem
3458 2464 3707 2531 accipere;

2116 2559 2504 2614 desideramus.
2533 2555 2740 2611 Valete.
2790 2554 3056 2610 Joannem
3093 2554 3502 2610 caementarium
3529 2552 3702 2625 (229),

2116 2650 2441 2704 monaclmm
2490 2656 2756 2712 nostrum,
2791 2661 2955 2717 quem
2992 2647 3267 2701 vobiscum
3300 2646 3538 2710 habetis,
3577 2660 3709 2716 pro-

2115 2750 2236 2810 pter
2260 2738 2601 2807 iniquitatem
2630 2755 2781 2795 snam
2822 2754 2855 2793 a
2878 2739 3029 2795 nobis
3060 2737 3591 2794 cxcommunicatum
3623 2737 3709 2795 inv

2117 2830 2430 2886 dubitanter
2452 2829 2747 2901 agnoscite.

2634 2916 2962 2976 EI’ISTOLA
3001 2915 3160 2972 XVII.

2118 3006 2382 3061 Ildeberto
2415 3005 2563 3061 bome
2591 3007 2710 3060 vita-
2732 3007 2997 3076 episcopo,
3038 3002 3309 3074 Go/fridus
3355 3001 3716 3059 Vindocinen-

2453 3094 2526 3149 sis
2559 3095 2864 3149 monasterii
2890 3110 3091 3160 servus,
3119 3091 3362 3147 salutent.

2189 3185 2530 3241 llameliuum
2577 3185 2644 3241 de
2682 3184 3048 3240 Monte-aureo
3093 3183 3239 3256 (250)
3289 3191 3510 3253 propter
3560 3184 3707 3239 mala

2119 3293 2239 3348 qua:
2266 3277 2419 3332 nobis
2445 3275 2670 3342 fecerat,
2701 3292 2731 3330 a
2768 3275 2918 3332 vobis
2933 3282 2987 3331 et
3013 3275 3237 3345 alegato
3265 3272 3413 3345 (⁸231)
3445 3273 3709 3329 Romanze

2118 3368 2372 3425 Ecclesiae
2397 3368 2942 3433 excommunicatum,
2979 3365 3127 3422 nulla
3158 3374 3335 3421 tamen
3365 3365 3521 3420 nobis
3560 3365 3707 3421 facta

2119 3461 2490 3518 satisfactione
2520 3460 2826 3517 absolutum
2874 3458 3180 3514 audivimus
3216 3467 3273 3514 et
3300 3458 3521 3514 scimus.
3548 3456 3707 3512 Unde

2117 3551 2345 3609 bonitati
2372 3560 2565 3606 vestrae
2580 3549 2867 3621 diligenter
2887 3547 3271 3619 supplicamus,
3290 3555 3368 3614 ut,
3386 3554 3479 3600 aut
3499 3561 3561 3602 ea
3584 3561 3709 3615 quae

2117 3644 2275 3701 nobis
2290 3643 2511 3699 abstulit
2538 3642 2638 3698 sub
2667 3640 2945 3696 celeritate
2975 3640 3243 3708 restituat,
3270 3648 3364 3695 aut
3390 3653 3707 3694 excommu-

2120 3735 2396 3795 nicationi,
2430 3747 2590 3804 quam
2628 3730 2868 3788 evasisse
2914 3729 3100 3785 illicite
3130 3729 3287 3803 132
3312 3729 3551 3793 videtur,
3602 3727 3707 3781 ite-

2119 3838 2240 3879 rum
2271 3822 2566 3893 subjaceat,
2594 3820 2838 3892 ne,quod
2866 3820 2919 3875 in
2947 3834 3070 3875 eum
3093 3834 3122 3875 a
3163 3818 3334 3884 vobis,
3361 3828 3416 3873 et
3437 3833 3469 3873 a
3497 3816 3705 3872 vicario

2120 3912 2264 3969 sedis
2291 3912 2599 3984 apostolicae
2631 3920 2810 3967 actum
2834 3910 3188 3980 dignoscitur,
3220 3907 3433 3966 irritum
3461 3905 3574 3963 ﬁat.
3700 3946 3710 3995 ί

2638 4000 2973 4059 EPISTOLA
3011 3997 3196 4055 XVIII.

2120 4092 2382 4149 Ildeberto
2401 4092 2524 4147 vitae
2554 4090 2840 4145 laudabilis
2881 4091 3141 4160 episcopo,
3170 4103 3266 4143 suo
3294 4088 3349 4141 in
3381 4084 3593 4140 Christo
3625 4084 3706 4137 di-

2191 4184 2325 4238 lecto
2357 4172 2556 4245 'Patri,
2608 4179 2881 4249 Go/fridus
2951 4178 3350 4234 Vindocinensis
3397 4175 3703 4229 monasterii

2188 4290 2452 4329 servorum
2486 4272 2755 4337 minimus,
2791 4271 2936 4327 beate
2961 4270 3124 4325 vivere
3155 4283 3375 4338 semper,
3411 4282 3504 4322 nec
3563 4265 3706 4319 omni

2188 4367 2397 4437 spiritui
2420 4365 2647 4420 credere.

433 4456 558 4511 dum
620 4468 1096 4528 exspectaremus,
1169 4470 1435 4530 quatenus
1480 4464 1633 4533 juxta
1688 4466 2015 4521 cantilenam
2043 4471 2097 4533 1)
2191 4457 2489 4522 DidiCiSlis.
2522 4456 2666 4511 Sicut
2702 4454 2861 4511 “Obis
2892 4452 3216 4520 mandaslis.’
3240 4449 3382 4521 Ψιοά
3417 4455 3704 4518 υνοριενρα

501 4614 652 4683 (225)
697 4616 770 4669 De
799 4615 964 4669 Grato
1001 4617 1261 4685 episcopo.
1301 4615 1492 4669 Mirum
1521 4625 1606 4670 est
1640 4616 1873 4685 ignorari
1919 4631 2015 4684 po-

432 4686 603 4740 tuisse
649 4702 680 4739 a
716 4685 959 4739 Golfrido
985 4684 1210 4754 Gratum
1244 4687 1554 4754 episcopum
1593 4684 1759 4739 l'uiSse
1787 4685 2016 4740 Cartha-

431 4755 753 4821 giniensem,
802 4768 924 4809 cum
970 4753 1166 4823 docere
1212 4754 1263 4807 id
1294 4753 1526 4823 potuerit
1562 4770 1671 4823 non
1700 4755 1859 4809 modo
1886 4756 2015 4811 Car-

434 4825 776 4893 thaginiense
822 4822 1109 4878 concilium
1159 4822 1392 4893 primum
1425 4823 1509 4879 cui
1540 4822 1775 4893 praefuit,
1824 4840 2014 4880 verum

431 4891 597 4946 etiam
632 4892 972 4956 Sardicense,
1003 4893 1089 4946 cui
1131 4891 1476 4959 subscripsit,
1527 4891 1621 4948 Sed
1667 4894 1922 4948 nimirum
1957 4895 2013 4949 in

432 4960 573 5015 libro
601 4976 890 5032 canonum,
925 4962 1014 5015 ubi
1041 4960 1193 5016 Grati
1233 4963 1469 5032 episcopi
1501 4978 1696 5018 nomen
1736 4963 2013 5031 praeﬁxum

431 5032 664 5102 viderat,
693 5030 931 5102 civitatis
958 5045 1149 5084 nomen
1177 5030 1521 5102 cui'prmerat
1573 5049 1676 5087 non
1716 5030 2012 5102 legebatur.

394 5105 404 5121 '
454 5171 465 5173 _
506 5100 657 5173 (226)
678 5099 832 5173 Apud
850 5098 1345 5173 Montem-aureum.
1373 5101 1428 5155 Id
1458 5103 1710 5173 oppidum
1736 5098 1870 5157 infra
1891 5102 2015 5158 Vin-

435 5168 874 5240 docinumsitum
905 5179 985 5222 est
1016 5169 1066 5222 in
1094 5168 1261 5240 altera
1290 5170 1403 5224 Lidi
1436 5168 1569 5240 ripa.

506 5239 654 5309 (9.27)
667 5239 818 5309 Apud
833 5236 1126 5309 Carcerem.
1142 5238 1282 5292 Infra
1300 5236 1783 5295 Montem-aureum
1806 5242 1858 5295 in
1884 5242 2014 5296 laeva

435 5306 678 5377 ejusdem
708 5306 856 5362 ﬂuvii
895 5309 1030 5374 ripa,
1064 5324 1169 5361 non
1198 5310 1382 5376 procul
1413 5326 1440 5363 a
1471 5322 1653 5365 castro
1685 5311 1799 5364 Lidi
1829 5322 1883 5365 et
1908 5311 2016 5365 Tu-

438 5392 630 5431 ronum
665 5377 878 5439 llnibus,
908 5378 1111 5432 Carcer
1142 5377 1516 5435 Cenumauicze
1543 5382 1797 5436 dimcesis
1826 5379 2018 5435 castel-

439 5446 548 5520 lum
582 5462 685 5520 non
716 5446 966 5520 ignobile,
993 5448 1134 5520 quod
1173 5464 1202 5502 a
1228 5448 1464 5520 Fulcone
1496 5450 1562 5520 VI
1590 5460 1807 5520 captum
1834 5457 2018 5520 narrat

440 5514 762 5572 Cltronicuui
815 5515 873 5572 S.
904 5514 1083 5572 Albini
1124 5533 1265 5572 anno
1293 5519 1467 5573 1004:
1506 5518 1630 5574 Post
1658 5514 1778 5574 ἰεοη
1826 5519 2017 5573 multos

439 5586 601 5659 igitur
638 5588 778 5656 dies,
818 5588 1019 5659 inquit,
1057 5588 1182 5642 dum
1220 5586 1386 5644 Fulco
1426 5605 1596 5659 cantes
1632 5586 2015 5659 quod_volebat

440 5655 652 5728 implere
708 5674 809 5728 non
847 5655 1048 5728 posset,
1107 5675 1286 5726 pacem
1326 5675 1443 5712 cum
1474 5658 1583 5725 ﬁlio
1628 5655 1723 5711 suo
1756 5655 2017 5728 Gaufrtdo

441 5722 683 5781 llam/lo
731 5722 884 5796 fecil,
928 5722 1224 5795 paritrrauc
1281 5722 1512 5797 sequenli
1562 5744 1697 5780 anno
1747 5722 2017 5780 castellum

2116 4616 2355 4672 Carceris
2392 4627 2655 4689 ceperunt,
2684 4625 2732 4670 et
2756 4613 3033 4670 Toarcium
3062 4627 3313 4689 magnum
3353 4618 3401 4666 et
3421 4608 3703 4689 mobilissi-

2115 4703 2257 4742 mum
2286 4677 2557 4741 castellum
2583 4677 3063 4741 concremaverunt.
3107 4681 3392 4736 Chartram
3421 4677 3585 4733 hodie
3614 4693 3705 4746 ap-

2116 4757 2337 4835 pellant,
2382 4757 2525 4826 quod
2567 4754 2871 4835 vernacula“
2893 4751 3155 4835 majorum
3202 4750 3381 4835 lingua
3416 4748 3704 4835 Qartmrem

2116 4817 2291 4882 sonat.
2319 4817 2505 4895 Itaque
2530 4834 2588 4880 nt
2614 4821 2896 4895 Parisiis.
2920 4817 3156 4895 Dionysii
3176 4819 3257 4895 _t_le
3277 4817 3509 4895 Cbartra
3535 4817 3704 4870 aedem

2115 4905 2333 4965 vocant,
2364 4886 2454 4949 ubi
2482 4909 2674 4949 carcer
2700 4893 2776 4965 illi
2809 4892 2908 4965 [uit
2934 4907 2947 4942 :
2973 4892 3054 4946 sic
3098 4889 3364 4965 indigenae
3391 4886 3704 4965 Qbartram,

2116 4974 2212 5020 aut
2241 4963 2299 5018 Β.
2320 4955 2665 5021 Vincentium
2706 4963 2773 5016 de
2803 4961 3036 5017 Cbartra
3078 4955 3365 5014 castellum
3412 4955 3465 5010 id
3497 4955 3703 5020 dicunt,

2117 5032 2268 5105 quod
2285 5034 2488 5105 Carcer
2518 5041 2602 5105 est
2624 5030 2883 5105 Goﬂ'rido:

2188 5103 2334 5175 (228)
2375 5103 2528 5175 Apud
2557 5102 2800 5175 Sensum.
2836 5099 3037 5175 Nomen
3066 5099 3329 5175 hactenus
3359 5094 3555 5175 retinet
3581 5107 3704 5175 cum

2120 5161 2274 5228 titulo
2304 5161 2593 5243 comitatus
2623 5171 2677 5225 in
2704 5184 2844 5243 pago
2869 5167 3230 5223 Cenomanico
3260 5165 3327 5218 ad
3346 5164 3574 5243 _Sartatn
3608 5161 3704 5214 llu-

2116 5243 2287 5306 vium,
2319 5243 2409 5311 qui
2449 5250 2506 5311 et
2543 5234 2719 5309 ipsam
2755 5234 3226 5295 Ccnomannorum
3277 5234 3577 5309 principem
3619 5247 3706 5285 ur-

2118 5313 2239 5367 bem
2270 5309 2604 5379 praeterﬂuit.

2213 5370 2340 5451 2:29)
2378 5378 2639 5451 Joannem
2660 5377 3088 5451 (immutarunt.
3118 5370 3407 5451 Epist.
3482 5440 3506 5451 _
3598 5399 3653 5451 ς..

2191 5396 2318 5446 (2w
2378 5396 2639 5432 Joannem
2660 5396 3088 5432 uwmenrarrum.
3118 5396 3291 5445 nptst.
3318 5396 3407 5429 zu.
3601 5399 3615 5412 -

2190 5396 2340 5519 (250)
2385 5447 2721 5519 flamelinum
2772 5446 2837 5500 de
2880 5441 3455 5519 Monte-aureo._llig
3482 5438 3703 5519 familia:

2119 5508 2341 5590 nomen,
2373 5532 2477 5572 non
2500 5517 2710 5590 patriae,
2734 5523 2870 5590 utet
2897 5513 2992 5590 lib.
3017 5530 3056 5581 ι,
3084 5514 3241 5590 epist_.
3286 5512 3373 5565 i9.
3417 5509 3614 5590 Petrus
3637 5508 3707 5566 de

2120 5581 2517 5651 Monte-aureo,
2537 5587 2602 5639 de
2626 5585 2908 5639 Hameliuo
2927 5581 3130 5638 iterum‘
3145 5581 3304 5652 epist.
3330 5581 3600 5652 sequenti.

2191 5657 2341 5726 123l)
2372 5657 2434 5710 Et
2468 5650 2713 5726 «legato.
2750 5654 2981 5710 Girardo
3012 5650 3424 5725 Engolismensi.
