3990 6514
210 435 310 493 125
1523 436 1901 493 El’lSTULrE.
1937 470 1997 478 ——
2043 437 2166 493 LlB.
2209 439 2291 494 lil.
3410 444 3511 502 1'26

207 546 389 607 clerici
413 546 587 602 vestri
609 547 679 602 ll.
712 550 1052 621 prohibitam
1072 548 1168 604 sibi
1195 549 1626 605 communionem
1643 548 1820 603 reddi-
1847 553 1897 611 Α
1930 560 2127 605 nanter
2156 562 2319 622 atque
2371 555 2641 613 veraciter
2695 556 3026 613 voluntatem
3084 566 3320 615 vestram
3354 560 3510 617 nobis

207 648 432 707 derunt,
459 639 589 711 quia
621 640 849 699 fratres
883 641 1050 699 nostri
1096 638 1360 709 justitiam
1388 640 1456 695 de
1484 655 1549 695 eo
1582 640 1823 710 recipere
1925 639 2226 696 rescribite.

206 731 519 787 noluerunt.
555 729 682 786 Hoc
709 730 922 788 fratres
949 730 1174 789 veridica
1204 746 1333 786 voce
1358 747 1416 786 se
1438 731 1631 786 fecisse
1658 730 1824 786 abnc-
2466 734 2799 792 EPISTULA
2840 736 2957 793 XX.

206 830 353 892 gant,
388 829 443 874 et
473 820 630 889 quod
657 836 772 877 nec
795 820 1027 891 justitia,
1056 836 1151 876 nec
1172 820 1404 891 justitiae
1442 822 1702 878 faciendae
1734 839 1823 880 sc-
1927 821 2196 878 Ildeberto
2224 832 2342 877 ritu:
2371 824 2654 879 laudabilis
2682 828 2946 896 episcopo,
3000 825 3270 897 (iu/[ridae
3305 826 3504 884 Viuth-

206 914 407 967 curitas
444 912 531 968 eis
582 912 789 970 oblata
842 915 1026 981 fuerit,
1079 914 1364 971 allii-ruant.
1398 917 1465 973 Et
1511 916 1630 972 ideo
1674 918 1819 973 salva
1998 915 2223 969 cinensis
2268 918 2576 971 monasterii
2620 919 2995 990 qualiscunque
3043 938 3244 984 servus,
3281 920 3507 976 salutem

204 1014 379 1057 vestra
408 1018 549 1075 pace
583 1004 855 1074 dicimus,
899 1008 1041 1078 quod
1072 1018 1263 1079 gravat
1291 1024 1411 1073 nos,
1456 1023 1552 1063 vos
1578 1008 1704 1063 talia
1732 1009 1815 1065 di-
1991 1020 2109 1058 cum
2138 1022 2285 1075 pura?
2311 1005 2604 1060 dilectionis
2634 1008 2897 1077 obsequio.

206 1094 430 1158 dieisse;
466 1097 778 1153 contristat
805 1114 903 1154 uo;
932 1115 1025 1154 vos
1070 1099 1191 1153 talia
1234 1100 1552 1167 mandasse;
1590 1111 1814 1156 eontur-
1989 1095 2259 1151 Formata:
2282 1104 2338 1152 et
2368 1095 2619 1151 formosa:
2649 1096 2844 1153 littere
2872 1099 3173 1168 prudentiae
3211 1111 3404 1158 vestrm
3435 1103 3506 1157 ad

205 1184 293 1238 bat
316 1200 414 1239 nos
441 1183 707 1242 funditus
729 1204 826 1244 vos
850 1188 904 1243 iu
934 1189 1017 1243 his
1047 1187 1256 1245 clericis
1279 1191 1475 1246 vestris
1497 1192 1814 1258 credidisse,
1917 1203 2017 1244 nos
2049 1201 2221 1257 usque
2269 1197 2567 1253 venerunt;
2597 1203 2717 1258 qua:
2744 1198 2797 1244 et
2843 1200 3079 1246 mentem
3133 1205 3371 1248 nostram
3403 1209 3505 1264 pro

208 1288 322 1342 qum
347 1283 403 1328 et
427 1275 591 1329 nobis
636 1287 834 1331 nostra
873 1276 1169 1332 dill'erendo
1200 1279 1474 1344 auferunt,
1505 1290 1557 1335 et
1595 1281 1817 1337 cauoni-
1916 1293 2076 1334 causa
2127 1293 2290 1347 quam
2340 1278 2513 1333 nostis
2566 1294 2674 1334 non
2729 1279 3078 1336 mediocriter
3129 1284 3501 1352 perturbatam

207 1364 283 1420 eis
311 1363 510 1434 regulis
537 1366 828 1421 contraria
859 1382 1079 1437 prorsus
1106 1367 1365 1424 existunt.
1393 1367 1810 1441 llabetureuim,
1916 1368 2281 1425 modulatione
2335 1384 2446 1423 suae
2475 1368 2700 1424 cithara:
2761 1368 3172 1440 mitigaverunt,
3224 1382 3277 1426 et
3306 1374 3504 1442 quibus

208 1466 268 1510 ut
309 1455 422 1524 ipse
473 1454 687 1512 melius
734 1459 929 1525 nostis,
993 1458 1047 1513 in
1096 1459 1328 1515 decretis
1377 1458 1599 1515 Patrum
1638 1460 1813 1533 (252),
1913 1458 2101 1515 oculus
2130 1467 2315 1513 noster
2364 1459 2579 1529 penitus
2605 1458 3026 1523 obtundebatur,
3081 1475 3242 1515 manu
3273 1478 3385 1516 sua:
3421 1462 3498 1518 le-

209 1547 512 1613 saneitum,
553 1559 838 1617 quatenus
887 1548 1098 1619 judiees
1163 1549 1418 1607 Ecclesia:
1470 1566 1813 1623 summopere
1913 1551 2098 1606 uitatis
2133 1550 2401 1623 lacrymas
2428 1550 2794 1607 detorserant.
2842 1551 2905 1606 Et
2951 1552 3079 1622 quia
3112 1551 3269 1608 nobis
3296 1554 3503 1621 optime

208 1645 449 1703 caveant,
478 1653 551 1692 ne
591 1638 826 1693 absente
854 1653 940 1703 eo,
981 1639 1137 1709 cujus
1156 1654 1317 1695 causa
1346 1641 1657 1710 ventilatur,
1687 1658 1809 1698 sen-
1912 1655 2138 1701 cantare
2168 1660 2311 1699 nunc
2342 1645 2559 1700 tandem
2590 1644 2913 1715 inempistis,
2940 1646 2984 1699 si
3010 1647 3502 1716 perseveraveritis

209 1725 428 1780 tentiam
466 1728 780 1798 proferant.
813 1728 878 1783 Et
905 1729 1042 1785 sicut
1079 1740 1416 1798 accusatum,
1459 1747 1525 1788 co
1560 1732 1806 1801 absente,
1912 1751 2081 1806 usque
2106 1736 2158 1791 iu
2191 1734 2353 1792 linem
2383 1734 2604 1807 negotii,
2650 1750 2749 1791 nos
2782 1751 2889 1790 non
2935 1735 3177 1807 ingratos
3211 1734 3501 1791 saltatores

206 1833 312 1871 mu
336 1817 522 1872 statim
547 1819 807 1888 sequitur
825 1833 987 1890 paena
1001 1821 1382 1889 damnationis,
1402 1822 1473 1877 ita
1496 1840 1807 1880 excommu-
1842 1888 1857 1890 _
1910 1824 2193 1880 habebitis.

205 1910 422 1964 nicatus
442 1908 531 1964 vel
561 1888 890 1967 interdictas
915 1927 981 1968 eo
1012 1912 1340 1969 reclamante
1367 1914 1535 1987 (253),
1569 1916 1659 1987 qui
1689 1915 1805 1984 ejus
1841 1888 1881 1946 Β
2352 1912 2507 1985 135
2555 1910 2888 1969 EPlSTOLA
2926 1910 3069 1969 XXI.

206 1999 470 2066 injuriam
524 2000 806 2069 sustinuit,
866 2003 1122 2073 consequi
1175 2020 1281 2059 non
1312 2005 1471 2060 debet
1506 2007 1802 2061 remedium
1906 2003 2169 2059 Ildeberto
2210 2004 2454 2074 prudenti
2505 2020 2568 2058 ac
2618 2004 2843 2074 simplici
2898 2003 3495 2075 Cenomannorumepi-

208 2090 605 2146 absolutionis.
629 2091 754 2160 Qua:
785 2108 907 2148 cum
939 2092 1012 2147 ita
1050 2094 1180 2158 sint,
1216 2094 1482 2149 miramur
1508 2096 1802 2152 vehemeu-
1974 2108 2151 2161 scopo,
2197 2089 2466 2161 (io/Tridus
2526 2090 2926 2146 Viudociuensis
2954 2094 3259 2147 monasterii
3289 2109 3494 2159 seri-us,

209 2191 315 2242 ter,
345 2197 456 2250 qua
499 2181 711 2237 ratione
743 2180 813 2236 ll.
860 2182 1138 2239 absolutus
1173 2184 1329 2256 133
1360 2185 1580 2251 dicitur,
1611 2198 1800 2242 contra
1974 2185 2195 2241 salutent
2232 2201 2349 2239 cum
2377 2201 2524 2255 pura:
2550 2184 2846 2240 dilectionis
2869 2186 3133 2255 obsequio.

212 2285 380 2340 quem
413 2269 641 2339 injuriae
662 2280 857 2327 nostrae
882 2273 1061 2329 adhuc
1094 2274 1348 2343 clamant,
1385 2284 1438 2331 et
1468 2276 1645 2333 adhuc
1671 2294 1801 2348 que-
1974 2277 2264 2333 Comitissa
2299 2276 2740 2342 Vindocineusis,
2800 2275 2924 2332 licet
2965 2277 3125 2332 modo
3153 2275 3297 2332 aliud
3320 2277 3489 2340 dicat,

208 2369 426 2414 runtur.
452 2359 572 2416 Nec
593 2362 723 2417 illud
746 2363 924 2419 minus
949 2375 1031 2419 est
1058 2365 1390 2431 mirandum,
1426 2370 1469 2423 si
1505 2368 1628 2440 quis
1651 2370 1798 2426 illum
1901 2369 2183 2425 ecclesiam
2238 2367 2675 2423 Saviniaeensem
2728 2366 2904 2439 (23$),
2936 2376 3005 2422 'et
3058 2367 3317 2437 quidquid
3368 2384 3492 2422 mo-

210 2461 435 2506 conatur
462 2452 776 2521 absolvere,
815 2453 902 2510 vel
951 2456 1253 2512 absolutum
1278 2457 1390 2529 jam
1420 2459 1605 2526 habet,
1635 2477 1797 2532 quem
1900 2460 2141 2515 nasterio
2164 2469 2348 2515 nostro
2377 2456 2696 2523 abstulerat,
2730 2457 2886 2512 nobis
2910 2457 3143 2513 reddidit
3174 2458 3228 2512 in
3250 2472 3490 2527 praesen-

212 2541 448 2601 Romana
496 2544 748 2602 Ecclesia
780 2546 995 2604 vinculo
1025 2551 1607 2608 excommunicatiouis
1655 2563 1800 2610 tenet
1903 2550 1979 2604 tia
2005 2549 2321 2605 cardinalis.
2359 2547 2516 2615 ρυοά
2569 2546 2851 2602 Ῑιιιηιίῖῖῑίιῧ
2900 2555 3085 2601 ηοδινίι
3130 2547 3492 2618 εοηψτοὺπθ

213 2633 443 2704 ligatum.
490 2634 607 2691 Nec
650 2638 757 2693 sub
790 2639 1009 2694 nomine
1040 2638 1286 2709 justitiae,
1324 2659 1486 2714 quam
1537 2643 1798 2701 obtulisse
1901 2641 2122 2697 minime
2144 2639 2534 2707 recusasset,si
2565 2638 2825 2693 Romana:
2849 2636 3102 2692 Ecclesia:
3120 2638 3489 2693 testimonium

214 2721 400 2791 fertur,
451 2723 667 2779 absolvi
709 2723 843 2793 jure
890 2726 1169 2796 debuerat,
1210 2731 1295 2785 vel
1336 2731 1620 2787 induciari.
1660 2732 1795 2789 Nam
1898 2748 2005 2789 non
2032 2732 2417 2802 praecessisset,
2445 2731 2600 2802 cujus
2618 2731 2929 2785 testimonio
2948 2730 3151 2799 aliquid
3174 2732 3373 2787 addere
3405 2740 3489 2786 te-

216 2815 302 2884 qui
332 2813 496 2871 semel
524 2815 596 2872 ab
625 2816 868 2873 ecclesia
914 2816 1069 2888 jussu
1125 2821 1361 2893 episcopi
1415 2822 1653 2894 ejicitur,
1688 2841 1794 2880 non
1897 2824 2191 2880 mcrarium
2225 2831 2327 2889 est,
2380 2830 2436 2877 et
2481 2821 2858 2877 contradicere
2908 2821 3282 2876 criminosum.
3332 2821 3488 2876 Unde

214 2904 319 2976 jam
342 2907 723 2976 contentione,
752 2925 849 2966 seu
885 2911 1429 2982 qualibetoccasione
1453 2916 1801 2983 reconciliari
1894 2914 2196 2970 cavendum
2248 2920 2335 2968 est
2355 2911 2529 2979 vobis,
2563 2912 2868 2967 venerande
2915 2909 3134 2983 praesul,
3165 2924 3233 2966 ne
3279 2910 3486 2967 femina

212 2999 555 3069 permittitur,
586 3001 687 3056 sed
722 3001 1113 3059 satisfactione.
1156 3002 1345 3061 [locin
1372 3005 1635 3062 Toletano
1667 3022 1795 3064 con-
1897 3002 2132 3073 decipiat
2177 3012 2415 3057 vestram
2466 2999 2890 3071 simplicitatem,
2937 3011 2993 3056 et
3045 2999 3334 3071 compellat
3387 3015 3487 3056 vos

216 3085 332 3143 cilio
349 3090 425 3144 sic
460 3087 646 3146 fuisse
681 3091 986 3160 definitum,
1015 3108 1045 3147 a
1073 3093 1246 3157 vobis,
1272 3104 1329 3148 ut
1366 3094 1660 3160 credimus,
1686 3112 1790 3150 non
1895 3110 2056 3164 agere
2080 3104 2269 3147 contra
2306 3093 2605 3147 Romanam
2635 3091 2931 3147 Ecclesiam
2965 3101 3198 3147 vestram
3233 3098 3483 3146 matrem.

215 3177 493 3249 ignoratur.
527 3181 670 3237 Haec
701 3181 916 3238 clericis
948 3183 1091 3239 dicta
1128 3184 1417 3253 solliciant,
1460 3188 1551 3256 qui
1580 3187 1626 3241 si
1657 3188 1792 3243 bene
1821 3227 1863 3284 Ο
1896 3181 2136 3237 Usitatus
2163 3191 2246 3236 est
2287 3179 2441 3235 valde
2471 3180 2539 3235 ad
2581 3180 2954 3249 decipiendum
2988 3194 3154 3235 sexus
3198 3180 3484 3235 femineus.

215 3268 368 3326 Deum
399 3272 742 3340 timuissent,
777 3272 894 3343 ejus
918 3272 1186 3345 justitiam
1218 3285 1449 3348 utroque
1482 3279 1617 3348 pede
1644 3279 1794 3334 elau-
1823 3268 1863 3284 ν
1897 3274 2074 3329 Sexus
2103 3273 2248 3328 enim
2286 3271 2387 3328 istc
2412 3288 2507 3327 sua
2537 3273 2787 3327 suasione
2817 3273 3027 3342 decepit
3069 3272 3340 3327 hominem
3370 3274 3485 3343 pri-

218 3361 385 3418 dicare
426 3364 667 3421 minime
722 3363 1002 3421 fecissent.
1042 3365 1250 3423 Vestra:
1299 3377 1477 3423 autem
1524 3369 1791 3442 religioni,
1901 3380 2073 3431 mum,
2101 3378 2308 3433 suaque
2363 3362 2786 3445 iqterrogationc
2811 3364 3482 3434 circumscripsitaposto-

218 3454 401 3524 optime
429 3456 661 3526 praesul,
691 3465 801 3511 tota
827 3456 1111 3514 devotione
1157 3458 1540 3530 supplicamus,
1570 3470 1631 3515 ut
1662 3476 1796 3532 qua.
1894 3455 2003 3510 lum
2031 3454 2269 3510 Petrum.
2293 3453 2445 3509 illum
2475 3455 2540 3509 ad
2564 3454 3021 3524 pnevaricandum
3059 3455 3298 3523 impulit;
3338 3457 3485 3512 hunc

219 3545 444 3602 rimouia:
468 3558 678 3604 nostra:
704 3547 868 3605 finem
899 3549 1210 3620 imponatis,
1244 3559 1298 3606 ct
1340 3549 1567 3621 justitia:
1592 3552 1793 3607 vitiata:
1894 3548 2153 3617 compulit
2179 3548 2244 3601 ad
2271 3547 2593 3618 negandum.
2634 3546 2733 3602 llic
2775 3546 2956 3616 itaque
3013 3560 3176 3601 sexus
3214 3563 3365 3603 more
3387 3563 3486 3602 an-

220 3650 247 3687 a
273 3634 472 3691 clericis
493 3646 708 3692 statum
737 3637 948 3710 erigere
975 3639 1175 3695 diutius
1213 3656 1319 3695 non
1367 3640 1650 3696 dill‘eratis.
1689 3640 1790 3695 Va-
1894 3639 2030 3693 cilia:
2060 3638 2297 3692 ostiaria:
2355 3651 2551 3708 gerens
2606 3635 2864 3702 cilicium,
2904 3650 3095 3691 omnes
3134 3650 3271 3705 quos
3302 3635 3478 3705 illicit,

219 3724 401 3791 lete,et
428 3728 593 3784 nobis
620 3729 797 3784 servis
828 3730 1044 3796 vestris,
1072 3747 1139 3785 uc
1160 3732 1239 3786 sic
1266 3731 1446 3786 omnia
1476 3731 1529 3784 in
1569 3732 1789 3786 diteccsi
1892 3738 1984 3782 aut
2034 3728 2273 3783 excludit
2321 3743 2351 3781 a
2406 3728 2537 3794 vita,
2575 3728 2713 3782 sicut
2766 3726 2987 3782 Petrum
3026 3744 3056 3780 a
3085 3725 3334 3793 Christo;
3387 3736 3483 3781 aut

220 3829 383 3873 vestra
414 3820 713 3888 perdamus
732 3820 1073 3892 periclitante
1093 3821 1327 3889 justitia,
1356 3836 1453 3892 pro
1479 3819 1574 3876 Dci
1607 3837 1791 3878 amore
1894 3818 2117 3873 includit
2172 3819 2226 3872 in
2282 3829 2534 3883 mortem,
2633 3819 2772 3873 sicut
2844 3818 3016 3872 Adam
3097 3819 3149 3872 in
3203 3817 3480 3889 paradiso.

222 3911 528 3968 succurrite.
1893 3909 2019 3965 [hee
2048 3910 2250 3965 ideirco
2288 3920 2483 3966 vestrae
2510 3910 2785 3966 dilectioni
2827 3910 3169 3981 scripsimus,
3215 3921 3482 3980 quatenus

741 4002 1074 4061 EPISTOLA
1114 4003 1257 4059 XIX.
1892 4002 1958 4057 de
1993 4001 2164 4057 ruinis
2207 4002 2438 4056 aliorum
2496 4001 2723 4057 cautelae
2764 4002 3007 4058 melioris
3050 4003 3201 4059 vobis
3253 4003 3483 4058 sumatis

220 4092 427 4151 Domino
481 4114 586 4152 suo
650 4108 700 4151 et
746 4100 917 4152 amico
964 4098 1227 4154 Ildeberto
1281 4099 1562 4155 venerabili
1622 4099 1790 4155 Ceno-
1890 4090 2216 4162 exemplum.
2248 4092 2403 4159 Quod
2433 4092 2477 4146 si
2507 4092 2678 4160 magis
2700 4092 2855 4146 ruina
2882 4093 3056 4162 placet
3079 4107 3239 4164 quam
3267 4092 3478 4146 cautela

287 4191 650 4244 manuemium
726 4191 984 4260 episcopo,
1061 4189 1333 4261 (ἴσθι-Μαι
1392 4190 1789 4247 γίηιίοείῃρηείε
1890 4191 1943 4236 (‘l
1974 4192 2273 4237 retractare
2327 4183 2509 4237 velitis
2548 4183 2692 4252 quod
2719 4181 2847 4236 fecit
2906 4182 3149 4236 Romana
3201 4182 3478 4246 Ecclesia,

281 4283 583 4336 αοηαειεήί
606 4297 805 4344 servus,
847 4298 964 4335 cum
1003 4282 1283 4337 dileclione
1315 4284 1681 4337 reverentiam,
1890 4270 2023 4327 licet
2051 4272 2205 4326 ἰηνὶιὶ
2232 4280 2287 4325 et
2520 4271 2744 4325 multum
2772 4273 2943 4326 coacti
2974 4273 3252 4337 faciamus,
3281 4272 3479 4326 Roma-

281 4371 407 4426 Vita:
424 4373 759 4428 venerabilis
795 4373 1014 4442 prtesul,
1039 4389 1163 4429 cum
1194 4372 1429 4430 Turonis
1463 4390 1558 4431 vos
1583 4385 1640 4430 et
1689 4389 1789 4432 nos

1900 4377 2016 4415 nam
2090 4361 2444 4429 audientiam,
2511 4360 2667 4431 cujus
2740 4360 3063 4416 roboramur
3131 4363 3476 4428 auctoritate,

218 4474 467 4530 essemus,
493 4463 715 4518 dixistis
733 4464 876 4531 quod
906 4465 972 4519 de
1001 4463 1280 4519 comitissa
1316 4464 1698 4520 Vindociuensi
1732 4465 1786 4519 in

669 4463 715 4517 is
733 4464 876 4531 quod
906 4465 972 4519 de
1001 4463 1280 4519 comitissa
1316 4464 1698 4520 Vindociuensi
1732 4465 1786 4519 in
1891 4454 2242 4525 θιψοιιίιηιυδ·

219 4566 314 4606 uno
332 4554 395 4608 de
411 4555 607 4610 diebus
624 4553 785 4626 135
806 4553 1052 4610 Paschali
1085 4554 1435 4612 hebdomada:
1457 4556 1611 4612 nobis
1626 4556 1787 4625 justi-
1817 4560 1865 4619 ο
2419 4545 2754 4604 EPISTOLA
2779 4547 2941 4602 XX".

221 4642 335 4697 tiam
369 4644 642 4709 faceretis,
666 4645 950 4715 ipsumque
976 4646 1117 4701 diem
1146 4645 1302 4702 nobis
1338 4656 1464 4702 ante
1485 4647 1791 4719 signiﬁcare
1894 4638 2156 4694 Ildebcrto
2194 4638 2475 4696 venerabili
2506 4638 2961 4693 Cenomannorum
2992 4637 3247 4707 episcopo,
3281 4636 3479 4708 (lo/Iri-

217 4736 551 4803 promisistis.
610 4736 676 4791 Et
732 4736 858 4805 quia
889 4745 981 4790 aut
1020 4737 1268 4792 noluistis
1326 4737 1526 4803 faccre,
1558 4747 1651 4792 aut
1679 4737 1793 4793 for-
1966 4733 2063 4787 dus
2113 4734 2286 4787 dictus
2343 4731 2741 4787 Vindocineusis
2792 4731 2973 4793 abbas.
3031 4730 3251 4784 salutem
3307 4745 3352 4784 et
3396 4732 3450 4784 di

223 4826 365 4880 lassis
414 4827 676 4883 oblivioni
710 4828 1027 4893 tradidistis,
1079 4829 1256 4885 adhuc
1282 4838 1475 4886 vestrae
1517 4831 1789 4887 dilectioni
1964 4822 2250 4878 Ιεειὶοηθηι-

221 4916 675 4985 StlpplicamllSdill
697 4917 1359 4988 desideratamjustitiam,
1383 4928 1439 4974 et
1464 4920 1788 4990 promissum
1963 4913 2225 4969 Termino
2270 4926 2431 4982 quem
2500 4910 2865 4983 signiﬁcastis,
2934 4910 3244 4979 conspectui
3300 4920 3480 4965 vestro

214 5003 422 5075 justiti;
448 5009 593 5066 diem
609 5009 904 5082 diligemu-
928 5010 1287 5080 requiremeg.
1306 5011 1523 5081 valere;
1556 5023 1613 5069 ει
1637 5012 1791 5070 res“.
1890 5002 2362 5075 pnesentabimur,
2392 5002 2439 5057 si
2466 5002 2685 5058 interim
2721 5002 2887 5056 vitam
2909 5009 2965 5057 et
2996 5001 3291 5057 sanitatem
3324 5004 3482 5059 nobis

282 5184 424 5266 (233)
461 5186 527 5266 in
570 5189 798 5266 decretis
828 5187 1072 5266 Patrum.
1121 5188 1262 5245 infra
1286 5190 1477 5266 _ep_i_st.
1503 5192 1596 5257 55,
1624 5193 1788 5266 verba
1892 5195 2193 5266 tisfactioue
2219 5195 2558 5252 reconciliare
2578 5212 2683 5251 non
2726 5194 2893 5262 valeo,
2920 5205 2968 5252 et
2999 5198 3479 5251 escounuuuicams

219 5266 335 5332 sunt
358 5255 650 5332 Zephyrini
677 5272 832 5329 papae
857 5260 928 5332 ad
954 5260 1239 5332 episcopos
1276 5255 1483 5332 Galliae,
1509 5273 1567 5332 ut
1580 5255 1636 5319 ei
1667 5262 1790 5332 qui-
1891 5255 2175 5321 in'hostem
2217 5269 2422 5320 mittere
2448 5284 2550 5320 non
2573 5267 2752 5321 debeo.

219 5322 329 5409 dem
347 5322 795 5409 tribuunturhti.
823 5344 879 5399 q.
903 5328 938 5385 9
970 5322 1480 5409 ε’σαυὲαηιηίιιάὶεεᾶ
1508 5322 1785 5409 Εεειεέὶω,
1934 5337 2115 5409 *(254)
2141 5336 2432 5409 Ecclesium
2469 5334 2924 5409 Squiniacensem.‘
2952 5334 3253 5409 Ecclesium
3283 5333 3349 5409 t_l_e
3380 5332 3448 5385 Sa

219 5396 510 5480 ξέιεδεεηζε
562 5414 648 5479 ερ.
687 5396 857 5480 φυλαί
890 5416 1053 5480 equm
1114 5396 1427 5468 νοηιὶιὰιαν,
1478 5404 1787 5457 sententiam
1894 5396 2273 5480 vitiiacodixit
2324 5406 2484 5480 epist.
2515 5405 3255 5480 l_5,__cuj_us_archipresbyter
3285 5401 3476 5480 Petrus

220 5465 502 5546 "(tiaram
527 5465 832 5546 quiaffﬁw
863 5472 985 5546 δι’ίῇ
1264 5542 1275 5546 _
1312 5542 1324 5546 _
1773 5543 1782 5546 _
1896 5477 2061 5546 epist.
2110 5477 2199 5542 16,
2254 5486 2310 5531 et
2340 5465 2393 5546 iit
2441 5465 2658 5531 scriniis
2774 5465 2986 5546 Albini:
3024 5465 3309 5528 Durantlus
3348 5471 3475 5524 item

284 5533 428 5618 £2335)
457 5533 550 5618 15:0—
565 5540 919 5618 rfqumanle};
940 5539 1056 5597 Hoc
1083 5550 1191 5618 es}.
1223 5542 1326 5618 nisi
1363 5542 1606 5618 adversm
1646 5543 1786 5612 parti
1897 5533 2198 5618 presbyter,
2222 5548 2317 5618 de_
2341 5543 2647 5618 S_aviniaco,
2688 5542 2858 5618 ilelia:
2889 5533 3357 5618 centimanum-mu
3383 5554 3475 5592 co-

221 5604 553 5683 gatisfecerit.
589 5607 745 5683 [inde
773 5619 829 5683 et
848 5611 960 5683 _l_ib.
997 5604 1230 5683 tLepist.
1261 5612 1352 5677 50,
1383 5612 1499 5683 pari
1527 5604 1787 5682 expostu-
1890 5604 2143 5683 initisfid
2170 5625 2255 5672 est
2280 5615 2506 5672 Goll‘ridi
2532 5604 2701 5672 nosiri
2731 5614 3080 5683 temporibus.
3101 5612 3265 5664 Abest
3294 5618 3473 5683 autem

222 5669 410 5758 Ψίθηθ
455 5677 646 5758 ἣρω,
692 5669 1408 5758 βθάιιιίξυιξιρῖᾘτοηεειεέιῇ
1456 5669 1787 5758 conquestus
1890 5669 2697 5758 saviiiiacuvs‘pakiiVindoc'inO,
2723 5669 2920 5754 qua'ad
2948 5677 3472 5739 Ccnoniauuositur,

222 5694 410 5729 ratione
474 5694 619 5801 agna
692 5694 978 5735 “adultum
1034 5694 1408 5737 'l‘uroneusem
1456 5694 1787 5751 conquestus
1890 5694 2211 5742 Saviniacus
2234 5702 2336 5758 pag

222 5747 468 5828 est,thod
548 5747 839 5828 arduinnm
859 5750 1197 5828 _dc_MaIliaeo
1222 5754 1786 5828 absque‘prrccedentc
1890 5758 2071 5815 leucas
2100 5756 2213 5815 fere
2243 5773 2336 5813 vn.

223 5817 575 5877 satisfactione
603 5819 916 5878 absolverit.
938 5821 1048 5891 lvo,
1086 5823 1243 5895 epist.
1265 5817 1364 5880 38’:
1397 5817 1540 5893 Quos
1565 5824 1673 5887 sine
1699 5840 1758 5877 sa
