3990 6446
548 334 650 388 ίιῖἹ

1571 339 1895 395 GOFFRiDl
1937 345 1976 396 Α
1989 343 2226 398 ΒζὶΑΤΙΞ
2270 345 2786 403 VINDOCINENSIS

3719 364 3809 418 128

547 446 884 502 concesserit
913 448 1074 503 Deus.
1102 449 1312 504 Nostra:
1357 456 1534 504 tamen
1585 452 1839 518 parvitati
1874 455 2008 507 satis
2042 453 2121 507 in-
2152 454 2197 508 A
2226 457 2399 525 egisse
2421 458 3000 516 conliteaturetdesua
3028 461 3439 532 itnperlectione
3463 483 3567 523 non
3581 484 3805 539 poenam,

543 539 870 593 conveniens
893 555 1015 594 esse
1038 541 1253 594 videtur
1275 542 1416 608 quod
1446 542 1625 596 minus
1649 544 1856 598 vicario
1872 544 2130 600 Romana:

543 626 801 681 Ecclesia:
845 629 993 683 credi
1049 629 1241 683 debeat
1293 644 1460 697 quam
1507 631 1692 686 verbis
1730 633 2045 699 comitissae,
2077 645 2126 688 et

545 724 768 783 propter
817 731 1006 771 sexum
1041 715 1332 773 femineum
1380 720 1655 776 hominem
1689 731 1853 779 tanta:
1884 725 2126 780 auctori-

543 807 670 861 tatis
699 805 900 862 habere
925 817 1258 876 suspectum.

1050 898 1385 954 EPISTOLA
1422 901 1610 955 XXIII.

538 985 862 1042 Cltarissimo
885 989 1098 1044 domino
1129 1008 1224 1044 suo
1274 1002 1322 1046 et
1351 993 1592 1047 viscerali
1645 997 1815 1050 amico
1865 996 2126 1055 Ildeberlo

609 1077 920 1131 venerabilis
961 1079 1077 1134 vitae
1112 1080 1369 1150 episcOpo,
1403 1079 1673 1151 Go/fridus
1726 1083 2126 1143 Vindocinensis

607 1169 916 1222 monasterii
991 1186 1188 1236 servus,
1263 1172 1521 1243 quidquid
1569 1184 1736 1244 potest
1789 1176 2024 1248 obsequii
2077 1189 2126 1234 et

607 1259 823 1313 amoris.

607 1348 746 1415 Quia
775 1350 930 1406 nobis
969 1353 1114 1422 quod
1163 1355 1490 1424 promisistis
1520 1359 1746 1416 minime
1799 1361 1978 1418 facere
2031 1379 2124 1434 po-

538 1438 738 1503 tuistis,
761 1454 858 1494 vos
889 1441 1028 1511 apud
1069 1457 1193 1510 nos,
1227 1445 1372 1500 sicut
1399 1448 1654 1518 rogastis,
1683 1461 2001 1506 excusatum
2032 1454 2126 1508 ha-

535 1527 750 1582 bemus.
801 1527 912 1584 Nec
949 1540 1238 1602 propterea
1291 1537 1434 1606 apud
1486 1539 1656 1594 Deum
1714 1555 1813 1597 vos
1863 1557 2126 1599 accusare

534 1634 846 1689 possumus,
870 1621 958 1677 vel
991 1623 1274 1694 debemus,
1304 1628 1446 1697 apud
1479 1645 1640 1699 quem
1671 1633 1718 1687 si
1753 1634 1918 1688 etiam
1942 1635 1996 1688 in
2027 1650 2125 1690 cte-

538 1712 674 1767 teris
704 1713 869 1770 rebus
899 1714 1053 1775 illum
1103 1716 1426 1786 offendistis,
1456 1723 1502 1778 si
1548 1739 1654 1779 non
1709 1727 1928 1795 quantis
1956 1727 2119 1784 debe-

534 1817 678 1868 mus,
709 1803 902 1860 saltem
946 1807 1146 1876 quibus
1175 1823 1482 1880 possumus,
1530 1789 1868 1872 orationibus
1892 1831 2120 1873 excusa-
2150 1789 2196 1849 Β

534 1907 676 1948 mus.
756 1893 832 1950 De
884 1905 1061 1952 vestra
1129 1899 1398 1956 charitate
1458 1911 1512 1958 et
1561 1904 1866 1962 humilitate
1942 1907 2120 1965 adhuc

533 1997 940 2054 praesumentes,
967 1989 1161 2045 iterum
1185 1994 1550 2063 supplicamus
1582 1997 1750 2064 vobis,
1778 2015 1846 2056 ne
1877 2011 2117 2056 nostram

535 2073 693 2142 137
714 2077 1051 2144 petitionem,
1076 2089 1132 2136 et
1151 2092 1390 2139 vestram
1429 2088 1844 2154 promissionem
1887 2092 2119 2162 amplius

529 2163 768 2228 qualibet
802 2169 1094 2227 occasione
1145 2172 1370 2243 implere
1418 2177 1703 2246 dili‘eratis.
1752 2183 1845 2237 sed
1884 2186 2117 2242 veniatis

526 2253 888 2313 Lavarzinum
923 2260 1095 2334 (235),
1154 2267 1297 2335 quod
1342 2279 1612 2336 optamus,
1674 2273 1919 2332 facturus
1965 2279 2110 2334 sicut

526 2355 652 2399 ante
674 2351 1050 2419 proposuistis,
1064 2364 1120 2410 et
1135 2357 1186 2410 in
1203 2357 1351 2429 (256)
1376 2375 1480 2430 qua
1505 2361 1839 2419 hebdomada
1862 2365 2006 2422 Junii
2031 2367 2113 2439 je-

521 2435 670 2504 junia
699 2440 819 2496 sitis
847 2442 1240 2516 celebraturus,
1282 2451 1438 2506 nobis
1468 2453 1747 2510 notiticare
1773 2459 2002 2514 curetis.

1031 2537 1363 2595 EPISTOLA
1422 2543 1612 2599 XXIV.

525 2616 879 2679 Dilectissimo
912 2625 1068 2682 Patri
1105 2628 1370 2686 Ildeberto
1406 2636 1691 2690 venerabili
1743 2637 2112 2696 Cenomanno-

597 2728 714 2767 rum
743 2717 1006 2788 episcopo,
1053 2719 1324 2790 Goﬂ‘ridus
1372 2723 1775 2782 Vindocinensis
1801 2733 2111 2786 monasterii

593 2807 807 2863 humilis
827 2827 1030 2878 servus,
1061 2829 1176 2867 cum
1200 2814 1477 2871 dilectione
1510 2817 1754 2874 salutem.

596 2897 960 2969 Signiﬁcastis
1013 2905 1170 2961 nobis
1235 2908 1381 2978 (257)
1451 2909 1715 2966 Joannem
1778 2918 2106 2972 monachum

532 2982 872 3042 Hierusalem
908 2991 1154 3046 rediisse.
1194 2993 1341 3048 Satis
1380 2997 1572 3052 melius
1605 2999 1705 3053 sibi
1736 3009 1878 3055 esset
1914 3002 1964 3056 in
1993 3019 2109 3059 mo-

521 3077 760 3132 nasterio
781 3094 878 3134 suo
905 3081 1042 3136 bene
1065 3083 1286 3139 vixisse.
1315 3085 1429 3141 Non
1459 3103 1648 3144 omnes
1676 3091 1766 3160 qui
1793 3100 2105 3150 terrestrem

521 3164 855 3223 Hierusalem
886 3170 1157 3241 viderunt,
1192 3175 1285 3229 sed
1318 3177 1408 3244 qui
1441 3177 1580 3233 bene
1626 3194 1872 3250 egerunt,
1921 3184 2108 3240 Hieru-

517 3257 687 3314 salem
719 3276 840 3330 qum
867 3263 920 3316 in
958 3264 1113 3320 cmlis
1143 3275 1227 3321 est
1255 3268 1458 3322 habere
1495 3282 1830 3328 meruerunt.
1863 3275 2014 3342 Quod
2041 3281 2106 3334 ad

515 3365 613 3406 vos
643 3351 954 3420 declinavit,
989 3357 1143 3413 nobis
1172 3359 1396 3414 minime
1424 3360 1808 3432 displicuisset,
1831 3367 1878 3422 si
1909 3369 1975 3423 ad
2008 3387 2106 3426 nos

515 3441 755 3498 venisset
789 3445 959 3514 prius,
1007 3449 1149 3503 sicut
1177 3449 1474 3508 debuisset.
1528 3455 1681 3521 Quod
1717 3471 1783 3511 ex
1829 3469 2016 3516 nostra
2042 3463 2107 3517 li-

516 3531 692 3582 centia
719 3547 842 3586 eum
868 3536 1147 3603 requiritis
1167 3539 1444 3596 vobiscum
1469 3543 1730 3611 habitare,
1758 3563 1863 3602 non
1893 3558 1977 3606 est
2005 3551 2107 3608 hoc

516 3619 710 3675 animm
733 3637 845 3677 suae
869 3627 1174 3695 consulere,
1204 3631 1300 3686 sed
1328 3647 1541 3690 nocere.
1563 3635 1886 3696 Monasterio
1905 3643 2103 3698 etenim

517 3723 638 3773 suo,
670 3726 699 3764 a
729 3727 836 3780 quo
863 3730 961 3784 per
990 3717 1414 3778 inobedientiam
1444 3725 1714 3795 discessit,
1747 3731 1982 3802 regulari
2014 3749 2104 3789 sa-

519 3798 827 3856 tist-actione
855 3808 1194 3865 reconciliari
1216 3814 1364 3882 prius
1391 3816 1574 3882 debet,
1609 3834 1768 3889 quam
1795 3798 1976 3878 vestra
2033 3826 2105 3880 sit

515 3891 598 3945 vel
653 3893 883 3964 alicujus
927 3900 1176 3956 catholici
1229 3903 1422 3973 dignus
1459 3910 1861 3968 communione.
1907 3913 2103 3970 Veniat

517 3981 702 4054 i'aque
728 3987 796 4042 ad
825 3993 1211 4050 monasterium
1257 4011 1433 4065 suum,
1474 4010 1527 4056 et
1556 4015 1614 4057 se
1648 4003 1828 4059 minus
1865 4006 2102 4075 perfecte

585 4179 1132 4254 (255)_Lavarainum.
1170 4188 1566 4248 Lavarzineuse
1603 4195 1855 4251 Castrum
1883 4199 1936 4252 in
1979 4201 2096 4254 Vita

514 4247 786 4326 lltleberti,
820 4254 903 4326 c_ui
953 4258 1124 4322 patria
1153 4259 1251 4313 fuit
1275 4247 2090 4326 thvarzintttn,Vsiveuutulto'tli'e

513 4317 805 4444 loquuntur
836 4317 1221 4394 Lavardinum,
1250 4317 1623 4390 Monli-aureo
1642 4317 1710 4389 ’ἱιῖ
1721 4317 1959 4392 adversa
1984 4317 2097 4409 ripa

532 4404 547 4441 ι
573 4399 822 4444 utunum.

532 4399 822 4445 intimum.

2231 548 2324 602 sed
2366 547 2687 604 medicinam
2731 562 3119 621 consequatur,
3161 562 3218 608 et
3258 555 3522 626 quidquid
3571 561 3807 634 deinceps

2230 638 2489 692 sanctitas
2537 648 2718 694 vestra
2763 655 2792 693 a
2835 640 2992 696 nobis
3041 643 3278 710 petierit,
3322 655 3506 701 nostra
3548 649 3806 709 humilitas

2229 741 2602 797 prosequetur.
2640 728 2754 785 Non
2804 731 2993 786 timeat
3035 733 3122 789 ille
3158 735 3373 801 venire;
3409 752 3514 791 non
3571 741 3802 810 trepidet,

2230 817 2318 872 ubi
2345 833 2451 872 non
2481 828 2565 874 est
2596 820 2762 874 timor
2795 822 2980 892 138,
3015 823 3238 889 timore;
3274 825 3612 882 vulneratum
3635 834 3806 902 utique

2229 926 2420 966 curare
2442 928 2539 967 nos
2553 914 2724 980 decet,
2742 930 2844 970 non
2859 916 3080 971 vulnera
3099 928 3468 987 augmentare,
3484 923 3606 991 quia
3630 923 3805 983 Pastor

2229 1016 2474 1058 summus
2494 1003 2690 1058 lassam
2713 1020 2869 1060 ovem
2897 1016 3144 1076 portasse
3173 1007 3385 1079 legitur,
3403 1026 3509 1066 non
3536 1013 3800 1085 abjecisse.

2227 1089 2392 1162 Cujus
2422 1093 2724 1149 inlirmitati
2769 1095 2822 1149 in
2861 1104 3069 1151 tantum
3109 1113 3426 1170 compassus
3455 1113 3538 1158 est
3574 1115 3634 1160 ut
3664 1107 3801 1163 inlir-

2229 1197 2350 1235 mus
2379 1182 2494 1250 ipse
2515 1182 2631 1238 fieri
2651 1185 2839 1240 mallet
2862 1202 3026 1255 quam
3057 1188 3173 1258 ejus
3197 1190 3568 1249 infirmitatem
3601 1198 3802 1266 pietatis

2230 1270 2471 1326 remedio
2500 1287 2606 1327 non
2631 1285 2877 1330 sanaret.
2917 1276 2975 1332 Si
3001 1293 3133 1335 vero
3173 1281 3328 1336 nobis
3359 1297 3482 1337 eum
3537 1284 3802 1356 diligenter

2227 1359 2547 1415 vocantibus
2583 1377 2690 1417 non
2739 1366 3057 1435 acquiescit,
3115 1369 3158 1423 si
3199 1370 3377 1425 obhtta
3417 1373 3518 1427 sibi
3567 1385 3623 1429 et
3675 1392 3801 1446 saape

2226 1447 2466 1503 exhibita
2489 1460 2732 1520 paterna:
2760 1455 3067 1513 dilectionis
3093 1460 3332 1516 remedia
3366 1461 3583 1533 refugit,
3623 1466 3666 1521 si
3696 1483 3800 1521 ma-

2229 1548 2393 1594 terme
2413 1541 2714 1600 dulcedinis
2730 1546 2944 1602 viscera
2975 1551 3293 1616 contemnit,
3322 1568 3444 1607 eum
3475 1554 3620 1609 sicut
3647 1559 3798 1610 sacri-

2227 1628 2405 1700 legum
2436 1635 2993 1704 excommunicamus,
3037 1639 3207 1696 donec
3249 1642 3573 1712 regulariter
3598 1647 3799 1702 satisfa-

2227 1721 2355 1788 ciat,
2387 1722 2442 1778 in
2475 1733 2735 1794 quantum
2767 1728 2951 1799 regula
2985 1729 3100 1800 ipsa
3126 1732 3283 1788 docet
3304 1741 3358 1789 et
3377 1737 3645 1808 prmoipit.

2739 1861 3076 1920 EPISTOLA
3121 1865 3290 1923 XXV.

2225 1964 2550 2022 Charissimo
2571 1971 2785 2028 domino
2828 1984 2874 2028 et
2913 1976 3081 2030 amico
3107 1977 3371 2034 lldeberto
3394 1981 3691 2038 honorabili
3717 1986 3798 2040 Ce-

2293 2079 2682 2119 nomannorum
2758 2069 3023 2139 episcopo,
3080 2069 3354 2140 Go/fritlus
3407 2074 3800 2134 Vindocinensis

2289 2155 2594 2208 monasterii
2611 2156 2898 2212 amicorum
2912 2176 3108 2226 servus,
3134 2161 3359 2217 salutem
3372 2173 3419 2218 et
3447 2165 3791 2221 dilectionem.

2287 2262 2547 2320 Joannem
2574 2270 2980 2324 caementarium
3026 2285 3150 2326 esse
3194 2275 3516 2330 monachum
3551 2277 3800 2333 Ecclesia:

2217 2363 2438 2421 nostrae,
2472 2365 2527 2412 et
2558 2357 2626 2412 ab
2647 2358 2761 2428 ipsa
2785 2360 3025 2417 Ecclesia
3050 2364 3245 2433 sacpius
3269 2381 3364 2436 per
3391 2367 3796 2424 inobedientiam

2216 2448 2526 2513 recessisse,
2560 2449 2869 2509 ﬁrmissime
2893 2454 3066 2517 scitis,
3095 2465 3150 2509 et
3180 2456 3490 2513 nullatenus
3521 2459 3792 2515 dubitatis.

2215 2536 2348 2590 Eum
2373 2547 2571 2601 tamen,
2599 2549 2787 2595 contra
2810 2557 2921 2598 sua:
2937 2545 3290 2612 professionis
3312 2547 3468 2602 [idem
3493 2558 3548 2605 et
3564 2559 3794 2605 nostram

2212 2629 2565 2696 voluntatem,
2592 2633 2680 2686 ditt
2701 2617 3000 2692 retinuislis
3027 2647 3077 2693 et
3110 2639 3289 2694 adhuc
3321 2641 3588 2708 retinetis,
3622 2641 3781 2708 illius,

2214 2729 2271 2774 ttt
2297 2721 2529 2788 videtur,
2553 2724 2742 2780 salutis
2768 2736 3122 2799 contemplor,
3148 2739 3204 2784 et
3224 2739 3418 2786 vestra:
3439 2732 3642 2788 oblitus
3679 2748 3796 2803 pro-

2212 2810 2510 2867 missionis.
2543 2813 2876 2874 Promisistis
2908 2819 3051 2874 enim
3090 2819 3305 2888 quando
3345 2823 3648 2879 novissime
3698 2840 3783 2878 no-

2219 2897 2432 2954 biscum
2465 2900 2678 2958 locutus
2711 2903 2911 2970 fuistis,
2939 2908 3081 2976 qttod
3114 2907 3261 2962 illum
3312 2910 3378 2964 ad
3408 2914 3792 2969 monasterium

2211 2999 2368 3042 suum
2393 2987 2493 3044 sub
2523 2990 2800 3047 celeritate
2829 2995 3197 3050 remitteretis.
3217 2996 3282 3050 Et
3311 2997 3436 3067 quia
3460 3015 3562 3054 nec
3595 3016 3628 3054 a
3653 3003 3798 3057 vobis

2210 3078 2428 3144 missus,
2480 3095 2581 3137 nec
2615 3097 2646 3136 a
2685 3099 2780 3139 sua
2829 3085 3112 3154 iniquitate
3166 3089 3484 3158 permissus,
3545 3093 3786 3147 nondum

2213 3170 2399 3226 venire
2477 3173 2675 3240 voluit,
2743 3175 2890 3230 illum
2966 3176 3079 3247 jam
3145 3177 3521 3244 admonitum,
3605 3182 3792 3237 iterum

2211 3263 2584 3328 admonemus,
2612 3275 2667 3319 et
2721 3267 2988 3323 mouendo
3037 3284 3310 3340 rogamus,
3357 3281 3418 3324 ut
3453 3273 3545 3342 qui
3581 3289 3612 3327 a
3644 3275 3790 3329 nobis

2212 3354 2439 3408 recessit
2474 3355 2634 3426 139
2661 3357 3141 3424 inobedienter,ad
3181 3377 3279 3416 nos
3315 3377 3487 3434 usque
3517 3366 3584 3419 ad
3618 3369 3792 3435 prosi-

2208 3461 2352 3499 mam
2385 3445 2721 3504 Dominieam
2762 3452 2945 3505 veniat
3007 3453 3324 3510 obediturus
3378 3456 3703 3527 regulariter
3744 3468 3791 3512 et

2207 3541 2582 3610 suscipiendus
2658 3543 3103 3600 misericorditer.
3197 3545 3352 3612 Quod
3429 3548 3474 3602 si
3553 3549 3790 3618 qualibet

2206 3632 2490 3687 occasione
2518 3631 2804 3698 distulerit,
2830 3649 2976 3699 eum,
3031 3635 3205 3691 donec
3233 3637 3544 3707 resipiscat,
3606 3641 3678 3695 ita
3701 3657 3789 3694 ex-

2206 3723 2670 3778 communicamus
2691 3733 2868 3779 utnec
2891 3727 3324 3783 communionem
3340 3730 3598 3798 percipiat
3614 3733 3784 3795 vivus,

2206 3827 2307 3866 nec
2333 3812 2666 3882 sepulturam
2715 3813 3026 3872 defunctus.
3056 3815 3223 3874 Vobis
3251 3829 3433 3874 autem
3465 3820 3787 3876 cltarissimo

2205 3904 2423 3961 domino
2454 3915 2641 3962 nostro
2665 3915 2721 3962 et
2761 3907 2936 3964 amico
2983 3909 3335 3980 supplicando
3383 3915 3704 3968 mandamus
3735 3921 3788 3966 ut

2203 4011 2364 4065 quem
2397 4006 2593 4053 vestrae
2621 3999 2866 4068 petitioni
2896 4000 2964 4056 ad
3005 4009 3215 4073 tempus
3244 4005 3632 4072 concessimus,
3665 4006 3786 4062 cha-

2204 4194 2328 4277 anni
2360 4194 2464 4250 815
2499 4206 2814 4285 eachptttm
2861 4197 3087 4281 legimus
3116 4200 3208 4285 lib.
3239 4201 3557 4285 V,.C.'tpill_ll..
3590 4218 3644 4285 c_.
3696 4201 3781 4285 86,

2202 4274 2256 4318 et
2290 4267 2341 4318 in
2377 4267 2585 4342 synodo
2637 4266 3060 4342 Bothomagensi
3118 4266 3355 4342 Joannis
3393 4266 3787 4342 archiepiscopi

2202 4350 2346 4387 anno
2371 4335 2541 4401 1072;
2569 4336 2621 4390 in
2651 4337 2818 4413 ipsius
2847 4347 3026 4393 tamen
3044 4341 3392 4413 hebdomadis
3413 4335 3789 4413 designatione

2204 4420 2310 4458 non
2347 4407 2488 4460 idem
2517 4407 2758 4461 omnium
2811 4422 3003 4463 sensus
3047 4418 3104 4464 et
3133 4426 3250 4464 mos
3304 4411 3423 4474 fuit,
3451 4407 3574 4467 cum
3630 4414 3720 4467 alii
3752 4429 3779 4466 a

583 4458 730 4554 (23.6)
760 4461 1248 4554 Qtta'llebdomada
1270 4468 1440 4554 Junii.
1469 4469 1881 4554 llinc‘ap‘paret,
1911 4475 2096 4554 jejunii
2127 4468 2177 4529 D
2205 4473 2339 4554 [cria
2399 4458 2486 4528 ii”
2509 4458 2774 4554 rationem
2805 4458 3026 4554 adtrahi,
3053 4458 3249 4554 ﬁliis}?

510 4530 683 4604 mstivj
716 4541 842 4604 ante
873 4533 964 4604 il_la
997 4543 1235 4604 tempora
1278 4547 1474 4594 statam
1505 4555 1569 4595 ac
1605 4530 1882 4599 definitam
1911 4530 2096 4604 'se'déiii

511 4613 618 4674 non
653 4599 841 4674 fuisse.
890 4602 1047 4674 Quod
1089 4599 1221 4659 sane
1253 4621 1436 4662 verum
1487 4619 1586 4664 est.
1624 4610 1756 4665 Nam
1791 4614 1841 4667 in
1871 4599 2100 4674 concilio

510 4668 849 4751 Aryerncnsi.
870 4687 991 4751 cap.
1025 4673 1093 4727 27
1121 4690 1332 4751 eorum,
1378 4693 1500 4746 quae
1534 4679 1750 4751 collegit
1779 4668 2098 4743 emaci-iii;

509 4738 796 4823 episcopus
823 4740 1222 4823 Atrebatensis,
1257 4738 1543 4823 decretum
1568 4738 1781 4823 constat
1805 4763 1859 4804 ut
1895 4738 2099 4823 semper

507 4806 600 4884 fiat
621 4807 886 4894 jejunium
920 4813 1051 4865 veris
1096 4814 1152 4867 in
1193 4806 1363 4894 prima
1388 4817 1737 4894 freedomada
1787 4806 2098 4894 Quadi-ane-

506 4875 681 4956 sinite.
699 4876 971 4956 Jejltnium
991 4897 1106 4956 vero
1134 4875 1353 4956 aestatis,
1375 4887 1525 4956 infra
1549 4875 1926 4946 ltebdomawdam
1963 4875 2097 4950 Pe'n-

505 4948 838 5026 {acestes-Et
869 4951 1008 5026 apud
1030 4948 1346 5026 Bertoldum’
1367 4948 1748 5026 in'appendiee
1775 4965 1842 5015 ad
1870 4948 2098 5020 Herma-

508 5026 636 5100 item
667 5011 1020 5100 Gebehoardus
1043 5021 1330 5100 episcopus
1365 5011 1582 5100 legatus
1601 5011 1746 5085 sedis
1777 5011 2095 5100 apostolicie

507 5079 648 5136 idem
684 5086 887 5163 statuit
935 5088 988 5141 in
1047 5079 1275 5163 synodo,
1323 5079 2095 5163 quaomConstantiaﬁiabui‘t

507 5164 660 5240 anno
678 5152 814 5240 lle
855 5152 1160 5240 exemplum
1201 5152 1271 5240 με
1323 5152 1448 5240 r'eor
1501 5152 2090 5240 seetttttsicreg1-“Vll;

505 5233 665 5296 quem
698 5224 932 5296 primum
987 5224 1145 5294 hujus
1184 5230 1383 5289 decreti
1424 5247 1700 5292 auctorem
1728 5224 2082 5296 facit‘l’llicroV-l

504 5285 679 5379 logtts.
698 5285 881 5360 'Quam
912 5285 1578 5379 veroIincertaﬂc't'auceps
1608 5317 1764 5364 antea
1795 5326 1882 5365 res
1908 5311 2091 5379 fuerit,

504 5363 739 5441 ξῗῖδιειξιιν
785 5366 1021 5441 synodus
1052 5363 1630 5441 _Salegunstadietisis,
1668 5363 1790 5433 cum
1824 5363 2090 5435 incertum

497 5431 761 5518 jejunium
780 5431 1022 5518 Quatuor
1050 5431 1377 5518 Temp'orum
1403 5431 1678 5518 vocat:_Et
1703 5431 2092 5518 mitigatis];

503 5508 615 5576 Ρθτ,
638 5510 827 5576 εαηιςε
849 5512 904 5576 et
923 5515 1111 5563 anates
1132 5508 1370 5568 varietas
1408 5513 1529 5568 fuit.
1564 5515 1695 5571 Nam
1722 5530 1781 5572 ιιι
1804 5508 1881 5572 tle'
1901 5521 2087 5576 aestivo

501 5569 714 5657 tantum
763 5570 904 5657 Junii
942 5579 1143 5634 mensis
1172 5577 1380 5657 jejunio
1425 5569 1778 5657 dicam,r(etsi
1812 5569 2087 5657 téc'c'ﬁiiuﬁ

505 5631 684 5722 fuerat
713 5657 740 5692 a
769 5631 1152 5722 plerisque,th
1172 5631 1415 5707 'sc‘c—unda
1463 5654 1582 5722 ejus
1613 5631 1834 5711 'mensis
1879 5631 2085 5712 he'bdn.

507 5709 660 5761 tnatla
720 5709 1086 5771 celebraretur
1105 5734 1120 5784 ;
1178 5722 1320 5788 quod
1377 5739 1442 5777 ex
1491 5709 1710 5793 'synotlo
1767 5709 2083 5796 Moguntina

2205 4543 2767 4618 Salegunstadiensis;
2798 4547 2908 4618 alii
2939 4563 2966 4600 a
2993 4543 3451 4618 Salihato,'quod'
3482 4543 3780 4606 faciendum

2203 4617 2364 4693 docet
2390 4617 2564 4693 Beruo
2583 4615 2750 4672 abbas
2780 4617 3086 4686 Augiensis.
3111 4615 3644 4693 Fuceuntprteterea
3671 4624 3780 4693 qui,

2201 4684 2245 4736 si
2276 4687 2491 4754 quando
2551 4695 2806 4742 evenerat
2829 4684 2888 4740 ut
2923 4689 3218 4742 secundum
3237 4684 3703 4746 Jttuii'Sabbatuni
3731 4684 3783 4748 in

2199 4755 2436 4828 vigiliam
2465 4755 2814 4828 Pentecostes
2845 4757 3128 4824 incideret,
3162 4759 3249 4812 illa
3287 4760 3397 4828 ipsa
3433 4761 3778 4816 nihilominus

2200 4821 2535 4878 hebdomatla
2576 4825 2839 4894 jejunium
2909 4821 3318 4893 observarentf
3351 4831 3621 4886 nonnullis
3674 4841 3779 4884 tum

2200 4903 2549 4965 praevertere,
2601 4905 2765 4965 atque
2800 4897 2853 4949 in
2917 4899 3330 4954 antecedentem
3396 4899 3780 4955 hebdomadam

2192 4962 2458 5038 jejunium
2491 4962 2753 5038 revocare
2778 4966 3127 5038 placuitgalii
3159 4977 3344 5022 contra
3383 4971 3434 5023 in
3462 4981 3777 5038 sequentem

2200 5036 2385 5102 (quant
2411 5035 2572 5089 hodie
2600 5035 2904 5104 sequimur)
2936 5035 3161 5104 rejicere
3193 5038 3520 5093 maluerunt.
3544 5035 3657 5093 Nec
3682 5040 3780 5092 mi-

2198 5119 2300 5176 nor
2327 5105 2438 5176 fere
2488 5105 2543 5160 in
2595 5120 2782 5176 verno,
2820 5105 3156 5176 hibernoque
3207 5107 3415 5176 jejunio
3465 5109 3774 5163 diversitas.

2198 5172 2327 5247 llos
2361 5174 2526 5247 igitur
2560 5175 2813 5247 quamvis
2851 5174 2903 5229 in
2937 5191 2997 5230 re
3031 5172 3137 5228 non
3165 5172 3357 5247 magna
3388 5179 3676 5232 discidium
3707 5179 3774 5231 ab

2203 5242 2446 5318 Ecclesia
2500 5245 2634 5308 tolli,
2676 5254 2732 5300 et
2777 5259 3120 5318 communem
3168 5242 3418 5302 omnibus
3448 5248 3620 5318 legem
3663 5249 3777 5303 dari

2198 5311 2673 5388 inter-erattqttam
2701 5314 2968 5388 sancilam
2997 5315 3232 5388 diximus
3266 5317 3322 5388 in
3349 5311 3555 5388 synodo
3575 5319 3782 5374 Arverq

2197 5381 2370 5451 nensi.
2401 5379 2507 5435 Sed
2533 5379 2637 5436 non
2666 5383 2860 5451 ubique
2883 5385 3069 5438 statim
3094 5385 3347 5440 obtinuit.
3377 5379 3542 5441 'Adeo
3569 5388 3780 5443 ditiicile

2195 5460 2279 5525 est
2317 5448 2592 5519 plerisque
2620 5448 2876 5525 a_ntiqinos
2914 5468 3113 5525 mores,
3146 5456 3393 5525 ritusque
3420 5456 3505 5511 vel
3539 5459 3788 5512 meliori-.

2194 5518 2293 5596 bus
2347 5518 2576 5596 mutare.
2633 5518 2928 5596 Eropterea
2983 5523 3256 5596 Goﬂ‘ridus
3301 5518 3556 5596 tauquam
3608 5527 3664 5580 in
3716 5544 3774 5581 re

2195 5589 2605 5662 adiuteineerta
2633 5589 2955 5646 lldebertum
2984 5592 3301 5662 interrogat.

2264 5658 2412 5737 (ἐξῇ)
2443 5657 2703 5737 Joannem
2749 5664 3084 5716 monachum.
3143 5657 3579 5735 carmentarium,
3614 5667 3774 5737 epist.

2192 5743 2305 5796 seq.
2329 5727 2398 5782 ‘29
2422 5739 2476 5785 ct
2507 5729 2594 5784 '50.
