3992 6352
551 379 646 436 liii
981 391 986 396 '
1566 374 1890 432 (iOFFRlDl
1929 373 2225 429 ABBATIS
2263 370 2784 428 YlNDOClNENSlS
3761 370 3896 425 ’ΒΞ

618 492 762 545 berto
795 491 912 544 vita:
947 486 1238 542 laudabilis
1266 487 1528 556 episcopo,
1571 487 1642 555 fr.
1693 484 1964 556 Coﬂ'rt'dus
2011 482 2138 538 l'in-
2165 497 2216 554 Α
2242 485 2421 540 clesiae
2448 485 2712 540 unitatem
2740 484 2904 549 vovit,
2933 484 3212 542 humiliter
3237 499 3495 558 rogamus
3519 494 3582 541 et
3614 487 3880 542 obtesta-

616 578 1466 638 docinensismonasteriihumilis
1487 594 1687 644 servas,
1713 577 2052 632 dilectionem
2086 586 2133 630 ct
2241 593 2363 632 mur
2391 589 2449 632 ut
2485 580 2553 633 ab
2584 578 2744 649 hujus
2778 577 3236 634 excommunicati
3264 579 3554 634 consortio
3599 593 3674 635 se
3702 581 3884 636 abst?-

617 673 777 726 totius
793 670 1091 724 dilectionis
1113 668 1438 723 servitutem.
2240 679 2424 736 neant,
2454 685 2523 724 ne
2550 669 2690 739 ejus,
2722 670 2866 740 quod
2892 670 3064 725 absit!
3119 668 3262 725 forda
3291 679 3350 726 et
3385 671 3653 726 nimium'
3688 675 3878 726 sordi-

619 762 816 825 Nostis,
849 761 1198 815 dilectissime
1226 758 1406 825 Pater,
1447 758 1590 829 quod
1622 758 2011 813 monasterium
2037 773 2136 812 no-
2239 761 2304 816 da
2337 761 2753 831 participatione
2785 760 3122 814 maculentur
3152 769 3210 815 et
3249 769 3495 830 pereant.
3535 759 3870 816 Memora-ts

546 867 720 910 Strum
751 852 1133 923 patrimonium
1160 849 1221 902 Β.
1261 848 1406 904 Petri
1443 850 1535 914 sit,
1563 858 1614 903 et
1642 847 1758 918 ejus
1787 849 2050 913 alodium,
2077 857 2134 904 et
2236 858 2416 902 autem
2449 849 2754 903 honorabili
2807 849 2922 903 viro
2947 848 3364 914 Cenomanensi,
3414 850 3700 922 episcopo
3742 853 3868 906 dili-

548 962 635 1000 res
664 946 729 998 ad
759 946 928 1014 ipsum
971 942 1327 1010 pertinentes,
1369 941 1674 1008 ubicunque
1723 939 1851 1004 sint,
1883 938 1984 994 sub
2011 954 2135 992 san-
2238 946 2430 1007 genter
2467 940 2832 1007 supplicamus
2877 949 2955 1004 ut,
2990 955 3094 994 non
3145 939 3317 996 solum
3363 955 3393 993 a
3447 943 3860 995 communione

545 1046 646 1089 ctae
672 1033 925 1088 Romana:
947 1030 1200 1086 Ecclesiae
1231 1029 1422 1098 posita:
1449 1029 1556 1083 sint
1605 1027 1937 1082 defensioue.
1979 1027 2132 1083 Unde

543 1125 790 1193 benignae
835 1120 1144 1192 paternitati
1199 1128 1394 1174 vestra:
1441 1117 1719 1172 humiliter
1770 1117 2132 1187 supplicamus

542 1224 811 1284 quatenus
849 1223 902 1266 et
933 1227 1028 1280 pro
1051 1211 1104 1265 Β.
1148 1210 1292 1264 Petri
1347 1209 1660 1274 dilectione,
1690 1217 1745 1264 et
1799 1224 1898 1279 pro
1948 1223 2129 1263 noStra

2237 1043 2470 1096 nequam
2512 1029 2675 1095 illius,
2706 1045 2864 1099 quem
2891 1030 2938 1084 ei
2963 1046 3057 1101 pro
3084 1029 3340 1085 Ecclesiae
3363 1045 3477 1085 suae
3501 1034 3854 1086 necessitate

2237 1118 2303 1171 ad
2335 1111 2525 1173 horam
2557 1119 3077 1185 comutcndavitnus,
3112 1135 3170 1175 se
3217 1120 3508 1184 abstineat,
3545 1120 3678 1184 sed,
3707 1121 3848 1190 quod

2230 1207 2345 1278 jam
2375 1224 2432 1262 se
2477 1207 2747 1262 facturum
2801 1209 3072 1279 promisit,
3132 1206 3288 1264 nobis
3342 1208 3582 1265 reddere
3633 1213 3850 1265 studeat

546 1305 850 1358 humilitate
879 1304 945 1356 de
971 1301 1130 1356 Petro
1157 1301 1222 1354 de
1255 1300 1488 1354 Caortiis
1520 1299 1690 1370 (245),
1725 1308 1779 1354 et
1813 1299 1878 1353 de
1912 1298 2133 1353 castello

547 1395 600 1448 in
631 1409 736 1462 quo
767 1393 997 1456 habitat,
1036 1393 1193 1446 nobis
1217 1390 1483 1460 justitiam
1529 1391 1771 1456 faciatis;
1812 1391 1903 1460 qui
1936 1406 2132 1461 quem.

547 1486 672 1537 dam
705 1483 1025 1537 monachum
1054 1491 1296 1536 nostrum
1321 1483 1385 1535 de
1411 1496 1551 1550 equo
1571 1497 1669 1536 suo
1698 1483 1997 1552 prostravit
2021 1491 2132 1535 tur-

549 1579 708 1647 piter,
737 1587 792 1631 et
832 1577 880 1630 ei
923 1593 1086 1630 unum
1132 1590 1345 1629 servum
1379 1584 1620 1628 nostrum
1673 1585 1728 1629 et
1775 1575 1909 1629 duos
1949 1575 2132 1630 asinos

552 1668 752 1736 injuste
798 1667 1037 1732 abstulit,
1104 1675 1158 1719 et
1221 1665 1400 1719 adhuc
1446 1679 1540 1719 eos
1591 1666 1799 1720 detinet
1849 1665 2127 1720 violenter.

554 1755 760 1810 Valete.

1061 1841 1393 1902 EPlSTOlA
1437 1844 1628 1900 XXIX.

551 1938 757 1994 Damno
781 1939 1044 1994 lldeberto
1082 1939 1408 1992 honorabilis
1459 1943 1576 1992 vita:
1622 1938 1880 2007 pontiﬁci,
1937 1939 2140 1992 charis—

620 2032 751 2086 simo
775 2030 988 2084 domino
1026 2043 1072 2084 et
1113 2029 1282 2093 Patri,
1329 2029 1401 2098 fr.
1441 2027 1710 2097 Co/Tridus
1747 2026 2140 2081 Vindocinensis

625 2123 931 2178 monasterii
950 2123 1162 2176 humilis
1177 2139 1374 2187 serens,
1402 2120 1656 2192 quidquid
1681 2129 1845 2191 μαίνει
1870 2121 2138 2184 mandari,

621 2227 668 2270 et
700 2215 877 2269 haberi
930 2215 1220 2269 salubrius.

625 2306 868 2368 Noverit,
896 2307 1096 2374 optime
1123 2305 1308 2367 Pater,
1342 2314 1524 2360 vestra
1576 2305 1818 2370 dilectio,
1875 2304 2140 2360 Joannem

558 2395 974 2450 Ctementarium
1003 2397 1322 2447 monaclmm
1344 2403 1586 2448 nostrum
1621 2395 1800 2466 143,
1831 2397 1922 2465 qui
1953 2405 2141 2450 nostra

557 2487 773 2541 licentia
811 2499 980 2554 usque
1010 2485 1168 2540 hodie
1199 2485 1474 2538 vobiscum
1509 2488 1731 2546 mansit.
1771 2501 1800 2540 a
1831 2487 1985 2541 nobis
2007 2484 2144 2539 mul-

559 2577 721 2630 toties
749 2590 868 2629 esse
909 2583 1176 2640 vocatum,
1207 2583 1265 2628 ιιι
1299 2575 1366 2628 ad
1400 2590 1498 2630 nos
1527 2576 1758 2640 veniret,
1808 2584 1861 2630 et
1909 2589 1968 2628 se
2014 2576 2140 2645 qui-

559 2669 681 2721 dem
715 2666 990 2720 multoties
1017 2665 1266 2734 promisit
1292 2672 1599 2728 venturum,
1631 2680 1730 2719 nec
1754 2667 1919 2730 venit,
1950 2665 2144 2721 timens

560 2758 808 2813 fortassis
842 2771 910 2811 ne
955 2757 1175 2810 rediret.
1207 2754 1359 2810 Nunc
1395 2763 1576 2808 autem
1619 2769 1650 2808 a
1698 2764 1879 2809 vestra
1938 2754 2142 2810 discre-

561 2850 706 2904 tione
729 2857 914 2902 nostra
945 2846 1224 2900 humilitas
1259 2862 1382 2900 eum
1422 2846 1679 2915 reposcit,
1721 2860 1880 2915 quem
1913 2861 2013 2916 pro
2059 2861 2146 2901 ve-

557 2952 671 2996 stra
697 2941 1019 2996 necessitate
1041 2938 1194 2993 vobis
1224 2937 1290 2990 ad
1317 2938 1502 2992 horam
1527 2947 1711 2992 n0stra
1739 2937 1977 2992 charitas
1999 2952 2146 2992 com-

563 3032 856 3088 mendavit.
883 3032 1035 3098 Quod
1069 3030 1113 3084 si
1166 3045 1337 3100 usque
1376 3030 1441 3083 ad
1477 3030 1722 3099 quintam
1779 3029 1990 3094 feriam,
2045 3029 2145 3084 nisi

560 3125 710 3194 gravi
738 3121 982 3194 corporis
1015 3120 1331 3177 infirmitate
1368 3121 1638 3186 detentus,
1685 3122 1750 3175 ad
1780 3136 1877 3176 nos
1919 3137 2023 3175 non
2053 3137 2145 3176 ve-

561 3213 720 3278 nerit,
756 3212 1121 3266 indubitanter
1171 3219 1432 3280 agnoscat
1465 3211 1591 3280 quia
1625 3211 1675 3263 in
1706 3226 1830 3264 eum
1885 3211 2143 3266 facienms

559 3302 700 3370 quod
732 3302 783 3356 in
816 3301 964 3355 illum
991 3299 1107 3355 fieri
1143 3300 1303 3355 debet
1345 3301 1436 3370 qui
1464 3309 1518 3354 et
1543 3300 1749 3370 proprii
1780 3301 1879 3356 loci
1905 3301 2146 3354 deseruit

557 3392 924 3446 obedientiam
986 3398 1043 3445 et
1107 3405 1218 3446 sua:
1282 3390 1636 3460 professionis
1706 3391 1865 3446 [idem
1934 3394 2144 3450 irritam

561 3485 707 3540 fecit.

1078 3573 1414 3630 EPISTOLA
1451 3573 1620 3629 XXX.

565 3665 822 3720 Omnibus
850 3665 1134 3736 episcopis,
1156 3667 1430 3721 abbatibus
1465 3681 1511 3720 et
1537 3669 1790 3723 universis
1813 3678 2008 3724 sancta:
2043 3669 2146 3724 Ec-

634 3756 806 3811 clesia:
854 3757 1004 3826 ﬁliis,
1053 3759 1315 3828 pi'tt'cipue
1370 3769 1544 3814 tamen
1615 3759 1806 3815 domno
1861 3761 2144 3829 lldeberto,

635 3849 917 3904 discretoet
955 3851 1236 3904 venerabili
1273 3848 1687 3908 Cenomannensi
1721 3854 1984 3924 episcOpo,
2017 3855 2145 3924 [ναι.

637 3940 910 4011 Co/fridns
953 3938 1351 3997 Vindocinensis
1376 3945 1676 3997 monasterii
1694 3945 1905 3998 humilis
1947 3962 2146 4011 servus,

635 4033 852 4101 diligere
875 4031 1012 4101 quod
1045 4031 1184 4084 Deus
1207 4031 1400 4102 diligit,
1428 4041 1476 4085 et
1497 4033 1616 4086 odio
1639 4032 1829 4087 habere
1849 4034 1989 4104 quod
2017 4035 2147 4089 odit.

639 4122 898 4177 Joannem
932 4123 1348 4177 Canitientarium
1378 4123 1704 4177 mcnachum
1727 4124 1943 4194 quidem
1975 4124 2146 4196 (246),

565 4214 660 4266 sed
692 4227 795 4266 non
846 4213 1132 4266 habentem
1179 4211 1460 4267 charitatis
1493 4222 1830 4281 caementum,
1893 4215 2150 4285 quoniam

568 4306 770 4377 proprii
801 4305 901 4358 loci
932 4304 1172 4358 deseruit
1213 4305 1603 4369 obedientiam,
1631 4316 1686 4360 et
1714 4321 1824 4360 sua:
1855 4306 2149 4376 professio-

571 4400 657 4452 nis
692 4398 849 4451 [idem
885 4396 1096 4449 irritam
1139 4394 1289 4460 fecit,
1343 4405 1398 4448 ct
1423 4395 1697 4451 multoties
1741 4398 2050 4452 admonitus
2097 4407 2154 4453 et

2237 1299 2695 1352 commendatum.

2745 1387 3078 1444 EPISTOLA
3113 1387 3306 1445 XXXI.

2237 1477 2465 1548 llanulfo
2494 1481 2657 1532 beata:
2683 1479 2801 1532 vita:
2843 1480 3084 1549 episcopo
3123 1479 3295 1550 (247),
3327 1477 3616 1549 (Io/frictus
3660 1479 3846 1536 Vindo-

2305 1569 2528 1621 cinensis
2575 1567 2881 1621 monasterii
2928 1567 3129 1626 inutilis
3179 1585 3378 1636 servus,
3426 1579 3478 1623 et
3521 1569 3725 1626 fratres
3747 1563 3844 1628 sibi

2304 1660 2590 1724 commissi,
2636 1675 2754 1712 cum
2787 1659 3066 1714 dilectione
3090 1661 3452 1714 reverentiam.

2305 1749 2452 1804 Satis
2483 1759 2668 1804 notum
2707 1750 2858 1804 vobis
2891 1765 3012 1806 esse
3037 1751 3262 1816 scimus,
3293 1753 3436 1821 quod
3465 1754 3719 1810 consilio
3749 1772 3830 1812 re

2165 1831 2211 1891 Β
2240 1849 2354 1896 stro
2381 1851 2435 1895 et
2463 1837 2851 1908 admonitione,
2875 1856 2996 1897 cum
3024 1839 3225 1897 Eblone
3257 1842 3406 1914 (248)
3440 1853 3499 1898 et
3524 1834 3658 1916 ejus
3685 1861 3838 1901 uxore

2242 1948 2430 2003 pacem
2465 1933 2772 1988 fecerimus.
2793 1934 2905 1990 lloc
2934 1924 3098 1988 etiam
3125 1932 3360 2004 qualiter
3390 1935 3601 1990 factum
3667 1938 3833 2000 fuerit,

2243 2037 2338 2077 vos
2368 2022 2589 2078 minime
2621 2021 2787 2077 latere
2807 2023 3217 2093 cognoscimus;
3252 2038 3412 2092 quem
3442 2024 3720 2082 nimirum
3749 2029 3836 2082 hn-

2238 2112 2327 2182 jus
2372 2111 2498 2166 lacti
2532 2112 2884 2166 mediatorem
2929 2112 3130 2182 pariter
3155 2121 3210 2166 et
3258 2112 3601 2169 laudatorem
3667 2119 3840 2171 habui-

2244 2218 2386 2268 mus,
2409 2211 2464 2258 et
2497 2218 2594 2272 per
2615 2203 2769 2272 cujus
2792 2219 3008 2258 manum
3034 2205 3137 2260 hoc
3166 2204 3338 2275 ipsum
3371 2204 3488 2260 fieri
3532 2217 3592 2261 et
3637 2208 3838 2262 ﬁrmari

2244 2295 2603 2359 decrevimus,
2646 2295 2747 2350 hac
2778 2295 3093 2352 conditione
3140 2296 3348 2352 scilicet
3393 2307 3452 2352 et
3507 2299 3836 2365 intentione,

2246 2385 2374 2439 utsi
2404 2385 2526 2454 quis
2561 2385 2612 2440 in
2636 2394 2914 2456 posterum
2941 2387 3083 2456 quod
3115 2387 3166 2442 in
3209 2387 3378 2442 vestri
3411 2390 3722 2457 praesentia
3768 2391 3839 2444 ia-

2246 2485 2395 2529 etum
2423 2474 2828 2530 fueratviolare
2880 2484 3251 2544 przcsumeret,
3292 2484 3468 2532 vestra
3511 2481 3838 2535 auctoritate

2246 2579 2276 2619 a
2302 2579 2418 2620 sant
2435 2573 2486 2620 ta
2516 2565 2752 2620 Ecclesia
2797 2565 3024 2632 alienus,
3050 2567 3219 2622 donec
3267 2565 3639 2636 resipisceret,
3682 2569 3838 2625 habe-

2248 2665 2433 2722 retur;
2472 2655 2614 2727 quod
2647 2664 2817 2710 totum
2864 2655 3234 2711 ecclesiastica
3280 2671 3513 2712 censura
3557 2661 3837 2716 continere

2247 2747 2478 2802 videtur.
2511 2747 2567 2801 ln
2596 2748 2769 2802 sacris
2798 2747 2943 2801 enim
2992 2748 3291 2804 canonibus
3326 2750 3604 2820 reperitur
3643 2761 3706 2807 ut
3753 2751 3838 2822 qui

2251 2853 2364 2893 rem
2394 2839 2690 2909 quamlibet
2713 2838 2871 2910 145
2892 2839 2943 2892 in
2967 2840 3254 2908 praesentia
3283 2840 3519 2910 episcopi
3569 2843 3660 2896 Siti
3696 2842 3840 2911 juste

2249 2929 2564 3000 dispositam
2626 2945 2888 3001 quassare
2949 2931 3257 2998 tentaverit,
3300 2932 3492 2997 semel,
3524 2937 3840 2990 secundore

2251 3023 2656 3086 commonitus,
2704 3022 2749 3076 si
2803 3022 3095 3078 emendare
3142 3024 3561 3093 contempserit,
3600 3026 3674 3082 ab
3731 3029 3839 3099 ipso

2251 3115 2502 3186 episcopo
2548 3114 3084 3180 excommunicetur,
3121 3114 3275 3183 cujus
3327 3119 3677 3186 praesentiam
3721 3118 3841 3174 irri-

2251 3188 2591 3260 tam'facere
2652 3205 3076 3275 praesumpserit.
3125 3204 3263 3261 llinc
3307 3207 3489 3276 itaque
3540 3206 3707 3263 facile
3751 3213 3840 3264 ad-

2248 3306 2457 3353 vertere
2481 3298 2708 3368 potestis
2744 3298 2873 3367 quid
2903 3307 3092 3354 contra
3137 3295 3348 3352 Juetam
3381 3307 3434 3352 et
3457 3298 3838 3368 lsembertum,

2247 3399 2298 3444 et
2323 3389 2572 3446 homines
2611 3403 2799 3446 eorum
2831 3403 2992 3459 agere
3034 3388 3299 3445 debeatis.
3334 3389 3466 3444 Eblo
3505 3391 3733 3460 quidem
3789 3404 3842 3448 et

2249 3497 2391 3536 nunc
2421 3481 2562 3536 dicta
2590 3480 2705 3550 ejus
2735 3496 2872 3536 uxor
2898 3479 3075 3547 Jueta,
3105 3480 3262 3536 nobis
3297 3496 3396 3551 per
3435 3482 3595 3537 fidem
3635 3487 3842 3554 promi-

2249 3580 2456 3637 serunt,
2489 3582 2543 3625 et
2582 3572 2734 3627 vobis
2757 3577 2813 3627 et
2839 3571 2994 3626 nobis
3025 3571 3242 3628 obsides
3269 3587 3431 3642 super
3455 3573 3559 3628 hoc
3597 3575 3843 3630 tradideo

2250 3672 2376 3716 runt
2424 3663 2568 3732 quod
2624 3662 2949 3718 lsembertus
3005 3678 3193 3718 eorum
3243 3663 3408 3727 llius,
3461 3664 3553 3733 qui
3605 3666 3838 3730 aberat,

2249 3754 2568 3810 cent-ederet
2595 3767 2801 3824 pacem,
2832 3767 2996 3822 quam
3027 3753 3126 3822 ipsi
3157 3752 3211 3808 in
3257 3768 3418 3808 manu
3443 3762 3623 3808 vestra
3658 3758 3840 3810 firtna-

2251 3853 2460 3900 vcrunt.
2491 3844 2642 3911 Quod
2671 3845 2796 3914 quia
2829 3845 3010 3900 facere
3035 3843 3245 3900 distulit
3265 3853 3320 3899 et
3350 3844 3526 3900 adhuc
3547 3844 3755 3909 dill'ert,
3789 3848 3841 3901 ei

2251 3948 2305 3993 et
2325 3935 2442 4005 ejus
2466 3937 2650 4002 matri,
2676 3936 2819 4005 quod
2850 3936 3070 4007 dignum
3111 3946 3167 3990 et
3190 3935 3396 4007 justum
3427 3935 3548 4001 fuit,
3594 3937 3841 3992 divinum

2250 4028 2482 4084 ollicinm
2526 4027 2844 4094 abstulistis,
2875 4037 2929 4082 et
2958 4027 3156 4084 litteris
3210 4028 3404 4083 vestris
3450 4026 3608 4083 nobis
3653 4040 3842 4100 postea

2253 4121 2572 4184 IlzatldaSllS,
2605 4130 2662 4175 ut
2713 4121 2780 4177 de
2821 4121 3050 4192 iustitia,
3085 4135 3246 4192 quam
3297 4121 3660 4192 incoeperatis,
3707 4124 3844 4178 nihil

2253 4213 2468 4282 penitus
2489 4212 2887 4279 dubitaremus;
2920 4214 3062 4283 quod
3103 4214 3170 4268 ad
3211 4213 3424 4270 laudem
3454 4223 3650 4270 vestrae
3672 4217 3847 4288 digni-

2256 4304 2380 4356 tatis
2406 4303 2456 4357 in
2483 4303 2665 4359 multis
2690 4303 2822 4360 locis
2855 4304 2968 4373 jam
3020 4305 3526 4376 prirdicaveramus.
3557 4307 3665 4361 Sed
3716 4309 3844 4378 quia

2256 4409 2400 4449 nunc
2429 4409 2524 4449 vos
2573 4394 2786 4451 Juetam
2842 4395 3158 4463 absolvisse,
3190 4397 3243 4451 in
3297 4413 3404 4468 qua
3454 4399 3578 4453 mali
3629 4415 3848 4455 summa

568 4489 726 4556 longo
752 4497 997 4553 tempore
1029 4495 1428 4551 exspectamus,
1463 4486 1607 4552 quod
1634 4484 1936 4554 deliquerat
1960 4502 2147 4542 emen-
2181 4507 2229 4566 ι)
2258 4496 2366 4542 tota
2391 4487 2661 4554 consistit,
2694 4485 2836 4542 fama
2855 4488 3126 4544 referente
3142 4488 3389 4555 sinistra,
3421 4490 3770 4558 audivimus;
3799 4495 3846 4547 si

566 4580 702 4632 dare
745 4575 990 4646 neglexit
1015 4584 1071 4629 et
1111 4576 1354 4645 negligit,
1388 4590 1419 4628 a
1452 4576 1604 4630 nobis
1650 4578 1908 4633 noveritis
1935 4593 2154 4634 excom-

573 4671 928 4732 municatum,
959 4677 1064 4720 cta
1115 4681 1342 4736 corpore
1394 4675 1596 4722 sanctae
1628 4667 1882 4723 Ecclesia:
1938 4685 2155 4740 separa-

572 4771 706 4823 tum,
743 4760 797 4812 in
843 4766 1104 4826 quantum
1149 4755 1327 4827 regula
1368 4765 1556 4812 sancta
1598 4757 1757 4812 docet
1790 4767 1842 4814 et
1888 4763 2150 4832 praecipit.

577 4849 726 4902 L'nde
762 4861 950 4901 omnes
979 4845 1321 4902 Christianos
1351 4848 1402 4901 itt
1431 4846 1708 4904 Christum
1733 4851 2040 4918 credentes,
2062 4854 2153 4923 qui

577 4939 736 5012 144
780 4940 1048 4994 neminem
1097 4953 1250 4995 extra
1298 4940 1580 4998 catholicas
1615 4952 1672 4999 et
1702 4945 2012 5015 apostolicae
2061 4947 2156 5003 Ec-

647 5133 792 5215 (iiii)
837 5131 994 5189 Petro
1037 5136 1102 5190 de
1139 5136 1389 5194 Caortiis.
1437 5138 1558 5195 Lib.
1601 5157 1656 5206 v,
1687 5142 1846 5212 epist.
1882 5143 1969 5197 12.
2004 5143 2155 5216 llugo

575 5206 894 5260 Caorciuus.

646 5275 794 5356 (illi)
817 5275 1089 5357 Joannem
1139 5277 1544 5357 Ca'ntentariu_m
1557 5284 1904 5357 _monac/ium
1923 5286 2152 5357 quidem.

576 5347 858 5414 Fugitivns
905 5348 993 5424 hic
1045 5351 1341 5424 monachus
1390 5351 1706 5424 a_Golfrido
1763 5369 1904 5424 saepe
1935 5347 2156 5411 'frustra

580 5427 883 5483 revocatus,
915 5419 984 5472 ob
1020 5421 1152 5472 artis
1187 5437 1299 5475 sua:
1345 5422 1632 5477 utilitatem
1667 5426 1734 5478 ab
1763 5419 2027 5481 "deberto
2073 5443 2157 5480 re-

583 5490 878 5562 tinebatur,
907 5499 1218 5562 utquestus
1238 5500 1321 5544 est
1349 5492 1440 5546 lib.
1477 5507 1516 5556 ι,
1546 5495 1702 5562 epist.
1735 5495 1789 5559 3,
1826 5498 1892 5550 ad
1917 5497 2157 5552 Pascha-

580 5558 703 5610 lt‘lll.
750 5557 1049 5612 Verisimile
1077 5570 1161 5614 est
1185 5569 1304 5630 post
1328 5557 1940 5622 excomtnitnicationem
1981 5569 2158 5623 reddi-

583 5637 691 5706 tum
749 5630 1076 5708 monasterio
1127 5630 1314 5694 fuisse,
1363 5644 1418 5708 et
1468 5636 1841 5708 tleprecatoria
1903 5639 2156 5708 quapiam

579 5700 738 5777 epist.
767 5701 1224 5777 commendatum.
1272 5704 1447 5770 qualis
1469 5700 1552 5757 est
1579 5706 1667 5777 7‘23
1709 5705 1852 5762 inter
1901 5700 2157 5777 epistolas

582 5767 823 5821 lldcbcrti
847 5783 1006 5836 quam
1032 5771 1262 5825 libenter
1287 5767 1388 5828 huc
1418 5776 1788 5842 transferrem,
1820 5767 1948 5832 nisi.
1973 5793 2156 5832 mona-

2259 4582 2330 4635 ita
2351 4589 2454 4647 est,
2485 4595 2592 4635 non
2619 4581 2964 4636 mediocriter
2992 4581 3251 4636 admirari
3277 4589 3331 4636 et
3358 4596 3651 4653 possumus
3673 4593 3730 4639 et
3761 4586 3850 4639 de.

2257 4665 2470 4734 bemus,
2497 4669 2695 4738 quippe
2730 4683 2853 4723 cum
2881 4669 2948 4725 de
2973 4677 3154 4724 vestra
3191 4671 3520 4736 constantia,
3541 4681 3597 4726 et
3619 4672 3852 4740 justitite

2259 4757 2572 4826 integritate
2601 4759 2834 4830 amplius
2855 4760 3106 4816 dubitare
3133 4761 3370 4831 potuerit
3392 4761 3591 4816 nullus.
3626 4764 3844 4830 Valete;

2256 4858 2312 4904 et
2338 4850 2480 4921 quod
2509 4853 2561 4905 in
2608 4866 2770 4907 causa
2813 4860 3003 4907 nostra
3053 4853 3230 4908 minus
3273 4851 3497 4922 justitia:
3531 4857 3846 4926 peregistis,

2257 4939 2506 5012 supplere
2535 4957 2787 5012 rogamus
2825 4959 2920 5000 vos
2955 4959 3062 5000 non
3102 4943 3380 5000 differ-stis.
3424 4943 3538 5002 Non
3577 4949 3726 5003 enim
3764 4952 3848 5005 in-

2258 5143 2344 5228 chi
2372 5157 2727 5228 nomentpro
2771 5163 2880 5218 quo
2923 5149 3229 5216 intercedit,
3277 5149 3422 5206 aliud
3480 5147 3650 5206 luisse
3685 5155 3850 5223 primi

2258 5220 2426 5284 apicis
2455 5228 2580 5270 nota
2608 5220 2888 5274 indicaret.
3685 5220 3702 5223 ’

2329 5284 2479 5366 (247)
2522 5287 2755 5368 ίξαςιιιιίο
2783 5292 3040 5368 episcopo.
3060 5289 3448 5368 ﬁanctonensi,
3468 5291 3850 5368 Bosonis_sttc-

2259 5358 2482 5433 cessori.
2524 5355 2965 5433 Hujus—auspicia
2990 5362 3330 5433 epiSCOpatns
3360 5365 3412 5416 in
3434 5355 3643 5433 vetere
3674 5364 3852 5416 Clu-u-

2265 5425 2390 5503 nico
2420 5425 2995 5503 Vineti’conjiei'untur
3023 5425 3098 5486 "lu
3150 5425 3349 5486 a'nnum
3411 5432 3575 5503 1083!.
3615 5432 3851 5503 ,Synodo

2259 5496 2564 5566 [trvernicaa
2588 5496 2850 5566 interfuit,
2897 5510 2954 5554 ut
2977 5511 3240 5557 testantur
3289 5503 3482 5558 littera:
3534 5496 3735 5556 Urbani
3795 5518 3854 5558 et

2261 5564 2556 5642 l’aschalis,
2587 5583 2723 5638 quas
2767 5564 3118 5640 produximus
3169 5575 3236 5627 ad
3278 5573 3371 5627 lib.
3410 5589 3472 5638 tt,
3503 5573 3663 5642 epist.
3691 5573 3763 5626 26
3793 5587 3852 5628 et

2262 5639 2328 5690 12
2359 5638 2550 5706 hujus:
2583 5638 2830 5709 sequenti
2859 5657 3001 5696 anno
3028 5643 3304 5698 Urbanum
3331 5638 3604 5700 Santonos
3623 5646 3851 5699 venien-

2264 5718 2367 5761 tem
2393 5711 2604 5780 cxcepit
2633 5710 2811 5764 ldihus
2839 5712 3060 5780 Aprilis.

2331 5780 2477 5848 (248)
2520 5781 2649 5834 (Iuni
2683 5780 2905 5835 Ebrotte.
2955 5782 3070 5837 Lib;
3103 5799 3139 5850 I,
3167 5783 3326 5853 epist.
3362 5784 3388 5842 1

3972 1596 3975 1762 1
