3990 6470
226 469 321 522 135

1489 441 1868 499 EPIS'I‘OLAS.
1906 469 1974 480 —
2014 438 2137 492 LIB.
2172 438 2254 492 ιη.

2258 335 2297 345 ,μ
2350 338 2355 341 .

3396 437 3498 493 ςδι

216 577 387 644 gratis
413 570 598 625 amicis
626 566 969 637 aajutorium
1006 566 1262 625 vestrum,
1292 556 1399 613 Deo
1440 554 1793 627 suﬁ‘ragante,
1825 564 1870 611 Α
1898 550 2059 604 etiam
2090 549 2349 620 scriptum
2400 551 2569 616 scitis,
2619 550 2663 606 si
2700 547 2952 605 oblivioni
3015 562 3122 604 non
3173 548 3499 614 tradidistis,

231 658 544 734 praebebitis.

622 744 791 818 me
824 738 1153 799 EPISTOLA
1176 734 1390 794 xxxu.

234 840 447 909 Ranulfo
472 838 809 892 honoranda:
837 835 957 889 vita:
981 832 1214 901 episcopo
1255 825 1563 880 charissima
1590 823 1803 877 domino

291 947 381 986 suo
405 938 452 983 et
494 924 843 996 prwcordiali
880 925 1067 984 aruico,
1126 917 1396 987 Goll'ridus
1459 914 1806 969 Vindoriueu—

289 1021 358 1076 sis
379 1013 681 1071 monasterii
713 1028 921 1077 aereus,
952 1010 1169 1064 salutem
1192 1016 1237 1060 et
1281 1004 1639 1059 reverentiam.

290 1111 411 1166 Illud
439 1105 581 1178 quod
631 1104 788 1175 quasi
814 1119 914 1175 pro
940 1099 1224 1157 cuneurdia
1275 1095 1544 1153 Goﬁ‘ridus
1574 1091 1808 1147 Taunia-

228 1200 394 1257 censis
437 1193 596 1266 (249)
639 1208 699 1248 se
748 1193 911 1246 nobis
956 1187 1215 1243 obtulisse
1263 1185 1480 1249 asserit,
1532 1195 1809 1251 nunquam

231 1288 345 1344 mihi
380 1284 603 1356 placuit,
631 1296 732 1336 nec
784 1279 980 1349 placet,
1025 1290 1125 1330 nec
1152 1274 1205 1328 in
1249 1282 1512 1327 mter-num
1557 1269 1808 1339 placebit.

229 1377 475 1432 Cancrum
502 1372 649 1441 quod
696 1366 925 1423 consilio
961 1372 1138 1418 vestro
1177 1376 1235 1416 se
1281 1359 1683 1415 satisfacturum
1716 1370 1813 1410 no-

229 1469 304 1523 bis
325 1462 608 1535 promittit,
636 1460 772 1516 satis
821 1457 1141 1518 laudamus;
1181 1452 1277 1508 sed
1315 1453 1610 1506 verendum
1655 1448 1812 1504 vobis

228 1564 306 1615 est
345 1572 410 1611 ne
441 1554 543 1609 sub
573 1553 674 1606 bac
705 1546 1030 1605 lmmilitatis
1070 1543 1251 1614 specie
1276 1541 1683 1611 simplicitatem
1720 1552 1814 1593 ve-

228 1658 382 1703 stram
416 1644 683 1714 decipiat:
713 1640 855 1711 quod
882 1646 937 1693 et
973 1652 1070 1693 nos
1097 1650 1200 1689 non
1228 1632 1584 1688 mediocriter
1627 1628 1816 1684 formi-

232 1737 429 1790 damus.
465 1735 743 1804 Rogamus
771 1729 935 1799 igitur
976 1724 1320 1782 sanctitatem
1351 1731 1608 1787 vestram,
1641 1731 1695 1775 et
1719 1733 1814 1774 ro-

228 1831 400 1899 gando
428 1840 736 1891 monemus,
765 1837 834 1877 ne
863 1836 892 1875 a
935 1819 1088 1875 vobis
1140 1816 1385 1873 inducias
1432 1814 1654 1879 habeat,
1712 1812 1816 1866 nisi

1905 641 2031 710 quia
2056 640 2317 710 quidquid
2347 643 2414 696 de
2463 643 2624 697 rebus
2654 639 2971 697 monasterii
2999 639 3169 695 nostri
3199 639 3318 695 sine
3355 636 3504 708 judi-

1906 728 1992 783 cio
2042 737 2097 784 et
2126 728 2401 783 voluntate
2451 728 2678 784 Romani
2729 728 3001 799 pontiﬁcis
3055 728 3358 793 deﬁnitum,
3411 723 3500 780 vel

1907 819 2225 873 distractum
2256 818 2404 889 (252)
2429 817 2610 882 fuerit,
2641 819 2857 874 irritum
2888 818 3130 873 manebit
3149 826 3205 872 et
3239 829 3501 881 vacuum,

1908 917 1965 963 et
1991 907 2081 979 qui
2130 907 2373 962 deﬁinire
2415 908 2723 971 tentaret-it,
2761 907 2923 979 148
2966 906 3270 976 potestatis,
3325 906 3500 961 hono-

1912 998 2096 1066 risque
2122 998 2204 1053 sui
2258 997 2522 1067 dignitate
2552 997 2876 1067 privabitur,
2922 1013 3017 1067 spe
3074 998 3502 1069 recuperationis

1911 1081 2141 1136 sublata.
2171 1081 2279 1135 Nos
2311 1091 2511 1145 tamen,
2548 1082 2674 1150 quia
2700 1081 2868 1134 vestri
2908 1080 3180 1137 debitores
3233 1083 3501 1137 cbaritate

1912 1190 2123 1239 sumus,
2156 1176 2450 1229 reverendo
2474 1174 2788 1244 conspectui
2840 1183 3021 1229 vestro
3059 1184 3302 1246 tempore
3353 1192 3500 1232 com-

1913 1265 2114 1335 petenti
2148 1265 2437 1336 diligenter
2488 1265 2962 1343 prmsentabimur,
3006 1265 3077 1319 ibi
3107 1266 3174 1320 de
3225 1268 3500 1337 praedictis

1914 1354 2243 1409 adversariis
2264 1355 2532 1424 justitiam
2573 1355 2849 1425 accepturi
2878 1364 2933 1409 et
2957 1357 3290 1420 exsecuturi,
3320 1373 3495 1426 quan-

1916 1454 2029 1498 tum
2060 1444 2396 1499 debebimus.
2445 1445 2682 1516 Tempus
2713 1460 2840 1500 vero
2868 1455 2925 1503 et
2961 1446 3102 1501 diem
3144 1460 3241 1515 per
3280 1445 3503 1514 fratres,

1916 1534 2007 1604 qui
2035 1535 2102 1588 ad
2152 1533 2350 1589 festum
2393 1534 2596 1590 sancta:
2627 1535 2914 1591 Trinitatis
2961 1538 3228 1606 venerint,
3282 1549 3504 1609 accepto

1917 1642 2039 1683 cum
2070 1628 2150 1682 eis
2183 1628 2432 1693 consilio,
2464 1629 2619 1683 vobis
2668 1629 3068 1684 mandabimus.
3094 1629 3247 1696 Quod
3292 1630 3337 1684 si
3392 1631 3506 1686 haec

1919 1719 2226 1789 displicent,
2275 1733 2395 1789 quae
2448 1718 2669 1773 minimc
2705 1718 2992 1788 displicere
3035 1719 3253 1785 debent,
3302 1719 3487 1775 domin

1920 1826 2071 1880 papze
2095 1811 2426 1865 audientiam
2449 1811 2804 1881 appellamus,
2834 1809 2988 1880 cujus
3024 1813 3195 1883 gratia
3241 1823 3295 1867 et
3323 1822 3509 1869 aucto-

230 1894 373 1988 prius
425 1932 520 1971 vos
558 1917 698 1971 bene
756 1925 1008 1967 securum
1062 1908 1269 1971 fecerit,
1318 1905 1462 1976 quod
1516 1902 1812 1960 secundum
1849 1894 1891 1948 Β
1920 1904 2078 1958 ritate
2108 1903 2337 1959 ﬁrmiter
2364 1912 2593 1967 stantes,
2620 1903 2891 1959 neminem
2936 1905 3187 1958 timemus
3205 1920 3365 1975 quem
3401 1922 3508 1961 non

231 2008 433 2064 domini
461 2022 610 2078 papa:
636 2005 913 2061 decretum
961 1999 1118 2055 nobis
1146 1996 1528 2053 satisfaciendo
1570 1994 1811 2049 obcdiat.

709 2091 1041 2150 EPISTULA
1082 2089 1322 2145 XXXIII.

232 2190 467 2259 Ranulfo
512 2188 783 2245 venerabili
821 2188 1080 2257 episcopo,
1115 2182 1386 2253 (.o/fridus
1408 2182 1471 2236 Β.
1512 2182 1650 2237 Petri
1678 2182 1817 2236 allo-

305 2285 531 2349 diarius,
560 2283 838 2353 prudenter
864 2290 912 2334 et
942 2279 1247 2349 simpliciter
1273 2277 1326 2330 in
1372 2276 1612 2330 omnibus
1638 2291 1813 2346 agere.

298 2375 536 2430 Litteras
569 2389 601 2428 a
648 2373 801 2427 vobis
846 2371 1084 2426 directas
1130 2367 1490 2439 suscepimus,
1532 2382 1668 2436 quas
1718 2379 1815 2422 ve-

232 2475 366 2521 stras
408 2479 529 2521 esse
576 2463 803 2518 minime
850 2460 1302 2524 credidissemus,
1352 2458 1454 2513 nisi
1495 2472 1589 2513 eas
1642 2456 1818 2528 sigillo

230 2567 405 2613 vestro
435 2555 704 2627 sigillatas
750 2553 1096 2607 vidissemus.
1137 2549 1214 2605 Ibi
1237 2549 1454 2620 quidem
1484 2548 1813 2614 continetur,

218 2664 324 2705 ‘vss
349 2648 415 2704 de
436 2648 600 2702 rebus
656 2644 975 2701 monasterii
1006 2642 1201 2708 nostri,
1252 2639 1435 2695 allodii
1472 2639 1721 2694 videlicet
1751 2638 1814 2693 Β.

232 2736 388 2802 Petri,
417 2736 657 2792 difﬁnire
686 2734 938 2805 erupisse,
969 2741 1023 2788 et
1050 2731 1373 2802 quibusdam
1407 2732 1697 2800 insperatis
1723 2730 1817 2785 ad-

231 2831 475 2886 versariis
496 2826 903 2893 nostris,nobis
935 2824 1269 2889 absentibus,
1290 2823 1399 2877 imo
1427 2822 1814 2889 nescientibus,

231 2920 550 2976 diﬁinitionis
580 2919 748 2991 167
789 2919 933 2973 diem
984 2916 1216 2972 dedisse.
1260 2913 1440 2981 Quod,
1491 2913 1638 2969 salva
1686 2926 1820 2982 pace

230 3019 418 3073 vestra,
448 3011 692 3065 dicimus
721 3023 823 3063 nec
858 3007 1060 3076 justum
1112 3004 1298 3067 fuisse,
1330 3017 1432 3057 nec
1469 3002 1815 3057 canonicum.

232 3098 284 3155 In
311 3099 537 3155 decretis
591 3098 786 3166 utique
829 3097 1192 3150 Romanorum
1223 3091 1540 3162 pontiﬁcum
1567 3090 1817 3161 principi-

233 3202 313 3245 tur
341 3207 406 3246 ne
424 3191 650 3260 iudices
667 3188 922 3243 Ecclesiae
946 3186 1271 3241 sententiam
1296 3183 1573 3256 proferant
1598 3184 1820 3250 absente

233 3296 294 3338 eo
312 3281 454 3354 (250)
486 3281 653 3351 cujus
676 3295 841 3335 causa
867 3278 1175 3333 ventilatur.
1192 3277 1346 3344 Quod
1375 3278 1419 3332 si
1436 3275 1672 3344 objicitis
1696 3274 1821 3345 quia

232 3388 323 3442 per
341 3373 539 3428 fratres
574 3379 798 3427 nostros
845 3370 938 3439 qui
989 3371 1217 3423 aderant
1261 3383 1359 3423 nos
1408 3367 1718 3432 monuistis,
1756 3366 1825 3420 ad

234 3465 363 3530 haec,
391 3465 601 3534 Optime
635 3462 858 3532 prmsul,
898 3475 1002 3515 non
1030 3460 1202 3529 magis
1243 3458 1515 3514 humiliter
1544 3474 1705 3528 quam
1729 3473 1824 3512 ve-

233 3557 419 3609 raciter
444 3553 851 3623 respondemus
877 3550 1135 3619 quoniam
1166 3563 1264 3603 nec
1308 3558 1548 3602 vestrum
1581 3555 1699 3602 erat
1746 3547 1826 3602 sic

232 3661 324 3699 nos
350 3662 446 3715 per
471 3660 567 3700 eos
595 3656 847 3709 monere,
882 3655 981 3696 nec
1002 3655 1189 3695 eorum
1212 3681 1228 3706 ,
1264 3639 1405 3709 quod
1444 3638 1719 3708 sapienter
1746 3638 1826 3690 vi-

232 3749 495 3805 taverunt,
528 3741 679 3794 hanc
704 3745 939 3793 vestram
972 3736 1324 3791 munitionem
1366 3734 1665 3802 suscipere.
1710 3732 1825 3788 Mo-

229 3832 355 3885 nitio
394 3845 641 3901 namque
675 3828 826 3900 (251)
876 3826 1202 3895 hujusmoili,
1236 3824 1379 3894 quod
1427 3840 1522 3879 vos
1576 3824 1826 3894 ignorare

228 3935 326 3976 non
372 3922 698 3984 credimus,
740 3935 846 3974 non
887 3931 986 3988 per
1045 3931 1140 3972 eos
1184 3916 1273 3985 qui
1335 3915 1827 3988 intpelunlurhscd

229 4027 316 4081 per
337 4027 431 4066 eos
455 4012 557 4082 qui
594 4011 882 4079 impetunt,
924 4007 1038 4062 sive
1062 4020 1158 4076 per
1198 4005 1334 4060 alios
1372 4002 1574 4072 judicis
1623 4003 1827 4072 legatos

224 4105 376 4159 debet
402 4104 549 4159 ﬁeri.
591 4101 822 4172 lmpetiti
871 4109 1052 4154 autem
1092 4098 1137 4152 si
1184 4097 1508 4167 legationem
1536 4105 1725 4151 contra
1767 4109 1828 4149 se

225 4195 592 4263 susciperent,
624 4190 778 4261 quasi
810 4187 1065 4253 cultrum,
1088 4184 1607 4256 quojngularentur,
1640 4196 1825 4237 secum

224 4296 522 4353 portarunt.
561 4283 625 4336 Si
662 4282 784 4351 quis
819 4281 982 4333 aliter
1009 4279 1217 4333 sentire
1267 4274 1521 4340 voluerit,
1566 4272 1829 4328 ecclesia-

224 4378 353 4432 stica
382 4378 488 4432 sibi
527 4376 715 4432 deerit
759 4373 1080 4435 auctoritas,
1114 4377 1172 4423 et
1199 4368 1306 4422 erit
1334 4381 1432 4437 pro
1478 4366 1690 4421 ratione
1742 4380 1829 4419 vo-

223 4468 419 4525 luntas.
478 4470 563 4524 De
608 4467 805 4532 vobis,
855 4462 1175 4529 charissime
1217 4457 1379 4513 Pater
1409 4497 1426 4525 ,
1485 4457 1829 4512 vehementer

1917 1994 2210 2067 diligimus.
2256 1994 2441 2051 Valete
2467 1994 2519 2048 in
2559 1994 2807 2059 Domino,
2836 1993 2997 2050 Pater
3022 2005 3227 2050 sancte.

2407 2085 2746 2141 EPISTOLA
2778 2085 3020 2140 XXXIV.

1920 2197 2151 2269 Ranulfo
2203 2197 2609 2254 Santoncnsium
2667 2198 2946 2252 venerabili
2983 2198 3247 2267 episcopo,
3297 2201 3511 2253 (Ιοιηὶηο

1986 2307 2083 2344 suo
2110 2300 2157 2344 et
2188 2288 2521 2359 pra'cordiali
2561 2289 2752 2355 amico,
2775 2286 3048 2358 Go/jridus
3092 2288 3156 2342 Β.
3193 2287 3335 2344 I’etri
3376 2291 3514 2343 allo-

1989 2378 2218 2443 diarius,
2252 2378 2551 2449 a'quitatem
2573 2376 2814 2449 diligere,
2845 2388 2891 2431 et
2916 2378 3039 2432 odio
3083 2379 3274 2434 habere
3314 2382 3512 2452 iniqui-

1990 2477 2171 2521 talem.

1990 2555 2307 2611 Tcrminum
2338 2569 2501 2625 quem
2527 2554 2823 2610 mandastis
2837 2561 3114 2625 gratanter
3140 2557 3513 2628 suscepimus,

1919 2649 1964 2703 si
1997 2659 2177 2703 tamen
2204 2648 2418 2702 interim
2447 2663 2511 2702 ex
2540 2647 2775 2718 integro,
2801 2647 2940 2702 sicut
2966 2646 3054 2715 jus
3082 2650 3511 2706 ecclesiasticum

1918 2739 2106 2809 exigit,
2141 2737 2380 2793 investiti
2420 2737 2703 2793 fuerimus.
2734 2740 2791 2792 In
2838 2738 3071 2793 decretis
3115 2738 3259 2793 enim
3313 2738 3514 2796 Roma-

1921 2844 2114 2884 norum
2145 2828 2458 2897 pontificum
2513 2827 2742 2897 legimus
2764 2827 2907 2896 quod
2956 2841 3117 2882 nemo
3151 2827 3219 2882 ad
3262 2842 3515 2897 compro-

1920 2919 2229 2983 vincialem,
2260 2918 2374 2973 sive
2415 2918 2480 2972 ad
2513 2916 2819 2989 generalem
2864 2918 3128 2990 synodum
3157 2918 3307 2989 (253)
3334 2935 3497 2981 vocar

1921 3010 2103 3075 debet,
2127 3008 2210 3064 vel
2239 3009 2292 3063 in
2322 2996 2747 3079 aliquojddicari
2768 3007 3119 3079 exspoliatus.
3151 3008 3220 3063 Et
3249 3008 3289 3064 si
3323 3019 3515 3067 contra

1923 3100 2056 3165 haec,
2104 3100 2256 3154 vobis
2299 3099 2694 3165 consentiente,
2726 3113 2824 3154 nos
2875 3099 3205 3156 deinvestire
3235 3111 3290 3157 et
3315 3115 3518 3173 exspo-

1922 3188 2058 3243 liare
2099 3188 2388 3258 quisquam
2437 3188 2747 3253 tentavcrit,
2792 3187 3053 3245 adversus
3082 3192 3516 3247 consentientem

1929 3280 2132 3350 pariter
2171 3288 2228 3334 et
2268 3279 2553 3333 lentatoris
2589 3279 3089 3349 praesumptionem,
3134 3281 3337 3337 domini
3366 3299 3518 3354 papa:

1927 3368 2257 3424 audientiam
2288 3369 2640 3440 appellamus,
2674 3369 2827 3438 cujus
2871 3371 3139 3442 speciales
3177 3373 3270 3429 ﬁlii
3304 3390 3514 3432 sumus.

1931 3461 2147 3526 Valete;
2174 3469 2229 3515 et
2257 3476 2323 3515 ne
2341 3460 2466 3514 talia
2486 3461 2603 3516 fieri
2631 3463 2981 3531 permittatis,
2996 3480 3095 3535 pro
3114 3466 3312 3536 quibus
3328 3468 3519 3525 intole-

1928 3551 2115 3605 rabilis
2144 3549 2304 3622 149
2331 3549 2483 3605 labor
2517 3552 2669 3607 vobis
2699 3564 2973 3614 nascatur,
3025 3558 3168 3624 quod
3211 3572 3322 3612 non
3361 3569 3520 3629 opta-

1929 3657 2072 3706 mus,
2106 3642 2309 3709 optime
2340 3640 2556 3709 pnesui,
2589 3642 2874 3711 providere
2914 3643 3143 3699 debetis.

2421 3732 2752 3789 EPISTULA
2797 3733 3018 3790 XXXV.

1930 3822 2158 3892 Rauulfo
2203 3823 2433 3877 honesta:
2457 3824 2570 3877 rita:
2611 3825 2873 3895 episcopo,
2911 3824 3182 3896 Go/j‘ridus
3210 3828 3325 3899 ejus
3374 3848 3517 3901 pra;-

1926 3918 1929 3923 ’
1999 3915 2251 3969 cordiulis
2290 3917 2516 3981 autiws,
2560 3927 2860 3971 constanter
2881 3918 2934 3972 in
2977 3921 3216 3975 omnibus
3251 3926 3481 3990 operari.

1996 4005 2290 4068 .ludieium,
2318 4007 2459 4075 quod
2484 4021 2577 4061 vos
2615 4013 2670 4058 et
2704 4020 2801 4060 nos
2823 4007 3098 4062 vobiscum
3124 4010 3369 4076 fecimus,
3399 4016 3519 4069 aui-

1929 4116 2048 4156 mos
2091 4099 2404 4152 aemulorum
2450 4111 2759 4154 nostrorum
2809 4100 3157 4155 vehementer
3202 4106 3517 4172 commovit,

1929 4193 2083 4258 adeo,
2109 4191 2185 4245 uti
2218 4209 2249 4244 u
2273 4190 2345 4244 ihi
2375 4189 2597 4243 relatum
2626 4190 2889 4260 est,quod
2918 4190 2984 4244 ad
3013 4206 3161 4259 eum,
3184 4194 3273 4262 qui
3299 4194 3519 4251 sinistra

1929 4298 2143 4354 semper
2186 4281 2432 4352 graditur
2458 4280 2567 4344 via,
2602 4295 2703 4335 vox
2750 4295 2938 4337 eorum
2970 4297 3132 4338 rauca
3185 4289 3516 4354 pervenerit.

1929 4374 2169 4442 Quorqu
2213 4372 2462 4426 latrantia
2498 4384 2596 4426 ora
2636 4374 2867 4429 veritate
2910 4386 3217 4430 sanctorum
3247 4391 3518 4434 canonum

1929 4475 1983 4522 et
2011 4466 2236 4537 potestis
2276 4463 2370 4519 Dei
2416 4465 2612 4535 gratia,
2658 4473 2713 4520 et
2753 4464 2961 4521 debetis
3006 4467 3312 4535 obstruere,
3354 4479 3411 4525 et
3461 4472 3518 4526 in

224 4560 508 4625 miramur,
543 4559 643 4627 qui
671 4554 953 4626 privilegia
988 4552 1248 4608 Romamn
1274 4548 1548 4615 Ecclesiae,
1581 4563 1701 4619 qua:
1726 4547 1820 4601 ha-

1933 4560 2158 4616 rcbelles
2187 4559 2307 4614 illos
2332 4571 2618 4613 censuram
2647 4556 3031 4612 ecclesiasticae
3053 4558 3354 4629 disciplinae
3387 4563 3517 4615 tutis

213 4648 432 4714 bemus,
466 4661 531 4707 et
564 4649 777 4704 vidistis
818 4661 959 4716 sirpe
987 4658 1042 4699 et
1088 4642 1331 4714 legistis;
1370 4652 1427 4695 et
1457 4641 1572 4695 lucc
1618 4640 1823 4704 otnnia,

218 4753 316 4809 pio
353 4741 572 4811 quibus
614 4738 912 4793 adversarii
960 4733 1131 4790 nostri
1178 4740 1370 4787 contra
1417 4746 1515 4786 nos
1565 4731 1824 4795 clamant,

217 4832 358 4887 nodo
383 4829 717 4903 apostolicae
744 4828 962 4883 virtutis
1006 4824 1338 4882 monasterio
1372 4832 1558 4877 nostro
1598 4823 1826 4877 indisso-

219 4921 465 4979 lubiliter
489 4936 624 4979 esse
660 4919 895 4987 ﬁrmata,
926 4918 1155 4990 legendo
1205 4915 1510 4972 invenistis.
1545 4913 1603 4969 In
1633 4914 1829 4984 quibus

287 5127 444 5197 (2ι9)
489 5122 802 5197 Goﬂ'ridu_s_
832 5117 1228 5197 Tauriiacensis.
1277 5112 1596 5197 Tauniacus'
1633 5110 1827 5197 duplex

215 5197 269 5253 in
294 5183 606 5252 Santonis"
623 5187 1353 5265 prmlabentium‘ﬁuviorutn
1375 5183 1828 5265 nominibusdis-

214 5251 557 5339 tinguuntur
589 5251 639 5330 ς’
662 5278 789 5319 nam
819 5261 988 5316 altera
1033 5257 1325 5313 Carantoni
1376 5253 1602 5320 dicitur,
1659 5251 1828 5306 altera

220 5337 548 5393 Vuitonnm.

283 5409 451 5481 (250)
497 5408 726 5481 ᾼρεεῃζε
765 5421 846 5459 eo.
881 5400 1057 5470 Supra
1085 5396 1361 5481 epist..j28.

307 5462 730 5604 Eﬁtggﬂonitio
784 5462 1029 5531 nauaque.
1083 5462 1278 5524 Jitdicii
1335 5466 1570 5523 vocatio.
1618 5462 1713 5518 lib.
1768 5477 1829 5528 tt,

307 5563 380 5604 st.
505 5587 522 5601 .

210 5563 380 5606 CDISI.
411 5563 522 5604 ‘23.

246 5568 796 5695 ὗεῇηὶιηρι
825 5613 905 5668 vel
946 5611 1276 5695 distractum.
1323 5601 1833 5695 ngillegitun'Gre-

207 5674 375 5764 καῖ-ἦέ
396 5674 498 5744 VIII
528 5706 544 5745 :
658 5687 775 5741 aui:
802 5700 920 5739 vero
961 5678 1323 5764 contraqillttm
1362 5678 1427 5732 Β.
1475 5674 1627 5764 ΡξινὶΙ
1648 5674 1832 5764 ιΙοειιηξ

204 5742 618 5834 3%)}.‘aﬁiius
659 5766 810 5834 rebus
851 5751 1062 5834 causari
1082 5748 1330 5834 voluerit,
1367 5765 1470 5802 non
1496 5748 1544 5801 ei
1574 5745 1734 5834 alioth
1758 5742 1833 5796 rel

207 5814 830 5907 fretrvcs'respoadeant,
876 5833 1154 5889 antequam
1206 5816 1495 5873 Romanum
1536 5814 1832 5888 pontiﬁcem

1926 4654 2134 4707 viribus
2158 4665 2438 4714 exercere,
2466 4657 2525 4703 ut
2556 4649 2641 4703 vel
2678 4649 2756 4704 sic
2794 4660 3123 4721 cognoscant
3162 4665 3321 4720 quam
3352 4669 3518 4724 grave

1928 4744 1997 4798 sit
2020 4744 2272 4812 episcopo
2310 4756 2407 4796 suo
2444 4738 2590 4807 juste
2613 4738 2876 4808 judicanti
2914 4756 3018 4793 non
3047 4739 3286 4795 obedire.
3320 4742 3521 4797 Aneto~

1929 4819 2088 4888 ritate
2121 4846 2353 4902 namque
2399 4830 2645 4885 Toletani
2697 4829 2910 4885 concilii
2940 4828 3113 4899 (234),
3154 4829 3368 4885 illorum
3418 4834 3519 4887 im-

1930 4935 2156 4997 portuna
2183 4924 2361 4993 lingua
2397 4921 2724 4987 refrenatur,
2745 4936 2867 4976 cum
2905 4919 3106 4975 dicitur
3142 4936 3156 4973 :
3191 4920 3331 4986 Quia
3367 4923 3521 4977 cleri-

1931 5102 2224 5167 consulunt,
2254 5100 2378 5172 quia
2403 5101 2658 5171 quidquid
2704 5099 2818 5154 sine
2843 5110 3018 5153 nostro
3045 5098 3121 5154 vel
3162 5114 3518 5172 successorum

1931 5190 2227 5228 nostrorum
2261 5170 2467 5241 judicio
2505 5173 2779 5241 deﬁnitum
2824 5172 2930 5223 sive
2970 5172 3281 5223 distractum
3326 5170 3516 5238 frtem,

1931 5245 2139 5298 irritant
2166 5239 2285 5296 erit.
2318 5242 2447 5297 Item
2480 5239 2682 5298 Urbani
2714 5239 2776 5305 Il,
2808 5240 2962 5295 1099.

2004 5312 2154 5384 (255)
2196 5312 2364 5384 Nemo
2402 5312 2472 5384 ad
2521 5312 2800 5384 sytw_dm_n.
2847 5308 3110 5384 Eusebius
3151 5322 3287 5384 papa
3320 5308 3372 5384 in
3403 5308 3519 5376 epi-

1932 5379 2067 5440 stula
2098 5379 2164 5438 ad
2190 5379 2582 5438 Alexandrinos
2614 5381 2669 5436 et
2697 5380 2982 5451 Egyptios
3031 5380 3096 5451 de
3123 5379 3392 5451 episcopis
3421 5393 3519 5429 ex-

1933 5453 2175 5524 spoliatis
2203 5469 2218 5524 ;
2248 5454 2391 5521 Quos
2427 5455 2624 5519 sciatis,
2655 5446 2855 5521 inquit,
2880 5465 2973 5504 me
2998 5450 3067 5503 ad
3102 5446 3357 5524 synodum
3379 5462 3520 5524 com-

1932 5516 2321 5589 p'raiiucideiit,
2348 5541 2438 5578 nec
2480 5527 2548 5578 ad
2577 5516 2869 5593 generalem
2898 5535 3048 5588 posse
3089 5516 3284 5593 rotari,
3332 5530 3424 5593 nec
3464 5517 3519 5570 in

1934 5583 2111 5667 iniquo
2155 5583 2413 5667 judicari,
2463 5583 2740 5667 antequam
2783 5583 2992 5667 cuncta,
3037 5602 3153 5657 qua:
3199 5587 3273 5638 eis
3309 5583 3519 5667 sublata

1934 5653 2077 5731 sarit,
2106 5653 2305 5737 legibus
2346 5653 2796 5737 potestati'eorum
2848 5653 3280 5727 redintegreutur.
3308 5653 3425 5708 Lib.
3458 5669 3520 5720 ιι,

1936 5739 2090 5806 epist.
2123 5732 2194 5791 29
2218 5755 2231 5797 ;
2259 5732 2354 5791 lib.
2384 5752 2458 5799 tv,
2490 5732 2767 5806 epist._12.

2009 5808 2158 5880 (254)
2204 5796 2454 5862 Toletani
2486 5796 2609 5860 (om
2632 5802 2712 5855 lii.
2748 5815 2821 5867 tv,
2850 5812 2972 5852 can.
2999 5796 3089 5851 48.
