3990 6448
483 400 586 454 I35

1508 390 1829 448 GOFFRlDl
1870 386 2162 441 ABBATIS
2207 385 2726 443 VINDOCINENSIS

3654 400 3748 456 136

482 526 603 565 cunt
631 511 736 563 sive
756 509 1070 563 monachum
1093 515 1182 559 aut
1199 516 1416 574 paterna
1444 503 1664 564 devotio,
1683 511 2072 570 antspontanea
2103 500 2148 554 Α
2177 513 2272 553 vos
2301 508 2502 563 tamen,
2531 502 2674 555 sicut
2717 502 3031 566 mandastis,
3067 505 3134 557 ad
3169 519 3408 574 praesens
3433 509 3618 566 venire
3663 529 3757 570 non

487 597 746 668 professio
796 596 946 663 facit.
996 592 1264 661 Quidquid
1313 592 1504 646 horum
1552 590 1744 653 fuerit,
1803 589 2078 657 alligatum

495 687 716 744 tenebit.
751 683 1066 739 Michaelem
1110 696 1261 744 vero,
1297 696 1402 735 non
1443 682 1563 734 dico
1603 679 1945 734 obedientem
1993 693 2082 730 ar-

479 777 824 848 changelum,
870 773 962 829 sed
1016 773 1167 828 illum
1222 772 1615 828 inobedientem
1647 771 1929 832 clericum,
1972 769 2082 820 An-

480 869 792 923 tiochenum
821 864 972 934 (255)
1002 863 1088 918 his
1137 863 1317 918 verbis
1373 863 1598 917 danmat
1639 859 1940 914 Concilium
1972 876 1984 910 :
2015 857 2080 913 Si

476 958 719 1029 quislibet
754 956 820 1008 de
858 953 996 1008 clero
1022 953 1325 1022 episcopum
1373 953 1643 1022 proprium
1691 949 2078 1017 contempserit,

477 1050 554 1104 vel
573 1051 620 1104 ei
646 1046 854 1101 obedire
874 1044 1225 1107 noluerit,hic
1254 1044 1470 1097 omnino
1496 1043 1795 1106 damnetur,
1824 1055 1914 1093 nec
1939 1038 2082 1092 ultra

476 1138 770 1195 remedium
803 1143 1180 1204 consequatur.
1243 1131 1400 1198 Quod
1437 1131 1484 1185 si
1533 1129 1827 1184 Ecclesiam
1869 1130 2080 1180 contur-

477 1235 623 1298 bare,
654 1229 732 1285 rel
769 1229 1058 1284 sollicitare
1082 1229 1294 1292 nititur,
1335 1241 1428 1294 per
1457 1233 1740 1292 potestates
1790 1233 1994 1275 exteras
2024 1231 2079 1274 ut

478 1325 760 1378 seditiosus
821 1321 1170 1390 Opprimatur.
1222 1316 1420 1371 lterum
1473 1321 1662 1369 contra
1717 1311 2082 1382 archiepisco-

481 1432 608 1486 pum
650 1413 830 1484 (256),
868 1413 958 1483 qui
993 1411 1049 1465 in
1075 1409 1313 1480 paratcia
1344 1416 1546 1474 vestra,
1573 1407 1726 1462 vobis
1756 1403 2080 1468 inconsulto,

484 1508 650 1560 multa
673 1505 788 1573 jam
809 1507 938 1576 egit,
970 1513 1025 1557 et
1065 1503 1242 1557 adhuc
1274 1515 1437 1572 agere
1475 1507 1727 1563 conatur,
1775 1511 1841 1550 cx
1881 1497 2079 1566 phare-

482 1610 565 1652 tra
594 1597 718 1652 Julii
749 1594 1275 1667 papae(257)sagitta
1303 1591 1463 1662 150
1481 1590 1732 1661 dirigitur
1754 1588 1855 1642 hoc
1879 1588 2038 1641 modo
2063 1604 2078 1640 :

481 1690 542 1744 Si
580 1689 696 1760 quis
733 1686 1170 1756 metropolitanus
1199 1684 1491 1754 episcopus,
1521 1681 1622 1734 nisi
1649 1680 1788 1750 quod
1823 1679 1893 1732 ad
1931 1694 2083 1731 suam

480 1778 810 1834 solummodo
837 1777 1107 1846 propriam
1143 1774 1366 1845 pertinet
1387 1761 1692 1843 paraeciam',
1721 1770 1833 1823 sine
1861 1767 2081 1822 consilio

480 1881 530 1924 et
558 1869 823 1924 voluntate
849 1867 1085 1920 omnium
1127 1861 1647 1930 comprovincialium
1692 1859 2075 1929 episcoporum,

481 1962 683 2032 aliquid
728 1977 880 2030 agere
913 1961 966 2013 in
1003 1958 1272 2026 provincia
1319 1953 1616 2019 tentaveril,
1647 1951 1844 2022 gradus
1869 1951 1954 2004 sui
1982 1966 2078 2019 pe-

486 2051 658 2106 riculo
693 2048 1008 2119 subjacebit,
1041 2059 1089 2101 et
1115 2047 1254 2118 quod
1287 2046 1469 2116 egerit,
1513 2045 1722 2097 irritum
1749 2042 2004 2096 habeatur
2029 2051 2078 2094 et

486 2159 732 2199 racuum.

975 2235 1312 2292 EPISTOLA
1349 2231 1592 2289 XXXVI.

484 2327 718 2396 Ranulfo
751 2325 1069 2382 Santonensi
1096 2327 1359 2396 episcOpo,
1391 2335 1438 2378 et
1472 2321 1628 2376 Petro
1668 2321 2077 2387 archidiacono,

554 2418 780 2472 dominis
813 2419 924 2470 suis
961 2415 1282 2469 charissimis
1307 2425 1354 2466 et
1399 2412 1835 2482 prwcordialibus
1870 2411 2078 2478 amicis,

559 2506 834 2576 Go/fridus
879 2505 1065 2570 abbas,
1111 2503 1230 2558 licet
1283 2502 1552 2572 indignus,
1587 2502 1814 2555 salutent
1855 2511 1900 2553 et
1945 2499 2071 2554 dile-

557 2603 802 2652 ctionem.

558 2689 713 2756 Quod
745 2688 912 2742 abbas
952 2687 1122 2742 sancti
1159 2685 1386 2742 Joannis
1416 2684 1565 2755 (258)
1607 2699 1730 2739 eum
1773 2684 1936 2738 sociis
1965 2684 2082 2738 suis

486 2781 774 2835 abbatibus
800 2778 1146 2842 testificatur,
1177 2777 1434 2849 placitum
1462 2775 1607 2846 (259)
1639 2775 1912 2840 videlicet,
1939 2775 2081 2844 quod

487 2876 539 2926 in
568 2871 855 2943 prasentia
885 2880 1064 2926 vestra
1096 2869 1292 2924 facturi
1318 2884 1556 2934 eramus,
1583 2883 1700 2923 mea
1730 2868 2083 2923 concessione

485 2981 551 3020 ac
581 2964 828 3030 consilio,
865 2965 1036 3019 donec
1079 2963 1336 3032 llispauia
1362 2962 1582 3029 rediret,
1637 2961 1806 3017 fuisse
1831 2961 2078 3026 dilatum,

484 3056 680 3109 scitote
721 3054 935 3123 penitus
981 3069 1008 3106 a
1041 3052 1273 3108 veritate
1324 3067 1445 3108 esse
1492 3052 1747 3107 alienum.
1791 3051 2078 3114 Caeterum,

2185 597 2395 655 potero,
2427 589 2600 643 multo
2629 605 2817 646 renum
2846 591 3034 646 dolore
3060 594 3338 660 detentus,
3375 605 3431 651 et
3475 599 3758 658 inevitabili

2185 682 2500 735 monasterii
2559 682 2731 736 nostri
2785 683 3113 740 necessitate
3155 695 3469 755 occupatus.
3514 688 3619 745 Sed
3650 707 3759 748 cum

2183 772 2432 843 corporis
2464 772 2778 839 inﬁrmitas,
2805 784 2862 829 et
2887 775 3204 831 monasterii
3254 779 3426 833 nostri
3459 783 3760 847 necessitas,

2185 860 2296 917 Deo
2328 863 2588 929 donante,
2635 865 2936 931 transierit,
2967 867 3205 937 benigno
3260 872 3569 939 conspectui
3597 885 3761 930 vestro

2183 966 2372 1007 servus
2398 962 2594 1008 vestrae
2632 955 2937 1011 sanctitatis
2966 958 3405 1026 praesentabitur,
3429 962 3496 1016 de
3522 966 3761 1032 praedicto

2185 1041 2381 1098 abbate
2411 1052 2655 1114 tempore
2683 1050 3014 1117 competenti
3040 1050 3311 1119 justitiam
3347 1061 3684 1123 accepturus,
3714 1069 3762 1112 ct

2184 1140 2448 1198 quantum
2503 1132 2739 1201 debebit,
2800 1135 3092 1207 diligenter
3146 1153 3522 1197 exsecuturus.
3562 1143 3617 1200 Si
3661 1148 3762 1202 haec

2187 1219 2456 1284 refutatis,
2509 1237 2630 1292 qua:
2683 1225 2944 1280 canonice
2995 1227 3217 1284 minime
3253 1231 3492 1286 refutare
3527 1239 3760 1303 potestis,

2186 1310 2398 1378 appello
2428 1311 2653 1367 Romam
2682 1313 2837 1384 cujus
2875 1314 3040 1372 fultus
3069 1320 3416 1386 auctoritate,
3445 1322 3642 1379 tmllius
3664 1328 3763 1380 for-

2193 1400 2338 1454 mido
2370 1402 2643 1472 injuriam.
3135 1433 3150 1447 ο

2576 1493 2730 1564 151
2765 1495 3095 1554 EPISTOLA
3123 1498 3386 1558 XXXVII.

2191 1579 2423 1650 Ranulfo
2455 1581 2771 1639 Santonensi
2793 1587 3054 1658 episcopo,
3071 1587 3344 1660 Geﬂ’ridus
3379 1592 3762 1652 Vindocinensis

2357 1676 2664 1729 monasterii
2685 1693 2890 1742 servus,
2922 1696 3024 1733 non
3052 1684 3196 1736 onmi
3220 1693 3369 1738 vento
3399 1686 3615 1756 agitari.

2255 1761 2424 1818 Fama
2463 1765 2736 1821 referente
2771 1767 3016 1835 sinistra,
3043 1771 3113 1825 ad
3162 1787 3262 1828 nos
3291 1789 3461 1844 usque
3513 1778 3760 1845 pervenit.

2181 1855 2324 1923 quod
2348 1855 2416 1911 de
2445 1856 2618 1911 insula
2647 1857 2815 1914 Flaici
2847 1858 3018 1931 (260),
3037 1861 3104 1916 de
3124 1877 3232 1932 qua
3257 1864 3385 1919 olim
3404 1879 3502 1921 nos
3529 1868 3763 1923 absentes

2182 1957 2236 2003 et
2271 1947 2573 2004 Romanam
2629 1951 2963 2008 audientiam
3011 1955 3347 2025 appellantes
3384 1958 3762 2025 exinvestistis,

2181 2051 2236 2097 et
2257 2053 2444 2111 postea
2478 2053 2658 2100 vestro
2683 2054 2739 2100 et
2761 2046 3084 2102 clericorum
3109 2060 3414 2105 vestrorum
3459 2051 3663 2119 judicio
3692 2070 3764 2108 re-

2184 2136 2443 2200 vestistis,
2470 2150 2615 2190 nunc
2666 2136 2865 2190 iterum
2895 2152 2996 2193 nos
3040 2139 3655 2200 deinvestitosbabetis.
3715 2145 3763 2199 Si

2183 2241 2370 2280 verum
2407 2233 2512 2290 est,
2551 2225 2904 2282 vehementer
2935 2227 3220 2292 miramur,
3271 2229 3413 2286 unde
3457 2240 3766 2303 tantampo-

2187 2327 2439 2374 tcstatem
2495 2319 2818 2389 accepistis,
2861 2321 3004 2388 quod
3066 2336 3153 2376 res
3212 2321 3466 2379 Ecclesia:
3525 2324 3766 2381 Romana:

2185 2412 2488 2480 deputatas,
2518 2413 2583 2467 de
2604 2412 2799 2482 quibus
2829 2412 3008 2467 nullus
3035 2415 3374 2483 pontiﬁcum,
3416 2417 3519 2472 nisi
3555 2420 3768 2472 anathe-

2186 2514 2330 2560 mate
2372 2514 2643 2575 suscepto,
2698 2506 2994 2574 quidquam
3039 2506 3365 2564 subtrahere
3409 2509 3493 2563 vel
3551 2509 3768 2565 difﬁnire

2185 2596 2505 2652 conceditur
2539 2597 2612 2650 ita
2665 2596 2854 2651 leviter
2879 2598 3039 2652 nobis
3085 2597 3321 2664 auferre,
3356 2609 3411 2654 et
3447 2602 3644 2670 quibus
3688 2619 3770 2656 vo-

2185 2687 2416 2750 lueritis,
2433 2686 2681 2742 conferre
2708 2688 2948 2758 possitis.
2967 2687 3314 2743 Altitudinem
3334 2691 3514 2760 itaque
3543 2701 3767 2747 vestram

2185 2780 2453 2834 monendo
2484 2795 2758 2850 rogamus,
2791 2788 2847 2834 et
2887 2781 3123 2851 rogando
3168 2795 3472 2848 monemus,
3497 2793 3580 2849 ut,
3625 2783 3768 2852 juxta

2185 2878 2513 2938 prceccptnm
2537 2869 2855 2933 cardinalis,
2893 2885 2992 2925 nos
3017 2871 3191 2926 adhuc
3225 2873 3430 2926 amicos
3457 2885 3675 2930 vestros
3699 2876 3770 2928 iu-

2187 2961 2448 3023 vcstiatis,
2479 2960 2716 3029 alioquin
2745 2971 2933 3015 contra
2966 2977 3080 3026 vos,
3126 2964 3265 3016 sicut
3298 2972 3486 3016 contra
3515 2979 3769 3033 persecu-

2189 3064 2357 3109 torem
2381 3064 2644 3119 nostrunt,
2660 3063 2715 3108 et
2735 3052 3135 3124 privilegiorum
3161 3053 3528 3109 Romanorum
3557 3057 3769 3114 violato-

487 3148 631 3215 quod
686 3157 870 3202 vestro
919 3145 1125 3214 judicio
1173 3160 1232 3200 se
1286 3145 1444 3200 nobis
1496 3144 1767 3199 facturum
1812 3143 2079 3212 justitiam
2109 3165 2151 3226 ο
2186 3158 2299 3199 rem
2325 3143 2781 3215 proclamabimus
2815 3143 2944 3198 illud
2974 3143 3159 3209 etiam,
3189 3145 3332 3213 quod
3371 3145 3425 3200 in
3472 3145 3770 3202 llaimerico

489 3239 799 3308 pollicetur,
847 3239 1054 3294 amicus
1095 3248 1275 3293 vester
1303 3237 1693 3308 qualiscunque
1752 3247 1864 3293 toto
1905 3239 2069 3294 corde

489 3333 852 3403 amplectitur,
886 3333 931 3387 si
962 3333 1078 3403 ejus
1104 3331 1395 3403 promissio
1445 3334 1664 3386 actione
1689 3330 1954 3386 lirtnetur.
1985 3331 2070 3386 Ad

564 3508 713 3577 (255)
751 3507 1150 3561 Antiochenam.
1188 3505 1406 3563 Canone
1433 3507 1466 3561 5
1497 3525 1510 3561 :
1545 3505 1603 3560 Si
1632 3507 1750 3576 quis
1789 3508 2070 3578 presbyter,

491 3589 581 3632 aut
624 3579 895 3639 diaconus,
930 3579 1222 3646 episcopum
1249 3580 1516 3646 proprium
1548 3589 1877 3630 contemnens
1912 3596 1964 3631 se
2009 3583 2073 3632 ab

496 3647 733 3702 Ecclesia
764 3648 1120 3716 sequestravit,
1154 3659 1198 3701 et
1221 3663 1453 3701 seorsum
1477 3646 1738 3716 colligens,
1765 3647 1930 3700 altare
1953 3663 2077 3701 con-

493 3718 686 3780 stituit,
717 3727 762 3797 et
795 3718 1140 3799 communemi
1183 3719 1419 3799 episcopo
1456 3733 1559 3770 non
1581 3718 1940 3799 naequieverit,
1983 3734 2077 3771 nec

492 3787 786 3840 consentire
810 3785 884 3840 rel
932 3785 1138 3840 obedire
1170 3785 1406 3850 valuerit,
1435 3785 1592 3840 semel
1628 3785 1689 3839 et
1720 3787 1906 3839 iterum
1953 3804 2079 3841 con-

493 3857 722 3919 rocanti,
749 3856 831 3908 hic
869 3854 1146 3908 damnetur
1197 3858 1426 3918 omnino,
1470 3872 1561 3909 nec
1610 3854 1750 3909 ultra
1794 3859 2078 3911 remedium

491 3937 865 3995 consequatur,
890 3927 1012 3994 quia
1043 3943 1193 3979 suant
1244 3928 1467 3994 recipere
1493 3942 1595 3979 non
1633 3935 1797 3994 potest
1845 3927 2078 3996 dignita-

491 4012 617 4050 tem.
659 3996 813 4061 Quod
839 3998 884 4050 si
915 3995 1203 4049 Ecclesium
1232 3995 1543 4049 conturbare
1571 4006 1618 4049 et
1649 3995 1933 4050 sollicitare
1959 4013 2082 4065 per-

491 4067 667 4130 sistat,
699 4077 948 4134 tanquam
983 4066 1278 4132 seditiosus,
1313 4081 1406 4136 per
1445 4075 1724 4137 potestates
1760 4079 1962 4119 exteras
1991 4084 2082 4137 op-

489 4137 879 4206 primatur.llic
907 4137 1113 4206 integer
1139 4146 1222 4191 est
1242 4152 1416 4190 canon
1445 4135 1705 4206 adversus
1737 4135 2082 4206 presbyteros

489 4217 556 4260 uc
586 4208 862 4270 diaconos,
889 4207 978 4276 qui
1025 4205 1094 4260 ab
1137 4206 1408 4276 episcopis
1457 4205 1570 4260 suis
1614 4205 1975 4276 secessionem
2004 4207 2083 4261 fa-

493 4277 662 4342 ciunt,
693 4288 748 4331 et
778 4275 973 4330 altaria
999 4276 1100 4332 sibi
1125 4275 1370 4331 seorsum
1403 4276 1637 4346 erigunt.
1665 4275 1954 4336 Goﬂ‘ridus,
1991 4286 2086 4331 aut

490 4349 538 4400 si
569 4349 688 4415 quis
713 4357 838 4402 ante
869 4347 1038 4410 illum,
1069 4346 1144 4399 ita
1188 4347 1460 4400 contraxit
1493 4355 1552 4398 ut
1595 4346 1819 4400 clericos
1863 4359 2077 4411 Omnes,

490 4419 581 4486 qui
613 4417 880 4487 episcopis
903 4417 1017 4470 suis
1055 4429 1269 4485 quaqua
1304 4417 1357 4470 in
1391 4430 1449 4469 re
1497 4429 1604 4469 non
1644 4416 1923 4484 obediunt,
1957 4433 2086 4472 eou-

493 4487 1053 4564 stringerejideatur.

563 4553 711 4627 (256)
750 4555 946 4610 Contra
969 4554 1435 4628 archiepiscopum.
1453 4553 1890 4628 Burdigalensem
1914 4556 2082 4628 Aqui-

492 4624 653 4681 tauize
701 4643 762 4691 ιι,
807 4626 1303 4696 metropolitanum.
1348 4624 1394 4678 Is
1435 4634 1555 4677 erat
1586 4625 1687 4680 hoc
1720 4624 1995 4696 tempore,
2023 4638 2082 4684 ut

491 4699 703 4766 opinor,
733 4695 1005 4766 Arualdus
1034 4695 1218 4766 Antiati,
1250 4707 1552 4766 successor.

567 4767 713 4836 (257)
753 4765 888 4818 Julii
926 4781 1096 4835 papaz.
1128 4765 1300 4834 Epist.
1325 4779 1340 4816 t
1368 4764 1435 4817 ad
1458 4764 1758 4820 Orientales
1787 4781 1883 4836 pro
1910 4767 2080 4822 Atha-

493 4840 663 4899 nasio,
694 4853 744 4890 c.
778 4837 868 4890 25.

566 4905 713 4976 (258)
755 4906 947 4959 Abbas.
982 4903 1040 4976 S.
1072 4903 1333 4976 (Joannis:
1377 4903 1478 4972 Qui
1521 4905 1938 4976 Angeriaceusis
1985 4907 2079 4964 lib.

494 4971 585 5040 tv,
605 4971 763 5047 epist.
809 4977 861 5030 5.
896 4971 1084 5047 Λιιιιςιέ
1118 4974 1184 5027 de
1213 4974 1272 5028 S.
1304 4971 1532 5043 Joanne,
1574 4971 1666 5031 lib.
1701 4993 1752 5044 ν,
1783 4978 1940 5047 epist.
1973 4979 2077 5045 l9;

493 5045 711 5116 quaead
744 5045 846 5116 hoc
875 5046 1110 5116 pertinet
1144 5056 1543 5116 argumentum.

563 5114 710 5190 (259)
759 5113 1048 5190 Placitum.
1080 5113 1309 5190 Libfnt,
1329 5117 1544 5190 capital.
1573 5117 1682 5190 85:
1713 5115 2081 5190 Unusquisque

495 5187 740 5258 comitum
774 5185 1022 5258 placitum
1071 5203 1223 5258 suum
1270 5185 1478 5251 habeat,
1528 5197 1576 5241 et
1603 5189 1845 5258 justitias
1873 5185 2079 5257 faciat.

497 5257 760 5330 Placitum
796 5256 1349 5330 dicebantjudicium,
1395 5267 1489 5312 aut
1521 5256 1845 5330 conventum
1891 5256 2080 5330 judieii

496 5341 683 5382 causa.
709 5324 868 5399 ‘Unde
894 5335 948 5399 et
981 5327 1240 5399 placitare
1273 5327 1467 5392 lib,m,
1489 5331 1648 5399 epist.
1676 5330 1769 5383 24.
1799 5324 1909 5385 Nec
1931 5331 2080 5398 judi-

493 5399 562 5450 cii
597 5395 757 5450 modo
796 5412 810 5460 ;
849 5395 942 5450 sed
986 5397 1271 5465 cujuslibet
1319 5395 1538 5470 negotii
1562 5415 1726 5456 causa
1780 5395 2082 5456 conventus

495 5475 760 5536 agerent,
802 5475 856 5520 et
907 5470 1289 5523 conventiones
1352 5469 1524 5538 ipsas,
1579 5472 2082 5540 trausactionesquc

495 5551 677 5610 rerum
701 5552 928 5610 quarum
969 5553 1138 5610 causa
1166 5551 1552 5604 convenerant,
1575 5541 1771 5610 placita
1797 5543 2078 5606 vocabant,

497 5617 548 5658 ut
579 5607 835 5674 placitum
866 5609 1149 5663 'l'iciuense
1181 5610 1357 5664 Caroli
1381 5611 1530 5664 Calvi
1555 5607 1696 5665 mino
1721 5611 1844 5665 877.
1871 5612 2082 5664 Princi-

495 5689 644 5745 pum,
669 5680 804 5745 apud
832 5679 1066 5744 lvoncm,
1091 5681 1247 5748 epist.
1270 5681 1359 5733 28.
1393 5680 1786 5736 Flodoardusin
1804 5683 2076 5741 Clll‘OlIiCO,

493 5763 638 5803 anno
659 5748 781 5803 8.35.
824 5749 1084 5802 Placitum
1114 5751 1406 5803 concordite
1439 5769 1499 5804 ac
1521 5755 1664 5821 pacis
1711 5768 1801 5806 rex
1828 5762 1875 5806 et
1929 5749 2079 5820 [lngo

2174 3241 2238 3295 de
2269 3236 2697 3306 Rancoue(2til)
2725 3252 2755 3289 a
2786 3235 2940 3291 vobis
2987 3245 3166 3290 actum
3208 3244 3314 3302 est,
3361 3252 3466 3292 non
3516 3247 3769 3294 tacentes.

2175 3329 2519 3385 llaimericus
2544 3326 2811 3396 siquidem
2835 3337 3057 3399 propter
3084 3332 3250 3384 multa
3283 3329 3442 3395 mala,
3465 3345 3587 3400 qute
3623 3335 3768 3388 nobis

2176 3508 2438 3560 mediante
2493 3504 2910 3575 Quadragesima
2958 3505 3120 3559 iniere
3162 3505 3462 3560 Suessonis.
3513 3505 3767 3562 Placitum

2179 3577 2527 3640 venditionis,
2585 3576 2806 3644 capitul.
2840 3576 2930 3629 lib.
2977 3591 3062 3640 ιιι,
3090 3575 3179 3630 75.
3231 3577 3534 3631 Concilium
3595 3578 3769 3631 l‘riltu-

2181 3648 2378 3710 rieuse,
2408 3662 2528 3715 cap.
2566 3646 2599 3698 9
2629 3643 2807 3698 {Cum
2852 3645 3122 3714 episcopus
3152 3647 3508 3715 episcopatum
3551 3649 3768 3701 circum-

2178 3717 2350 3770 eundo
2371 3717 2623 3784 placitum
2647 3715 2898 3786 canonice
2938 3718 3244 3780 decreverit,
3279 3720 3634 3786 populumque
3683 3718 3768 3770 illo

2181 3787 2496 3844 invitaverit,
2522 3795 2570 3837 et
2593 3801 2763 3856 comes
2784 3785 2967 3840 eadem
2998 3785 3082 3838 die
3121 3787 3374 3855 placitum
3411 3785 3553 3840 cum
3579 3791 3764 3856 populo

2181 3872 2335 3910 suum
2363 3855 2675 3921 condixerit,
2705 3865 2752 3908 et
2793 3871 2886 3923 per
2927 3857 3156 3909 bannum
3183 3857 3312 3910 illuc
3357 3857 3534 3911 venire
3581 3855 3768 3925 prtere-

2187 3927 2343 3994 perit,
2374 3927 2626 3996 placitum
2682 3925 2885 3978 comitis
2909 3942 3085 3980 omnes
3131 3937 3462 3994 postponant,
3519 3937 3570 3981 et
3607 3944 3768 3980 comes

2183 4000 2310 4064 ipse.
2339 3999 2577 4064 idemque
2601 3996 2824 4067 populus
2847 4005 2960 4064 post
2987 3997 3282 4065 episcOpum
3318 3996 3507 4065 festiue
3534 4010 3766 4067 pergant,

2185 4067 2406 4120 scientes
2446 4082 2499 4118 se
2529 4081 2632 4120 non
2659 4065 2768 4119 illic
2814 4067 3065 4120 seditiosa
3116 4069 3442 4120 contentione
3478 4065 3764 4126 decertare,

2184 4136 2274 4189 sed
2304 4153 2400 4204 pro
2431 4135 2537 4203 [ide
2564 4136 2825 4207 catholica
2863 4135 3140 4205 invigilare
3172 4156 3189 4200 ,°
3220 4153 3322 4191 non
3369 4137 3642 4191 cumulum
3686 4155 3769 4207 pe-

2186 4209 2486 4276 cuniarum,
2518 4208 2608 4260 sed
2644 4205 2850 4276 lucrum
2883 4223 3195 4276 congregare
3235 4208 3560 4260 animarum.

2260 4275 2406 4347 (260)
2444 4276 2521 4329 De
2557 4275 2734 4330 insula
2761 4275 2810 4328 F
2813 4277 2956 4330 laici.
2984 4275 3166 4330 Insula
3201 4287 3286 4332 est
3317 4293 3421 4330 non
3473 4278 3644 4332 maris
3683 4285 3771 4331 aut

2189 4345 2448 4411 ﬂuminis,
2479 4348 2572 4402 sed
2607 4347 2799 4402 mediis
2839 4347 2967 4402 olim
3023 4361 3086 4400 ex
3121 4347 3403 4416 paludibus
3429 4357 3612 4400 eruta.
3673 4347 3768 4412 Qui

2188 4431 2336 4472 nunc
2371 4417 2534 4489 etiam
2565 4417 2681 4489 ejus
2707 4419 2844 4473 situs
2865 4417 3106 4472 cernitur
3129 4433 3232 4471 non
3262 4417 3446 4485 procul
3471 4416 3766 4489 Surgeriis,

2115 4503 2161 4562 υ
2188 4487 2733 4562 quaruut__l£cclesia:
2790 4489 3220 4562 nie_ntbrum__est_.
3256 4490 3308 4540 lu
3359 4487 3641 4562 privilegio
3672 4487 3770 4562 Ur_-

2187 4556 2310 4613 bani
2343 4557 2404 4621 ll,
2434 4557 2620 4612 Romae
2671 4572 2813 4613 anno
2864 4557 3002 4613 1098
3034 4574 3046 4610 :
3079 4556 3316 4612 Ecclesia
3349 4558 3413 4610 Β.
3470 4556 3663 4613 Mariae
3711 4558 3771 4610 de

2184 4627 2578 4698 Surgeriiscum
2602 4628 2776 4683 insula
2805 4627 2854 4680 F
2855 4628 3002 4694 laici,
3033 4644 3190 4698 quam
3229 4647 3260 4682 a
3289 4644 3344 4683 se
3383 4643 3604 4696 prorsus
3656 4645 3771 4684 eru-

2184 4696 2300 4750 tam
2329 4696 2485 4768 [fugo
2513 4699 2660 4753 utiles
2684 4715 2776 4767 per
2796 4715 3012 4752 manum
3039 4696 3256 4768 Ranulﬁ
3296 4699 3648 4754 Santonensis
3670 4699 3772 4768 epi-

2184 4768 2340 4839 που(
2367 4767 2732 4839 Vindocinensi
2773 4770 3002 4839 coenobio
3031 4767 3326 4839 dereliquit.

2256 4837 2404 4908 (26l)
2438 4837 2738 4908 llaimerico
2783 4840 2848 4894 de
2894 4838 3158 4894 Rancone.
3192 4837 3353 4894 Clara
3403 4838 3772 4908 superioribus

2183 4909 2396 4963 saeculis
2425 4907 2650 4980 familia,
2680 4924 2742 4963 ex
2774 4925 2880 4980 qua
2917 4911 3044 4966 huic
3079 4911 3414 4980 cognominis
3464 4907 3606 4964 alter
3651 4909 3771 4963 Haié

2185 4980 2421 5034 ntericus
2446 4981 2511 5034 de
2554 4979 2810 5036 llancone
2853 4979 3184 5036 fundationis
3214 4981 3630 5036 Vindocinensis
3660 4996 3770 5035 cm-

2185 5051 2331 5123 uobii
2354 5049 2726 5123 litteris'riuter
2766 5065 3021 5123 proceres
3061 5052 3384 5123 subscripsit
3425 5050 3768 5123 annototo.

2185 5119 2314 5190 item
2344 5119 2654 5176 Gaull‘ridus
2705 5119 2781 5176 de
2823 5121 3078 5176 Rancone
3131 5119 3432 5177 l’icta‘vcnsi
3485 5121 3691 5190 regioni
3741 5137 3771 5176 ιι

2185 5189 2456 5263 Ludovico
2512 5191 2615 5257 \‘ll,
2667 5207 2814 5261 rege,
2867 5192 3169 5262 Aquitania:
3224 5195 3359 5249 duce
3414 5189 3770 5263 praepositus,

2185 5260 2340 5328 cujus
2366 5271 2601 5333 exstant
2631 5263 2697 5316 ad
2735 5260 3033 5333 ’Sugerium
3084 5263 3336 5320 abbatem
3385 5260 3582 5321 littera:
3634 5267 3774 5321 inter

2183 5331 2707 5404 epistolasSugerii.
2763 5331 3050 5388 Ha‘imeriei
3085 5345 3348 5404 praeterea
3396 5335 3773 5393 ltaucouensis

2186 5401 2270 5454 Itis
2295 5401 2931 5475 omuibus’autiqnioris,
2983 5401 3302 5475 cruentique
3356 5407 3475 5474 ejus
3519 5409 3772 5464 interitus

2185 5472 2432 5547 meminit
2454 5481 2614 5547 vetus
2645 5473 2968 5547 Cltronicutn
2993 5472 3248 5547 Adentari
3295 5472 3725 5547 Eugolismensis
3755 5493 3769 5528 ε

2190 5539 2552 5613 llaimericus,
2603 5543 2804 5611 inquit,
2848 5545 3086 5613 princeps
3129 5539 3533 5612 Ranconens-is;
3587 5559 3773 5602 contra

2186 5610 2522 5690 (inillelmunt
2554 5610 2871 5690 [iugalismte
2896 5610 3136 5670 comitem
3167 5620 3443 5690 insurgens
3467 5637 3497 5672 a
3516 5610 3774 5689 Coﬂ'rido

2186 5682 2390 5734 comitis
2418 5682 2530 5748 ﬁlio
2560 5682 2700 5752 ferro
2722 5686 2994 5752 confossus
3035 5690 3313 5742 occiditur.
