3990 6458
196 353 286 401 ,η
1451 327 1773 387 EPISTOLA

1882 359 1943 370 -—
1983 328 2107 385 LIB.
2149 327 2234 384 ΙΙΙ.

3361 337 3387 393 .l
3405 339 3470 393 Η

193 454 396 510 inﬂatos
443 460 682 507 conatus
744 451 1100 507 humilitatem
1161 447 1416 500 Romana:
1478 444 1758 510 Ecclesiae,
1798 454 1837 508 Α
1869 453 2016 514 quat.
2049 444 2156 499 Pro
2187 445 2493 502 reverentia
2527 456 2724 504 vestrae
2751 447 3032 519 religionis
3068 450 3168 506 hoc
3207 451 3466 521 injustam

191 561 306 614 ιιιιίε
350 542 532 596 inﬂata
565 559 797 614 crepare
846 551 901 597 et
929 539 1150 610 superba
1186 551 1434 606 premere
1472 537 1643 600 novit,
1681 552 1773 607 ap-

194 635 460 707 pellamus.

737 723 1071 781 EPISTULA
1106 721 1216 777 XL.

191 817 521 871 Charissimis
553 817 788 869 dominis
818 827 864 869 et
887 811 1316 884 pra'cordialibus
1347 809 1552 876 amicis,
1575 810 1772 865 domno

260 905 409 960 Petro
437 904 854 960 Santouensium
885 903 1158 959 venerabili
1189 902 1430 971 episcopo
1452 943 1466 965 ,
1504 912 1550 955 et
1578 903 1772 956 domno

256 997 524 1052 Goscelino
557 999 864 1052 honorabili
889 998 1005 1066 ejus
1048 995 1448 1057 arcltidiacono,
1494 991 1772 1063 Go/j’ridus

253 1105 426 1141 eorum
452 1088 672 1141 humilis
700 1098 746 1142 et
771 1087 942 1154 ﬁdelis
969 1087 1191 1149 anticus,
1219 1083 1462 1147 salutem,
1499 1084 1774 1138 servitium

256 1192 298 1232 et
321 1180 675 1233 dilectionem.

259 1271 505 1324 Pervenit
537 1271 608 1324 ad
655 1286 782 1334 nos,
828 1271 970 1340 quod
1017 1269 1318 1325 oblationes
1367 1266 1772 1323 confessionum

192 1367 243 1417 in
267 1363 485 1418 ecclesia
512 1362 901 1433 Surgeriarum
925 1362 1070 1434 (267)
1097 1363 1252 1418 nobis
1275 1363 1591 1418 abstulistis.
1617 1361 1773 1429 Quod

195 1459 234 1511 si
264 1459 328 1510 ita
376 1473 474 1511 nos
503 1458 781 1521 absentes,
821 1458 887 1509 de
915 1456 1016 1509 hoc
1049 1457 1193 1524 quod
1223 1471 1319 1526 per
1350 1457 1570 1525 triginta
1603 1471 1774 1511 annos

197 1548 330 1602 nullo
351 1549 610 1617 episcopo
627 1547 709 1602 vel
734 1547 1117 1602 archidiacono
1136 1547 1463 1602 reclamante
1480 1549 1773 1612 tenuimus,

193 1651 343 1708 atque
385 1641 764 1695 Romanorum
811 1638 1126 1706 pontiﬁcum
1175 1639 1396 1693 licentia
1445 1640 1602 1694 nobis
1638 1655 1773 1693 con-

193 1747 392 1786 cessum
439 1729 599 1800 155
646 1740 750 1792 est,
785 1731 1174 1795 exinvestistis,
1224 1740 1276 1784 et
1310 1733 1630 1802 presbytero
1677 1748 1765 1787 no-

1880 549 1985 588 non
2012 534 2262 599 dicimus,
2301 535 2395 590 sed
2431 537 2635 606 justum
2688 554 2810 593 esse
2863 541 3080 610 penitus
3132 542 3464 612 ignoramus.

1880 625 2012 680 Nam
2060 625 2142 680 lex
2184 625 2352 697 Moysi
2407 644 2515 683 non
2561 635 2837 700 praecepit,
2867 634 3143 702 propheta:
3181 649 3286 688 non
3335 651 3471 704 pra:-

1879 715 2168 782 dixerunt,
2207 727 2456 773 sanctum
2482 719 2836 791 Evangelinm
2865 724 2988 778 inde
3023 724 3186 786 siluit,
3215 735 3470 781 auctores

1877 821 2144 862 canonum
2180 815 2274 862 aut
2321 811 2613 865 noluerunt
2641 813 2843 879 dicere,
2877 825 2970 870 aut
3014 817 3268 872 oblivioni
3303 819 3473 871 tradi-

1879 899 2094 953 derunt.
2136 897 2342 955 Valete.

2101 1049 2104 1052 .
2309 977 2844 1075 156,-t'ets‘rout
2905 996 3037 1051 xu.

1881 1077 1946 1134 Ρ.
1989 1080 2282 1135 honorabili
2323 1073 2560 1150 episcopo
2586 1084 2733 1154 (268)
2759 1125 2774 1150 ,
2813 1073 2980 1154 frater
3011 1088 3284 1158 Goﬂ’ridus
3310 1090 3471 1146 abbas

1958 1170 2386 1236 Vindocinensis,
2425 1175 2743 1230 allodiarius
2784 1179 3085 1246 apostolica:
3123 1183 3261 1236 sedis
3285 1194 3333 1237 et
3356 1201 3470 1238 ser-

1950 1281 2063 1328 rus,
2108 1281 2209 1318 non
2241 1264 2418 1333 facere
2459 1267 2580 1319 aliis
2606 1268 2745 1336 quod
2777 1285 2880 1322 non
2918 1270 3022 1323 vult
3057 1271 3178 1338 ﬁeri
3207 1275 3326 1328 sibi.

1951 1356 2162 1411 Domini
2193 1372 2350 1426 papae
2377 1357 2576 1412 Calixti
2606 1361 2895 1428 accepistis
2939 1362 3238 1428 decretum,
3274 1367 3324 1418 in
3365 1381 3472 1434 quo

1878 1449 2029 1504 vobis
2053 1458 2109 1502 et
2135 1447 2457 1517 quibusdam
2494 1451 2763 1521 episcopis
2789 1452 2910 1507 aliis
2945 1452 3120 1508 fuerat
3144 1467 3470 1526 praeceptum

1878 1550 1937 1595 ut
1967 1555 2146 1595 rerum
2181 1542 2566 1598 Vindocinensi
2605 1544 2942 1609 monasterii,
2968 1544 3110 1600 sicut
3139 1561 3325 1616 earum
3351 1565 3472 1618 quas

1877 1633 2189 1702 apostolica
2216 1635 2364 1688 sedis
2391 1643 2516 1687 sunt
2556 1635 2808 1704 propriae,
2844 1633 3155 1692 defensores
3192 1639 3388 1692 essetis
3417 1647 3472 1692 ιιι

1877 1724 2175 1794 adjutores.
2214 1725 2277 1780 Et
2331 1725 2420 1778 alii
2476 1726 2694 1795 quidem
2753 1741 2944 1781 omnes
2995 1744 3102 1782 non
3153 1729 3317 1783 verbo
3370 1744 3471 1784 nec

193 1833 321 1884 stro,
350 1823 491 1891 quod
525 1831 774 1875 nostrqu
823 1831 962 1883 erat,
993 1821 1146 1875 nobis
1194 1801 1521 1887 nolentibus,
1575 1834 1769 1878 conttt-
1804 1801 1846 1861 Β
1876 1817 2055 1888 lingua
2090 1824 2322 1882 tantum,
2353 1817 2445 1871 59d
2491 1832 2655 1887 Opere
2687 1826 2744 1871 ει
2787 1818 3034 1884 “male,
3079 1819 3280 1874 δοιηίηί
3316 1836 3467 1890 νίψω

187 1915 345 1976 iistis,
390 1929 486 1968 nec
533 1913 879 1967 dilectionem
929 1913 1074 1967 circa
1123 1928 1222 1968 nos
1271 1914 1620 1977 exhibuistis,
1673 1931 1772 1970 nec

194 2003 493 2056 dilectionis
535 2003 787 2072 speciem.
819 1999 912 2056 Vel
937 2003 979 2056 si
1026 2003 1097 2056 ita
1139 2003 1345 2058 amicos
1372 2013 1582 2058 vestros
1611 2004 1772 2060 beare

193 2094 388 2156 nostis,
409 2101 610 2146 novum
653 2108 819 2162 genus
846 2093 1196 2149 beatitudinis
1239 2105 1293 2148 el
1338 2093 1642 2151 dilectionis
1697 2098 1774 2150 in-

191 2185 440 2241 venistis.
486 2186 597 2240 lloe
638 2195 808 2239 tamen
855 2187 899 2240 si
951 2187 1019 2240 ab
1069 2188 1190 2243 aliis
1221 2188 1532 2244 hominibus
1581 2201 1770 2246 contra

191 2291 289 2327 nos
317 2287 586 2344 ageretur,
626 2293 726 2329 non
754 2276 1081 2340 dilectionis.
1113 2279 1205 2334 sed
1251 2280 1358 2333 odii
1393 2295 1529 2350 Opus
1557 2282 1770 2336 videre-

194 2383 293 2420 llll'.
343 2367 398 2420 Si
439 2367 644 2436 aliquid
691 2369 812 2422 mali
861 2369 1014 2422 vobis
1065 2370 1258 2425 fecisse
1310 2373 1639 2437 videremur,
1679 2378 1773 2429 de-

195 2458 483 2514 buissemus
517 2460 671 2530 prius
722 2462 1028 2526 admoneri,
1072 2472 1129 2516 ut
1178 2464 1256 2518 sie
1307 2474 1400 2518 aut
1445 2465 1682 2537 culpam,
1725 2467 1768 2522 si

197 2551 422 2617 adesset,
482 2552 642 2607 nobis
705 2553 894 2608 liceret
951 2555 1231 2610 humiliter
1288 2573 1616 2626 agnoscere,
1678 2568 1773 2614 aut

201 2641 238 2694 si
293 2656 389 2695 non
445 2652 630 2708 esset,
700 2644 1098 2699 rationabiliter
1157 2663 1442 2702 excusare.
1517 2647 1574 2703 Si
1639 2666 1767 2704 vero

203 2733 386 2802 aliquid
437 2735 564 2789 boni
636 2736 794 2790 vobis
844 2735 1024 2790 facere
1081 2738 1392 2807 potuimus,
1441 2749 1493 2795 et
1545 2740 1772 2796 fecimus

211 2823 642 2889 retributionem,
700 2841 864 2893 quam
925 2826 1066 2880 Deus
1129 2843 1234 2882 non
1294 2829 1476 2893 novit,
1532 2832 1774 2901 recipere

201 2931 298 2968 non
343 2926 604 2985 Optamus.
650 2917 804 2972 Unde
847 2933 960 2984 vos,
993 2920 1132 2974 sicut
1179 2919 1563 2978 dilectissimos
1624 2926 1774 2978 dom-

203 3025 291 3063 nos
343 3020 390 3063 et
445 3013 660 3067 amicos
732 3013 1044 3082 suppliciter
1107 3029 1392 3082 rogamus,
1457 3031 1524 3070 ne
1591 3033 1619 3070 a
1675 3034 1770 3070 vo-

203 3101 308 3166 bis,
357 3104 418 3157 de
463 3105 671 3172 quibus
726 3121 942 3174 semper
992 3108 1330 3174 Speravimus
1388 3109 1558 3172 bona,
1625 3125 1774 3178 qua:-

201 3189 316 3244 libet
365 3195 498 3248 mala
557 3196 912 3258 sentiamus,
970 3197 1096 3265 quia
1165 3208 1339 3251 vestra
1410 3200 1770 3268 gravamiua,

204 3286 431 3354 quoniam
498 3289 667 3342 amici
726 3289 894 3342 nostri
945 3289 1325 3356 prmcordiales
1379 3291 1513 3344 estis
1570 3291 1776 3360 patien~

205 3387 278 3431 ter
318 3389 525 3446 portare
599 3395 712 3434 non
769 3395 1072 3450 possumus.
1131 3380 1188 3435 Si
1249 3381 1427 3436 dicitis
1485 3383 1627 3452 quod
1689 3383 1776 3437 ille

205 3467 504 3524 oblationem
546 3469 912 3526 confessionis
943 3473 1140 3526 habere
1182 3473 1343 3526 debet
1390 3473 1475 3527 cui
1505 3475 1774 3544 pmnitens

205 3558 486 3624 confitetur,
511 3559 682 3614 simili
714 3561 872 3615 modo
900 3559 1079 3615 dicere
1112 3562 1336 3630 potestis
1366 3572 1423 3616 ιιι
1446 3564 1773 3618 oblationem

207 3650 371 3705 altaris
415 3655 618 3707 habeat
645 3668 674 3706 a
716 3669 824 3722 quo
857 3653 1019 3708 missa
1059 3663 1332 3720 cantatur,
1363 3665 1417 3708 et
1449 3655 1774 3710 oblationem

208 3742 403 3805 mortui,
432 3759 460 3795 a
500 3758 616 3810 quo
673 3753 920 3796 mortuus
965 3743 1254 3812 sepelitur,
1301 3754 1354 3796 et
1402 3745 1482 3797 sic
1533 3745 1778 3800 minister

208 3844 369 3886 noster
397 3844 572 3888 totum
612 3835 842 3904 accipiat
869 3846 926 3888 ut
965 3836 1096 3888 nihil
1143 3836 1474 3889 oblationum
1522 3837 1572 3889 in
1603 3837 1776 3892 eccle-

206 3924 304 3985 siis,
355 3927 544 3994 quibus
599 3927 686 3979 die
737 3944 799 3980 ac
844 3937 999 3981 nocte
1053 3929 1342 3992 servimus,
1396 3928 1557 3983 nobis
1613 3929 1778 3984 relin-

203 4077 468 4156 Carantoui
510 4086 785 4156 ﬂuminis,
817 4087 1024 4140 scilicet
1067 4100 1264 4141 missus
1287 4087 1504 4141 comitis
1547 4087 1777 4156 Stepha-

207 4167 314 4216 nus,
350 4165 400 4206 et
429 4155 694 4209 defensor
745 4157 1003 4212 maleﬁcae
1045 4156 1384 4219 Guillelmus,
1417 4173 1539 4212 cum
1571 4155 1776 4213 baculis

207 4231 253 4273 et
288 4225 492 4296 sentis;
548 4227 812 4280 defensor
857 4227 1000 4280 enim
1051 4227 1309 4281 maleticzc
1359 4237 1477 4281 erat
1525 4229 1639 4296 ipso
1690 4229 1777 4282 die

207 4292 520 4366 maleﬁcatus
549 4313 585 4349 ει
625 4298 950 4364 quibusdam
983 4297 1436 4360 incantatoribus,
1473 4308 1525 4350 et
1544 4292 1777 4366 quibus-

207 4363 314 4437 dam
340 4363 654 4437 potionibus
683 4368 974 4437 herbarum
1005 4367 1270 4420 initiatus.
1302 4366 1407 4422 Sed
1439 4363 1772 4437 Stephanus,

207 4431 263 4485 de
287 4431 438 4488 solius
483 4437 704 4491 Domini
736 4452 866 4491 vero
890 4435 1097 4504 judicio
1126 4437 1424 4501 conlidens,
1455 4431 1627 4493 victor
1657 4431 1774 4494 sine

1875 1922 2235 1965 servaverunt
2266 1909 2601 1963 mandatum.
2631 1908 2737 1964 Vos
2772 1919 2950 1965 autem
2979 1926 3097 1979 qua:
3143 1912 3198 1965 itt
3250 1913 3462 1983 episco-

1875 2011 2003 2071 pattt
2045 2011 2228 2055 vestro
2260 2001 2414 2054 nobis
2455 1999 2632 2054 ablata
2680 2010 2826 2066 sunt,
2857 2010 2913 2054 et
2957 2011 3104 2070 quot,
3137 2011 3193 2056 et
3237 2011 3468 2071 quantas

1875 2090 2071 2146 fratres
2094 2091 2286 2152 nostri,
2309 2091 2400 2160 qui
2429 2090 2498 2144 ibi
2531 2090 2801 2151 habitant,
2829 2100 3181 2159 portaverunt
3216 2091 3465 2160 injurias,

1874 2185 2008 2238 satis
2035 2183 2298 2248 audistis,
2345 2183 2438 2237 sed
2480 2190 2574 2235 aut
2615 2181 2866 2236 noluistis
2891 2184 3194 2253 corrigere,
3236 2193 3328 2237 aut
3363 2187 3465 2236 nii-

1875 2275 2018 2328 nime
2066 2274 2335 2342 potuistis.
2376 2273 2605 2342 Insuper
2653 2273 2816 2326 etiam
2866 2274 3106 2330 det-imas
3166 2275 3464 2329 salinarum

1877 2373 2200 2430 vestrarum,
2253 2380 2392 2434 quas
2440 2366 2830 2420 monasterium
2883 2375 3151 2431 nostrum,
3198 2369 3466 2437 patrimo-

1875 2460 2022 2512 nium
2050 2458 2257 2513 scilicet
2281 2459 2336 2510 B.
2358 2458 2503 2529 Petri
2535 2467 2589 2510 ct
2617 2457 2734 2525 ejus
2759 2456 3036 2522 allodium,
3065 2473 3162 2526 per
3181 2460 3466 2530 sex-.igitita

1875 2566 2047 2605 annos
2094 2550 2320 2620 pacifice
2371 2549 2615 2603 noscitur
2648 2549 2973 2618 possedisse,
3020 2551 3176 2604 nobis
3219 2552 3462 2607 aulertis.

1877 2639 2031 2696 Unde
2060 2642 2406 2695 dilectionem
2456 2651 2694 2696 vestram
2725 2657 3001 2712 rogamus,
3036 2653 3093 2697 ut
3122 2645 3267 2714 quod
3307 2646 3468 2701 aliter

1875 2740 2054 2785 actum
2085 2741 2168 2785 est
2195 2733 2506 2802 corrigatis,
2537 2746 2603 2784 ne
2634 2733 2725 2801 qui
2774 2733 3068 2802 apostolica
3102 2737 3466 2806 przeceptione

1876 2821 2028 2874 nobis
2079 2820 2328 2875 defensor
2376 2823 2706 2876 constitutus
2757 2822 2957 2885 luerat,
3004 2824 3251 2878 videatur
3287 2843 3465 2896 persc-

1875 2921 2051 2975 cutor,
2103 2922 2156 2966 et
2215 2913 2294 2968 sic
2333 2913 2490 2982 lupus
2524 2915 2654 2973 fiat,
2693 2916 2836 2983 quod
2893 2915 3035 2972 Deus
3074 2917 3311 2972 abnuat!
3373 2922 3465 2990 qui

1876 3015 1996 3055 esse
2023 3001 2284 3056 debuerat
2315 3015 2521 3072 pastor.
2550 3003 2715 3059 Nobis
2765 3007 2966 3061 dictum
2996 3019 3079 3062 est
3119 3011 3242 3079 quia
3285 3012 3466 3066 dicitis

1878 3092 2018 3160 quod
2050 3091 2290 3147 Ecclesia
2323 3111 2427 3148 non
2454 3095 2614 3149 debet
2661 3097 2928 3152 decimam
2977 3100 3110 3155 dare
3139 3101 3309 3172 (269).
3354 3101 3468 3157 Hoc

1833 3193 1845 3210 ‘
1882 3200 2067 3239 verum
2095 3195 2200 3250 est,
2235 3187 2322 3240 ubi
2354 3187 2594 3242 Ecclesia
2628 3188 2759 3243 nihil
2807 3191 2967 3246 habet
2999 3193 3050 3245 in
3090 3195 3342 3263 parochia
3384 3197 3466 3250 al-

1881 3278 2050 3332 terius
2097 3277 2372 3344 Ecclesiai,
2407 3280 2496 3332 ubi
2534 3294 2662 3334 vero
2695 3281 2935 3337 Ecclesia
2987 3285 3040 3338 in
3092 3287 3316 3342 alterius
3359 3289 3465 3343 Ec-

1879 3369 2056 3423 clesiae
2078 3371 2334 3438 parochia
2379 3373 2778 3439 possessionem
2820 3374 3053 3443 aliquam
3090 3376 3246 3447 157
3280 3378 3464 3443 habet,

1881 3459 1960 3514 vel
2003 3460 2281 3529 quidpiam
2323 3462 2467 3530 quod
2501 3463 2756 3518 decimari
2807 3466 3038 3530 debeat;
3095 3470 3165 3523 ibi
3219 3468 3467 3526 Ecclesia

1880 3553 2132 3606 Ecclesiae
2158 3552 2424 3607 decimam
2457 3555 2683 3611 reddere
2725 3558 2902 3618 debet.
2935 3559 2978 3614 si
3022 3558 3148 3613 illttd
3169 3559 3316 3630 justo
3344 3579 3468 3632 pos-

1879 3644 2056 3698 sidere
2101 3644 2394 3699 desiderat.
2427 3645 2538 3702 Iloc
2565 3659 2715 3704 tenet
2740 3649 2926 3716 Italia;
2961 3651 3063 3706 hoc
3092 3662 3239 3708 tenet
3264 3653 3462 3710 Gallia.

1880 3738 1954 3792 Ibi
1983 3737 2128 3791 enim
2181 3737 2428 3792 novimus
2475 3739 2746 3796 Ecclesias
2778 3741 3034 3797 Ecclesiis
3065 3743 3306 3799 decimas
3346 3746 3467 3801 red-

1879 3831 2027 3898 dere,
2055 3844 2111 3887 et
2141 3835 2374 3904 majores
2422 3835 2744 3899 minoribus,
2775 3843 2831 3890 et
2868 3836 3106 3891 minores
3141 3837 3461 3906 majoribus,

1881 3924 1970 3978 tibi
2005 3924 2176 3980 altera
2209 3940 2397 3981 earum
2431 3927 2828 3996 possessionem
2859 3927 3067 3983 obtinet
3097 3928 3291 4000 injure
3330 3929 3464 3985 alte-

1881 4087 2055 4142 versia
2101 4103 2222 4143 cum
2271 4088 2527 4158 episcopo
2571 4085 2970 4158 Andegavensi,
2998 4086 3080 4158 nti
3113 4085 3460 4141 observatum

1878 4171 1961 4211 est
2007 4161 2073 4213 ad
2104 4161 2266 4229 epist.
2303 4155 2368 4213 l2
2400 4155 2472 4212 de
2508 4174 2613 4228 qua
2660 4158 2798 4211 inter
2829 4155 3103 4229 L'lgerium
3149 4158 3460 4229 episcopum

1879 4237 1934 4281 et
1967 4226 2330 4283 Ι⁴ἰοιιιιίιιι1ιιιιι
2384 4226 2632 4281 abbatem
2679 4240 2863 4279 coratn
2913 4226 3223 4279 Innocentio
3275 4226 3346 4290 ll,
3389 4230 3458 4280 ita

1880 4309 2206 4352 conventum
2235 4308 2339 4362 est,
2380 4310 2438 4352 ιιι
2468 4299 2637 4352 abbas
2667 4296 2974 4349 oblationes
3008 4296 3452 4363 baptisteriortun

1883 4369 1934 4421 in
1965 4369 2213 4423 ecclesiis
2240 4369 2478 4438 episcopi
2523 4368 2934 4436 Andegavensis
2976 4368 3295 4432 remitteret,
3345 4371 3462 4437 epi-

1883 4454 2079 4508 scopus
2107 4442 2288 4493 abbati
2321 4439 2620 4492 oblationes
2659 4438 3098 4506 puriticatlonum
3132 4438 3211 4490 vel
3247 4443 3460 4507 nuptia—

207 4504 278 4554 sui
322 4509 567 4572 corporis
601 4508 803 4560 dantno
851 4501 972 4560 fuit.
1023 4508 1176 4562 Alter
1219 4517 1332 4561 toto
1374 4523 1600 4577 corpore
1646 4526 1775 4564 con-
1809 4501 1853 4556 Π
1885 4501 2025 4572 ιιιιιί,
2055 4520 2110 4563 ει
2138 4510 2297 4569 alias.
2345 4510 2484 4564 sicut
2520 4501 2678 4562 antea
2711 4508 3041 4571 obtinuerat,
3076 4509 3127 4560 in
3177 4501 3455 4575 posterum

207 4586 462 4647 quassato,
498 4593 606 4631 suo
652 4577 878 4630 nimium
933 4578 1197 4647 sanguine
1242 4589 1549 4644 coopertus,
1600 4581 1776 4635 victus

207 4645 338 4697 stetit
377 4645 428 4698 in
483 4647 721 4716 pedibus
773 4648 841 4700 ab
889 4645 1224 4702 hora—tertia
1275 4664 1442 4716 usque
1479 4651 1545 4701 ad
1586 4650 1774 4704 horam

207 4729 401 4789 tit-tiam.
432 4718 573 4771 Cum
611 4733 670 4771 se
708 4733 926 4773 movere
964 4717 1215 4789 jatnnon
1259 4729 1460 4787 posset,
1493 4719 1681 4789 clypeo
1723 4732 1778 4775 et

209 4781 380 4859 baculo
422 4790 673 4842 evomuit
701 4781 1398 4858 quasdam'malclica‘qmc
1441 4781 1772 4859 gusiaverat,

209 4855 482 4931 semivivus
530 4855 768 4911 aliorum
797 4859 1078 4931 _manibus
1128 4855 1464 4928 depor'tatur'
1500 4870 1552 4914 et
1620 4861 1776 4931 longe

211 4932 429 4998 tempore
470 4928 741 4998 languens
780 4928 1033 4983 decubuit
1064 4946 1077 4991 ;
1111 4931 1477 4984 incantatores
1505 4946 1631 4982 vero
1661 4928 1777 4997 ejus

209 4992 439 5068 delonge
460 4992 701 5061 stantes,
743 5000 834 5068 qui
866 5009 922 5054 et
947 5001 1193 5068 quaedam
1231 5001 1646 5067 praecautamina
1689 4992 1773 5054 di-

209 5063 406 5128 cebant,
440 5084 568 5122 mox
601 5063 777 5122 territi
808 5063 1080 5139 fugerunt.
1128 5063 1433 5138 Stephanus
1462 5085 1588 5124 vero
1622 5070 1775 5124 [zelus

209 5139 530 5209 etexsiliens
549 5140 742 5192 eadem
772 5142 902 5194 liora
932 5142 1171 5194 cucurrit
1199 5141 1308 5195 Deo
1338 5141 1541 5209 gratias
1571 5140 1772 5196 referre

208 5202 270 5256 ad
315 5209 577 5280 tumulum
633 5211 808 5264 sancti
865 5210 1132 5280 liparebii,
1179 5210 1266 5264 tibi
1316 5202 1567 5279 praedicta
1617 5223 1774 5266 nocte

207 5276 417 5351 pervigil
455 5281 848 5351 excubaverat.
893 5276 1100 5351 Deinde
1129 5276 1380 5351 reversus
1410 5290 1494 5334 est
1524 5282 1773 5350 equitaus

209 5346 256 5394 in
279 5346 494 5403 civitate
526 5360 584 5404 nt
608 5366 666 5404 se
699 5350 970 5405 reficeret.
1004 5349 1246 5405 Malefica
1281 5365 1410 5403 vero
1443 5346 1628 5404 multis
1658 5362 1770 5404 tor-

206 5417 392 5489 mentis
436 5419 728 5489 ignorante
771 5421 972 5475 comite
1021 5437 1144 5474 niox
1197 5419 1506 5476 excruciata
1555 5435 1651 5475 nec
1693 5420 1773 5474 sic

206 5484 437 5560 tutoressa
458 5484 576 5554 'cst,
615 5494 709 5546 sed
751 5506 781 5543 a
817 5491 992 5545 tribus
1041 5491 1376 5553 mulieribus,
1403 5505 1526 5559 qua:
1557 5506 1678 5544 cum
1708 5507 1770 5544 ea

209 5554 560 5613 interfuerant
607 5561 922 5620 maleficiis.
974 5561 1220 5616 convicta
1279 5571 1362 5614 est
1421 5554 1768 5615 testimoniis.

205 5621 385 5701 Comes
416 5637 601 5701 tamen
625 5631 673 5684 ei
707 5633 952 5701 pepercit
977 5641 1032 5685 et
1065 5632 1226 5684 vitam
1267 5631 1554 5685 concessit.
1590 5651 1620 5701 3

236 5695 409 5772 '(267)
444 5695 752 5772 thationés
777 5695 1181 5772 'confessionum
1225 5703 1277 5754 in
1319 5701 1532 5754 ecclesia
1577 5699 1771 5768 Surge-

207 5767 417 5821 riarum.
449 5767 572 5824 Non
605 5767 1016 5826 dissimilisfuit
1045 5769 1522 5826 Vindociuensium
1549 5767 1771 5826 contio-

1881 4581 2226 4634 roncedcret.
2263 4580 2640 4649 Surgeriartnn
2673 4577 2966 4649 Castellum
3009 4592 3212 4649 nomen
3257 4580 3459 4649 retinet

1883 4653 1935 4704 itt
1977 4651 2291 4719 episcopatu
2338 4647 2696 4719 SEuttonensi;
2744 4648 2810 4701 de
2841 4647 2996 4714 cujus
3025 4648 3252 4702 ecclesia
3282 4648 3458 4704 Urba-

1881 4735 1982 4774 nus
2009 4716 2270 4774 Caufrido
2314 4720 2516 4774 abbati.
2551 4716 2782 4772 Ecclesia
2821 4719 3136 4785 parochialis
3177 4719 3236 4770 S.
3272 4719 3461 4772 Maria:

1879 4792 1943 4843 de
1974 4790 2262 4858 Surgeriis,
2305 4801 2352 4844 et
2385 4805 2561 4844 omnes
2605 4789 2856 4852 ecclesiae,
2883 4805 2998 4858 qua:
3024 4789 3163 4857 infra
3209 4792 3460 4844 terminos

1880 4861 2111 4928 ejusdem
2138 4862 2402 4928 parocltia’
2427 4861 2776 4913 continentur.

1952 4930 2101 4998 (*268)
2140 4927 2202 4982 P.
2227 4929 2520 4984 honorabili
2563 4931 2821 4997 episcopo.
2851 4927 3010 4982 Petro
3047 4927 3221 4982 eidem
3265 4928 3464 4983 Santo-

1879 5000 2052 5056 nensi.
2084 4999 2282 5054 Habuit
2308 5008 2362 5054 et
2389 4999 2628 5054 decimas
2663 5000 2956 5052 salinarum
2993 5000 3304 5053 cantohium
3334 5000 3462 5055 Vin-

1879 5070 2271 5140 (lOClllt‘pslllltl,
2326 5079 2381 5123 ut
2433 5086 2498 5123 ex
2537 5069 2752 5140 tabulis
2799 5067 3128 5123 fundationis
3180 5069 3367 5140 liquet,
3405 5074 3458 5126 in

1879 5156 2016 5210 pago
2060 5138 2383 5194 Pietaviensi
2425 5141 2491 5193 ad
2522 5139 2769 5210 Olonam.
2801 5141 2980 5206 Quare
3017 5138 3251 5195 dubitari
3281 5153 3462 5210 posset

1880 5209 2172 5278 aniscripta
2204 5211 2274 5264 sit
2311 5210 2538 5280 epistola
2571 5209 2637 5263 ad
2674 5209 2895 5280 Petrum
2924 5210 3250 5280 episcopum
3284 5209 3456 5264 Picta-

1879 5282 2139 5343 viensetn,
2165 5281 2267 5334 nisi
2295 5278 2632 5346 compertum
2659 5289 2801 5333 esset
2840 5278 3036 5334 Calixti
3069 5278 3311 5349 tempore
3348 5295 3454 5333 non

1877 5349 2096 5405 Petrum
2127 5350 2366 5404 Pictavis
2405 5351 2636 5414 sedisse,
2669 5350 2762 5404 sed
2779 5349 3121 5404 Guillelntum
3154 5349 3298 5404 Petri
3326 5366 3452 5404 suc-

1876 5436 2147 5475 cessorem
2159 5463 2168 5474 .

1948 5490 2094 5561 (269)
2143 5490 2374 5548 Ecclesia
2411 5507 2512 5544 non
2545 5489 2690 5545 debet
2722 5489 2976 5561 decimam
3019 5488 3166 5561 dare.
3207 5486 3455 5561 Nonne-

1875 5558 2034 5632 gabat
2063 5561 2348 5630 episeopus
2391 5561 2632 5632 decimas
2657 5579 2689 5632 a
2721 5560 2994 5632 monachis
3013 5559 3142 5632 jure
3165 5558 3455 5632 possideri,

1876 5625 1968 5686 sed
1993 5625 2357 5686 contendebat
2391 5633 2460 5686 ab
2501 5631 2885 5686 ecclesiasticis
2915 5625 3029 5683 non
3060 5625 3268 5682 deberi.
3300 5625 3454 5696 Quod

1875 5704 2008 5757 scite
2035 5702 2227 5756 refellit
2259 5701 2550 5756 Goll'ridus.
