3992 6352
527 376 634 440 “5

1547 369 1868 431 GOFFRlDl
1904 365 2197 427 ABBATIS
2235 363 2759 428 VINDOCINENSIS

3739 377 3876 432 141

528 500 662 551 rius.
688 491 804 548 lloc
831 489 1058 547 iacimus
1084 502 1181 545 nos
1211 487 1486 554 Ecclesiis,
1516 495 1573 542 et
1600 488 1706 543 hoc
1743 485 2000 543 Ecclesia:
2025 485 2104 540 l‘a-
2136 492 2181 548 Α
2211 487 2553 544 siasticarum
2591 502 2771 543 rerum
2806 485 2984 542 omnis
3016 485 3246 543 facultas
3275 495 3522 559 negatur.
3573 487 3874 563 Clericus

527 587 680 642 ciunt
713 583 886 640 nobis.
913 582 1025 637 Hoc
1050 581 1212 636 etiam
1249 579 1402 635 bona:
1427 579 1552 634 vitae
1575 589 1629 634 et
1655 579 1809 634 bonae
1836 577 2112 632 memoriae

527 679 697 737 vestri
751 679 1194 750 praedecessores,
1241 675 1332 746 qui
1376 691 1471 731 vos
1505 684 1901 745 praecesserunt
1930 674 1996 729 ad
2041 675 2118 729 si-

531 771 726 823 dereas
774 767 1098 828 mansiones,
1132 764 1404 829 fecerunt,
1443 765 1685 821 decimas
1729 764 1935 820 scilicet
1976 777 2116 834 quas

524 860 642 915 sine
663 856 866 929 judicio
895 866 949 911 et
987 857 1108 912 sine
1148 856 1425 932 audientia
1474 856 1634 911 nobis
1661 855 1888 912 aul‘ertis
1931 855 2117 910 reddi-

524 953 739 1006 derunt.
788 948 893 1003 Sed
935 949 1010 1003 illi
1061 949 1205 1004 beati
1265 949 1368 1002 viri
1424 949 1655 1004 forsitan
1712 948 1892 1003 idiota:
1946 947 2116 1004 fuisse

519 1049 802 1112 putantur,
839 1039 1096 1108 quoniam
1137 1038 1464 1092 cbaritatem
1510 1037 1853 1103 habuerunt,
1901 1045 1956 1091 et
1983 1038 2117 1092 vita-

519 1140 716 1187 verunt
752 1130 1130 1202 rapacitatem,
1160 1138 1214 1185 et
1249 1131 1518 1184 nemiuem
1567 1129 1710 1186 mole
1754 1144 1866 1184 suae
1913 1128 2118 1198 magni-

523 1222 724 1278 tudinis
756 1235 1005 1292 premere
1038 1221 1346 1277 voluerunt.
1375 1221 1492 1277 Non
1523 1222 1778 1277 convenit
1817 1221 1982 1277 matri
2014 1223 2117 1277 Ec-

518 1314 702 1370 clesiae
731 1313 960 1368 aliarum
1010 1313 1380 1368 Ecelesiarum
1413 1313 1538 1383 jura
1590 1314 1679 1370 vel
1719 1314 1960 1370 decimas
2013 1314 2115 1370 sibi

520 1420 810 1477 usurpare.
863 1404 1157 1460 Parentum
1199 1415 1285 1460 est
1329 1406 1473 1460 enim
1503 1446 1518 1472 ,
1567 1405 1739 1460 Paulo
1792 1405 2117 1461 testiﬁcante

519 1495 822 1566 Apostolo,
871 1495 1242 1552 thesaurizare
1302 1496 1430 1551 ﬁliis
1476 1495 1573 1567 (III
1624 1495 1748 1551 Cor.
1806 1513 1917 1562 xu,
1973 1497 2112 1567 14).

522 1601 632 1640 non
688 1600 806 1656 qua:
861 1593 989 1640 sunt
1027 1586 1262 1641 ﬁliorum
1303 1585 1540 1643 auferre.
1572 1586 1631 1641 Si
1684 1596 1862 1642 tamen
1913 1586 2115 1657 aliquid

519 1675 664 1746 quod
701 1675 910 1744 justum
947 1676 1110 1732 sit'in
1165 1678 1440 1747 pnedictis
1501 1678 1727 1734 decimis
1770 1693 1866 1734 vos
1914 1678 2118 1734 habere

521 1767 827 1834 conﬁditis,
883 1769 1115 1825 Romani
1148 1769 1421 1839 pontiﬁcis
1461 1768 1725 1838 judicium
1751 1771 1904 1825 vobis
1933 1770 2118 1826 olferi-

2217 589 2423 646 autem,
2461 581 2554 651 qui
2607 596 2704 652 per
2754 579 2947 635 laicam
2999 595 3289 650 personam
3330 581 3656 649 ecclesiam,
3716 585 3864 639 sive

2217 671 2614 740 possessionem
2640 670 3070 727 ecclesiasticam
3102 671 3299 726 nititur
3319 672 3590 739 obtinere,
3619 689 3862 729 secun-

2217 760 2343 815 dum
2373 761 2690 832 Gregorium
2720 763 3008 833 septimum
3035 763 3182 835 (275)
3205 799 3224 830 ,
3247 775 3306 818 et
3327 763 3618 820 Urbanum
3644 767 3854 838 (επ),

2215 858 2272 904 et
2296 848 2610 906 Paschalcm
2641 852 2790 922 (275)
2819 853 3142 918 secundum,
3176 855 3700 911 excommunicatus
3728 869 3852 922 est,

2216 947 2271 992 et
2299 939 2366 994 ab
2395 940 2526 1010 ipsis
2563 940 2732 995 etiam
2778 941 3070 997 haereticus
3100 940 3398 1009 judicatus.
3445 941 3620 1011 Vale;
3664 959 3724 1000 et
3771 948 3852 1001 de

2216 1030 2388 1100 gradu
2409 1029 2460 1084 in
2486 1031 2710 1101 gradum
2733 1032 2874 1087 Deus
2891 1046 2991 1089 vos
3015 1041 3322 1102 promotum
3354 1033 3554 1089 habeat
3587 1036 3660 1090 ad
3687 1037 3850 1092 utili-

2221 1129 2383 1174 tatem
2412 1120 2670 1176 Ecclesia:
2698 1136 2828 1176 suze.
2848 1121 2905 1176 ln
2935 1123 3090 1178 vobis
3127 1123 3454 1192 completum
3486 1133 3594 1188 est,
3617 1135 3682 1179 ut
3705 1141 3848 1182 creo

2217 1211 2385 1279 ditur,
2435 1212 2578 1282 quod
2607 1211 2803 1282 legitur
2849 1212 2902 1266 in
2935 1213 3228 1282 Evangelia
3260 1230 3274 1268 :
3303 1212 3405 1279 Qui
3430 1231 3484 1268 se
3524 1214 3790 1271 humilia:
3821 1259 3842 1283 ,

2216 1301 2540 1357 exaltabitur
2586 1302 2807 1372 (Matth.
2856 1319 3025 1370 mu,
3082 1302 3194 1373 l2).
3250 1302 3520 1360 llumilem
3575 1317 3838 1362 mentem

2219 1404 2452 1449 vestram
2502 1410 2646 1451 nunc
2677 1410 2848 1465 usque
2878 1395 3257 1460 credidimus;
3291 1397 3604 1453 audivimus
3647 1400 3838 1455 humi-

2218 1485 2320 1540 lem
2353 1485 2656 1555 loquelam;
2709 1487 2846 1542 satis
2891 1486 3056 1541 etiam
3109 1486 3367 1541 humilem
3417 1498 3637 1544 vestem
3693 1506 3830 1546 con—

2217 1582 2517 1652 speximus.
2546 1581 2650 1636 lsta
2688 1582 2880 1653 utique
2923 1583 3106 1637 omnia
3153 1583 3431 1653 oportebit
3458 1599 3559 1640 vos
3594 1601 3832 1657 augere,

2219 1686 2324 1725 non
2373 1671 2642 1737 minuere,
2677 1686 2746 1727 ne
2787 1671 2940 1726 vobis
2966 1672 3268 1742 contingat,
3300 1671 3461 1743 159
3497 1676 3656 1744 quod
3691 1677 3830 1731 Dens

2220 1763 2450 1816 abnuat!
2487 1761 2592 1829 Qui
2615 1779 2670 1816 se
2699 1763 2918 1830 exultat,
2944 1762 3312 1816 humiliabitur
3334 1764 3725 1836 (ibitl.).Quod
3744 1768 3830 1824 hic

524 1875 666 1922 mus,
702 1860 788 1914 cui
839 1859 938 1915 soli
979 1861 1046 1916 de
1096 1861 1258 1916 rebus
1295 1861 1612 1917 monasterii
1657 1862 1830 1916 nostri
1866 1861 2106 1930 judicare

2220 1852 2517 1908 novissime
2543 1851 2756 1908 loeutus
2801 1868 2961 1920 sum,
3011 1860 3095 1908 est
3141 1853 3360 1922 quidem
3420 1868 3828 1928 praesumptuo-

525 1950 657 2006 licet
698 1960 752 2007 et
784 1950 1032 2006 deﬁnire.
1055 1951 1122 2006 Et
1151 1959 1210 2005 ut
1253 1951 1353 2006 ista
1402 1966 1524 2021 quae
1567 1951 1799 2008 dicimus
1825 1967 1952 2008 vera
2000 1967 2118 2008 cre-

523 2039 686 2106 datis,
722 2053 824 2094 nec
854 2039 1114 2110 deinceps
1143 2055 1241 2111 per
1271 2040 1637 2112 ignorantiam
1684 2041 1971 2098 adversum
2015 2057 2115 2099 nos

519 2132 856 2188 contrahatis
881 2131 1144 2190 olIensam
1169 2133 1562 2190 venerabilium
1589 2133 1958 2190 Romanorum
1981 2151 2115 2207 pon-

519 2219 764 2288 tiﬁcum,
811 2220 1017 2278 Urbani
1063 2231 1120 2277 et
1183 2221 1381 2278 Calixti
1424 2223 1706 2296 privilegia
1758 2224 1907 2297 (270)
1958 2228 2116 2284 vobis

522 2313 852 2382 transcripta
882 2315 1172 2368 mittimus.
1219 2312 1380 2368 Novit
1410 2315 1556 2369 enim
1597 2316 1883 2384 prudentia
1908 2325 2110 2384 vestra,

519 2403 666 2474 quod
696 2404 815 2458 sine
842 2403 1084 2473 periculo
1112 2418 1219 2459 non
1242 2405 1557 2461 dissolvitur
1584 2407 1698 2462 sive
1725 2407 2110 2473 contemnitur,

523 2493 668 2563 quod
690 2494 985 2564 apostolica
1025 2495 1349 2552 auctoritate
1385 2495 1659 2551 ﬁrmatum
1696 2513 1816 2553 esse
1845 2499 2110 2566 noscitur,

512 2582 603 2638 vel
645 2593 994 2656 praeceptum.
1039 2584 1261 2654 Valete,
1289 2595 1373 2653 et,
1405 2587 1532 2641 dum
1583 2587 1747 2659 158
1801 2604 2110 2659 precamur,

517 2684 760 2730 nostram
787 2675 970 2731 audite
1017 2691 1273 2746 precem,
1303 2676 1350 2733 si
1381 2688 1622 2733 vestram
1658 2694 1768 2734 non
1796 2679 1960 2737 vultis
2005 2682 2113 2738 sol-

514 2764 715 2822 licitari
745 2766 1006 2838 quietem.

1030 2857 1365 2915 EPISTOLA
1422 2859 1583 2915 XLll.

512 2947 739 3004 Domino
783 2966 879 3004 suo
923 2959 971 3004 et
1016 2951 1352 3021 prwcordiali
1394 2953 1608 3019 amico,
1667 2951 1720 3006 1.
1771 2953 2107 3010 honorabilis

583 3042 702 3096 vitta
753 3042 993 3114 episcopo
1043 3042 1212 3114 (271)
1241 3083 1256 3108 ,
1313 3046 1481 3114 frater
1525 3042 1806 3116 Goﬂ'ridus
1860 3046 2108 3102 abbatum

583 3135 833 3190 minimus
861 3176 875 3200 ,
921 3135 1253 3191 dilectionem
1298 3147 1346 3192 et
1386 3137 1680 3194 dilectionis
1705 3142 2031 3196 servitutem.

582 3224 639 3280 ln
669 3227 910 3282 crastino
939 3228 1134 3298 capitis
1174 3227 1508 3299 jejuniorum
1541 3229 1607 3284 ad
1656 3247 1754 3287 vos
1781 3233 1966 3289 venire
1995 3247 2102 3288 non

511 3333 754 3391 possum,
784 3323 1116 3380 necessitate
1156 3325 1405 3396 corporis
1444 3333 1762 3396 occupatus.
1809 3325 1944 3382 Cum
1975 3344 2108 3385 vero

2219 1959 2374 2010 sum;
2419 1945 2515 1999 sed
2564 1953 2951 2014 praesumptum
3002 1944 3180 2000 amica
3228 1948 3682 2016 praesumptione.
3721 1950 3824 2006 Vos

2217 2035 2428 2092 viscera
2461 2050 2580 2091 mea
2608 2037 2802 2103 nostis,
2833 2047 2889 2093 et
2915 2051 3018 2109 ego
3062 2047 3247 2095 vestra
3277 2039 3549 2094 similiter.
3580 2039 3703 2097 Nec
3731 2059 3827 2097 vo—

2216 2126 2322 2192 bis,
2340 2141 2440 2182 nec
2467 2126 2601 2181 mihi
2631 2135 2819 2182 mutua
2845 2126 3190 2184 familiaritas
3211 2137 3586 2199 contemptum
3609 2133 3824 2202 pariet;

2215 2219 2309 2272 sed
2338 2217 2391 2272 in
2421 2217 2604 2272 divina
2641 2219 2856 2290 justitia
2889 2221 3258 2277 assensionem
3290 2222 3514 2290 nutriet,
3539 2232 3600 2278 et
3643 2228 3822 2297 magis

2217 2307 2271 2362 in
2304 2308 2414 2365 Deo
2440 2309 2691 2366 devotam
2724 2309 3096 2366 dilectionem.

2712 2403 2957 2460 EPISTO
2966 2406 3049 2460 LA
3111 2404 3296 2462 XLlll.

2214 2493 2534 2550 Dulcissimo
2572 2494 2787 2551 domino
2815 2505 2863 2550 et
2908 2497 3244 2567 prwcordiali
3285 2498 3476 2564 amico,
3519 2499 3726 2558 domno
3753 2501 3818 2558 Π.

2286 2581 2568 2637 laudabilis
2597 2583 2718 2638 vim:
2749 2584 2987 2654 episcopo
3012 2584 3182 2657 (276),
3212 2586 3383 2656 frater
3415 2585 3698 2658 Goﬂ'ridus
3745 2593 3820 2644 di-

2282 2671 2552 2726 lectionem
2587 2683 2636 2728 ct
2675 2672 2974 2730 dilectionis
3019 2677 3343 2730 servitutem.

2283 2761 2612 2829 Concilium,
2643 2771 2703 2818 ut
2732 2779 2877 2820 nunc
2899 2765 3123 2830 dicitur,
3161 2765 3349 2822 Roma:
3381 2765 3528 2837 (277)
3559 2767 3816 2827 celebra-

2213 2855 2382 2919 bitur,
2429 2869 2561 2921 non,
2591 2855 2731 2910 sicut
2777 2856 3146 2925 audieramus,
3176 2858 3478 2914 Cremonae.
3513 2859 3665 2916 Unde
3693 2863 3816 2916 ani-

2212 2963 2334 3002 mus
2363 2963 2517 3003 meus
2554 2949 2908 3004 vehementer
2937 2950 3292 3020 perturbatur
3317 2991 3332 3016 ,
3370 2950 3633 3022 quoniam
3681 2954 3818 3009 illuc

2210 3037 2289 3093 ire
2321 3038 2575 3094 voluntas
2591 3039 2793 3094 domini
2819 3056 2970 3111 papa:
2997 3043 3274 3111 cogit,sed
3301 3043 3566 3112 asperitas
3593 3054 3811 3117 tempo-

2210 3129 2284 3184 ris
2338 3138 2392 3184 et
2432 3128 2694 3200 longioris
2742 3131 2842 3184 viae
2893 3131 3168 3187 tribulatio
3219 3132 3514 3188 dissuadet.
3557 3119 3627 3188 Et
3693 3136 3814 3191 ιλιι-ι

2210 3219 2428 3289 quidem
2489 3235 2589 3290 pro
2644 3221 2776 3275 tanti
2834 3221 3039 3276 domini
3097 3232 3152 3278 et
3207 3224 3459 3293 magistri
3523 3225 3814 3282 voluntate

2208 3313 2578 3382 postponenda
2637 3311 2886 3376 fuissent.
2934 3314 2979 3370 si
3031 3316 3278 3385 corporis
3332 3314 3624 3372 inﬁrmitas
3660 3322 3809 3389 quod

511 3426 542 3465 a
576 3413 925 3478 necessitate,
967 3429 1075 3485 qua
1106 3415 1376 3482 detineor,
1411 3415 1566 3470 fuero
1607 3416 1892 3485 liberatus,
1915 3421 1981 3474 ad
2010 3435 2106 3476 vos

2212 3401 2425 3469 iubetur
2446 3403 2563 3460 ﬁeri
2601 3404 2710 3459 ulla
2758 3406 2970 3462 ratione
3001 3409 3367 3477 permitteret.
3412 3408 3665 3480 Seipsum
3710 3429 3810 3468 es-

508 3501 724 3558 veuiam
759 3512 1002 3571 tempore
1034 3507 1386 3574 competenti,
1418 3506 1485 3560 de
1515 3505 1752 3578 Pagano,
1784 3519 1839 3564 et
1883 3510 1950 3565 de
1991 3513 2105 3570 suis

506 3591 770 3662 justitiam
814 3605 1151 3665 recepturus.
1196 3595 1448 3668 Paganus
1481 3596 1605 3664 ille,
1638 3599 1780 3654 sicut
1826 3599 2048 3668 dicitur,
2072 3619 2103 3658 a

511 3684 668 3738 vobis
700 3687 945 3756 exposcit
973 3689 1119 3758 quod
1167 3688 1299 3744 olim
1326 3705 1359 3744 a
1387 3689 1592 3746 sanctis
1635 3691 1899 3762 apostolis
1932 3694 2104 3751 inter-

516 3773 724 3828 dictum
755 3785 858 3843 est,
890 3787 944 3832 et
971 3779 1204 3836 decretis
1245 3781 1554 3852 apostolicae
1584 3783 1728 3839 sedis
1768 3801 1912 3841 nunc
1936 3787 2104 3843 inter-

512 3863 730 3921 dicitur.
759 3865 942 3924 Laicis
974 3871 1144 3938 enim,
1174 3872 1340 3928 etiam
1370 3873 1639 3946 religiosis
1685 3877 1857 3949 (272),
1893 3887 1951 3933 ιιι
1987 3879 2104 3952 ipse

509 3953 706 4010 melius
734 3958 926 4024 nostis,
951 3961 1411 4032 disponendarum
1441 3963 1795 4022 ecclesiarum
1821 3967 1904 4023 vel
1929 3969 2102 4026 eccle-

580 4107 727 4192 (270)
767 4109 967 4192 Urbani
1021 4125 1068 4170 et
1099 4115 1295 4192 Caliati
1335 4123 1627 4192 privilegia.
1657 4122 1863 4180 Urbani
1895 4125 1998 4182 hac
2032 4128 2100 4184 de

510 4180 881 4266 reidecretuut
915 4186 1144 4266 citatum
1173 4191 1240 4266 ad
1268 4180 1427 4266 epist.
1476 4180 1547 4248 53
1599 4194 1794 4251 Calixti
1825 4180 2098 4266 integrum

508 4249 788 4323 attulimus
815 4255 882 4309 ad
913 4255 1010 4312 lib.
1041 4273 1078 4311 ιι
1099 4298 1116 4323 ,
1143 4249 1315 4323 epist:
1341 4263 1431 4317 28.

579 4319 727 4392 (271)
756 4321 807 4376 I.
853 4319 1420 4406 episcopo._Goll‘_ri_do_
1458 4334 1707 4404 suspicor
1749 4335 2094 4406 Caruotensi,

507 4390 578 4444 ad
603 4390 762 4473 quem
787 4390 1034 4473 scribens
1059 4397 1236 4473 epist._
1269 4400 1362 4473 51).
1388 4390 1589 4473 Pagatii
1637 4406 1802 4458 etiam
1835 4390 2085 4463 monachi

505 4462 1068 4534 meminitJoﬁ‘ridum
1087 4462 1184 4534 pro
1199 4468 1440 4526 Goll'rido
1459 4462 1728 4528 interdum
1748 4462 2090 4532 scribebant:

2208 3509 2410 3564 ponere
2437 3497 2630 3562 morti,
2682 3497 2786 3553 nisi
2819 3507 2971 3555 certa
3012 3515 3106 3571 spe
3138 3501 3513 3558 retributionis
3557 3514 3805 3568 internae.

2209 3585 2385 3640 nullus
2415 3595 2666 3643 sensatus
2693 3603 2931 3659 unquam
2964 3588 3112 3645 fecit.
3130 3590 3188 3645 Si
3207 3591 3330 3661 quis
3364 3607 3496 3648 vero
3518 3593 3570 3647 in
3594 3608 3656 3648 se
3677 3609 3814 3649 con-

2206 3678 2394 3733 citavit
2419 3689 2675 3748 mortem,
2704 3697 2866 3752 quam
2913 3686 3086 3739 vitare
3117 3683 3416 3752 debuisset,
3442 3684 3689 3756 requiem
3719 3686 3808 3740 in-

2207 3768 2420 3826 venisse
2448 3785 2554 3826 non
2587 3770 2804 3841 legitur,
2837 3774 2931 3828 sed
2961 3789 3291 3829 aerumnam.
3320 3775 3572 3830 Christus
3612 3776 3806 3846 utique

2205 3857 2444 3926 bajulare
2471 3875 2688 3916 crucem
2718 3861 2872 3930 jubet
2902 3861 3054 3934 (Luc.
3094 3878 3209 3930 xxv,
3239 3864 3366 3935 24),
3404 3881 3510 3921 non
3545 3880 3800 3936 quaerere

2205 3950 2562 4020 sepulturam.
2593 3951 2743 4006 Vale.

2206 4152 2305 4192 nec
2345 4137 2491 4211 enim
2525 4138 2802 4204 occurrit,
2834 4139 2923 4194 eui
2971 4141 3152 4211 potius
3199 4141 3404 4197 ascribi
3449 4151 3634 4210 queat.
3684 4141 3804 4198 Hoc

2205 4217 2363 4289 pacto
2405 4209 2619 4279 adjungi
2669 4213 2884 4266 caeteris
2927 4209 3109 4277 debet,
3156 4227 3277 4282 quae
3304 4213 3371 4266 ad
3417 4209 3571 4267 illum
3628 4227 3793 4284 supra

2205 4289 2425 4331 scripta:
2449 4289 2598 4331 sunt.

2205 4289 2425 4346 scripta:
2449 4289 2598 4331 sunt.

2275 4348 2430 4424 (277)
2456 4347 2746 4424 ςρηςὶιὶιιιη
2771 4348 3024 4424 Romanis
3041 4351 3250 4424 Calixto
3263 4351 3324 4416 ll,
3340 4367 3486 4424 anno
3504 4353 3530 4406 l
3543 4352 3668 4407 123.
3691 4353 3802 4424 Ap-
3963 4379 3965 4419 ι

2204 4421 2405 4487 pendis
2457 4419 2756 4490 Sigeberti,
2802 4420 3095 4492 Concilium
3132 4422 3310 4476 Roma’
3342 4423 3655 4488 celebratur,
3692 4419 3798 4492 pax

2203 4492 2338 4563 inter
2367 4505 2580 4560 regnum
2629 4501 2675 4563 et
2711 4491 3059 4563 sacerdotium
3103 4493 3450 4563 reformatur,
3489 4504 3536 4546 et
3568 4496 3668 4562 jus
3694 4491 3794 4546 Vin-

505 4538 670 4632 ξξξξξξθ
1739 4560 2096 4632 ξερξὶξῆεεηξτιι
2126 4564 2174 4624 D
2201 4533 2568 4613 vestitanrum
2592 4560 2963 4632 episcopalium
2985 4564 3049 4614 ab
3076 4533 3386 4632 imperatore
3407 4533 3798 4631 e’rfestitcatur,

507 4603 777 4688 epistpad.
805 4602 1103 4688 Houpriurn
1135 4624 1147 4659 :
1181 4608 1357 4666 Locus
1379 4626 1509 4684 ergo
1558 4614 1683 4668 huic
1730 4602 1972 4685 epistola:
1999 4602 2092 4676 de;

504 4671 736 4726 bebatur
765 4673 818 4727 in
859 4675 1010 4730 calce
1050 4677 1142 4730 lib.
1173 4694 1229 4732 ιι.

753 4741 930 4829 Laicis
975 4747 1134 4800 etiam
1159 4749 1438 4829 religiosis.
1473 4751 1546 4829 Eg:
1583 4752 1892 4825 Symmachi
1939 4773 2094 4829 papa:

506 4813 710 4880 synodo
730 4829 795 4893 ιιι
815 4852 830 4878 ,
857 4815 949 4872 lib.
979 4831 1064 4882 v1,
1089 4813 1478 4902 eapitdl._29~i;
1508 4823 1599 4880 lvo
1708 4842 1830 4896 xw,
1859 4813 2085 4900 cap.36,

507 4889 564 4933 et
584 4879 882 4957 Qfatlanus
911 4901 1024 4952 va,
1055 4902 1111 4957 q.
1151 4889 1181 4942 ’1
1205 4889 1378 4946 latcts.

750 4950 1088 5040 .Gregorinm'
1112 4962 1412 5040 septimum.
1463 4963 1520 5020 In
1559 4967 1766 5039 synodo
1814 4968 2084 5040 Romana,

504 5023 673 5094 epist:
695 5023 857 5094 Vliet
876 5023 1082 5094 ‘opusc.
1110 5029 1163 5083 2.

761 5088 1060 5174 yrbanum.
1087 5099 1144 5174 In
1177 5105 1382 5174 synodo
1411 5106 1762 5164 Arvernensi.

751 5161 1176 5245 [ipsc/talentng
1196 5159 1401 5245 synodo
1414 5159 1794 5234 'L’aié'riﬁéﬁé’i.

572 5229 722 5303 (276)
753 5231 1048 5308 _Episcopo.
1083 5229 1361 5300 Baiualdo
1378 5229 1651 5304 tardis?
1663 5229 2079 5324 ‘Kntlegavenst,

2199 4631 2548 4702 labdicatur.
2607 4629 2731 4702 lloc
2767 4629 2915 4702 idem
2957 4641 3043 4687 est
3088 4629 3376 4687 concilium
3406 4672 3421 4695 ,
3453 4629 3673 4702 opinor,
3721 4638 3789 4687 ad

2197 4701 2341 4769 quod
2372 4711 2631 4755 evocatus
2663 4701 2984 4766 lldebertus,
3010 4718 3204 4769 graves
3245 4703 3299 4756 iu
3346 4701 3542 4757 itinere
3565 4703 3797 4757 diﬁicul—

2197 4779 2338 4825 tates
2377 4772 2673 4826 meditatur
2705 4771 2758 4824 in
2789 4772 2948 4840 epist.
2982 4771 3050 4827 76
3083 4792 3097 4826 :
3132 4772 3364 4826 Maxime
3395 4783 3570 4826 autem
3615 4774 3715 4826 hac
3740 4776 3794 4827 in

2194 4851 2496 4910 tempestate
2523 4841 2849 4914 orationibus
2880 4844 2984 4914 tuis
3007 4859 3216 4914 egemus
3239 4844 3504 4914 fatigandi
3542 4841 3792 4905 Romam,

2197 4928 2298 4981 quo
2335 4927 2473 4980 papa
2503 4911 2862 4965 cardinalibns
2893 4911 3296 4967 citrantontanis
3323 4911 3578 4982 episcOpis
3619 4925 3667 4967 et
3699 4913 3792 4966 ab-

2195 4982 2402 5054 batibus
2444 4984 2743 5054 conuocatis
2770 4983 3323 5054 generalemncilium
3353 4985 3406 5036 in
3436 4988 3563 5036 urbe
3589 4994 3665 5037 est
3711 4999 3793 5036 ce-

2192 5051 2526 5116 lebraturus;
2554 5052 2702 5106 nobis
2744 5051 2872 5105 illnc
2901 5051 3216 5121 profecturis
3252 5065 3454 5122 tempus
3498 5053 3669 5108 hieme
3705 5069 3794 5106 su-

2191 5131 2456 5193 spectum,
2506 5122 2709 5193 niuibus
2757 5123 2942 5192 Alpes,
2977 5124 3308 5178 incrementis
3347 5140 3534 5193 aqum,
3570 5124 3792 5178 uinculis

2191 5191 2502 5261 imperator,
2527 5191 2879 5247 seditionibus
2901 5193 3121 5261 civitas,
3161 5191 3435 5249 exactione
3462 5194 3754 5264 palatium.
