3992 6352
255 457 361 517 M9

1455 411 1855 515 'EPISTOLE.
1895 481 1968 497 .-
2003 448 2131 507 Lte.
2176 447 2266 506 tv.

3431 430 3530 489 [50

256 575 624 640 mnuieamus,
677 582 739 629 ut
790 587 890 630 nec
926 571 1362 630 communionem
1418 587 1632 630 sacram
1689 573 1846 629 vivus
1877 575 1916 631 Α
1950 576 2006 623 et
2046 561 2355 624 concorditc
2382 603 2397 627 ,
2440 557 2584 615 sicut
2623 569 2651 609 a
2696 550 2974 612 nobiseta
3001 548 3158 607 vobis
3178 554 3534 640 constatesse

246 663 536 735 percipiat,
562 677 663 720 nec
683 669 931 719 mortuus
960 662 1312 734 sepulturam.
1359 661 1542 720 Unum
1575 671 1840 735 praeterea

245 751 403 808 vobis
430 751 773 820 mandamus,
801 753 946 823 quod
975 752 1380 823 simplicitatem
1419 763 1658 810 vestram
1689 754 1842 825 igno-

246 858 373 900 rare
398 858 507 899 non
556 846 854 913 credimus,
884 848 1013 919 quia
1070 860 1511 918 unumquemque
1565 848 1837 918 pastorem

245 937 404 991 decet
430 950 562 993 oves
599 938 849 1010 proprias
876 922 1233 1007 conservare,
1251 955 1357 998 non
1398 954 1591 1010 rapere
1612 940 1832 998 alienas.

244 1025 402 1094 Quod
425 1027 471 1081 si
495 1026 702 1084 alienas
722 1029 984 1101 rapuerit,
1016 1029 1126 1100 lupi
1155 1029 1606 1086 consuetudinem
1653 1029 1837 1097 habet,

244 1137 357 1179 non
384 1125 647 1194 pastoris:
677 1122 734 1181 Si
767 1125 891 1196 quis
922 1125 1121 1181 iterum
1145 1125 1471 1180 auctoritate
1491 1122 1758 1195 privilegii
1781 1139 1839 1180 se

246 1213 384 1269 talia
437 1229 601 1286 posse
634 1215 947 1284 confitetur,
975 1217 1167 1272 eadem
1204 1215 1529 1271 auctoritate
1557 1214 1701 1284 quod
1733 1228 1838 1270 non

246 1305 835 1378 seminavitcolligere,
880 1307 1109 1363 aliorum
1132 1306 1309 1372 vllas,
1351 1305 1594 1370 castella,
1625 1313 1679 1360 et
1700 1305 1838 1360 civi~

246 1406 390 1452 tates
409 1396 681 1463 obtinere,
704 1396 950 1467 patribus
990 1397 1102 1453 suis
1132 1395 1457 1451 subtrahere
1507 1394 1673 1461 ﬁlios,
1711 1408 1841 1450 suas

244 1488 559 1557 hominibus
611 1504 808 1545 uxores
860 1487 1100 1545 auferre.
1167 1487 1307 1555 Quid
1362 1487 1569 1558 'plura?
1609 1486 1838 1559 [omnem

249 1580 480 1635 alienam
508 1579 872 1635 substantiam
922 1596 1078 1636 suam
1106 1578 1285 1635 facere
1312 1595 1374 1636 se
1394 1593 1552 1649 posse
1582 1577 1840 1635 conﬁtea-

248 1677 357 1722 tur.
408 1668 754 1740 Privilegium
805 1669 992 1739 utique
1044 1669 1330 1739 pravitatis
1360 1668 1518 1743 165
1547 1668 1837 1740 plurimum

249 1759 435 1827 habet,
467 1768 523 1815 et
548 1759 682 1816 nihil
725 1761 940 1831 penitus
981 1761 1177 1816 divina:
1214 1760 1381 1832 legis;
1420 1759 1576 1830 cuius
1602 1761 1838 1819 auctori-

248 1858 335 1907 tas
372 1867 502 1908 suos
523 1853 576 1908 in
594 1853 785 1921 primis
811 1853 1195 1910 observatores
1220 1867 1342 1909 reos
1376 1852 1527 1919 facit,
1554 1861 1613 1908 et
1658 1853 1841 1923 proxi-

1944 666 2227 724 statutum,
2262 651 2396 711 nihil
2427 649 2595 722 1.06
2610 647 2823 720 penitus
2846 643 3185 701 haesitantes.
3240 639 3358 696 Non
3385 638 3531 696 enim

1946 750 2081 805 tales
2108 760 2299 804 sumus
2320 743 2410 816 qui
2439 741 2585 796 aliud
2617 746 2927 809 promptum
2965 738 3018 793 in
3062 737 3269 808 lingua,
3299 740 3355 789 et
3385 730 3532 787 aliud

1944 843 2186 899 clausum
2222 838 2275 894 iu
2303 843 2519 909 pectore
2549 832 2866 888 habeamus.

2500 920 2831 980 EPISTOLA
2881 918 2970 975 ιν.

1946 1036 2152 1091 Damno
2216 1027 2474 1084 Hainrico
2530 1016 2815 1077 venerabili
2889 1016 3261 1090 Angeriacertsi
3333 1013 3528 1077 abbati,

2014 1126 2225 1181 domino
2256 1131 2303 1177 et
2331 1119 2524 1175 amico.
2548 1114 2715 1184 frater
2740 1110 3012 1182 Goﬂ‘ridus
3032 1127 3065 1165 a
3092 1108 3202 1163 Deo
3222 1123 3370 1178 purae
3395 1107 3531 1162 ueri-

2015 1212 2140 1266 tatis
2178 1210 2441 1279 eiectum,
2468 1213 2517 1259 et
2542 1219 2573 1257 α
2609 1218 2665 1256 se
2700 1215 2838 1256 rem:
2857 1198 3159 1254 dilectionis
3179 1197 3449 1267 affectum.

2015 1302 2396 1361 Locutiunem,
2424 1310 2590 1368 quam
2607 1293 2674 1348 de
2696 1306 2863 1349 causa
2898 1290 2995 1346 Dei
3023 1289 3313 1345 habuimus
3340 1285 3406 1343 ad
3446 1289 3531 1342 in-

1942 1395 2138 1456 vicem,
2196 1387 2448 1445 labialem
2498 1400 2563 1441 ex
2609 1391 2788 1438 vestra
2838 1388 2992 1450 parte
3055 1378 3224 1434 fuisse
3270 1376 3534 1441 arbitror,

1943 1505 2049 1544 nou
2081 1481 2513 1558 przecordialem.
2556 1478 2709 1536 Unde
2741 1489 2837 1530 vos
2870 1474 3050 1529 minus
3088 1468 3329 1542 vigilanti
3365 1468 3535 1525 verba

1944 1594 2100 1635 usum
2145 1575 2324 1641 doleo,
2367 1583 2424 1629 et
2451 1568 2833 1644 gladiatorium
2867 1564 3117 1634 spiritum
3155 1559 3304 1634 (285)
3334 1558 3536 1615 habere

1946 1671 2211 1742 intelligo.
2239 1668 2352 1739 Ego
2379 1674 2585 1728 tamen,
2613 1663 2726 1718 Deo
2748 1659 2985 1725 volente,
3039 1656 3184 1728 quod
3217 1653 3351 1720 dixi,
3392 1651 3533 1708 inci-

1944 1763 2109 1834 piam,
2133 1767 2189 1815 et
2221 1756 2363 1828 quod
2396 1756 2689 1825 inemptum
2721 1749 2906 1816 fuerit,
2935 1748 3056 1820 ipso
3104 1743 3368 1834 largiente
3405 1755 3536 1834 per-

1947 1832 2148 1908 liciam.
2196 1847 2413 1913 Valete;
2443 1854 2501 1919 et
2550 1844 2594 1899 si
2642 1856 2749 1912 qua
2784 1844 2927 1897 sunt'
2964 1838 3020 1895 in
3048 1835 3207 1893 vobis
3250 1832 3545 1890 catholicae

246 1955 370 1997 mos
390 1940 651 2011 opprimit
684 1941 1020 1997 innocentes.
1074 1943 1143 1997 Et
1191 1944 1501 2013 quicunque
1531 1921 1832 2012 privilegio.
1876 1921 1918 1976 Β
1947 1941 2167 2015 pietatis
2186 1939 2423 2003 viscera,
2455 1935 2584 1990 mihi
2614 1943 2669 1988 et
2700 1933 2753 1987 in
2775 1930 3006 1986 veritate
3029 1925 3331 1983 rescribite.

244 2042 439 2086 contra
458 2030 800 2102 privilegium
821 2031 966 2102 quod
994 2032 1246 2090 Christus
1273 2033 1508 2089 contulit
1555 2033 1739 2100 Petro,
1765 2032 1842 2089 fa-

248 2138 379 2179 cere
429 2132 674 2189 conatur,
717 2125 876 2193 quasi
926 2126 1191 2196 pr0pheta
1236 2127 1439 2181 docens
1494 2127 1839 2181 mendacium
1890 2181 1897 2187 ,

240 2213 661 2283 comprobatur.
701 2212 870 2283 Cujus
919 2229 1129 2277 vocem,
1192 2213 1384 2269 falsam
1451 2213 1840 2269 beatitudinem

240 2311 302 2359 et
333 2317 518 2358 veram
543 2305 820 2359 miseriam
887 2313 1302 2375 protestantetn,
1359 2305 1484 2359 dum
1531 2304 1726 2359 animae
1754 2318 1841 2360 se-

239 2404 491 2468 quuntur
520 2395 867 2463 Christianae,
901 2395 1302 2467 periclitantur.

820 2529 1159 2587 EPISTOLA
1191 2530 1276 2586 lll.

230 2646 603 2717 ,llilectissimo
632 2646 848 2700 domino
870 2660 967 2699 suo
1005 2641 1264 2698 Hainrico
1291 2640 1467 2713 (284),
1486 2642 1602 2697 vitae
1625 2657 1841 2696 venera-

321 2740 439 2801 bilis
464 2740 600 2805 viro,
632 2735 906 2808 Go/Iridus
938 2734 1339 2791 Vindocineusis
1372 2735 1679 2791 monasterii
1707 2750 1841 2804 qua-

319 2834 589 2904 liscunque
611 2847 812 2897 seruus,
835 2829 1073 2885 eamdem
1097 2845 1258 2898 quam
1295 2829 1396 2885 sibi
1418 2837 1563 2896 aptat
1588 2829 1838 2884 salutem.

319 2942 451 3010 Quae
485 2948 685 2996 mutuae
710 2938 994 2995 cbaritatis
1018 2937 1217 2994 alfeetu
1256 2951 1431 3009 nuper
1458 2951 1489 2992 a
1518 2936 1679 2993 nobis
1704 2944 1840 2993 sunt

238 3033 579 3098 constituta,
611 3029 798 3086 multis
822 3028 1000 3085 modis
1021 3038 1211 3100 postea
1252 3028 1518 3099 impedire
1546 3027 1716 3084 voluit
1738 3028 1840 3084 ini-

239 3127 446 3184 micus.
472 3123 558 3181 Ab
582 3123 700 3195 ipso
717 3122 946 3194 quippe,
967 3129 1028 3177 ut
1074 3120 1306 3188 aestimo,
1351 3119 1614 3177 fratribus
1637 3120 1841 3177 nostris

238 3228 564 3294 suggestum
594 3227 681 3276 est
716 3227 779 3274 ut
821 3223 1015 3274 contra
1055 3231 1120 3274 ea
1159 3214 1512 3272 recalcitrare
1551 3214 1836 3281 deberent,

239 3328 356 3371 nec
377 3312 534 3384 pacis
569 3309 986 3381 dilectionisque
1025 3322 1056 3363 a
1086 3307 1247 3364 nobis
1274 3307 1586 3366 constituta:
1615 3305 1835 3361 vinculo

235 3410 567 3477 paterentur
583 3400 830 3473 astringi.
846 3400 918 3456 At
940 3399 1206 3471 benignus
1228 3398 1391 3469 Deus,
1416 3399 1512 3472 qui
1541 3396 1838 3470 malignum

235 3495 419 3554 etiam
448 3496 501 3551 in
527 3494 903 3566 superioribus
941 3493 1160 3565 λεωριί
1187 3492 1413 3566 ligatum
1441 3501 1612 3561 tenet,
1655 3493 1730 3548 ita
1760 3492 1841 3549 lo-

238 3589 330 3651 ris
348 3601 460 3644 suae
485 3586 740 3657 potentiae
768 3585 916 3642 illum
941 3585 1241 3655 colligavit,
1267 3595 1327 3641 ut
1349 3584 1615 3657 quidquid
1639 3585 1841 3641 discor-

236 3680 356 3738 dia:
385 3692 454 3734 ac
474 3675 832 3734 dissensionis
858 3674 1119 3731 fratribus
1139 3675 1294 3745 prius
1334 3684 1704 3747 suggesserat,
1736 3674 1841 3730 ha-

234 3772 381 3828 bere
426 3768 573 3825 vires
619 3782 726 3824 non
772 3766 970 3837 potuit.
1032 3764 1185 3821 Unde
1247 3767 1606 3837 praesentibus
1644 3765 1843 3822 litteris

236 3862 597 3919 dilectionem
620 3870 859 3915 vestram
872 3858 1158 3923 admoneo,
1182 3865 1243 3913 ut
1263 3871 1438 3927 usque
1454 3856 1520 3912 ad
1542 3859 1842 3928 proximam

237 3951 605 4011 festivitatem
644 3949 703 4005 Β.
756 3948 942 4004 Mariae
979 3962 1301 4020 quacunque
1340 3947 1430 4004 die
1456 3948 1735 4006 volueritis
1789 3951 1843 4006 in

242 4041 554 4116 capitulum
585 4049 833 4097 nostrum
864 4040 1126 4107 veniatis,
1156 4039 1223 4096 de
1251 4038 1665 4096 confirmatione
1694 4042 1845 4111 pacis

326 4154 481 4225 (εει)
528 4152 822 4226 Hairirira.
854 4152 1059 4226 Abbati
1096 4152 1509 4226 Angeriacensi,
1561 4153 1628 4226 ad
1660 4168 1841 4226 _qucm

185 4256 193 4263 -
242 4223 523 4307 etiauilvo
535 4225 695 4294 epist.
863 4223 1224 4307 Anseriacum
1241 4224 1542 4307 sautonutn
1561 4223 1843 4307 aii‘ilultp-

243 4313 379 4355 nam
398 4292 615 4349 lluvium
630 4295 886 4364 oppidum
904 4292 1034 4350 olim
1060 4295 1313 4364 dixerunt
1337 4311 1352 4361 ;
1380 4294 1576 4350 deinde
1594 4292 1846 4350 litterulae

248 4367 558 4423 mutatione
586 4363 960 4434 Angeliacum,
992 4375 1048 4420 et
1070 4365 1132 4421 8.
1159 4363 1423 4421 Joannem
1436 4365 1503 4419 de
1527 4364 1841 4431 Angeliaco,

248 4447 546 4510 postquam
569 4451 634 4491 eo
660 4435 910 4510 delatum
927 4443 1012 4510 esi
1034 4445 1198 4510 caput
1220 4435 1579 4510 prmeursoris
1607 4435 1842 4510 Domini,

249 4505 754 4575 inonastcriumque
793 4520 822 4560 a
856 4505 1082 4576 Pippiuo
1108 4505 1427 4577 Aquitaniae
1477 4521 1604 4577 rege
1655 4507 1845 4577 condi-

252 4591 391 4637 tum.
418 4585 477 4631 ιιι
502 4577 666 4632 habet
689 4587 843 4632 vetus
871 4575 1113 4631 narratio
1144 4577 1212 4630 ad
1249 4576 1456 4631 calcem
1498 4575 1725 4645 operum
1783 4575 1843 4631 S.

248 4647 528 4721 Cypriani.
559 4646 859 4721 Ademarus
875 4646 941 4721 _S.
970 4646 1236 4721 Martialis
1274 4644 1575 4721 monachus
1599 4664 1612 4700 :
1658 4644 1841 4721 Pippi-

253 4716 355 4773 nits
384 4733 477 4770 rea:
506 4717 824 4787 Aquitania',
863 4716 1113 4788 Ludovici
1142 4717 1474 4788 imperatoris
1496 4717 1657 4783 filius,
1685 4716 1845 4788 jussu

254 4788 843 4857 Patriswmonasterium
879 4786 937 4842 S.
982 4786 1223 4842 Joannis
1263 4787 1559 4857 Angeriaco
1587 4786 1846 4857 a'diﬁcari

253 4857 403 4928 fecit.
439 4856 682 4913 Priscum
738 4858 902 4928 igitur
929 4859 1345 4928 appellationem
1373 4873 1497 4913 eum
1546 4856 1844 4915 novareti-

258 4928 402 4993 nuit,
432 4928 575 5000 quod
606 4928 656 4983 iu
692 4929 880 5001 paucis
906 4929 964 5001 id
993 4945 1162 5001 genus
1211 4928 1413 5001 facium
1465 4937 1584 5001 est;
1628 4943 1753 5001 nam
1790 4931 1843 4983 in

256 5000 387 5072 aliis
402 4998 585 5072 priora
616 4998 835 5072 nomina
869 4998 1024 5069 plane
1063 4999 1246 5072 silent.
1279 4998 1524 5072 littuons
1549 4999 1847 5072 Iudiciatus

258 5071 315 5124 in
355 5068 416 5125 Si
445 5069 608 5125 Floro
632 5069 775 5138 apud
803 5068 1101 5132 Arvernos,
1128 5068 1356 5124 Centula
1394 5069 1447 5136 in
1493 5069 1551 5123 8.
1587 5068 1848 5125 llichario

258 5141 401 5211 apud
422 5140 739 5211 Ambianos,
772 5141 1081 5211 Sgggstrum
1112 5139 1164 5193 in
1191 5139 1247 5195 S.
1266 5138 1520 5211 sequano
1548 5138 1846 5211 apudLin-

259 5207 448 5281 gunes,
470 5209 697 5281 Cessato
727 5212 780 5265 iu
806 5207 867 5264 S.
890 5207 1109 5281 Tiberio
1126 5211 1266 5280 apud
1290 5207 1656 5281 Septitnanus.
1676 5209 1850 5281 Catu-

260 5279 519 5351 liacns_et
541 5279 898 5350 Novigentum
927 5281 978 5334 in
1011 5280 1069 5334 S.
1104 5279 1434 5351 Di’onysio'et
1470 5279 1528 5335 8.
1554 5279 1849 5337 Clodoahlu

262 5352 405 5422 apud
435 5349 695 5413 Parisios,
719 5361 776 5406 et
794 5352 917 5405 aliis
942 5349 1261 5407 innumeris.
1278 5350 1664 5422 Monasteriurm
1688 5366 1851 5420 porro

244 5421 666 5490 Augcriacense
706 5422 1066 5477 instauratum
1120 5431 1304 5491 postea
1334 5431 1389 5477 et
1426 5421 1727 5478 redditibus
1754 5437 1846 5476 au-

264 5501 412 5563 ctum
440 5500 527 5547 est
551 5492 620 5546 ab
646 5493 857 5563 Agnete
887 5491 1188 5563 [undetrice
1213 5491 1690 5557 Viudocineusi,et
1710 5507 1847 5547 nova

265 5560 515 5632 basilica,
541 5560 845 5618 antto'1058
872 5561 1116 5620 Goll'rido
1162 5563 1359 5618 abbate
1384 5602 1400 5627 ,
1447 5562 1670 5618 Arualdi
1691 5603 1705 5627 ,
1757 5563 1849 5632 qui

266 5629 652 5689 Vindociuensi
679 5633 1006 5691 dedicationi
1035 5632 1634 5698 adfuerat,suceessore
1660 5629 1852 5690 conse-

268 5710 440 5759 erata.

339 5774 906 5846 (285)61atﬁatorinm
930 5776 1197 5846 spiritum.
1216 5774 1389 5846 Epist.
1416 5774 1468 5829 1.
1509 5773 1576 5828 de
1604 5774 1797 5829 eodem
1831 5791 1848 5828 :

272 5843 556 5916 Dominum
578 5846 730 5902 illum
778 5843 1039 5910 abbatem,
1088 5863 1239 5916 quem
1265 5843 1474 5901 “dicunt
1508 5846 1740 5900 homines
1786 5859 1852 5897 ea:

278 5914 428 5989 longe
455 5927 686 5988 tempore
720 5917 881 5986 luisse
918 5914 1194 5973 discordia
1223 5925 1540 5985 «uiatorem,
1571 5916 1852 5973 seminato-

1878 4611 1925 4672 D

2523 2020 2861 2081 EPISTULA
2893 2017 2963 2075 γ.

1946 2125 2302 2184 Dilectissimo
2361 2117 2511 2174 Patri
2548 2127 2595 2172 et
2645 2114 2863 2169 domino
2899 2108 3160 2164 Hainrico
3207 2105 3533 2161 honorabilis

2016 2218 2137 2272 vita:
2162 2212 2362 2277 abbati,
2391 2209 2560 2279 frater
2594 2203 2870 2275 Goﬂ'ridus
2911 2216 3031 2256 cum
3077 2198 3355 2254 dilectione
3383 2201 3532 2252 saluo
3562 2220 3567 2226 -

2016 2316 2140 2361 tem.

2015 2398 2155 2454 Fere
2177 2394 2406 2450 duorum
2434 2385 2701 2444 mensium
2725 2381 2839 2454 jam
2867 2377 3133 2453 prteteriit
3158 2375 3425 2447 spatium,
3465 2390 3535 2431 ex

1941 2505 2053 2564 quo
2078 2487 2233 2546 vobis
2266 2496 2436 2556 usque
2472 2475 2740 2535 Pictavim
2783 2482 3029 2564 nostrum
3071 2468 3347 2564 transmisi

1943 2555 2199 2652 sigillum,
2226 2555 2606 2633 sieut'loeulus
2631 2568 2840 2624 fueram
2864 2561 3177 2652 vobiscum.
3211 2556 3279 2613 Et
3307 2557 3433 2652 quia
3458 2555 3534 2652 ibi

1944 2646 2179 2728 inveniri
2207 2665 2433 2723 minime
2467 2657 2724 2734 potuistis
2754 2656 2899 2729 quod
2938 2662 3068 2710 tunc
3097 2651 3326 2707 libenter
3374 2646 3536 2703 feciso

1942 2778 2080 2827 sem,
2114 2774 2287 2834 usque
2317 2758 2384 2814 ad
2415 2751 2898 2826 Quadragcsimam
2932 2746 3118 2803 facere
3152 2759 3262 2800 non
3287 2756 3530 2834 possum.

1941 2832 2409 2921 Facultasutique
2425 2845 2661 2903 faciendi
2685 2841 2832 2914 quod
2850 2838 3133 2895 vobiscum
3158 2832 3534 2903 faceredlspo»

1940 2940 2183 3011 sueram,
2210 2941 2344 2997 mihi
2391 2939 2672 2996 subtracta
2720 2942 2838 3001 est,
2896 2945 3003 2987 non
3040 2929 3326 2985 immutata
3373 2923 3534 2997 167

1946 3036 2215 3094 voluntas.
2237 3030 2471 3088 Pecunia
2495 3026 2697 3084 etenim
2726 3023 2858 3081 mihi
2884 3037 2992 3079 non
3019 3019 3290 3092 suppetit;
3322 3028 3537 3090 guerrte

1944 3128 2231 3185 imminent
2253 3131 2310 3181 et
2333 3120 2599 3194 asperitas
2621 3115 2881 3188 temporis
2911 3112 3206 3171 interdicit.
3239 3110 3449 3177 Valete;
3477 3114 3537 3165 et

1943 3221 2086 3294 quod
2141 3217 2351 3286 fratres!
2382 3212 2555 3271 nostri
2605 3218 2928 3283 queruntur,
2988 3206 3137 3278 quod
3188 3204 3331 3277 apud
3369 3202 3537 3261 abba-

1945 3317 2072 3372 tiam
2103 3319 2341 3369 vestram
2372 3307 2555 3365 minus
2577 3301 2848 3377 regularis
2872 3299 3206 3357 hmmanitas
3226 3297 3308 3354 eis
3326 3297 3536 3366 impen-

1942 3409 2110 3474 ditur,
2151 3402 2463 3477 aguoscite;
2495 3407 2551 3456 et
2577 3396 2719 3470 quod
2733 3394 2893 3450 aliter
2914 3392 3115 3449 factum
3131 3400 3236 3460 est,
3257 3391 3302 3448 si
3331 3391 3533 3461 placet,

1941 3498 2222 3570 corrigite.
2257 3495 2335 3551 De
2346 3489 2692 3563 susceptione
2712 3485 2986 3558 hospitum
3002 3484 3157 3541 vobis
3171 3483 3514 3554 scripsissem

1944 3590 2038 3648 sed
2068 3590 2269 3647 docere
2303 3584 2602 3641 Minervam
2633 3577 2756 3635 novi
2786 3575 3135 3650 superﬂuum.

2506 3670 2846 3730 EPISTOLA
2885 3669 2973 3726 Vl.

1944 3771 2145 3830 Ioanni
2168 3771 2289 3830 vita:
2316 3764 2629 3827 uenerabilis
2676 3760 2856 3818 abbati
2891 3758 3037 3834 (287)
3065 3756 3339 3830 Golfridus
3376 3754 3537 3811 abba-

2018 3876 2128 3920 tum
2158 3862 2393 3919 omnium
2436 3857 2702 3920 minimus,
2753 3854 2811 3908 in
2843 3851 3083 3907 omnibus
3125 3850 3539 3906 misericorditer

2018 3972 2194 4012 uere.

2018 3973 2051 4012 ι
2086 3973 2194 4011 ere.
3421 3982 3427 3987 -

1980 4054 1983 4057 '
2021 3973 2158 4103 liguic
2183 4045 2361 4114 fratri,
2392 4046 2485 4117 qui
2512 4043 2843 4103 necessitate
2869 4040 3032 4100 simul
3069 4056 3134 4097 ac
3155 4040 3431 4096 voluntate
3467 4037 3538 4093 ad

1950 4176 2057 4215 rem
2078 4158 2578 4230 jurgiqrum,_pacis
2616 4154 3055 4230 perturbatgrem.
3140 4220 3153 4230 _
3282 4219 3336 4230 Μ
3468 4215 3483 4228 ⁸

2021 4219 2489 4302 (ρξιδιζιιεριαὺιήι
2514 4298 2523 4302 _
2544 4219 2836 4302 transmisi,
2866 4220 3224 4302 ‘Flodoardus
3277 4219 3539 4302 gironic.

1949 4288 2094 4356 anno
2125 4288 2252 4356 9'55.
2283 4297 2351 4352 In
2391 4297 2727 4368 Aquitaniam
2746 4288 3255 4368 rprol'ectus,_urbe_m
3284 4288 3544 4368 Pictavim

1947 4372 2119 4443 petiit.
2151 4357 2461 4443 Lib._tt,_$l:
2488 4357 2809 4443 Antig/avita
2835 4357 3058 4443 conduci
3099 4357 3545 4443 faciant.‘Pet't:us

1950 4428 2436 4511 Dlesensisﬁp'ist.
2490 4437 2576 4511 ιδ.
2608 4428 2878 4511 Τοῖα-[εις
2921 4435 2976 4488 in
2986 4428 3264 4511 _lacrynius
3298 4428 3546 4511 ᾼιινειὶα-

1952 4514 2033 4567 uis
2068 4501 2325 4583 eﬁlueret.’
2346 4507 2702 4583 Aurelianum,
2738 4501 2957 4583 l_ilesim,
2986 4501 3397 4583 Pictavinrejus
3442 4513 3546 4554 Ste-

1955 4583 2060 4637 culi
2095 4572 2180 4637 "et
2231 4581 2605 4650 proximorum
2655 4577 2966 4650 scriptores
3000 4572 3266 4650 isiugulaii
3317 4584 3548 4650 numero

1955 4642 2317 4716 usurpabant.
2348 4650 2416 4707 Et
2447 4659 2625 4705 tamen
2648 4648 2737 4703 ubi
2767 4642 2967 4716 aliquid
2998 4647 3050 4716 in
3100 4642 3188 4701 his
3229 4642 3362 4716 locis
3401 4656 3546 4716 esse.

1953 4734 2047 4778 aut
2081 4712 2198 4779 lleri
2228 4720 2628 4794 significabant.
2669 4712 2996 4794 Aurelianis,
3020 4715 3214 4781 Blesis,
3239 4712 3549 4794 Andt-gavis

1954 4796 2192 4865 plurium
2222 4780 2451 4865 ntimero
2478 4790 2762 4865 dicebant._
2782 4780 3100 4865 _F_ulbert_us_,
3134 4780 3438 4854 utquidcm
3470 4780 3548 4836 le-

1953 4856 2274 4936 gendusest
2302 4904 2317 4929 ,
2368 4862 2432 4936 in_
2476 4859 2844 4936 epistola_l_l5
2866 4857 2957 4936 a_d_
2991 4856 3288 4936 [leber-ium
3323 4867 3506 4936 regem
3530 4875 3545 4906 :

1954 4925 2046 4988 's'ed
2074 4934 2262 4989 audito
2294 4925 2433 5002 quod
2455 4925 2755 5002 Aurelianis
2776 4929 2829 4982 iu
2857 4927 3067 5002 civitate
3105 4925 3339 5002 uidelicet
3372 4925 3552 4978 incen-

1956 5005 2044 5058 dio
2074 5013 2281 5059 vastata
2306 4997 2584 5056 consilium
2610 4998 2886 5053 habiturus
2916 4997 3012 5063 sis,
3060 4998 3224 5052 miror
3270 5005 3319 5051 et
3362 5009 3547 5064 pareo.

1959 5073 2178 5138 Noster,
2203 5072 2367 5143 epist.
2397 5069 2465 5126 ii
2484 5088 2522 5143 :_
2540 5068 2832 5139 Audegavis
2846 5069 3108 5143 negotium
3134 5067 3303 5143 aciuri
3344 5079 3549 5143 sum_us.

1958 5134 2271 5214 Eodemque
2300 5143 2459 5198 modo
2481 5134 2779 5214 Tugonu'm,
2808 5146 2862 5214 et
2890 5134 2927 5193 ὁ
2942 5137 3163 5214 Τυτοιιο
3185 5138 3366 5193 dicere
3390 5134 3548 5196 solet,

1958 5226 2015 5273 et
2046 5208 2282 5271 Turonis
2307 5228 2451 5278 esse,
2476 5228 2540 5267 ac
2562 5209 2797 5266 Turonis
2824 5208 2992 5279 loqui.

2031 5286 2180 5356 (287)
2209 5285 2412 5356 Joamii
2437 5273 2647 5339 abbati.
2690 5273 2938 5356 Dolensi',
2966 5289 3022 5337 ιιι
3054 5279 3235 5356 docuit
3275 5292 3375 5356 nos
3400 5273 3553 5330 elen-

1959 5348 2094 5412 chus
2117 5348 2334 5411 codicis
2361 5352 2814 5410 Cenomanensis.
2843 5351 2939 5407 Est
2974 5360 3153 5407 autem
3196 5348 3425 5406 Dolense
3456 5356 3550 5398 seu

1958 5427 2124 5497 Burgi
2154 5425 2398 5497 Dolensis
2440 5422 3079 5497 illustre_muuasterium
3105 5421 3187 5497 _in
3224 5413 3554 5497 Biturigibus

1958 5500 2028 5553 ab
2059 5487 2285 5553 Ehbone
2315 5494 2621 5566 Toparcha,
2652 5492 2849 5566 Carolo
2888 5508 2996 5547 non
3025 5490 3304 5566 Calvohui
3330 5487 3556 5566 quibus.

1957 5568 2083 5625 dam
2131 5567 2310 5623 visum
2330 5554 2432 5638 res't
2453 5606 2468 5631 ,
2497 5563 2590 5623 sed
2608 5554 2867 5638 Vsimplice
2887 5569 3170 5638 regnante,
3203 5554 3557 5638 iisdeiufere

1999 5640 2155 5695 uibus
2184 5626 2545 5693 Cluniaeeuse
2593 5626 2929 5704 temporibus
2950 5626 3281 5704 'conditum.
3326 5626 3452 5704 Fuit
3497 5638 3555 5687 et

2043 5710 2192 5765 lense
2219 5707 2364 5764 aliud
2399 5698 2719 5764 cmuubiuni
2757 5705 2809 5759 iu
2853 5700 3154 5756 Armoricis
3183 5701 3239 5755 in
3269 5698 3554 5830 cpiscopm

2043 5796 2092 5830 ιι.
2143 5790 2327 5830 postea
2378 5777 2694 5830 cathedram
2746 5775 3099 5830 conversum:
3146 5786 3267 5830 una:
3389 5769 3554 5830 lensis

1960 5780 2092 5851 lem,
2143 5790 2327 5850 postea
2374 5777 2709 5851 cathedram
2746 5775 3099 5843 conversum;
3146 5786 3267 5845 qua:
3307 5769 3560 5831 Doletisis

1961 5844 2203 5908 Ecclesia
2242 5849 2386 5907 lvoui
2415 5849 2576 5919 epist.
2612 5844 2730 5900 l76.
