3990 6452
250 456 356 513 15.5

1487 450 1868 510 EPISTOLE.
1907 483 1974 495 --
2015 453 2140 510 LIB.
2192 453 2283 510 IV.

3435 455 3536 514 134

245 566 617 632 decrevimus,
648 565 908 636 ejusdem
948 567 1178 638 Spiritus
1215 567 1382 624 sancti
1415 567 1536 638 igne
1565 569 1740 640 magis
1777 583 1842 624 ac
1869 572 1916 629 Α
1945 567 2153 624 referre
2185 584 2292 623 non
2331 584 2626 639 possumus
2665 567 2761 622 sed
2801 567 2932 624 illud
2963 567 3194 623 firmiter
3229 570 3534 643 credamus,

244 658 418 727 magis
443 657 611 726 igttiri
644 659 718 713 de
751 658 844 713 die
872 659 927 713 in
966 657 1107 713 diem
1144 657 1418 713 debemus.
1460 659 1675 713 Scimus
1721 659 1841 729 qui-

243 751 364 806 dem
393 749 662 819 quoniam
697 765 806 805 non
839 751 1096 806 omnibus
1119 751 1250 806 bene
1287 751 1666 807 inchoantibus
1689 761 1842 816 atter-

243 855 324 895 uze
347 840 716 895 beatitudinis
747 843 1034 910 praemium
1065 843 1486 911 repromittitur;
1511 844 1604 898 sed
1626 843 1730 898 illis
1753 860 1840 899 so-

244 929 538 992 lunmodo,
576 930 674 996 qui
710 932 1205 1000 perseveraverint,
1255 931 1454 987 habere
1502 935 1836 989 conceditur.

244 1021 434 1074 Parum
463 1019 625 1074 enint
659 1021 750 1074 vel
779 1023 921 1076 nihil
944 1024 1157 1092 penitus
1185 1039 1302 1079 esse
1325 1034 1674 1092 monstratur,
1706 1027 1842 1080 bene

244 1111 442 1181 aliquid
468 1112 793 1180 inchoasse,
821 1118 968 1184 quod
997 1116 1369 1186 imperfectum
1392 1118 1700 1172 dimittitur.
1728 1118 1840 1175 Hoc

247 1204 404 1258 etiam
436 1205 583 1273 apttd
622 1207 922 1262 saeculares
947 1223 1134 1279 magna
1162 1210 1433 1277 irrisione,
1457 1212 1677 1283 dignum
1697 1212 1842 1267 vide-

251 1309 352 1363 tur,
384 1314 506 1354 cum
535 1300 745 1370 aliquis
773 1317 966 1358 eorum
998 1305 1287 1373 quidquam
1319 1304 1562 1373 incepit,
1587 1307 1731 1374 quod
1773 1307 1842 1358 ad

249 1391 400 1445 ﬁnem
428 1392 664 1448 minime
689 1395 959 1464 perducit.
994 1394 1050 1450 Si
1083 1395 1152 1450 ita
1182 1404 1286 1460 est,
1325 1395 1435 1451 imo
1476 1397 1602 1465 quia
1641 1396 1713 1450 ita
1762 1406 1846 1451 est

252 1481 300 1535 itt
327 1482 541 1550 negotio
567 1483 794 1550 saeculi,
829 1484 999 1554 liquet
1023 1485 1266 1554 profecto
1287 1487 1474 1554 quales
1506 1501 1626 1542 esse
1649 1487 1844 1541 debea-

253 1587 365 1625 mus
390 1571 442 1624 itt
474 1575 702 1644 negotio
727 1575 842 1631 Dei.
882 1575 1014 1630 Nam
1045 1576 1089 1631 si
1120 1575 1218 1645 illi,
1252 1577 1344 1646 qui
1379 1577 1635 1632 mundum
1686 1589 1740 1632 et
1778 1593 1840 1632 ea

252 1677 367 1730 qua:
409 1666 600 1718 mundi
641 1675 793 1732 sunt,
824 1667 1076 1737 diligunt,
1105 1668 1170 1722 de
1206 1681 1370 1736 opere
1416 1682 1514 1721 suo
1565 1667 1610 1722 si
1645 1667 1845 1737 imper-

257 1755 452 1810 fectum
486 1758 856 1828 relinquatur,
889 1761 969 1815 sic
1000 1759 1388 1816 erusbescunt:
1441 1767 1642 1828 quanto
1673 1758 1845 1828 magis

256 1857 375 1910 nos,
407 1846 496 1913 qtti
534 1846 730 1914 Deum,
760 1858 817 1904 et
847 1865 968 1918 quae
993 1849 1086 1905 Dei
1109 1859 1256 1916 sum,
1284 1859 1411 1904 ante
1447 1849 1629 1904 omnia
1661 1857 1714 1904 et
1746 1864 1842 1903 su-

1943 671 1998 716 et
2023 662 2291 717 credendo
2316 677 2656 725 asseramns,
2689 661 2814 732 quia
2846 663 3106 733 quidquid
3123 663 3248 718 fecit
3271 671 3324 717 et
3347 673 3534 732 pertu—

1942 751 2026 818 lit,
2071 761 2239 807 totum
2265 761 2465 807 nostra:
2489 752 2684 807 salutis
2715 755 3030 823 mysterium
3075 752 3193 807 fuit.
3222 753 3418 809 Factus
3455 765 3538 810 est.

1944 843 2106 898 homo
2133 843 2200 898 de
2224 841 2445 913 Virgine
2471 852 2667 907 matre,
2692 858 2813 896 cum
2842 843 2984 898 Deus
3005 855 3186 906 esset;
3221 843 3534 914 cpprobnia,

1942 934 2246 998 irrisiones,
2284 934 2551 998 convicia,
2597 932 2996 1000 tribulationes,
3032 933 3262 1005 ﬂagella,
3315 950 3538 1005 percus-

1943 1028 2148 1092 siones,
2211 1025 2509 1080 infidelium
2574 1033 2729 1093 sputa
2797 1026 3093 1080 sustinuit:
3153 1028 3301 1082 cruci
3369 1026 3537 1083 clavis

1945 1117 2118 1188 adigi,
2166 1115 2337 1185 spinis
2381 1114 2673 1178 coronari,
2720 1111 2842 1168 felle
2899 1115 3091 1180 cibari,
3133 1127 3289 1171 aceto
3335 1115 3534 1186 potari,

1945 1209 2132 1264 lancea
2177 1206 2450 1262 vulnerari
2481 1205 2682 1270 voluit;
2736 1214 2790 1258 et
2813 1215 3038 1274 gustatis
3067 1217 3294 1262 mortem
3322 1209 3389 1262 ad
3435 1208 3535 1262 ho-

1944 1315 2061 1355 rant
2109 1309 2328 1352 aeternae
2373 1297 2563 1350 mortis
2606 1295 2817 1350 vincula
2865 1297 3045 1350 solvit.
3104 1298 3263 1363 Quid,
3317 1297 3536 1364 fratres,

1944 1391 2092 1446 aliud
2139 1390 2254 1444 lucc
2295 1389 2504 1459 agendo
2552 1403 2651 1442 nos
2695 1388 2899 1454 docuit,
2947 1389 3048 1442 nisi
3094 1389 3371 1445 ambulare
3401 1392 3538 1460 vias;

1945 1498 2082 1553 quas
2123 1480 2274 1552 prior
2309 1479 2421 1550 ipse
2466 1478 2805 1534 ambulavit?
2834 1477 3188 1533 Ambulemus
3239 1481 3400 1550 igitur
3426 1482 3542 1539 vias

1945 1576 2084 1646 ejus,
2117 1586 2172 1632 et
2198 1590 2491 1646 sequamur
2521 1588 2664 1635 eum,
2697 1571 2841 1626 sicut
2864 1569 3220 1640 frequendutn
3253 1589 3311 1626 se
3334 1572 3538 1640 docuit;

1945 1685 2105 1740 quem
2151 1669 2243 1740 qui
2286 1668 2445 1722 modo
2485 1665 2635 1736 sequi
2678 1663 2932 1727 uoluerit,
2963 1662 3110 1717 illunt
3158 1664 3545 1733 proculdubio

1945 1770 2235 1831 sequetur,
2280 1759 2435 1828 cujus
2479 1772 2640 1828 poena
2683 1756 2788 1811 line
2836 1756 3064 1812 carebit.
3107 1755 3214 1810 Sed
3264 1757 3540 1826 quomodo

1946 1852 2115 1906 Deum
2160 1867 2224 1905 ac
2270 1849 2556 1904 Dominum
2606 1859 2851 1904 nOSIrum
2909 1847 3213 1917 sequimur,
3263 1847 3538 1917 quomodo

259 1952 356 2005 per
379 1939 557 1992 omnia
590 1940 822 2010 diligere
855 1942 1133 2006 debemus,
1165 1943 1488 1998 erubescere
1527 1957 1836 2012 possumus,
1872 1941 1912 1999 Β
1941 1945 2057 2016 ejus
2087 1947 2202 2000 vias
2231 1942 2588 2007 ambulamus,
2628 1942 2871 1997 videntes
2894 1942 3356 1996 abominationem
3385 1950 3543 1996 stan-

259 2027 309 2080 si
347 2028 465 2097 ejus
493 2045 646 2098 opus,
694 2032 837 2102 quod
888 2033 1230 2104 inctnpimns,
1262 2033 1640 2104 imperfectum
1676 2032 1843 2087 relin-

262 2122 534 2190 quamus?
567 2125 720 2194 171
757 2125 1126 2192 Dilectissitni,
1168 2127 1211 2182 si
1271 2143 1416 2181 nttnc
1461 2127 1514 2181 itt
1553 2127 1646 2181 Dei
1677 2140 1846 2195 opere

265 2213 454 2282 tepidi,
501 2216 587 2269 vel
619 2217 947 2288 negligentes
978 2219 1288 2285 existimus,
1321 2230 1375 2275 et
1403 2219 1558 2289 quasi
1597 2219 1696 2274 sub
1719 2232 1845 2287 spe-

261 2303 345 2357 cie
385 2303 753 2376 simplicitatis
779 2308 1111 2364 adversariis
1151 2309 1407 2365 Ecclesia:
1449 2325 1560 2365 suae
1592 2308 1847 2362 resistere

259 2392 696 2462 dissimulamus,
727 2399 1025 2454 verendum
1061 2399 1218 2453 nobis
1243 2410 1327 2454 est
1362 2413 1428 2453 ne
1461 2399 1512 2452 in
1549 2399 1636 2453 die
1667 2397 1847 2466 magni

259 2493 312 2540 et
340 2483 668 2544 formidandi
701 2491 856 2546 valde
880 2490 1069 2560 judicii
1098 2491 1246 2546 illuttt
1277 2492 1609 2548 contrarium
1644 2489 1838 2544 sentia-

262 2593 394 2645 utus,
444 2589 499 2634 et
552 2580 657 2637 illo
705 2583 1026 2655 increpante
1085 2600 1482 2655 cegnosramus
1536 2601 1634 2640 nos
1685 2583 1846 2638 stulta

262 2671 604 2738 simplicitate
636 2674 808 2730 fuisse
831 2676 1108 2746 deceptos.
1143 2677 1296 2733 Tunc
1329 2677 1554 2733 forsitan
1581 2677 1633 2730 in
1659 2685 1848 2731 contu—

265 2762 473 2819 meliam
533 2775 816 2829 nostram,
873 2768 1016 2838 quod
1063 2768 1226 2833 absit,
1283 2769 1566 2822 vulnerum
1625 2783 1846 2823 suorum

263 2846 533 2903 cicatrices
583 2849 913 2916 dettudabit,
965 2853 1190 2908 dicens:
1240 2853 1284 2909 Ο
1331 2853 1465 2908 falsa
1505 2853 1848 2925 simplicitate

267 2939 478 3008 decepti,
505 2942 634 2996 haec
657 2957 758 3010 pro
799 2944 952 2998 vobis
979 2945 1092 3015 ipse
1123 2946 1354 3014 pertuli;
1388 2956 1441 3001 et
1478 2961 1638 3015 quam
1673 2946 1844 2999 vicem

265 3031 383 3083 mihi
423 3035 782 3102 rependistis,
835 3037 928 3105 qui
968 3053 1186 3109 semper
1235 3039 1483 3092 homines
1543 3038 1750 3091 laudari
1783 3053 1847 3092 ac

265 3127 496 3180 venerari
533 3125 868 3183 occultando
905 3130 1188 3184 veritatem
1232 3129 1692 3200 prmsumpsistis?
1721 3126 1848 3184 Haec

261 3216 447 3282 omnia,
482 3234 568 3273 lle
606 3230 799 3275 contra
836 3237 936 3277 nos
967 3220 1020 3276 itt
1048 3221 1254 3292 judicio
1293 3237 1393 3276 suo
1426 3222 1686 3276 Dominus
1719 3237 1848 3294 pro-

1949 2045 2054 2090 tem
2087 2035 2139 2088 in
2171 2033 2288 2088 loco
2316 2042 2528 2098 sancto,
2561 2033 2605 2088 si
2648 2033 2932 2087 tacemus?
2963 2032 3019 2086 ιιι
3051 2032 3168 2088 loco
3194 2042 3384 2088 sancto
3412 2031 3546 2088 abo-

1949 2126 2180 2181 minatio
2208 2135 2354 2180 stare
2386 2123 2621 2188 videtur,
2661 2139 2784 2176 cum
2830 2123 2884 2178 in
2919 2134 3107 2179 sancta
3139 2123 3380 2178 Ecclesia
3409 2125 3544 2180 abo-

1949 2216 2225 2272 minabilis
2257 2215 2506 2287 quisque,
2541 2215 2757 2269 nemine
2785 2215 3215 2282 contradicente,
3235 2214 3393 2285 173
3421 2214 3546 2270 aliis

1949 2309 2277 2363 dominatur.
2311 2307 2413 2374 Qtti
2445 2307 2546 2361 hoc
2573 2306 2721 2361 videt
2745 2315 2799 2360 et
2840 2314 3003 2371 tacet,
3033 2305 3354 2361 maledictus
3378 2322 3407 2358 a
3437 2305 3544 2359 Do-

1950 2399 2096 2454 ntino
2125 2412 2246 2453 esse
2278 2398 2610 2468 perhibetur,
2639 2398 2851 2452 dicente
2880 2399 3143 2467 propheta
3179 2414 3192 2450 :
3229 2397 3546 2452 Maledicta:

1947 2492 2036 2561 qui
2057 2491 2289 2560 prohibet
2312 2490 2546 2560 gladium
2565 2505 2716 2541 suum
2743 2505 2774 2541 a
2797 2488 3052 2557 sanguine
3075 2487 3211 2559 (λετ.
3244 2504 3399 2555 LVIII,
3433 2488 3543 2558 10).

1950 2583 2003 2638 id
2031 2592 2113 2637 est
2140 2597 2326 2636 vocem
2355 2596 2507 2636 suam
2533 2595 2562 2634 a
2595 2580 2798 2650 peccati
2835 2579 3226 2648 increpatione.
3258 2579 3314 2633 Si
3342 2579 3415 2632 illi
3443 2580 3549 2650 qui

1948 2675 2227 2746 quodlibet
2273 2673 2470 2727 malum
2499 2687 2605 2727 non
2635 2671 2935 2741 increpant,
2969 2671 3214 2726 maledici
3243 2687 3272 2724 a
3308 2673 3540 2727 Domino

1951 2775 2246 2832 merentur,
2295 2777 2496 2835 quanto
2531 2765 2835 2836 graviorem
2884 2765 3315 2820 maledictionem
3364 2767 3549 2820 incur-

1951 2869 2095 2924 ruttt,
2127 2860 2218 2928 qui
2265 2858 2727 2912 abominationem
2781 2857 3007 2912 tacendo
3050 2867 3418 2928 augmentant,
3450 2873 3548 2928 per

1949 2967 2112 3021 quam
2138 2953 2254 3005 sine
2295 2951 2459 3004 dubio
2488 2950 2672 3019 plures
2719 2949 2994 3004 foedantur
3021 2949 3044 3003 ?
3077 2949 3545 3004 Abontinationem

1949 3044 2149 3113 quippe
2191 3042 2326 3097 satis
2354 3049 2689 3111 augmentat,
2718 3042 2831 3112 qui,
2863 3041 2914 3095 itt
2943 3049 3204 3111 quantum
3251 3040 3531 3110 przevalet,

1950 3151 2069 3191 eam
2100 3150 2206 3189 non
2255 3141 2518 3203 amputat.
2566 3131 2758 3188 Ortum
2807 3142 2889 3188 est
2923 3141 3072 3188 certe
3113 3132 3375 3186 moderno
3421 3121 3553 3186 tem-

1953 3244 2084 3301 pore
2117 3242 2320 3282 novum
2359 3240 2530 3296 genus
2578 3224 3028 3289 abominationis;
3070 3225 3183 3296 jam
3225 3223 3415 3293 incipit
3464 3238 3552 3278 re-

264 3308 409 3375 ferat,
439 3329 560 3367 non
594 3315 944 3370 mediocriter
973 3314 1265 3372 formidare
1285 3317 1564 3380 debemus,
1591 3331 1711 3386 qua:
1727 3314 1840 3386 jam
1878 3286 1922 3347 ί)
1953 3286 2119 3392 gnaro
2151 3318 2293 3374 filius
2316 3317 2663 3388 perditionis;
2685 3326 2740 3372 et
2767 3318 2908 3387 quod
2924 3317 3052 3373 olim
3077 3317 3231 3387 quasi
3262 3317 3313 3370 in
3336 3315 3551 3369 occulto

265 3419 325 3456 ex
352 3416 508 3475 parte
540 3421 640 3475 per
675 3408 792 3477 ejus
825 3408 1102 3464 ministros
1149 3408 1468 3463 annuntiata
1503 3423 1622 3464 esse
1652 3423 1852 3480 cogno-

267 3493 450 3549 vimus.
501 3495 592 3549 Ει
622 3497 932 3551 testimonio
969 3497 1113 3552 enim
1154 3497 1451 3568 Scriptura:
1491 3498 1686 3552 divina:
1717 3498 1854 3553 didi-

267 3584 430 3639 cimus
451 3586 608 3656 quod
642 3587 686 3641 si
719 3596 938 3658 propter
966 3603 1252 3658 personam
1296 3590 1532 3646 hominis
1572 3590 1854 3645 veritatem

270 3677 482 3733 reticent
493 3695 584 3742 us,
602 3678 799 3749 ipsum,
822 3680 910 3748 qui
931 3690 1014 3734 est
1038 3681 1257 3747 veritas,
1273 3681 1546 3737 Christum
1571 3695 1851 3752 negamus.

271 3769 411 3836 Quod
441 3771 618 3825 etiam
652 3786 762 3840 pra:
788 3771 952 3826 nimia
981 3771 1329 3840 simplicitate
1355 3772 1577 3841 quidam
1609 3771 1855 3826 damnari

270 3876 569 3929 merentur,
618 3866 672 3920 in
719 3865 987 3935 Propheta
1008 3877 1194 3937 aperte
1237 3874 1587 3930 monstratur,
1627 3865 1717 3920 ubi
1748 3865 1859 3920 sic-

273 3968 324 4011 ut
347 3971 474 4012 oves
498 3958 557 4011 in
587 3956 801 4012 inferno
823 3958 982 4027 positi
1009 3967 1379 4013 memorantur
1415 3956 1615 4029 (Psal.,
1657 3972 1852 4023 XLVIII,

279 4047 377 4115 l5).
437 4047 592 4105 Oves
631 4048 766 4138 .ihi,
817 4062 925 4102 non
973 4057 1193 4118 propter
1227 4062 1411 4102 veram
1467 4047 1856 4112 innocentiam,

272 4139 359 4192 sed
401 4153 633 4210 propter
675 4140 1013 4195 inhonestam
1065 4138 1492 4210 simplicitatem,
1543 4155 1650 4209 qua
1701 4138 1859 4194 malis

276 4232 527 4288 resistere
589 4232 817 4299 nolunt,
861 4232 940 4287 vel
987 4232 1260 4293 nesciunt,
1310 4231 1558 4286 homines
1595 4230 1856 4300 appellat;

274 4338 401 4390 quos
452 4323 581 4378 sine
635 4324 740 4378 fine
792 4323 1062 4392 perituros
1113 4337 1235 4376 esse
1278 4322 1580 4377 denuntiat.
1631 4321 1698 4376 Et
1742 4321 1862 4375 ideo

275 4411 468 4479 tejecto
496 4414 866 4484 simplicitatis
912 4413 1198 4476 velamine,
1232 4413 1410 4484 palam
1441 4413 1694 4482 loquatur
1720 4412 1862 4466 veri-

275 4517 456 4571 tatem,
487 4526 614 4563 cunt
666 4509 933 4578 Propheta
971 4508 1212 4562 dicentes
1243 4525 1255 4559 :
1292 4505 1422 4571 Qui:
1451 4515 1724 4576 consurget
1767 4521 1865 4560 no-

273 4600 354 4655 bis
378 4602 634 4656 adeersus
689 4601 1057 4670 malignantes,
1099 4609 1189 4651 aut
1235 4599 1352 4668 quis
1378 4599 1535 4653 stabit
1585 4599 1865 4654 nobiscum

275 4694 523 4749 adversus
581 4707 851 4763 aperanles
899 4694 1268 4765 iniquitatem?
1316 4692 1488 4765 (Psal.
1542 4709 1695 4757 xcm,
1752 4692 1862 4762 16.)

276 4784 404 4840 lllud
443 4785 690 4854 Apostoli
723 4786 1128 4856 subjungentes.
1164 4783 1224 4839 Si
1259 4784 1397 4838 Deus
1426 4802 1518 4853 pro
1553 4785 1717 4846 nobis,
1750 4785 1864 4854 quis

277 4891 455 4934 eontra
475 4897 569 4932 nos
585 4879 611 4933 ?
627 4877 798 4947 (Rom.
816 4893 931 4942 vnt,
951 4877 1010 4931 5l
1028 4877 1064 4945 .)
1081 4875 1189 4930 Nos
1211 4877 1367 4948 172
1386 4876 1515 4930 tales
1536 4891 1742 4939 sumus,
1757 4875 1866 4930 imo

281 4971 410 5026 tales
437 4984 560 5026 esse
597 4971 878 5036 debemus,
911 4968 1002 5037 qui
1035 4967 1222 5024 laudes
1253 4968 1532 5025 hominum
1583 4983 1689 5022 non
1731 4968 1862 5021 aﬂ'e-

277 5073 505 5126 ctemus,
539 5077 716 5131 neque
744 5077 932 5117 eorum
957 5058 1378 5129 vituperationes
1421 5075 1866 5130 expavescemus,

279 5158 528 5223 quoniam
559 5156 651 5226 qni
687 5154 995 5225 ltujusntodi
1027 5166 1174 5220 sunt,
1207 5156 1360 5224 juxta
1391 5155 1715 5224 apostolum,
1747 5170 1868 5210 ser-

283 5249 331 5300 \‘i
359 5249 558 5303 Christi
591 5266 712 5304 esse
743 5265 847 5302 non
877 5259 1121 5318 possunt.
1156 5251 1306 5308 Unde
1340 5259 1394 5305 et
1422 5249 1693 5320 Propheta
1720 5268 1732 5302 :
1767 5248 1871 5315 Qui

282 5336 576 5392 hominibus
625 5338 856 5409 placent,
903 5339 1109 5408 confusi
1155 5351 1274 5394 sunt
1323 5338 1496 5411 (Psal.
1551 5355 1647 5404 LII,
1694 5339 1770 5409 6).
1813 5339 1871 5393 Si

286 5430 422 5485 forte
449 5435 770 5503 qiuerimtts,
821 5433 946 5502 quid
995 5449 1093 5504 pro
1131 5433 1242 5488 Deo
1287 5448 1467 5504 agere,
1496 5431 1581 5485 vel
1629 5445 1726 5501 pro
1754 5429 1873 5500 ejus

285 5527 498 5582 nomine
536 5527 646 5597 pati
674 5525 992 5590 debeamus,
1021 5527 1150 5596 quid
1185 5527 1300 5597 ipse
1327 5525 1520 5597 egerit,
1551 5525 1747 5592 quidve
1776 5537 1874 5592 pro

287 5619 437 5674 nobis
480 5620 772 5690 pertulerit
818 5620 1242 5683 consideremus,
1275 5629 1328 5674 et
1370 5618 1449 5674 sic
1478 5617 1607 5688 quid
1643 5633 1742 5688 pro
1787 5615 1878 5672 illo

292 5723 470 5767 sumus
516 5712 697 5767 acturi
739 5711 950 5780 plenius
990 5726 1363 5782 agnoscamus.
1401 5710 1594 5766 Omnia
1636 5710 1873 5778 quideut,

294 5816 402 5868 qua:
429 5819 525 5872 pro
559 5803 721 5857 ttobis
769 5800 1025 5856 Dominus
1069 5802 1120 5857 in
1156 5803 1355 5858 mundo
1398 5801 1526 5872 egit,
1579 5810 1632 5856 et
1660 5801 1880 5871 pertul.t

1955 3411 2206 3476 faciebat,
2232 3427 2373 3465 ttunc
2404 3411 2580 3480 palam
2628 3419 2889 3480 operatur
2928 3408 3246 3480 mysterium
3294 3406 3552 3476 iniquita-

1957 3504 2044 3559 tis.
2079 3502 2249 3569 Quem
2281 3510 2471 3557 contra
2497 3501 2588 3572 qui
2636 3501 2875 3571 legitime
2901 3498 3214 3562 certaverit,
3244 3513 3370 3552 vere
3397 3511 3552 3552 coro-

1957 3595 2175 3650 nabitur
2206 3612 2220 3648 :
2251 3604 2302 3649 et
2349 3594 2499 3651 velut
2543 3595 2681 3650 alter
2726 3593 2947 3649 lienoclt
2989 3592 3073 3648 vel
3115 3592 3260 3646 Elias
3305 3589 3553 3656 effectus.

1956 3688 2086 3744 licet
2115 3687 2432 3758 martyrium
2458 3687 2528 3742 ob
2562 3688 2666 3742 hoc
2692 3703 2796 3741 non
2835 3693 3221 3756 consequatur,
3253 3691 3554 3753 martyrum

1959 3789 2142 3834 tamen
2169 3779 2580 3834 immortalitate
2626 3777 3038 3848 gloriticaltitur.
3082 3776 3150 3830 Et
3181 3784 3240 3830 ut
3291 3776 3556 3829 adversus

1958 3873 2275 3942 praedictum
2341 3887 2574 3941 nequam
2639 3870 2894 3926 fortiores
2956 3867 3170 3924 animos
3221 3867 3559 3931 habeamus,

1960 3963 2090 4033 quid
2118 3962 2353 4034 Moyses,
2391 3977 2514 4017 cutn
2563 3961 2848 4031 quosdam,
2874 3960 2939 4014 de
2986 3958 3184 4029 p0pulo
3211 3957 3374 4012 Israel
3431 3973 3559 4028 pro-

1961 4055 2128 4110 clives
2179 4053 2242 4109 ad
2273 4053 2608 4124 peccandum
2659 4052 2990 4115 considerat,
3035 4050 3182 4103 dicat
3223 4049 3556 4103 audiamus:

1963 4149 2024 4204 Si
2047 4149 2161 4219 quis
2183 4157 2256 4201 est
2288 4146 2799 4214 Domini,jungatur
2832 4141 3202 4208 milti,occt'dat
3234 4141 3311 4194 vir
3344 4141 3564 4216 fratrem.

1962 4251 2008 4294 et
2033 4240 2257 4292 anticum
2295 4247 2342 4292 et
2367 4238 2664 4306 proximum
2702 4251 2857 4289 suum
2884 4233 3080 4301 (Exod.
3117 4248 3290 4297 χχχιι,
3320 4231 3410 4298 Ξϐ,
3445 4231 3558 4300 27).

1964 4331 2209 4386 Fratrem
2239 4328 2458 4398 quippe,
2489 4336 2545 4381 et
2572 4325 2830 4388 amicum,
2855 4332 2910 4377 et
2939 4321 3249 4393 proximum
3295 4335 3452 4375 suum
3477 4320 3560 4373 in-

1968 4422 2180 4486 terficit,
2212 4421 2327 4492 qui,
2359 4435 2482 4476 cum
2527 4417 2797 4489 punienda
2849 4415 3072 4478 invenit,
3106 4429 3282 4484 neque
3307 4413 3386 4468 eis
3426 4427 3569 4481 quos,

1967 4531 2064 4587 per
2094 4515 2472 4586 cognationem
2499 4511 2694 4580 diligit,
2725 4509 2919 4581 parcit.
2942 4507 3000 4563 Si
3028 4521 3158 4576 ergo
3182 4505 3271 4560 ille
3303 4504 3395 4559 Dei
3424 4502 3563 4557 dici-

1975 4622 2081 4674 tur,
2119 4609 2208 4678 qui
2234 4617 2421 4663 contra
2447 4605 2824 4672 delinquentes
2845 4601 2962 4656 zelo
2985 4600 3153 4655 divini
3182 4598 3388 4654 amoris
3415 4596 3567 4651 exci-

1973 4709 2136 4764 tatur,
2166 4698 2406 4770 profecto
2430 4713 2487 4751 se
2515 4695 2606 4750 Dei
2640 4709 2761 4749 esse
2805 4695 3058 4762 denegat.
3089 4691 3180 4760 qui
3222 4705 3410 4745 eorum
3441 4703 3567 4757 pra-

1974 4807 2072 4846 vas
2111 4790 2356 4846 actiones
2397 4789 2676 4855 increpare
2720 4794 2956 4839 recusat.
2989 4782 3125 4836 Hinc
3175 4782 3358 4850 itaque
3406 4778 3570 4835 facile

1974 4883 2278 4939 advertitur
2307 4881 2435 4950 quid
2471 4879 2758 4934 ambitioso
2791 4876 2860 4930 tlli
2888 4891 2917 4929 a
2957 4875 3156 4930 Christi
3198 4873 3446 4934 fidelibus
3477 4871 3571 4926 (lC-2

1973 4978 2186 5040 heatttr,
2217 4973 2372 5043 cujus
2418 4985 2614 5026 nomen
2667 4984 2776 5038 prae
2826 4965 2987 5039 17!.
3026 4964 3396 5036 indignatione
3441 4979 3574 5033 sup-~

1973 5065 2293 5138 pressimus.
2336 5061 2470 5117 Nam
2502 5077 2611 5131 quo
2647 5060 2866 5131 proprio
2894 5058 3114 5114 nomine
3143 5058 3339 5128 dignus
3369 5055 3572 5110 habeas

1975 5166 2064 5213 tur
2104 5169 2328 5227 prorsus
2379 5152 2673 5208 nescimus.
2722 5149 2876 5207 Illum
2924 5148 3110 5218 utique
3161 5147 3302 5204 ultra
3354 5145 3572 5204 modum

1977 5249 2305 5304 malitiosum
2335 5261 2482 5311 esse,
2515 5261 2543 5297 a
2572 5258 2738 5314 puero
2770 5242 2914 5296 fama
2961 5240 3232 5296 referente
3261 5237 3570 5300 didicimus,

1974 5352 2030 5398 et
2063 5347 2310 5410 exparte
2354 5352 2452 5407 per
2495 5351 2595 5390 nos
2639 5333 3012 5404 cognovimus.
3042 5331 3107 5386 Et
3149 5331 3275 5399 quia
3311 5329 3456 5382 hunc
3503 5325 3576 5380 ad

1975 5438 2321 5502 augmentum
2376 5428 2722 5498 iniquitatum
2787 5438 3011 5479 suarum
3072 5429 3261 5474 contra
3326 5424 3578 5477 sanctam.

1983 5526 2278 5582 Ecelesiam
2329 5533 2446 5579 arte
2482 5519 2720 5576 Simonis
2762 5517 2900 5586 Magi
2941 5514 3038 5568 niti
3070 5511 3397 5573 audivimus,
3441 5508 3580 5564 utile

1984 5619 2293 5684 Valde'est,
2327 5616 2434 5670 imo
2481 5611 2871 5673 necessarium,
2923 5613 3191 5675 quatenus
3250 5600 3577 5654 auctoritate

1986 5709 2225 5766 Simonis
2271 5706 2414 5761 Petri
2443 5705 2492 5759 ei
2524 5704 2575 5757 in
2629 5699 2821 5754 faciem
2868 5693 3207 5751 resistamus.
3243 5690 3340 5745 Cui
3385 5691 3430 5745 si
3477 5704 3575 5760 pro

1988 5800 2149 5859 cilicii
2180 5799 2299 5855 loco
2329 5796 2678 5852 vehementer
2704 5803 2808 5843 non
2861 5781 3265 5847 restiterimus;
3299 5795 3420 5835 cum
3460 5780 3577 5849 ipso
