3990 6450
487 421 588 477 155

1521 428 1845 486 GOFFRIDI
1882 430 2185 494 ABBATIS
2224 439 2740 499 VlNDOClNENSiS

3632 440 3651 475 τ’
3677 449 3769 505 156

486 538 712 593 Simone
745 537 919 609 Mago,
944 554 1036 609 qm
1065 540 1166 596 hoc
1200 554 1371 612 genus
1414 539 1718 612 iniquitatis
1744 541 1954 612 primus
1981 548 2066 603 in-
2100 556 2145 614 Α
2176 552 2291 607 Νοιι
2323 556 2468 611 enim
2495 558 2742 615 diabolus
2777 566 2925 615 tanta
2954 560 3154 631 poterit
3196 561 3416 618 auferre
3446 574 3653 633 quanta
3682 580 3768 622 vo-

487 628 665 689 venit,
701 644 803 683 nos
849 630 1129 684 habituros
1160 630 1485 700 portionem,
1517 633 1660 703 quod
1692 633 1836 694 Deus
1857 639 2087 703 abnuat,

486 717 803 775 nullatenus
823 720 1150 775 dubitemus.
1166 720 1301 776 Nam
1324 725 1451 793 quid
1474 729 1695 796 prodest
1722 731 1880 787 nobis
1892 725 2090 787 orare?

485 809 620 878 quid
666 810 887 878 prodest
932 810 1223 880 aliquando
1252 812 1551 883 jejuuare?
1590 822 1719 891 quid
1752 825 1919 878 etiam
1950 839 2085 895 pau-

468 918 647 973 peres
696 918 944 959 recreare
976 904 1122 961 ?-vel
1172 909 1427 976 quaelibet
1485 912 1589 968 alia
1635 916 1892 973 bonitatis
1919 934 2082 990 opera

482 1006 765 1054 exercere,
804 992 850 1047 si
884 992 1251 1054 Simoniacam
1299 999 1550 1055 haeresim
1582 1019 1611 1057 a
1658 1004 1855 1067 finibus
1884 1010 2083 1065 nostris

482 1082 890 1139 dissimulamus
927 1087 1234 1156 repellere?
1259 1089 1407 1157 Quae,
1428 1101 1488 1146 ut
1512 1093 1572 1147 B.
1608 1094 1900 1168 Gregorius
1928 1099 2078 1163 dicit,

481 1182 611 1230 ante
634 1190 822 1232 omnes
845 1177 979 1233 alias
1008 1179 1060 1233 in
1104 1190 1293 1236 sancta
1340 1183 1582 1241 Ecclesia
1614 1188 1835 1245 subdola
1886 1191 2079 1248 fraude

483 1263 725 1335 irrepsit,
749 1275 803 1321 et
843 1269 997 1337 quasi
1024 1269 1195 1339 prima
1239 1281 1294 1327 et
1339 1277 1881 1351 maximaEcclesia:
1917 1286 2076 1339 casti-

485 1364 652 1410 tatem
678 1356 823 1413 fmda
856 1359 1080 1414 nimium
1103 1361 1398 1430 pollutione
1430 1370 1801 1427 contaminare
1824 1388 2079 1443 praesum-

484 1448 613 1516 psit.
637 1447 805 1519 lgitur
827 1450 881 1505 in
914 1451 1105 1517 Deum,
1133 1461 1188 1508 et
1233 1464 1452 1525 propter
1487 1458 1657 1514 Deum
1707 1479 1960 1534 rogamus
1981 1482 2077 1523 vos

481 1547 537 1594 et
564 1539 925 1607 obtestamur,
969 1543 1012 1596 si
1048 1543 1245 1600 habere
1292 1556 1501 1616 partem
1535 1550 1588 1605 in
1637 1551 1854 1610 Christo
1890 1556 2072 1623 vultis,

481 1645 589 1685 una
638 1631 918 1687 nobiscum
953 1649 1298 1707 summopere
1341 1638 1620 1708 laboretis,
1667 1652 1726 1699 ut
1773 1656 1881 1701 tam
1934 1664 2074 1703 saeva

481 1721 672 1791 pestis,
699 1738 820 1793 quae
841 1737 937 1794 per
957 1741 1100 1797 saepe
1120 1728 1324 1784 dictum
1350 1731 1620 1790 haeretica:
1646 1737 1930 1805 pravitatis
1974 1741 2076 1795 mi-

482 1811 714 1866 nistrqu
757 1813 810 1868 in
860 1816 1108 1884 partibus
1156 1821 1360 1877 nostris
1412 1822 1678 1880 diabolica
1730 1830 2074 1899 suggestione

2193 643 2277 698 bis
2305 655 2495 715 potens
2519 656 2603 704 est
2623 648 2767 704 Deus
2794 660 3118 708 restaurare.
3146 652 3290 707 Nihil
3329 662 3512 708 tamen
3538 669 3636 724 pro
3676 656 3769 713 hac

2192 749 2357 791 causa
2396 738 2680 805 amittetis,
2710 748 2764 795 et
2813 740 2881 797 de
2919 756 3082 797 manu
3128 743 3221 799 Dei
3258 745 3566 801 mercedem
3620 747 3771 820 176

2190 827 2497 896 recipietis,
2535 830 2582 886 si
2621 845 2721 901 pro
2767 831 2885 902 ejus
2935 833 3041 891 fide
3088 844 3144 891 et
3192 836 3412 891 nomine
3461 843 3771 893 constanter

2186 918 2425 989 egeritis.

2755 1014 3084 1073 EPISTOLA
3134 1017 3202 1072 X.

2185 1096 2457 1169 Ca/j‘ridus
2505 1102 2903 1161 Vindocinensis
2958 1108 3263 1162 monasterii
3302 1108 3516 1163 humilis
3566 1124 3766 1178 servus,

2254 1192 2441 1249 dilecto
2484 1196 2538 1250 in
2599 1196 2807 1252 Christo
2863 1197 3018 1252 Patri
3069 1200 3450 1256 Archembaldo
3504 1201 3658 1274 (295)
3708 1202 3763 1261 S.

2252 1282 2430 1338 Albini
2472 1285 2669 1352 abbati,
2715 1287 2906 1356 fratres
2946 1289 3047 1343 sibi
3095 1292 3402 1347 commissos
3450 1292 3688 1363 diligere,
3720 1305 3765 1349 et

2252 1389 2432 1427 eorum
2464 1375 2590 1428 vitia
2630 1375 2752 1430 odio
2777 1377 2987 1431 habere.

2251 1464 2331 1519 Ex
2365 1466 2675 1522 testimonio
2700 1468 2897 1524 divinze
2941 1472 3283 1527 auctoritatis
3318 1473 3609 1529 didicimus
3634 1490 3765 1545 quo-

2181 1557 2329 1611 niam
2362 1557 2429 1613 de
2453 1559 2699 1629 profectu
2730 1561 2986 1631 proximi,
3018 1564 3154 1618 sicut
3185 1564 3251 1619 de
3285 1574 3490 1633 nostro,
3514 1566 3763 1624 debemus

2178 1648 2464 1717 gratulari,
2498 1660 2554 1704 et
2583 1649 2650 1705 de
2684 1650 2802 1720 ejus
2842 1651 3081 1718 defectu,
3114 1665 3370 1724 tanquam
3414 1655 3482 1709 de
3527 1658 3762 1725 proprio,

2181 1737 2446 1795 tribulari.
2482 1740 2635 1797 Unde
2671 1744 2738 1799 de
2765 1742 2999 1811 quodam
3040 1743 3208 1800 fratre
3262 1755 3464 1814 vestro,
3495 1746 3762 1806 Josceliuo

2178 1830 2416 1900 nomine,
2450 1833 2799 1892 vehementer
2824 1837 3188 1904 tribulamur;
3227 1836 3280 1891 in
3309 1852 3416 1907 quo
3461 1853 3569 1893 non
3595 1838 3759 1893 solum

482 1904 724 1971 emersit,
754 1920 861 1960 non
885 1906 1105 1977 quidem
1134 1910 1314 1981 gladio
1338 1913 1491 1980 ferri,
1522 1917 1618 1971 sed
1640 1898 1819 1989 gladio
1840 1920 2074 1992 Spiritus
2108 1898 2149 1956 Β
2178 1921 2359 1978 laesam
2398 1898 2519 1980 esse
2544 1926 2865 1984 charitatem
2901 1930 3273 2000 cognovimus,
3307 1931 3401 1985 sed
3432 1929 3757 1987 defunctam.

482 1996 654 2050 sancti
690 1999 903 2066 penitus
947 2011 1314 2072 computetur,
1349 2020 1418 2062 ne
1459 2008 1617 2064 nobis
1665 2014 1969 2069 tacentibus
2021 2017 2073 2071 in

483 2084 743 2154 Spiritum
774 2099 1023 2146 sanctum
1048 2103 1343 2164 ,peccetur,
1381 2099 1524 2166 quod
1561 2115 1737 2171 neque
1768 2104 1876 2169 hic,
1901 2120 2075 2174 neque

482 2173 538 2268 in
591 2174 774 2231 futuro
802 2179 1001 2237 saeculo
1049 2184 1358 2241 remittetur
1383 2187 1601 2258 (Matth.
1632 2207 1735 2261 xu,
1766 2194 1878 2266 59.).
1915 2173 2073 2268 175

480 2260 667 2321 Valete
714 2269 768 2322 in
805 2268 1036 2329 Domino
1060 2290 1304 2348 semper;
1344 2280 1540 2337 iterum
1569 2284 1690 2340 dico
1775 2260 2074 2351 γέιεῶἶεῆ

479 2369 768 2413 contumax
798 2361 908 2430 ille,
939 2367 1003 2420 de
1057 2383 1165 2437 quo
1199 2371 1401 2439 agitur,
1443 2376 1650 2431 sentiat
1687 2393 1786 2434 nos
1824 2378 1915 2435 Dei
1960 2381 2070 2436 vir-

482 2459 595 2503 tute
625 2450 745 2519 plus
782 2467 941 2522 posse
969 2472 1132 2527 quam
1162 2462 1335 2530 possit
1381 2463 1499 2533 ipse
1533 2464 1769 2524 Simonis
1801 2469 1942 2541 Magi
1974 2473 2071 2526 im-

477 2543 565 2612 pia
591 2552 728 2601 arte.

1040 2642 1374 2703 EPISTOLA
1418 2649 1513 2705 1X.

477 2724 757 2783 Gaillelnto
783 2734 953 2788 sancti
989 2732 1248 2793 Florentii
1273 2740 1470 2807 abbati,
1498 2753 1546 2797 et
1585 2743 1865 2802 Guillelmo
1899 2752 2071 2806 arehi~

543 2821 768 2876 diacono
813 2823 960 2895 (295)
996 2826 1143 2894 ﬁdeli
1191 2847 1308 2896 suo,
1362 2830 1636 2902 Go/Iridus
1676 2836 2068 2898 Vindocinensis

544 2917 849 2970 monasterii
877 2918 1123 2989 indignus
1154 2938 1356 2989 servus,
1399 2944 1647 2997 prospera
1674 2934 1858 2988 mundi
1898 2936 2069 3005 despi-
2110 2941 2129 2953 ‘

545 3022 680 3073 cere,
711 3018 759 3062 et
798 3010 945 3064 nulla
974 3012 1088 3081 ejus
1119 3014 1336 3070 adversa
1368 3018 1675 3087 formidare.

545 3099 819 3171 Rogamus
843 3119 960 3169 vos,
992 3116 1046 3160 et
1076 3122 1170 3177 per
1191 3111 1496 3177 veritatem,
1528 3129 1647 3184 qua:
1678 3116 1931 3177 Christus
1959 3135 2063 3190 esr,

472 3192 831 3258 obtestamur,
856 3210 924 3252 ne
957 3198 1010 3252 in
1050 3215 1214 3256 causa
1248 3202 1365 3269 Dei,
1400 3220 1563 3274 quam
1614 3221 1807 3266 contra
1838 3214 2061 3270 Rainal-
2090 3240 2133 3298 ρ

472 3283 597 3338 dum
631 3283 931 3355 inspirante
979 3290 1185 3360 Spiritu
1215 3305 1408 3353 sancto
1444 3303 1845 3371 assumpsistis,
1885 3307 2067 3379 aliquo

471 3377 633 3432 modo
666 3378 953 3439 deficiatis.
983 3384 1138 3450 Quod
1174 3387 1218 3441 si
1252 3388 1513 3456 feceritis,
1538 3391 1839 3464 Christum,
1865 3400 1955 3467 qui
1980 3377 2066 3456 est

471 3469 692 3536 vetitas,
721 3473 881 3543 plane
923 3479 1256 3549 abnegastis,
1309 3492 1364 3537 et
1403 3483 1703 3542 Ecclesiam
1734 3504 1910 3554 suam,
1944 3510 2065 3562 (IMP.

468 3561 694 3616 omnino
720 3574 871 3620 casta
901 3566 1060 3623 debet
1087 3582 1207 3625 esse
1226 3580 1281 3625 et
1309 3571 1497 3640 libera,
1527 3577 1910 3637 saeculari-italis
1934 3561 2058 3636 eon-

467 3653 723 3709 eubinam
768 3663 824 3711 et
872 3658 1126 3714 ancillam
1177 3677 1301 3717 cum
1345 3665 1586 3734 periculo
1636 3671 1938 3728 animarum
1978 3689 2064 3729 ve-

468 3753 709 3800 strarum
742 3748 1119 3809 constituistis.
1150 3751 1418 3810 Praeterea
1449 3757 1612 3813 etiam
1640 3762 1892 3820 omnibus
1934 3767 2062 3821 ami-

467 3837 548 3893 cis
587 3838 800 3906 vestris,
826 3842 970 3911 quod
1017 3845 1235 3901 evenire
1283 3863 1387 3904 non
1432 3852 1725 3921 credimus,
1776 3858 2061 3915 mendaces

468 3926 599 3983 facti
625 3931 780 3996 estis,
810 3940 864 3987 et
892 3948 1080 3989 eorum
1114 3936 1430 3996 inimicitias
1476 3944 1675 4001 merito
1722 3946 2055 4005 incurristis.

466 4016 582 4074 Non
615 4029 699 4077 est
736 4022 887 4080 vobis
927 4027 1246 4099 timendum,
1288 4033 1417 4103 quia
1463 4035 1660 4092 multos
1713 4048 1836 4108 post
1886 4040 2054 4095 Deum

465 4111 635 4168 bonos
677 4115 953 4185 adjutores
1008 4120 1243 4179 habetis.
1290 4126 1437 4182 Inter
1476 4143 1611 4197 quos
1661 4146 1748 4185 me
1792 4140 1848 4186 et
1890 4134 2056 4186 abha-

464 4211 573 4258 tem
604 4203 752 4278 (294)
783 4206 842 4263 S.
888 4208 1065 4283 Sergii
1093 4216 1363 4272 veraciter
1392 4229 1648 4289 reputare
1684 4222 1929 4291 potestis,
1962 4225 2052 4292 qui

463 4295 743 4353 mallemus
793 4300 898 4355 vivi
949 4306 1252 4373 excoriari,
1304 4325 1465 4378 quam
1520 4311 1649 4366 huic
1712 4320 1873 4368 tautae
1926 4329 2051 4369 con-

460 4387 789 4446 sentiremus
842 4392 1258 4453 abominationi.
1318 4399 1546 4465 Valete;
1597 4409 1653 4456 et
1694 4401 2048 4462 substantiam

459 4480 808 4549 temporalem
856 4482 1164 4542 nullatenus
1212 4487 1282 4542 ob
1327 4488 1431 4543 hoc
1484 4489 1726 4546 timeatis
1774 4493 2046 4551 amittere.

527 4636 677 4719 (295)
719 4634 1450 4723 Gttillelm’o‘archidiacono.
1496 4650 1907 4723 A_ndegavensis
1949 4656 2051 4713 Ec-

457 4707 660 4783 clesiae,
689 4709 776 4776 qui
811 4725 931 4783 cum
967 4710 1247 4783 Stephano
1283 4716 1488 4771 decano
1517 4707 1765 4777 Rainiildi
1799 4707 2050 4783 electioni

454 4777 728 4858 praecipue
748 4777 1124 4858 refragalmtur
1152 4800 1163 4836 :
1202 4794 1428 4856 uterque
1458 4799 1643 4858 postea
1669 4777 2047 4853 eidem'aniiei

454 4846 922 4937 enx-iinfﬁstissimis'
954 4850 1108 4937 facti,
1146 4870 1258 4937 quo
1287 4846 1504 4937 nomine
1533 4846 2051 4937 taxanturIiti'e‘pi;

455 4914 594 5005 stola
626 4917 864 5005 hlgrbo'di
899 4937 911 4972 :
946 4914 1223 5005 unthipléa;
1264 4937 1339 5005 est
1383 4914 2043 5005 artaggabiiiii'nia'tnid,

455 4985 647 5068 multos.
661 4984 959 5068 ‘Stephanos
986 4984 1163 5068 habet,
1189 4996 1380 5068 multos
1410 4984 1724 5058 Willialnios.

720 5055 1167 5143 Etrabbatenrsi
1193 5066 1384 5143 βαι-αὔ.
1429 5055 1783 5143 Bernardti-m,
1816 5077 1883 5133 de
1938 5079 2037 5135 hac

452 5124 713 5212 abbatum
754 5136 950 5212 contra
976 5124 1317 5212 liainaldnmv
1343 5124 2041 5212 conspirat—ioue:

454 5203 543 5249 tus
582 5196 739 5289 epist.
776 5198 1328 5289 11,ειμιΙὶιειῇηειιιιιῃη⁸
1353 5196 1524 5280 ipsum
1554 5232 1567 5267 :
1608 5196 2044 5289 ri-aé'of'réiiiﬁb-

452 5282 536 5349 sos
560 5266 792 5349 abbates,
822 5278 869 5322 et
900 5266 1656 5349 integri_nontinis‘persouas
1685 5266 1863 5343 audivi
1902 5266 2043 5344 sitire

452 5336 728 5418 adversum
761 5348 810 5392 te
852 5355 968 5392 cum
1009 5336 1203 5418 quibus
1235 5358 1381 5403 tanto
1403 5336 1776 5418 'pcricalos'itts
1812 5336 1887 5411 est
1918 5376 2041 5412 cou-

451 5406 622 5490 ρνςᾴὶ,
645 5420 844 5489 quanto
873 5406 1052 5490 eorum
1063 5414 1221 5490 fama
1243 5406 1513 5487 sincerior,
1547 5441 1707 5481 causa
1720 5428 1939 5490 justior,
1955 5430 2041 5481 ali-

451 5480 625 5556 grilas
654 5480 855 5556 major.
876 5480 1032 5556 inter
1061 5480 1160 5543 hos
1190 5500 1310 5545 erat
1351 5502 1405 5547 et
1432 5480 1701 5552 Benerius
1720 5480 2040 5553 Dottaevallis

450 5545 618 5598 abbas
643 5545 801 5615 cpiSt.
835 5550 920 5605 16.

711 5618 1382 5707 {iit'cltentbaltloS._.‘llbini
1415 5635 1611 5689 abbati.
1639 5636 1714 5692 De
1740 5653 1847 5707 quo
1872 5639 2035 5703 lib.‘t,

448 5688 611 5762 epist.
651 5690 683 5741 6
709 5688 1035 5762 Chronicum
1068 5700 1125 5755 S.
1172 5702 1349 5758 Albini
1381 5718 1395 5757 :
1428 5688 1576 5759 dnuo
1614 5688 2035 5762 llDﬁjobiitV—Ci:

452 5756 827 5844 ri_i_rtlttsnrtblt't'ts
940 5765 1134 5834 Albini,
1162 5788 1193 5821 v
1215 5756 1347 5828 ldus
1373 5756 2036 5844 uniter.aiatait—abbas

448 5828 599 5879 annis
644 5828 692 5882 9.
744 5826 941 5887 Eodem
990 5826 1132 5892 nam;
1169 5826 1441 5899 ordinatas
1468 5826 1565 5898 Vest
1625 5826 2033 5902 ,τίιίτΙίειηὺαΙςΙιιδ

2176 2011 2232 2067 In
2265 2012 2454 2069 diebus
2499 2015 2641 2082 istis,
2684 2032 2808 2073 cum
2856 2020 3173 2076 monasterii
3226 2020 3396 2077 nostri
3441 2021 3762 2078 necessitate

2175 2118 2424 2175 cogente,
2459 2106 2615 2177 juxta
2662 2108 2958 2181 Maironem
2991 2113 3165 2183 (296),
3210 2113 3302 2168 ubi
3344 2113 3607 2170 obediens
3643 2115 3759 2180 sibi,

2173 2205 2229 2251 et
2250 2211 2356 2251 nou
2387 2197 2496 2252 Deo
2523 2197 2611 2253 ille
2651 2209 3043 2268 commoratur,
3076 2203 3369 2258 transitum
3422 2202 3760 2271 fecissemus,

2175 2286 2421 2341 misimus
2458 2291 2527 2343 ad
2557 2303 2704 2355 eum,
2738 2301 2798 2346 ut
2828 2292 2880 2346 in
2905 2293 3125 2349 domum
3157 2293 3217 2349 Β.
3250 2294 3427 2350 Albini
3451 2305 3505 2352 et
3531 2305 3761 2351 vestram

2175 2391 2274 2431 nos
2324 2377 2562 2446 hospites
2607 2380 2927 2450 susciperet,
2979 2384 3353 2454 deprecantes.
3397 2385 3595 2452 Verba,
3647 2402 3762 2456 qua:

2174 2469 2276 2530 bis,
2314 2470 2405 2539 qui
2454 2485 2483 2525 a
2534 2472 2689 2527 nobis
2722 2475 2873 2530 missi
2920 2476 3167 2544 fuerant,
3208 2479 3572 2549 responderit,
3625 2479 3761 2533 mala

2171 2560 2391 2629 quidem
2416 2568 2471 2616 et
2502 2563 2726 2618 omnino
2747 2565 3151 2638 indisciplinata
3186 2568 3446 2635 fuerunt;
3492 2568 3587 2623 sed
3622 2568 3760 2625 facta

2171 2656 2306 2711 satis
2334 2654 2541 2725 pejora.
2585 2653 2779 2712 Omnia
2814 2675 2934 2729 qua:
2976 2660 3066 2717 ille
3112 2676 3408 2718 conversus
3452 2677 3676 2719 aversus
3705 2662 3757 2718 in

2172 2764 2271 2804 nos
2298 2751 2606 2821 protulerit,
2642 2752 2797 2809 vobis
2846 2754 3088 2810 scribere
3131 2754 3426 2821 noluimus,
3458 2756 3585 2825 quia
3641 2756 3755 2812 lon-

2135 2854 2294 2908 gum
2329 2850 2498 2908 esset,
2553 2854 2607 2899 et
2663 2847 2717 2900 in
2765 2843 2913 2900 nullo
2950 2846 3231 2901 veritatem
3258 2845 3453 2901 laedere
3479 2846 3755 2911 volumus,
3835 2917 3846 2929 '

2169 2945 2290 3000 qua:
2317 2932 2400 2985 vix
2434 2932 2487 2987 in
2526 2933 2856 3006 longiloquio
2885 2934 3048 2991 illaesa
3087 2945 3354 2992 servatur.
3390 2936 3523 2992 Illud
3561 2937 3757 2993 firmis-

2169 3021 2304 3077 sime
2330 3032 2577 3080 tenemur
2602 3028 2727 3097 quia
2769 3027 2907 3082 dixit
2942 3028 3085 3098 quod
3132 3028 3438 3084 nullatenus
3466 3044 3565 3085 nos
3589 3032 3759 3085 susci-

2168 3122 2359 3181 peret;
2390 3125 2445 3170 et
2470 3125 2656 3184 postea
2681 3132 2788 3172 non
2827 3117 2968 3174 bene
3011 3117 3237 3175 devotus
3284 3119 3595 3190 complevit.
3634 3121 3759 3177 [hec

2168 3214 2362 3261 vestrae
2406 3205 2678 3263 dilectioni
2736 3208 2802 3264 de
2821 3224 2979 3265 servo
3029 3211 3269 3266 avaritia:
3317 3212 3756 3281 conscribentes,

2175 3310 2281 3350 non
2318 3305 2577 3360 nostram,
2614 3299 2773 3370 177
2817 3302 2912 3357 sed
2961 3302 3248 3359 charitatis
3280 3302 3534 3372 injuriam
3584 3306 3761 3361 vindi-

2172 3385 2284 3440 cari
2312 3386 2672 3456 deposcimus.

2724 3479 3062 3537 EPISTOLA
3094 3481 3188 3539 ΧΙ.

2172 3565 2441 3639 Go/I‘ridus
2503 3570 2899 3628 Vindocinensis
2945 3576 3253 3630 monasterii
3299 3577 3513 3632 humilis
3556 3594 3753 3646 seruus,

2239 3664 2426 3717 dilecto
2455 3665 2510 3720 in
2538 3664 2748 3721 Christo
2786 3668 3043 3738 confratri
3074 3669 3454 3725 Archcmbaldo
3486 3670 3549 3727 S.
3576 3672 3751 3728 Albini

2238 3752 2435 3820 abbati,
2470 3766 2683 3831 peccata
2709 3756 3121 3831 delinquentium
3152 3776 3256 3814 non
3281 3760 3635 3831 dissimulare,
3661 3764 3749 3818 sed

2237 3860 2358 3898 mox
2388 3854 2442 3901 ut
2467 3830 2599 3901 oriri
2620 3849 2863 3917 coeperint
2893 3830 3147 3904 radicitus
3171 3862 3466 3922 amputare.

2238 3938 2314 3993 De
2338 3947 2518 3995 vestro
2540 3938 2813 3995 Josceliuo
2833 3939 2981 4012 (297)
3009 3952 3405 4013 conquerentes
3429 3943 3585 4000 vobis
3612 3946 3748 4000 scri-

2164 4031 2389 4100 psimus,
2438 4039 2586 4086 etut
2622 4032 2690 4086 de
2723 4031 2815 4088 illo
2854 4032 3194 4090 manifestam
3232 4035 3500 4126 justjtiam
3546 4036 3658 4094 Deo
3695 4049 3750 4093 et

2162 4123 2336 4179 ordini
2369 4132 2552 4178 vestro
2584 4123 2855 4191 faceretis,
2884 4127 2974 4182 diu
3011 4123 3457 4197 auscultavitnus,
3489 4142 3541 4187 et
3573 4131 3745 4187 adhuc

2160 4212 2563 4280 auscultamus;
2597 4222 2650 4269 et
2696 4215 2828 4271 nihil
2854 4232 2882 4269 a
2908 4216 3062 4272 vobis
3088 4227 3268 4274 actum
3308 4234 3473 4290 super
3517 4221 3624 4279 hoc
3648 4237 3741 4277 au—

2160 4303 2278 4359 dire
2337 4304 2630 4373 potuimus.
2699 4305 2852 4364 Unde
2914 4308 3259 4366 manifestum
3319 4321 3403 4367 est
3459 4313 3589 4384 quia
3656 4327 3745 4372 aut

2157 4409 2319 4450 aures
2339 4402 2537 4451 nostra:
2565 4400 2741 4454 surdae
2771 4409 2917 4467 sunt,
2942 4411 2995 4458 et
3018 4402 3207 4457 audire
3232 4420 3337 4459 non
3371 4416 3624 4476 possunt,
3652 4419 3741 4463 aut

2157 4501 2349 4544 manus
2380 4497 2571 4546 vestrae
2604 4502 2915 4557 contractae,
2957 4503 3014 4552 et
3055 4495 3122 4552 ad
3154 4499 3455 4553 exercenda
3482 4497 3608 4568 jura
3631 4501 3746 4571 jus-

2158 4641 2339 4708 abbas,
2364 4659 2460 4698 vm
2492 4642 2625 4699 Idus
2654 4642 2915 4700 Februar.

2226 4711 2377 4796 (εξςρβ)
2413 4714 2591 4796 .Juxta
2632 4715 2947 4796 Maironent.
3002 4721 3382 4796 Vetustissimi:
3421 4725 3741 4796 monasterii

2156 4782 2215 4863 S:
2247 4782 2427 4863 Albini
2476 4787 2749 4863 posseSsio
2789 4789 2959 4844 curtis
3007 4791 3263 4863 Mairouis
3298 4794 3348 4846 iu
3386 4807 3526 4863 pago
3563 4794 3743 4849 Picta-

2153 4854 2348 4933 viensi,
2380 4854 2507 4910 cum
2547 4857 2664 4924 ejus
2689 4867 2898 4933 partem
2924 4874 2959 4933 ἒ
2982 4862 3175 4929 primis
3201 4854 3621 4933 Andeg'avorum
3657 4882 3744 4921 co-

2153 4925 2378 5001 mitibus
2401 4925 2736 5001 usurpatam,
2772 4943 2813 5001 a_
2833 4925 3073 5001 Golfrido
3102 4933 3248 5001 grisa
3278 4925 3482 4997 “mica,
3508 4935 3742 4992 Widone

2153 4994 2324 5075 fratre
2371 4995 2611 5063 ejusdem
2641 4999 2875 5075 emnobii
2910 4994 3131 5075 abbate:
3162 4994 3480 5058 restitutam
3503 5008 3741 5075 antiqua:

2159 5065 2354 5136 tabulae
2383 5075 2673 5131 testentur,
2695 5068 3000 5136 Andegavis
3021 5072 3161 5128 data:
3190 5088 3334 5127 anno
3368 5075 3583 5130 Domini
3614 5065 3737 5134 9'66.

2152 5134 2392 5207 Lotharii
2428 5137 2568 5207 regis
2590 5152 2680 5190 xv.
2710 5134 2968 5197 Maironis
2998 5144 3164 5197 etiam
3203 5145 3412 5199 castelli
3441 5147 3499 5200 lit
3540 5147 3741 5204 mentio

2150 5206 2203 5284 in
2236 5205 2509 5284 Chronico
2529 5205 2586 5261 S.
2617 5207 2817 5273 Albini,
2859 5212 2962 5284 ubi
2986 5213 3053 5267 de
3084 5214 3229 5284 bello
3255 5216 3366 5284 agit
3391 5216 3538 5272 inter
3566 5218 3740 5272 Ludo-

2148 5274 2326 5348 vicum
2357 5276 2494 5348 Vll,_
2517 5292 2699 5348 regem
2729 5287 2783 5332 et
2825 5282 3080 5337 comitem
3110 5274 3411 5341 Goll‘ridum
3456 5303 3549 5342 an.
3584 5288 3739 5343 “5|.

2149 5345 2917 5425 Monasteriolt-t‘m‘destruitnr.
2939 5353 3217 5408 Mairontts
3242 5357 3482 5425 pristiam
3508 5359 3740 5412 libertati

2149 5418 2461 5540 restitulitttr.
2497 5415 2610 5470 Rex
2639 5429 2689 5471 et
2729 5435 2898 5475 comes
2928 5415 3300 5493 paciﬁcanlur.
3335 5426 3613 5497 Go/fridus
3651 5444 3741 5484 co-

2149 5501 2263 5540 mes
2289 5503 2319 5540 0
2362 5494 2443 5540 nt.

2146 5501 2263 5542 lues
2289 5487 2443 5541 obiit.

2218 5556 2365 5640 (‘29.?)
2423 5557 2499 5635 De
2548 5568 2713 5640 castra
2760 5559 3043 5640 Joscelino.
3108 5565 3343 5640 Epistola
3410 5571 3739 5640 praecedenti

2120 5625 2582 5706 ‘Joscrlipum'et
2621 5629 2962 5706 Gosgelinnm
3014 5625 3325 5706 prorniscue
3384 5625 3735 5705 scribebant,

2145 5706 2203 5749 ut
2258 5695 2539 5754 Joﬂ'ridum
2608 5708 2662 5756 et
2724 5695 3053 5770 Golfridum',
3114 5710 3259 5777 quod
3313 5695 3442 5767 ante
3513 5695 3735 5769 monui;

2144 5782 2281 5822 "IIIS.
