3992 6352
292 337 391 395 εει

1505 329 1887 388 EPISTOLE.
1927 361 1996 374 -—
2024 330 2152 387 LIB.
2199 332 2289 388 IV.

3473 335 3580 395 162

291 457 442 508 certa
495 447 600 505 ﬁde
623 489 638 517 ,
695 461 818 505 cum
861 444 1043 504 divina
1089 444 1249 519 185
1296 457 1626 518 coeperante
1678 448 1872 519 gratia,
1909 451 1954 511 Α
1985 447 2200 503 mittere
2228 444 2570 513 curavimus,
2599 455 2663 504 ut
2687 461 2812 505 eum
2845 448 3004 520 187
3035 449 3100 504 ad
3125 449 3356 506 salutem
3383 453 3577 508 animm

288 553 487 598 vestrae
527 539 786 596 bonitatis
823 539 1064 611 longaeva
1111 541 1444 596 cotrsuetudo
1474 539 1528 594 in
1559 540 1660 595 hac
1691 541 1886 596 credu-

289 633 446 690 litate
469 645 660 689 sensus
684 647 834 687 meos
867 632 1090 688 omnino
1120 632 1300 687 lirmet
1322 641 1376 688 et
1405 632 1634 686 muniat.
1665 633 1741 686 De
1763 645 1884 687 esse

291 736 475 784 vestro
506 742 778 797 quaerens,
812 725 1117 780 mirandum
1158 739 1264 779 non
1292 733 1377 780 est
1411 725 1456 779 si
1497 723 1652 779 valde
1675 723 1882 779 sollici-

295 829 401 885 tor,
433 833 557 873 nam
587 819 640 872 in
679 819 1040 888 prosperitate
1071 826 1249 870 vestra
1279 816 1432 872 laetor
1451 817 1804 871 vehementer
1829 825 1884 872 et

291 910 555 973 delector,
602 909 655 961 in
685 917 864 962 vestra
893 907 1224 962 adversitate
1254 923 1360 961 non
1400 906 1744 962 mediocriter
1768 904 1883 960 alli-

289 1000 410 1056 cior
457 1008 511 1054 et
554 998 871 1062 contristor,
903 996 1028 1052 licet
1060 997 1112 1050 in
1157 997 1506 1063 adversitate,
1532 1011 1652 1066 qua:
1677 995 1881 1066 justum

291 1093 565 1147 hominem
593 1092 804 1161 probat.
829 1097 975 1143 eSSet
996 1089 1175 1159 potius
1205 1089 1521 1151 laetandum,
1545 1089 1590 1143 si
1617 1088 1701 1142 vis
1730 1103 1884 1143 amo-

290 1183 390 1248 ris,
422 1198 529 1252 quo
558 1197 651 1237 vos
677 1196 893 1250 semper
918 1179 1116 1245 amavi,
1147 1179 1401 1233 virtutem
1434 1178 1657 1233 rationis
1687 1177 1884 1232 admit-

292 1285 449 1330 teret.
507 1275 634 1328 Hice
686 1283 864 1328 autem
907 1270 1067 1338 ratio,
1099 1271 1350 1342 quamvis
1393 1270 1462 1325 ad
1508 1270 1710 1324 ostium
1745 1285 1881 1325 mete

291 1367 491 1423 mentis
512 1365 708 1436 saepius
739 1364 935 1434 pulset,
959 1363 1010 1419 ei
1039 1362 1273 1435 pulsanti
1306 1377 1412 1416 non
1445 1361 1720 1432 aperitur;
1756 1377 1880 1417 nam

296 1458 515 1514 iunibus
543 1467 738 1512 vestra:
763 1454 1072 1510 dilectionis
1101 1454 1341 1525 alligata,
1374 1454 1580 1508 intrare
1602 1467 1710 1508 non
1747 1453 1883 1508 sini-

293 1559 400 1605 tur.
436 1551 682 1606 Vestram
717 1549 882 1619 igitur
915 1547 1333 1618 prosperitatem
1381 1545 1608 1616 diligere
1637 1559 1878 1615 possum,

290 1654 528 1700 vestram
577 1643 960 1698 adversitatem
995 1640 1309 1696 desiderare
1354 1639 1463 1694 ulla
1517 1640 1727 1694 ratione
1777 1655 1881 1694 non

290 1751 533 1806 possum,
556 1735 648 1790 sed
681 1735 826 1789 illam
876 1749 1053 1789 meam
1095 1730 1304 1788 faciens
1330 1731 1725 1802 compassionis
1753 1729 1884 1786 alle-

1988 555 2101 594 suas
2126 539 2179 594 in
2211 543 2631 614 congregatione
2664 551 2846 600 vestra
2869 543 3180 614 recipiatis,
3211 544 3257 598 si
3286 553 3462 600 tamen
3489 561 3578 600 re-

1987 630 2166 700 cipere
2194 631 2374 687 vultis.
2405 633 2504 688 Diu
2531 635 2711 700 enim,
2741 643 2801 690 ut
2840 633 2953 704 ipse
2980 634 3118 690 bene
3152 635 3326 690 nostis
3345 674 3361 700 ,
3389 633 3577 690 nobis-

1987 711 2109 776 cum
2140 721 2265 788 fuit,
2307 725 2398 779 sed
2427 739 2608 781 mores
2639 740 2767 780 suos
2782 725 2934 795 juxta
2965 725 3290 781 desiderium
3329 733 3576 781 nostrum

1987 815 2264 894 corrigere
2312 816 2506 872 noluit.
2548 816 2703 872 Unde
2752 817 2947 872 merito
3009 826 3103 871 aut
3155 818 3272 888 ejus
3308 817 3576 871 malitiosa

1986 905 2094 959 vita
2129 906 2492 977 blasphetnari
2522 917 2734 978 potest,
2774 918 2869 963 aut
2897 908 3230 979 ignorantia,
3258 909 3340 965 vel
3368 908 3577 965 incuria

1987 1007 2201 1067 nostra,
2237 999 2381 1070 quod
2412 1001 2554 1056 Deus
2579 1001 2814 1067 abnuat,
2846 1004 3116 1059 accusari.

2524 1090 2862 1148 EPISTOLA
2900 1091 3041 1147 XXI.

1996 1177 2294 1235 Venerabili
2337 1181 2497 1252 fratri
2525 1184 2574 1238 el
2607 1183 2880 1250 coabbati,
2917 1183 3093 1238 Odoni
3129 1184 3276 1257 (508)
3313 1203 3408 1240 suo
3438 1201 3581 1256 pra:-

2058 1273 2283 1327 cordiati
2342 1276 2548 1342 amico,
2596 1276 2766 1345 frater
2800 1272 3104 1344 Gaffridus,
3157 1277 3382 1334 salutem
3419 1289 3464 1332 et
3497 1277 3581 1332 di-

2055 1361 2348 1419 lectionem.

2056 1452 2222 1510 F‘ama
2263 1457 2602 1513 discurrente
2628 1458 2852 1514 sinistra
2895 1459 2960 1513 ad
2990 1467 3232 1515 nostrum
3263 1474 3434 1530 usque
3462 1475 3582 1530 per-

1986 1549 2132 1604 venit
2169 1551 2451 1616 auditum,
2484 1553 2627 1620 quod
2675 1551 3010 1608 Hierusalem
3059 1553 3321 1609 redeundi
3371 1553 3581 1610 habetis

1986 1641 2242 1696 animum.
2305 1641 2644 1698 Hierusalem
2698 1643 2868 1700 semel
2900 1645 3098 1701 vidisse
3152 1646 3306 1702 vobis
3335 1644 3581 1701 sullicere

1987 1731 2175 1799 debet,
2199 1748 2361 1802 quam
2391 1735 2436 1789 si
2469 1751 2746 1805 nunquam
2789 1736 3092 1804 vidissetis,
3141 1751 3316 1806 neque
3361 1747 3582 1808 pr0pter

288 1837 401 1893 ctu,
431 1827 704 1883 vobiscum
739 1839 910 1894 usque
941 1824 1008 1878 ad
1054 1835 1284 1879 mortem
1329 1823 1569 1878 humeris
1597 1822 1886 1877 cbaritatis
1916 1797 1958 1856 Β
1990 1821 2090 1875 hoc
2119 1832 2306 1876 contra
2344 1838 2441 1879 vos
2496 1834 2613 1881 orta
2643 1833 2789 1881 esset
2833 1825 3102 1880 calumnia
3138 1826 3371 1893 diaboli,
3403 1797 3581 1897 neque

290 1927 517 1988 portare
551 1928 770 1988 paratus
799 1931 942 1971 sum.
976 1913 1184 1970 Valete.

811 2006 1142 2064 EPISTOLA
1187 2005 1370 2062 XVIII.

294 2102 610 2158 Honorabili
652 2099 804 2155 Patri
831 2111 878 2155 et
912 2117 1007 2155 suo
1029 2099 1367 2169 pratcortliali
1395 2101 1568 2154 amico
1605 2098 1882 2166 Bernerio,

363 2196 473 2246 viro
509 2196 780 2263 sapientia:
820 2194 1083 2259 doctrina,
1129 2205 1178 2250 et
1223 2195 1344 2249 vitae
1382 2195 1582 2249 meritis
1614 2196 1883 2263 decorata,

360 2279 638 2357 Gri/friatis
689 2288 1092 2344 Vindocinensis
1115 2291 1420 2345 monasterii
1445 2291 1660 2345 Immitis
1683 2307 1881 2360 servas,

360 2395 416 2432 88
445 2389 612 2434 totum
636 2397 754 2434 cum
792 2398 942 2451 posse
964 2398 1080 2435 8H0.

361 2468 515 2534 Quod
571 2469 748 2534 vobis,
796 2470 1106 2526 venerande
1156 2469 1338 2536 Pater,
1379 2471 1490 2527 dixi
1539 2471 1877 2541 simpliciter,

290 2564 432 2617 sicut
455 2562 664 2630 audivi,
697 2565 950 2618 monachi
981 2566 1146 2618 vestri
1183 2566 1568 2621 intellexerunt
1608 2568 1880 2634 nequiter.

291 2651 360 2706 Et
399 2666 498 2722 ego
553 2652 752 2708 mando
784 2652 959 2716 vobis,
1000 2654 1127 2721 quia
1167 2653 1296 2708 illud
1331 2655 1564 2710 libenter
1590 2657 1882 2726 corrigam,

290 2759 392 2799 nec
419 2745 561 2800 unde
610 2746 778 2801 vestri
813 2747 1178 2812 insidiatores,
1223 2761 1358 2816 quos
1405 2747 1543 2802 ﬁlios
1571 2749 1878 2810 credebam,

290 2852 390 2892 vos
420 2835 635 2892 valeant
680 2837 992 2906 molestare,
1040 2840 1267 2894 ulterius
1295 2840 1490 2894 dicam.
1534 2839 1882 2910 Simplicibus

288 2943 346 2990 et
373 2935 526 2990 boum
575 2935 738 3008 186
765 2937 1057 2992 voluntatis
1097 2937 1410 2992 hominibus
1435 2954 1520 2993 me
1549 2939 1690 3008 loqui
1719 2949 1882 3010 puta-

291 3027 438 3093 bam,
491 3025 586 3081 sed
637 3028 994 3098 prtesentibus
1046 3029 1152 3084 illis
1201 3030 1469 3098 religiosae
1514 3030 1882 3099 simplicitatis

290 3117 528 3172 inimicis
556 3132 752 3188 ponam
780 3119 860 3173 ori
913 3135 1034 3175 meo
1058 3121 1387 3176 custodiam.
1424 3121 1670 3187 Quorum
1704 3123 1879 3192 impu-
1908 3139 1952 3197 ε,

289 3207 446 3268 ritas.
494 3206 628 3263 velit
687 3207 842 3274 nolit,
905 3209 1146 3280 quandiu
1200 3209 1408 3275 vixero,
1456 3211 1622 3266 certis
1669 3212 1884 3268 indiciis

289 3300 494 3367 poterit
541 3299 840 3370 approbare
876 3315 1040 3370 quam
1073 3315 1206 3369 pura
1259 3299 1527 3357 charitate
1567 3317 1662 3358 vos
1701 3303 1880 3375 diligo.

290 3389 425 3445 Cum
453 3405 580 3459 quo,
605 3391 650 3446 si
683 3392 978 3447 necessitas
999 3391 1189 3462 exigit,
1218 3401 1273 3446 et
1302 3392 1689 3447 adversitatem
1721 3393 1886 3448 susti-

292 3500 425 3540 nere
473 3486 644 3552 laetor,
677 3493 733 3541 et
785 3485 906 3540 sine
938 3500 1046 3556 quo
1088 3483 1507 3556 prosperitatem
1547 3485 1748 3541 habere
1777 3501 1883 3542 non

293 3577 556 3634 delector.

827 3669 1162 3728 EPISTOLA
1201 3667 1346 3724 XIX.

294 3764 544 3820 Bernerio
589 3765 706 3820 vita:
751 3763 1034 3818 laudabilis
1084 3762 1303 3827 abbati,
1355 3761 1525 3832 frater
1566 3761 1884 3830 Goffridus,

757 3855 976 3909 salutem
1002 3862 1049 3906 et
1071 3851 1417 3905 dilectionem.

371 3947 664 4016 Noveritis,
723 3945 866 4017 quod
903 3955 1083 4000 tamen
1135 3941 1288 3996 vobis
1335 3941 1388 3996 in
1438 3954 1571 3996 aure
1601 3941 1745 4008 dico,
1776 3941 1888 3999 Deo

295 4039 534 4100 voiente.
567 4053 655 4093 me
709 4037 774 4093 ad
815 4051 1052 4108 praesens
1093 4036 1326 4092 Romam
1361 4035 1565 4089 iturum
1603 4051 1616 4086 :
1661 4035 1756 4088 sed
1784 4050 1887 4090 nec

297 4131 499 4186 mulam
532 4129 725 4193 habeo,
755 4141 856 4182 nec
886 4127 1119 4185 mulum:
1147 4135 1202 4182 et
1231 4127 1356 4197 quia
1385 4140 1482 4179 vos
1505 4123 1706 4179 habere
1725 4124 1889 4180 credo

295 4223 438 4292 quod
481 4237 582 4294 ego
629 4235 736 4276 non
786 4220 984 4284 habeo,
1017 4219 1292 4274 humiliter
1320 4216 1562 4288 supplico
1599 4224 1658 4270 ut
1686 4215 1888 4271 animal

294 4320 588 4382 utrumque
619 4309 751 4365 mihi
797 4309 1088 4379 prtestetis,
1117 4317 1211 4362 aut
1236 4323 1423 4368 unum.
1460 4305 1565 4370 vel,
1600 4306 1645 4360 si
1684 4304 1883 4376 placet,

294 4413 568 4459 neutrum.
621 4402 738 4458 Non
773 4412 950 4457 tamen
979 4401 1106 4456 ideo
1135 4402 1202 4456 de
1231 4399 1470 4455 amicitia
1517 4399 1718 4466 minus,
1759 4399 1884 4468 quia

1986 1911 2138 1966 vobis
2168 1916 2479 1970 necessaria
2529 1916 2865 1988 indulgentia
2902 1917 3019 1973 Dei.
3053 1917 3212 1974 Fides
3241 1918 3429 1987 utique
3458 1933 3581 1972 mo-

1986 2005 2207 2060 nasticae
2268 2006 2623 2076 professionis
2676 2010 2856 2065 eundo
2919 2008 3254 2065 Hierusalem
3300 2010 3582 2064 observari

1987 2099 2208 2154 minime
2237 2110 2446 2172 potest;
2482 2104 2577 2159 sed
2603 2102 2814 2159 violari.
2847 2103 3188 2158 Hierusalem
3236 2103 3439 2159 etenim
3469 2104 3584 2188 ire,

1993 2189 2133 2244 sicut
2165 2190 2426 2245 indictum
2457 2201 2542 2248 est
2571 2192 2754 2259 laicis,
2790 2193 2872 2248 sic
2907 2193 3253 2248 interdictum
3285 2203 3370 2248 est
3398 2207 3587 2247 mona-

1987 2280 2104 2334 chis
2130 2281 2198 2334 ab
2217 2283 2514 2350 apostolica
2563 2283 2711 2339 sede.
2764 2283 2916 2351 Quod
2949 2284 3074 2339 novi
3123 2298 3224 2354 ego
3253 2283 3370 2353 ipse
3393 2322 3408 2349 ,
3438 2283 3584 2338 sicut

1987 2370 2112 2434 ille,
2147 2371 2302 2440 cujus
2330 2389 2491 2430 aures
2529 2384 2687 2430 erant
2727 2377 2793 2430 ad
2823 2390 2884 2430 os
2914 2375 3119 2430 domini
3161 2373 3361 2431 Urbani
3407 2389 3584 2445 papae,

1987 2483 2110 2522 cum
2153 2476 2206 2524 et
2253 2468 2432 2523 eundo
2483 2467 2822 2522 llicrusaiem
2875 2468 3214 2538 peregrinari
3264 2468 3587 2538 prmciperet

1987 2560 2177 2624 laicis,
2205 2570 2258 2614 et
2289 2559 2457 2628 ipsam
2489 2560 2984 2631 peregrinationem
3013 2559 3294 2615 monachis
3321 2558 3583 2628 prohibe-

1988 2657 2092 2702 ret.
2121 2647 2219 2703 Ubi
2250 2657 2474 2702 sanctus
2502 2646 2830 2702 Benedictus
2871 2647 2938 2702 de
2968 2649 3272 2719 peregrinis
3303 2647 3585 2703 monachis

1987 2742 2315 2796 mentionem
2363 2741 2518 2805 facit,-
2571 2741 2638 2796 de
2689 2741 2796 2795 illis
2823 2740 3064 2811 loquitur
3109 2742 3200 2811 qui
3238 2757 3305 2795 eo
3336 2750 3587 2811 tempore

1986 2833 2190 2888 mundo
2220 2833 2437 2902 quidem
2467 2832 2890 2897 renuntiabant,
2918 2847 3041 2887 sese
3069 2833 3122 2887 in
3171 2833 3386 2887 Domini
3410 2834 3587 2887 servi-

1988 2930 2155 2980 tutem
2205 2925 2528 2995 profitentes
2548 2965 2563 2990 ,
2595 2923 2797 2978 nullam
2851 2923 3016 2993 188
3045 2931 3225 2977 tamen
3254 2937 3352 2976 sua
3377 2923 3590 2993 proles-'-

1988 3019 2141 3074 sione
2172 3019 2368 3076 alicubi
2415 3019 2697 3074 ﬁrmantes
2727 3019 3103 3074 stabilitatem.
3136 3017 3242 3074 Eos
3266 3032 3395 3074 vero
3419 3059 3436 3084 ,
3493 3023 3588 3090 qui

1987 3121 2138 3166 certo
2165 3112 2217 3166 in
2248 3111 2370 3166 loco
2402 3112 2762 3182 proﬁtentur,
2813 3111 2904 3166 ubi
2939 3109 3166 3180 professi
3195 3121 3323 3166 sunt
3348 3144 3364 3177 ,
3395 3120 3453 3166 et
3491 3111 3590 3166 ba-

1983 3203 2157 3272 julare
2197 3219 2416 3259 crucem
2466 3203 2716 3269 Domini,
2748 3208 2801 3256 et
2845 3203 3130 3258 Dominum
3161 3203 3312 3273 sequi
3363 3218 3585 3259 necesse

1987 3307 2100 3361 est,
2136 3313 2242 3354 non
2277 3296 2620 3368 pcregrinam
2655 3309 2900 3364 quaerere
2948 3296 3302 3364 sepulturam.
3334 3294 3450 3349 Non
3483 3296 3586 3366 igi-

1988 3397 2077 3442 tur
2099 3388 2201 3444 sub
2233 3389 2524 3444 occasione
2550 3383 3024 3454 llierosolymitani
3071 3385 3282 3440 itineris
3310 3385 3589 3439 devicmus

1989 3479 2058 3534 ab
2113 3480 2304 3536 itinere
2347 3487 2546 3535 nostrae
2603 3475 2990 3548 professionis,
3055 3489 3156 3542 ne,
3215 3477 3341 3532 dum
3393 3475 3585 3532 falsam

1987 3572 2374 3628 beatitudinem
2397 3572 2691 3642 quaerimus
2710 3611 2725 3637 ,
2759 3584 2943 3625 veram
2967 3580 3021 3624 ct
3047 3569 3292 3640 corporis
3312 3577 3366 3625 et
3391 3569 3586 3625 anima:

1989 3659 2328 3715 inveniamus
2357 3661 2652 3715 miseriam.
2687 3659 2936 3716 Carnalis
2967 3672 3152 3714 amore
3177 3655 3364 3713 fratris
3392 3657 3584 3724 vestri,

1987 3748 2083 3817 qui
2109 3749 2160 3803 in
2185 3749 2519 3805 Hierusalem
2545 3762 2650 3816 est,
2683 3759 2776 3804 aut
2807 3749 3040 3804 fortasse
3062 3747 3174 3817 jam
3205 3757 3452 3805 mortuus
3475 3759 3580 3813 est,

1987 3849 2084 3894 aut
2115 3855 2398 3910 quousque
2443 3840 2568 3897 illuc
2612 3842 2944 3912 perveniatis
2998 3841 3133 3896 mori
3179 3850 3391 3911 potest,
3430 3857 3584 3897 mens

1987 3940 2170 3986 vestra
2199 3932 2265 3986 ad
2292 3931 2478 3986 illicita
2507 3932 2730 3986 minime
2753 3932 3002 3985 trahatur
3037 3941 3092 3986 et
3127 3932 3492 4000 spiritualium
3517 3933 3582 3986 ﬁ~

1991 4022 2214 4086 liorum,
2246 4030 2300 4078 et
2327 4021 2592 4091 fratrum,
2613 4037 2749 4091 quos
2772 4023 2872 4076 sub
2900 4021 3292 4090 pollicitatione
3321 4023 3448 4079 ﬁdei
3487 4039 3584 4078 ve-

1992 4122 2118 4168 strae
2146 4115 2410 4184 regendos
2451 4113 2804 4183 suscepistis,
2856 4113 3002 4168 etde
3043 4113 3241 4183 quibus
3283 4116 3446 4170 etiam
3479 4115 3590 4171 Do-

1990 4209 2140 4262 mino
2168 4210 2481 4263 redditurus
2511 4209 2644 4262 estis
2672 4207 2962 4271 rationem,
2982 4221 3111 4261 cura
3133 4206 3435 4262 deseratur.
3465 4207 3584 4263 Non

1989 4307 2073 4353 est
2103 4299 2246 4354 enim
2305 4314 2444 4370 opus
2498 4298 2670 4353 fidelis
2725 4307 2780 4352 et
2819 4297 2973 4352 bonae
3013 4295 3295 4364 mulieris,
3337 4299 3584 4369 proprios

1991 4402 2176 4463 partus
2202 4393 2384 4462 porcis
2425 4407 2732 4462 exponere,
2765 4400 2821 4446 et
2845 4406 2981 4462 quos
3027 4389 3195 4446 semel
3229 4390 3457 4461 vigilans
3485 4407 3584 4462 pe-

292 4512 394 4553 vos
441 4504 662 4567 propter
705 4503 886 4550 vestra
913 4507 1021 4548 non
1058 4493 1242 4563 diligo,
1275 4491 1370 4547 sed
1403 4499 1624 4561 propter
1648 4499 1888 4546 vosmct-
1919 4485 1964 4547 D
1993 4485 2163 4554 perit,
2237 4485 2556 4540 dormiendo
2613 4485 2942 4556 opprimere.
2998 4483 3112 4538 Hac
3167 4495 3288 4539 arte
3365 4483 3584 4540 Satana:

293 4591 492 4660 ipsum.

849 4676 1182 4734 EPISTOLA
1218 4676 1342 4731 XX.

291 4774 478 4828 Amico
505 4789 597 4828 suo
625 4770 957 4834 charissima,
982 4768 1254 4824 Bernardo
1277 4767 1452 4821 abbati
1480 4765 1628 4836 (307)
1659 4765 1719 4821 S.
1748 4762 1894 4818 Laud

365 4868 591 4932 nomari,
615 4863 889 4934 Goffridus
925 4861 1326 4916 Vindocinensis
1349 4858 1653 4914 monasterii
1676 4856 1890 4911 humilis

365 4963 550 5030 abbas,
578 4961 821 5016 salutem.

364 5057 626 5112 Fratrem
657 5055 838 5120 hunc,
866 5064 1026 5121 quem
1057 5046 1210 5103 vobis
1263 5051 1450 5100 notum
1479 5081 1500 5109 ,
1550 5050 1606 5097 et
1634 5055 1699 5096 ex
1736 5049 1891 5111 parte

289 5146 618 5205 familiarem
672 5146 1030 5218 agnovimus,
1063 5155 1184 5195 cum
1230 5136 1426 5192 litteris
1465 5133 1668 5191 nostris
1697 5134 1763 5189 ad
1798 5147 1892 5188 vos

366 5260 519 5332 (507)
551 5259 826 5332 Bernardo
853 5256 1050 5332 abbati.
1101 5249 1173 5332 Si.
1197 5249 1542 5332 Lana-(mimi.
1573 5248 1629 5330 Id
1661 5246 1892 5332 estnlzl‘e-

291 5316 477 5399 sensi,
505 5316 568 5386 ut
595 5331 816 5400 scripsit
855 5329 948 5382 lib.
979 5341 1042 5389 It,
1089 5324 1262 5400 epist;
1303 5321 1390 5400 ill.
1425 5321 1514 5374 lvo
1541 5319 1702 5400 epist.
1874 5335 1888 5370 :

292 5387 592 5458 Mauricius
646 5387 904 5454 Blcsensis
946 5387 1165 5451 cmitobii
1223 5391 1284 5448 S.
1330 5389 1656 5444 Latmomari
1709 5387 1888 5441 abbas.

297 5474 582 5537 Mauricii,
612 5481 672 5526 ut
699 5481 1147 5542 putoAsuccessor
1184 5462 1516 5542 Dernardus.
1547 5529 1580 5542 η
1631 5481 1690 5542 Ν·
1816 5526 1830 5539 ο

367 5543 516 5614 (308)
537 5529 790 5614 Coabbati
815 5538 1008 5594 Odoni.
1037 5534 1257 5614 hlajoris
1272 5529 1721 5614 Mo.ttasterii.“Si_e
1744 5529 1889 5610 enim

292 5599 513 5670 nostra,
536 5623 621 5667 est
666 5610 1000 5678 conjectura.
1023 5599 1286 5678 potionem
1315 5601 1493 5654 virum
1515 5670 1525 5678 _
1546 5599 1894 5678 religiosissi-

291 5669 483 5748 mum,
521 5692 645 5753 post
686 5669 966 5753 restitutos
1021 5675 1206 5753 blajori
1238 5669 1893 5753 Monasterio_rnonaclios

295 5740 551 5812 abbatem
603 5765 840 5814 nonum,
887 5740 1130 5818 ejusdem
1181 5742 1410 5801 ρωποι)Ῑί
1445 5740 1638 5797 tabulze
1674 5753 1891 5796 succes-

1993 4576 2184 4642 multi,
2239 4578 2333 4647 qui
2389 4579 2442 4633 in
2476 4578 2888 4649 regeneratione
2924 4577 3098 4646 prima
3143 4576 3388 4644 diabolo,
3433 4587 3488 4633 et
3527 4577 3584 4631 in

1993 4668 2232 4723 secunda
2258 4669 2470 4724 diabolo
2490 4669 2650 4724 simul
2675 4679 2729 4723 et
2751 4667 2950 4723 sarculo
2975 4669 3444 4734 renuntiaverunt,
3473 4676 3583 4722 ter-

1993 4775 2217 4830 ramque
2246 4761 2627 4832 promissionis
2651 4761 2853 4832 praevio
2880 4759 3088 4830 Spiritu
3135 4769 3325 4814 sancto
3343 4759 3458 4830 jam
3502 4759 3585 4814 in-

1991 4851 2162 4920 gressi
2195 4849 2436 4914 fuerant,
2487 4850 2653 4906 corde
2681 4851 2734 4904 in
2763 4848 3059 4921 IEgyptum
3096 4855 3224 4903 sunt
3251 4847 3486 4915 reversi,
3531 4858 3588 4903 et

1995 4957 2188 4996 manna
2217 4941 2558 4997 fastidientes
2581 4981 2596 5007 ,
2627 4940 2762 4996 ollas
2804 4941 3084 5006 carnium,
3113 4948 3170 4994 et
3196 4949 3392 4995 caatera
3415 4980 3431 5005 ,
3461 4954 3591 5010 qua:

1995 5037 2190 5092 divinae
2229 5035 2333 5106 legi
2377 5044 2534 5090 erant
2579 5033 2892 5099 contraria,
2924 5034 3223 5105 petierunt.
3271 5031 3587 5089 Habuerunt

1995 5127 2178 5198 itaque
2200 5142 2386 5193 escas;
2413 5128 2507 5183 sed
2531 5127 2584 5182 in
2610 5127 2752 5184 escis
2799 5125 2904 5182 illis
2944 5127 3083 5182 retia
3107 5166 3122 5193 ,
3163 5124 3361 5197 quibus
3403 5124 3587 5194 capti,

1994 5257 2172 5318 gorem
2189 5241 2416 5318 _fa_cit_t_nt
2443 5241 2710 5299 Guillelmi
2730 5241 3019 5318 ,_di_emque
3041 5240 3220 5318 obitus
3249 5246 3438 5293 notant
3461 5250 3588 5318 xtra,

1997 5313 2224 5368 Kalend.
2256 5311 2458 5379 Julias,
2497 5322 2552 5367 et
2599 5311 2786 5368 tumuli
2820 5313 2994 5367 locum
3047 5313 3101 5366 in
3154 5311 3344 5379 dextra
3375 5311 3590 5379 porticu

1993 5385 2238 5441 ecclesia:
2259 5425 2272 5449 ,
2315 5377 2470 5455 juxta
2501 5385 2753 5440 abbatem
2794 5382 3128 5455 Bernardum
3155 5377 3422 5455 Guillelmi
3449 5390 3592 5455 ρξε’

1997 5445 2360 5511 decessorem.
2394 5455 2494 5509 llic
2518 5470 2713 5509 rursus
2742 5464 2824 5508 est
2861 5453 2997 5515 Odo,
3027 5452 3194 5506 abbas
3223 5445 3441 5516 Maioris
3469 5445 3590 5499 M0.

1997 5525 2216 5581 nasterii
2236 5567 2250 5591 ,
2277 5525 2342 5579 ad
2368 5539 2528 5595 quem
2560 5535 2736 5582 exstat
2769 5523 3009 5595 Hugonis
3036 5531 3098 5595 e_t_
3120 5516 3382 5595 Bernardi
3419 5516 3590 5595 abba-3

1998 5606 2109 5651 tum
2133 5585 2360 5666 epistola
2382 5585 2503 5664 post
2525 5595 2702 5666 lvouis
2731 5585 2988 5661 episfolas
3015 5592 3180 5648 edita.
3211 5590 3392 5656 Quare
3414 5585 3588 5642 Oooni

1997 5667 2140 5722 haud
2168 5665 2332 5723 dubie
2369 5665 2710 5722 inscribenda
2737 5673 2838 5721 est.
2881 5725 2884 5728 Α
