  <div class='ocr_page' id='page_1' title='image "/cluster/home/n/w/nwhite01/storage/ocr_20150623/157/hvd.32044010248185/087.png"; bbox 0 0 3990 6456; ppageno 0'>
   <div class='ocr_carea' id='block_1_1' title="bbox 456 356 561 416">
    <p class='ocr_par' dir='ltr' id='par_1_1' title="bbox 456 356 561 416">
     <span class='ocr_line' id='line_1_1' title="bbox 456 356 561 416; baseline -0.019 0"><span class='ocrx_word' id='word_1_1' title='bbox 456 356 561 416; x_wconf 61' lang='lat' dir='ltr'><strong>lii!</strong></span> 
     </span>
    </p>
   </div>
   <div class='ocr_carea' id='block_1_2' title="bbox 1485 337 2690 405">
    <p class='ocr_par' dir='ltr' id='par_1_2' title="bbox 1485 337 2690 405">
     <span class='ocr_line' id='line_1_2' title="bbox 1485 337 2690 405; baseline -0.01 0"><span class='ocrx_word' id='word_1_2' title='bbox 1485 340 1801 405; x_wconf 71' lang='lat' dir='ltr'><strong>GOFFRIDI</strong></span> <span class='ocrx_word' id='word_1_3' title='bbox 1841 340 2129 398; x_wconf 70' lang='lat' dir='ltr'><strong>ABDATIS</strong></span> <span class='ocrx_word' id='word_1_4' title='bbox 2174 337 2690 396; x_wconf 67' lang='lat' dir='ltr'><strong>VINDOCINENSIS</strong></span> 
     </span>
    </p>
   </div>
   <div class='ocr_carea' id='block_1_3' title="bbox 3632 340 3723 395">
    <p class='ocr_par' dir='ltr' id='par_1_3' title="bbox 3632 340 3723 395">
     <span class='ocr_line' id='line_1_3' title="bbox 3632 340 3723 395; baseline 0.044 -3"><span class='ocrx_word' id='word_1_5' title='bbox 3632 340 3723 395; x_wconf 65' lang='grc'><strong>164</strong></span> 
     </span>
    </p>
   </div>
   <div class='ocr_carea' id='block_1_4' title="bbox 454 446 3723 545">
    <p class='ocr_par' dir='ltr' id='par_1_4' title="bbox 454 446 3723 545">
     <span class='ocr_line' id='line_1_4' title="bbox 454 446 3723 545; baseline -0.01 -10"><span class='ocrx_word' id='word_1_6' title='bbox 454 492 507 535; x_wconf 84' lang='lat' dir='ltr'><strong>et</strong></span> <span class='ocrx_word' id='word_1_7' title='bbox 544 480 764 533; x_wconf 90' lang='lat' dir='ltr'><strong>hamum</strong></span> <span class='ocrx_word' id='word_1_8' title='bbox 788 517 803 540; x_wconf 93' lang='lat'><strong>,</strong></span> <span class='ocrx_word' id='word_1_9' title='bbox 854 488 962 545; x_wconf 89' lang='lat' dir='ltr'><strong>quo</strong></span> <span class='ocrx_word' id='word_1_10' title='bbox 1003 478 1123 525; x_wconf 86' lang='lat' dir='ltr'><strong>sunt</strong></span> <span class='ocrx_word' id='word_1_11' title='bbox 1167 464 1517 536; x_wconf 82' lang='lat' dir='ltr'><strong>strangulati,</strong></span> <span class='ocrx_word' id='word_1_12' title='bbox 1578 465 1921 518; x_wconf 86' lang='lat' dir='ltr'><strong>invenerunt.</strong></span> <span class='ocrx_word' id='word_1_13' title='bbox 1972 456 2035 510; x_wconf 81' lang='lat' dir='ltr'><strong>lli</strong></span> <span class='ocrx_word' id='word_1_14' title='bbox 2068 452 2111 519; x_wconf 69' lang='grc' dir='ltr'>Α</span> <span class='ocrx_word' id='word_1_15' title='bbox 2142 453 2536 545; x_wconf 77' lang='lat' dir='ltr'><strong>persolverunt.</strong></span> <span class='ocrx_word' id='word_1_16' title='bbox 2589 450 2701 545; x_wconf 79' lang='lat' dir='ltr'><strong>Nec</strong></span> <span class='ocrx_word' id='word_1_17' title='bbox 2737 448 2821 503; x_wconf 85' lang='lat' dir='ltr'><strong>illi</strong></span> <span class='ocrx_word' id='word_1_18' title='bbox 2873 450 3008 512; x_wconf 87' lang='lat' dir='ltr'><strong>soli,</strong></span> <span class='ocrx_word' id='word_1_19' title='bbox 3040 448 3135 545; x_wconf 79' lang='lat' dir='ltr'><strong>sed</strong></span> <span class='ocrx_word' id='word_1_20' title='bbox 3165 457 3220 503; x_wconf 87' lang='lat' dir='ltr'><strong>et</strong></span> <span class='ocrx_word' id='word_1_21' title='bbox 3253 446 3489 545; x_wconf 44' lang='lat' dir='ltr'><strong>exteri.</strong></span> <span class='ocrx_word' id='word_1_22' title='bbox 3516 447 3723 506; x_wconf 84' lang='lat' dir='ltr'><strong>ducenti</strong></span> 
     </span>
    </p>
   </div>
   <div class='ocr_carea' id='block_1_5' title="bbox 454 550 2034 643">
    <p class='ocr_par' dir='ltr' id='par_1_5' title="bbox 454 550 2034 643">
     <span class='ocr_line' id='line_1_5' title="bbox 454 550 2034 643; baseline -0.015 -17"><span class='ocrx_word' id='word_1_23' title='bbox 454 568 846 643; x_wconf 86' lang='lat' dir='ltr'><strong>comparabiles</strong></span> <span class='ocrx_word' id='word_1_24' title='bbox 869 573 993 621; x_wconf 90' lang='lat' dir='ltr'><strong>sunt</strong></span> <span class='ocrx_word' id='word_1_25' title='bbox 1020 577 1181 618; x_wconf 82' lang='lat' dir='ltr'><strong>corvo</strong></span> <span class='ocrx_word' id='word_1_26' title='bbox 1210 556 1408 613; x_wconf 89' lang='lat' dir='ltr'><strong>inﬁdeli</strong></span> <span class='ocrx_word' id='word_1_27' title='bbox 1451 554 1673 618; x_wconf 89' lang='lat' dir='ltr'><strong>nuntio,</strong></span> <span class='ocrx_word' id='word_1_28' title='bbox 1701 553 1792 622; x_wconf 87' lang='lat' dir='ltr'><strong>qui</strong></span> <span class='ocrx_word' id='word_1_29' title='bbox 1821 550 2034 619; x_wconf 89' lang='lat' dir='ltr'><strong>cupidi-</strong></span> 
     </span>
    </p>
   </div>
   <div class='ocr_carea' id='block_1_6' title="bbox 455 646 2033 723">
    <p class='ocr_par' dir='ltr' id='par_1_6' title="bbox 455 646 2033 723">
     <span class='ocr_line' id='line_1_6' title="bbox 455 646 2033 723; baseline -0.013 -5"><span class='ocrx_word' id='word_1_30' title='bbox 455 676 569 720; x_wconf 89' lang='lat' dir='ltr'><strong>tate</strong></span> <span class='ocrx_word' id='word_1_31' title='bbox 618 662 895 720; x_wconf 71' lang='lat' dir='ltr'><strong>cadaveris</strong></span> <span class='ocrx_word' id='word_1_32' title='bbox 932 658 1044 713; x_wconf 87' lang='lat' dir='ltr'><strong>Noe</strong></span> <span class='ocrx_word' id='word_1_33' title='bbox 1086 653 1258 711; x_wconf 87' lang='lat' dir='ltr'><strong>sancti</strong></span> <span class='ocrx_word' id='word_1_34' title='bbox 1314 649 1640 723; x_wconf 79' lang='lat' dir='ltr'><strong>patriarcha:</strong></span> <span class='ocrx_word' id='word_1_35' title='bbox 1702 646 2033 715; x_wconf 87' lang='lat' dir='ltr'><strong>contempsit</strong></span> 
     </span>
    </p>
   </div>
   <div class='ocr_carea' id='block_1_7' title="bbox 455 726 2034 823">
    <p class='ocr_par' dir='ltr' id='par_1_7' title="bbox 455 726 2034 823">
     <span class='ocr_line' id='line_1_7' title="bbox 455 726 2034 823; baseline -0.015 -14"><span class='ocrx_word' id='word_1_36' title='bbox 455 755 759 823; x_wconf 82' lang='lat' dir='ltr'><strong>imperium.</strong></span> <span class='ocrx_word' id='word_1_37' title='bbox 805 749 962 804; x_wconf 83' lang='lat' dir='ltr'><strong>Prius</strong></span> <span class='ocrx_word' id='word_1_38' title='bbox 995 746 1246 815; x_wconf 90' lang='lat' dir='ltr'><strong>quidem,</strong></span> <span class='ocrx_word' id='word_1_39' title='bbox 1282 752 1342 794; x_wconf 93' lang='lat' dir='ltr'><strong>ut</strong></span> <span class='ocrx_word' id='word_1_40' title='bbox 1384 736 1664 802; x_wconf 89' lang='lat' dir='ltr'><strong>columba,</strong></span> <span class='ocrx_word' id='word_1_41' title='bbox 1706 726 2034 805; x_wconf 66' lang='lat' dir='ltr'><strong>acceperunt</strong></span> 
     </span>
    </p>
   </div>
   <div class='ocr_carea' id='block_1_8' title="bbox 453 827 2035 913">
    <p class='ocr_par' dir='ltr' id='par_1_8' title="bbox 453 827 2035 913">
     <span class='ocr_line' id='line_1_8' title="bbox 453 827 2035 913; baseline -0.014 -13"><span class='ocrx_word' id='word_1_42' title='bbox 453 834 662 903; x_wconf 80' lang='lat' dir='ltr'><strong>ramum</strong></span> <span class='ocrx_word' id='word_1_43' title='bbox 690 843 877 905; x_wconf 78' lang='lat' dir='ltr'><strong>olivze,</strong></span> <span class='ocrx_word' id='word_1_44' title='bbox 911 836 1073 908; x_wconf 79' lang='lat'><strong>189</strong></span> <span class='ocrx_word' id='word_1_45' title='bbox 1087 850 1208 889; x_wconf 90' lang='lat' dir='ltr'><strong>cum</strong></span> <span class='ocrx_word' id='word_1_46' title='bbox 1237 848 1343 903; x_wconf 86' lang='lat' dir='ltr'><strong>quo</strong></span> <span class='ocrx_word' id='word_1_47' title='bbox 1365 831 1430 886; x_wconf 88' lang='lat' dir='ltr'><strong>ad</strong></span> <span class='ocrx_word' id='word_1_48' title='bbox 1459 843 1639 885; x_wconf 86' lang='lat' dir='ltr'><strong>aream</strong></span> <span class='ocrx_word' id='word_1_49' title='bbox 1668 827 1938 913; x_wconf 69' lang='lat' dir='ltr'><strong>redirent_,</strong></span> <span class='ocrx_word' id='word_1_50' title='bbox 1978 833 2035 879; x_wconf 90' lang='lat' dir='ltr'><strong>et</strong></span> 
     </span>
    </p>
   </div>
   <div class='ocr_carea' id='block_1_9' title="bbox 450 919 2033 995">
    <p class='ocr_par' dir='ltr' id='par_1_9' title="bbox 450 919 2033 995">
     <span class='ocr_line' id='line_1_9' title="bbox 450 919 2033 995; baseline -0.011 -5"><span class='ocrx_word' id='word_1_51' title='bbox 450 938 503 990; x_wconf 88' lang='lat' dir='ltr'><strong>in</strong></span> <span class='ocrx_word' id='word_1_52' title='bbox 533 950 658 990; x_wconf 87' lang='lat' dir='ltr'><strong>arca</strong></span> <span class='ocrx_word' id='word_1_53' title='bbox 687 939 1001 995; x_wconf 87' lang='lat' dir='ltr'><strong>manerent,</strong></span> <span class='ocrx_word' id='word_1_54' title='bbox 1043 927 1139 983; x_wconf 87' lang='lat' dir='ltr'><strong>sed</strong></span> <span class='ocrx_word' id='word_1_55' title='bbox 1174 926 1241 981; x_wconf 88' lang='lat' dir='ltr'><strong>de</strong></span> <span class='ocrx_word' id='word_1_56' title='bbox 1292 922 1547 980; x_wconf 80' lang='lat' dir='ltr'><strong>fenestris</strong></span> <span class='ocrx_word' id='word_1_57' title='bbox 1585 935 1726 974; x_wconf 78' lang='lat' dir='ltr'><strong>arca:</strong></span> <span class='ocrx_word' id='word_1_58' title='bbox 1750 960 1765 983; x_wconf 91' lang='lat'><strong>,</strong></span> <span class='ocrx_word' id='word_1_59' title='bbox 1799 919 1867 972; x_wconf 90' lang='lat' dir='ltr'><strong>ad</strong></span> <span class='ocrx_word' id='word_1_60' title='bbox 1897 932 2033 987; x_wconf 90' lang='lat' dir='ltr'><strong>quas</strong></span> 
     </span>
    </p>
   </div>
   <div class='ocr_carea' id='block_1_10' title="bbox 450 1010 2031 1094">
    <p class='ocr_par' dir='ltr' id='par_1_10' title="bbox 450 1010 2031 1094">
     <span class='ocr_line' id='line_1_10' title="bbox 450 1010 2031 1094; baseline -0.01 -15"><span class='ocrx_word' id='word_1_61' title='bbox 450 1026 554 1080; x_wconf 88' lang='lat' dir='ltr'><strong>ﬁde</strong></span> <span class='ocrx_word' id='word_1_62' title='bbox 583 1022 926 1094; x_wconf 87' lang='lat' dir='ltr'><strong>baptismatis</strong></span> <span class='ocrx_word' id='word_1_63' title='bbox 976 1028 1032 1075; x_wconf 92' lang='lat' dir='ltr'><strong>et</strong></span> <span class='ocrx_word' id='word_1_64' title='bbox 1075 1016 1375 1073; x_wconf 90' lang='lat' dir='ltr'><strong>monastica</strong></span> <span class='ocrx_word' id='word_1_65' title='bbox 1419 1010 1886 1083; x_wconf 80' lang='lat' dir='ltr'><strong>professionejam</strong></span> <span class='ocrx_word' id='word_1_66' title='bbox 1933 1024 2031 1064; x_wconf 85' lang='lat' dir='ltr'><strong>vo-</strong></span> 
     </span>
    </p>
   </div>
   <div class='ocr_carea' id='block_1_11' title="bbox 449 1104 2033 1182">
    <p class='ocr_par' dir='ltr' id='par_1_11' title="bbox 449 1104 2033 1182">
     <span class='ocr_line' id='line_1_11' title="bbox 449 1104 2033 1182; baseline -0.011 -12"><span class='ocrx_word' id='word_1_67' title='bbox 449 1117 690 1172; x_wconf 81' lang='lat' dir='ltr'><strong>laverant</strong></span> <span class='ocrx_word' id='word_1_68' title='bbox 710 1158 725 1182; x_wconf 92' lang='lat'><strong>,</strong></span> <span class='ocrx_word' id='word_1_69' title='bbox 757 1130 863 1169; x_wconf 87' lang='lat' dir='ltr'><strong>non</strong></span> <span class='ocrx_word' id='word_1_70' title='bbox 892 1111 1114 1167; x_wconf 85' lang='lat' dir='ltr'><strong>redituri</strong></span> <span class='ocrx_word' id='word_1_71' title='bbox 1144 1108 1515 1165; x_wconf 83' lang='lat' dir='ltr'><strong>evolaverunt.</strong></span> <span class='ocrx_word' id='word_1_72' title='bbox 1543 1104 1631 1159; x_wconf 91' lang='lat' dir='ltr'><strong>-De</strong></span> <span class='ocrx_word' id='word_1_73' title='bbox 1659 1118 1887 1173; x_wconf 88' lang='lat' dir='ltr'><strong>quorum</strong></span> <span class='ocrx_word' id='word_1_74' title='bbox 1934 1117 2033 1155; x_wconf 90' lang='lat' dir='ltr'><strong>nu-</strong></span> 
     </span>
    </p>
   </div>
   <div class='ocr_carea' id='block_1_12' title="bbox 447 1192 2036 1277">
    <p class='ocr_par' dir='ltr' id='par_1_12' title="bbox 447 1192 2036 1277">
     <span class='ocr_line' id='line_1_12' title="bbox 447 1192 2036 1277; baseline -0.01 -15"><span class='ocrx_word' id='word_1_75' title='bbox 447 1224 598 1263; x_wconf 89' lang='lat' dir='ltr'><strong>mero</strong></span> <span class='ocrx_word' id='word_1_76' title='bbox 627 1205 923 1277; x_wconf 82' lang='lat' dir='ltr'><strong>quemlibet</strong></span> <span class='ocrx_word' id='word_1_77' title='bbox 948 1202 1222 1258; x_wconf 87' lang='lat' dir='ltr'><strong>hominem</strong></span> <span class='ocrx_word' id='word_1_78' title='bbox 1250 1243 1266 1267; x_wconf 92' lang='lat'><strong>,</strong></span> <span class='ocrx_word' id='word_1_79' title='bbox 1314 1198 1481 1253; x_wconf 90' lang='lat' dir='ltr'><strong>multo</strong></span> <span class='ocrx_word' id='word_1_80' title='bbox 1510 1196 1687 1251; x_wconf 90' lang='lat' dir='ltr'><strong>minus</strong></span> <span class='ocrx_word' id='word_1_81' title='bbox 1734 1194 1899 1265; x_wconf 85' lang='lat' dir='ltr'><strong>igitur</strong></span> <span class='ocrx_word' id='word_1_82' title='bbox 1928 1192 2036 1247; x_wconf 90' lang='lat' dir='ltr'><strong>Do-</strong></span> 
     </span>
    </p>
   </div>
   <div class='ocr_carea' id='block_1_13' title="bbox 445 1291 2031 1369">
    <p class='ocr_par' dir='ltr' id='par_1_13' title="bbox 445 1291 2031 1369">
     <span class='ocr_line' id='line_1_13' title="bbox 445 1291 2031 1369; baseline -0.009 -14"><span class='ocrx_word' id='word_1_83' title='bbox 445 1301 633 1355; x_wconf 88' lang='lat' dir='ltr'><strong>minici</strong></span> <span class='ocrx_word' id='word_1_84' title='bbox 666 1300 848 1369; x_wconf 81' lang='lat' dir='ltr'><strong>gregis</strong></span> <span class='ocrx_word' id='word_1_85' title='bbox 884 1305 1157 1365; x_wconf 85' lang='lat' dir='ltr'><strong>pastorem</strong></span> <span class='ocrx_word' id='word_1_86' title='bbox 1187 1301 1243 1347; x_wconf 90' lang='lat' dir='ltr'><strong>et</strong></span> <span class='ocrx_word' id='word_1_87' title='bbox 1270 1291 1549 1346; x_wconf 72' lang='lat' dir='ltr'><strong>custodem</strong></span> <span class='ocrx_word' id='word_1_88' title='bbox 1582 1304 1705 1344; x_wconf 86' lang='lat' dir='ltr'><strong>esse</strong></span> <span class='ocrx_word' id='word_1_89' title='bbox 1730 1304 1835 1342; x_wconf 90' lang='lat' dir='ltr'><strong>non</strong></span> <span class='ocrx_word' id='word_1_90' title='bbox 1868 1296 1993 1357; x_wconf 89' lang='lat' dir='ltr'><strong>opto</strong></span> <span class='ocrx_word' id='word_1_91' title='bbox 2016 1329 2031 1351; x_wconf 94' lang='lat'><strong>,</strong></span> 
     </span>
    </p>
   </div>
   <div class='ocr_carea' id='block_1_14' title="bbox 448 1374 2031 1455">
    <p class='ocr_par' dir='ltr' id='par_1_14' title="bbox 448 1374 2031 1455">
     <span class='ocr_line' id='line_1_14' title="bbox 448 1374 2031 1455; baseline -0.01 -10"><span class='ocrx_word' id='word_1_92' title='bbox 448 1408 517 1447; x_wconf 88' lang='lat' dir='ltr'><strong>ne</strong></span> <span class='ocrx_word' id='word_1_93' title='bbox 562 1391 703 1446; x_wconf 77' lang='lat' dir='ltr'><strong>forte</strong></span> <span class='ocrx_word' id='word_1_94' title='bbox 750 1374 1061 1455; x_wconf 74' lang='lat' dir='ltr'><strong>contingat,</strong></span> <span class='ocrx_word' id='word_1_95' title='bbox 1097 1384 1239 1454; x_wconf 90' lang='lat' dir='ltr'><strong>quod</strong></span> <span class='ocrx_word' id='word_1_96' title='bbox 1283 1384 1426 1438; x_wconf 90' lang='lat' dir='ltr'><strong>Deus</strong></span> <span class='ocrx_word' id='word_1_97' title='bbox 1467 1381 1705 1441; x_wconf 87' lang='lat' dir='ltr'><strong>abnuat,</strong></span> <span class='ocrx_word' id='word_1_98' title='bbox 1760 1378 1908 1433; x_wconf 93' lang='lat' dir='ltr'><strong>illum</strong></span> <span class='ocrx_word' id='word_1_99' title='bbox 1965 1391 2031 1430; x_wconf 80' lang='lat' dir='ltr'><strong>ex</strong></span> 
     </span>
    </p>
   </div>
   <div class='ocr_carea' id='block_1_15' title="bbox 447 1468 2037 1551">
    <p class='ocr_par' dir='ltr' id='par_1_15' title="bbox 447 1468 2037 1551">
     <span class='ocr_line' id='line_1_15' title="bbox 447 1468 2037 1551; baseline -0.009 -14"><span class='ocrx_word' id='word_1_100' title='bbox 447 1493 667 1551; x_wconf 81' lang='lat' dir='ltr'><strong>pastore</strong></span> <span class='ocrx_word' id='word_1_101' title='bbox 703 1481 885 1551; x_wconf 89' lang='lat' dir='ltr'><strong>lupum</strong></span> <span class='ocrx_word' id='word_1_102' title='bbox 926 1477 1075 1541; x_wconf 88' lang='lat' dir='ltr'><strong>ﬁeri,</strong></span> <span class='ocrx_word' id='word_1_103' title='bbox 1126 1484 1182 1531; x_wconf 89' lang='lat' dir='ltr'><strong>et</strong></span> <span class='ocrx_word' id='word_1_104' title='bbox 1223 1490 1290 1529; x_wconf 81' lang='lat' dir='ltr'><strong>ex</strong></span> <span class='ocrx_word' id='word_1_105' title='bbox 1331 1472 1556 1528; x_wconf 87' lang='lat' dir='ltr'><strong>custode</strong></span> <span class='ocrx_word' id='word_1_106' title='bbox 1595 1471 1885 1526; x_wconf 79' lang='lat' dir='ltr'><strong>latronem.</strong></span> <span class='ocrx_word' id='word_1_107' title='bbox 1928 1468 2037 1523; x_wconf 68' lang='lat' dir='ltr'><strong>Ya-</strong></span> 
     </span>
    </p>
   </div>
   <div class='ocr_carea' id='block_1_16' title="bbox 448 1561 2035 1643">
    <p class='ocr_par' dir='ltr' id='par_1_16' title="bbox 448 1561 2035 1643">
     <span class='ocr_line' id='line_1_16' title="bbox 448 1561 2035 1643; baseline -0.009 -15"><span class='ocrx_word' id='word_1_108' title='bbox 448 1576 587 1637; x_wconf 85' lang='lat' dir='ltr'><strong>lete,</strong></span> <span class='ocrx_word' id='word_1_109' title='bbox 616 1583 671 1628; x_wconf 88' lang='lat' dir='ltr'><strong>et</strong></span> <span class='ocrx_word' id='word_1_110' title='bbox 708 1589 831 1643; x_wconf 77' lang='lat' dir='ltr'><strong>quze</strong></span> <span class='ocrx_word' id='word_1_111' title='bbox 856 1574 998 1629; x_wconf 90' lang='lat' dir='ltr'><strong>bono</strong></span> <span class='ocrx_word' id='word_1_112' title='bbox 1035 1569 1218 1625; x_wconf 87' lang='lat' dir='ltr'><strong>animo</strong></span> <span class='ocrx_word' id='word_1_113' title='bbox 1258 1565 1604 1638; x_wconf 86' lang='lat' dir='ltr'><strong>scripsimus,</strong></span> <span class='ocrx_word' id='word_1_114' title='bbox 1648 1562 1801 1618; x_wconf 88' lang='lat' dir='ltr'><strong>vobis</strong></span> <span class='ocrx_word' id='word_1_115' title='bbox 1827 1561 2035 1632; x_wconf 82' lang='lat' dir='ltr'><strong>placeat</strong></span> 
     </span>
    </p>
   </div>
   <div class='ocr_carea' id='block_1_17' title="bbox 449 1669 709 1723">
    <p class='ocr_par' dir='ltr' id='par_1_17' title="bbox 449 1669 709 1723">
     <span class='ocr_line' id='line_1_17' title="bbox 449 1669 709 1723; baseline -0.004 -1"><span class='ocrx_word' id='word_1_116' title='bbox 449 1669 709 1723; x_wconf 88' lang='lat' dir='ltr'><strong>retinere.</strong></span> 
     </span>
    </p>
   </div>
   <div class='ocr_carea' id='block_1_18' title="bbox 886 1750 1605 1823">
    <p class='ocr_par' dir='ltr' id='par_1_18' title="bbox 886 1750 1605 1823">
     <span class='ocr_line' id='line_1_18' title="bbox 886 1750 1605 1823; baseline -0.013 -10"><span class='ocrx_word' id='word_1_117' title='bbox 886 1754 1211 1812; x_wconf 72' lang='lat' dir='ltr'><strong>EPlSTOLA</strong></span> <span class='ocrx_word' id='word_1_118' title='bbox 1250 1752 1392 1809; x_wconf 74' lang='lat' dir='ltr'><strong>XXII</strong></span> <span class='ocrx_word' id='word_1_119' title='bbox 1434 1750 1605 1823; x_wconf 77' lang='lat'><strong>(509).</strong></span> 
     </span>
    </p>
   </div>
   <div class='ocr_carea' id='block_1_19' title="bbox 2138 534 3720 612">
    <p class='ocr_par' dir='ltr' id='par_1_19' title="bbox 2138 534 3720 612">
     <span class='ocr_line' id='line_1_19' title="bbox 2138 534 3720 612; baseline -0.003 -17"><span class='ocrx_word' id='word_1_120' title='bbox 2138 540 2568 612; x_wconf 70' lang='lat' dir='ltr'><strong>quinquaginta,</strong></span> <span class='ocrx_word' id='word_1_121' title='bbox 2600 538 2691 607; x_wconf 91' lang='lat' dir='ltr'><strong>qui</strong></span> <span class='ocrx_word' id='word_1_122' title='bbox 2720 552 2907 592; x_wconf 90' lang='lat' dir='ltr'><strong>eorum</strong></span> <span class='ocrx_word' id='word_1_123' title='bbox 2943 536 3174 590; x_wconf 86' lang='lat' dir='ltr'><strong>comites</strong></span> <span class='ocrx_word' id='word_1_124' title='bbox 3201 535 3266 587; x_wconf 88' lang='lat' dir='ltr'><strong>ad</strong></span> <span class='ocrx_word' id='word_1_125' title='bbox 3294 534 3585 588; x_wconf 82' lang='lat' dir='ltr'><strong>audaciam</strong></span> <span class='ocrx_word' id='word_1_126' title='bbox 3614 541 3720 591; x_wconf 87' lang='lat' dir='ltr'><strong>tue-</strong></span> 
     </span>
    </p>
   </div>
   <div class='ocr_carea' id='block_1_20' title="bbox 2138 625 3724 701">
    <p class='ocr_par' dir='ltr' id='par_1_20' title="bbox 2138 625 3724 701">
     <span class='ocr_line' id='line_1_20' title="bbox 2138 625 3724 701; baseline -0.003 -15"><span class='ocrx_word' id='word_1_127' title='bbox 2138 643 2298 695; x_wconf 89' lang='lat' dir='ltr'><strong>rnnt,</strong></span> <span class='ocrx_word' id='word_1_128' title='bbox 2351 638 2740 701; x_wconf 89' lang='lat' dir='ltr'><strong>prorumpente</strong></span> <span class='ocrx_word' id='word_1_129' title='bbox 2768 645 2797 682; x_wconf 91' lang='lat' dir='ltr'><strong>a</strong></span> <span class='ocrx_word' id='word_1_130' title='bbox 2826 627 3055 682; x_wconf 87' lang='lat' dir='ltr'><strong>Domino</strong></span> <span class='ocrx_word' id='word_1_131' title='bbox 3112 626 3237 695; x_wconf 84' lang='lat' dir='ltr'><strong>igne</strong></span> <span class='ocrx_word' id='word_1_132' title='bbox 3260 625 3568 695; x_wconf 89' lang='lat' dir='ltr'><strong>consumpti</strong></span> <span class='ocrx_word' id='word_1_133' title='bbox 3612 629 3724 683; x_wconf 80' lang='lat' dir='ltr'><strong>sunt</strong></span> 
     </span>
    </p>
   </div>
   <div class='ocr_carea' id='block_1_21' title="bbox 2137 716 3722 793">
    <p class='ocr_par' dir='ltr' id='par_1_21' title="bbox 2137 716 3722 793">
     <span class='ocr_line' id='line_1_21' title="bbox 2137 716 3722 793; baseline -0.002 -17"><span class='ocrx_word' id='word_1_134' title='bbox 2137 723 2325 793; x_wconf 72' lang='lat' dir='ltr'><strong>(Nam.</strong></span> <span class='ocrx_word' id='word_1_135' title='bbox 2360 736 2471 785; x_wconf 74' lang='lat' dir='ltr'><strong>xw,</strong></span> <span class='ocrx_word' id='word_1_136' title='bbox 2490 719 2866 791; x_wconf 78' lang='lat' dir='ltr'><strong>l).Uudevcra</strong></span> <span class='ocrx_word' id='word_1_137' title='bbox 2893 716 3109 790; x_wconf 90' lang='lat' dir='ltr'><strong>proposi</strong></span> <span class='ocrx_word' id='word_1_138' title='bbox 3139 716 3262 770; x_wconf 67' lang='lat' dir='ltr'><strong>iane</strong></span> <span class='ocrx_word' id='word_1_139' title='bbox 3284 717 3569 785; x_wconf 85' lang='lat' dir='ltr'><strong>probatur,</strong></span> <span class='ocrx_word' id='word_1_140' title='bbox 3595 722 3722 787; x_wconf 87' lang='lat' dir='ltr'><strong>quod</strong></span> 
     </span>
    </p>
   </div>
   <div class='ocr_carea' id='block_1_22' title="bbox 2137 808 3724 882">
    <p class='ocr_par' dir='ltr' id='par_1_22' title="bbox 2137 808 3724 882">
     <span class='ocr_line' id='line_1_22' title="bbox 2137 808 3724 882; baseline -0.001 -15"><span class='ocrx_word' id='word_1_141' title='bbox 2137 831 2243 868; x_wconf 90' lang='lat' dir='ltr'><strong>non</strong></span> <span class='ocrx_word' id='word_1_142' title='bbox 2293 814 2467 867; x_wconf 91' lang='lat' dir='ltr'><strong>solum</strong></span> <span class='ocrx_word' id='word_1_143' title='bbox 2490 813 2580 882; x_wconf 85' lang='lat' dir='ltr'><strong>qui</strong></span> <span class='ocrx_word' id='word_1_144' title='bbox 2652 821 2841 867; x_wconf 87' lang='lat' dir='ltr'><strong>contra</strong></span> <span class='ocrx_word' id='word_1_145' title='bbox 2892 809 3210 881; x_wconf 34' lang='lat' dir='ltr'><strong>praepositos</strong></span> <span class='ocrx_word' id='word_1_146' title='bbox 3255 808 3513 864; x_wconf 78' lang='lat' dir='ltr'><strong>Ecclesiae</strong></span> <span class='ocrx_word' id='word_1_147' title='bbox 3551 824 3724 880; x_wconf 87' lang='lat' dir='ltr'><strong>super-</strong></span> 
     </span>
    </p>
   </div>
   <div class='ocr_carea' id='block_1_23' title="bbox 2136 901 3721 977">
    <p class='ocr_par' dir='ltr' id='par_1_23' title="bbox 2136 901 3721 977">
     <span class='ocr_line' id='line_1_23' title="bbox 2136 901 3721 977; baseline -0.002 -17"><span class='ocrx_word' id='word_1_148' title='bbox 2136 906 2323 971; x_wconf 91' lang='lat' dir='ltr'><strong>biunt,</strong></span> <span class='ocrx_word' id='word_1_149' title='bbox 2353 906 2445 960; x_wconf 77' lang='lat' dir='ltr'><strong>sed</strong></span> <span class='ocrx_word' id='word_1_150' title='bbox 2475 905 2637 959; x_wconf 89' lang='lat' dir='ltr'><strong>etiam</strong></span> <span class='ocrx_word' id='word_1_151' title='bbox 2679 905 2769 972; x_wconf 85' lang='lat' dir='ltr'><strong>qui</strong></span> <span class='ocrx_word' id='word_1_152' title='bbox 2813 902 3301 977; x_wconf 82' lang='lat' dir='ltr'><strong>consentiunteis,</strong></span> <span class='ocrx_word' id='word_1_153' title='bbox 3359 916 3389 955; x_wconf 88' lang='lat' dir='ltr'><strong>a</strong></span> <span class='ocrx_word' id='word_1_154' title='bbox 3441 901 3555 957; x_wconf 90' lang='lat' dir='ltr'><strong>Deo</strong></span> <span class='ocrx_word' id='word_1_155' title='bbox 3585 905 3721 957; x_wconf 87' lang='lat' dir='ltr'><strong>dam-</strong></span> 
     </span>
    </p>
   </div>
   <div class='ocr_carea' id='block_1_24' title="bbox 2137 992 3722 1065">
    <p class='ocr_par' dir='ltr' id='par_1_24' title="bbox 2137 992 3722 1065">
     <span class='ocr_line' id='line_1_24' title="bbox 2137 992 3722 1065; baseline -0.001 -14"><span class='ocrx_word' id='word_1_156' title='bbox 2137 1006 2359 1052; x_wconf 91' lang='lat' dir='ltr'><strong>nantur.</strong></span> <span class='ocrx_word' id='word_1_157' title='bbox 2390 996 2446 1051; x_wconf 91' lang='lat' dir='ltr'><strong>ln</strong></span> <span class='ocrx_word' id='word_1_158' title='bbox 2478 996 2616 1051; x_wconf 88' lang='lat' dir='ltr'><strong>libro</strong></span> <span class='ocrx_word' id='word_1_159' title='bbox 2637 1010 2856 1065; x_wconf 89' lang='lat' dir='ltr'><strong>quoque</strong></span> <span class='ocrx_word' id='word_1_160' title='bbox 2885 1009 3175 1064; x_wconf 87' lang='lat' dir='ltr'><strong>regnorum</strong></span> <span class='ocrx_word' id='word_1_161' title='bbox 3194 1035 3208 1058; x_wconf 93' lang='lat'><strong>,</strong></span> <span class='ocrx_word' id='word_1_162' title='bbox 3237 1009 3357 1048; x_wconf 90' lang='lat' dir='ltr'><strong>cum</strong></span> <span class='ocrx_word' id='word_1_163' title='bbox 3384 992 3606 1049; x_wconf 84' lang='lat' dir='ltr'><strong>Samuel</strong></span> <span class='ocrx_word' id='word_1_164' title='bbox 3645 1012 3722 1049; x_wconf 87' lang='lat' dir='ltr'><strong>sa-</strong></span> 
     </span>
    </p>
   </div>
   <div class='ocr_carea' id='block_1_25' title="bbox 2136 1085 3720 1159">
    <p class='ocr_par' dir='ltr' id='par_1_25' title="bbox 2136 1085 3720 1159">
     <span class='ocr_line' id='line_1_25' title="bbox 2136 1085 3720 1159; baseline -0.004 -12"><span class='ocrx_word' id='word_1_165' title='bbox 2136 1092 2328 1148; x_wconf 85' lang='lat' dir='ltr'><strong>cerdos</strong></span> <span class='ocrx_word' id='word_1_166' title='bbox 2354 1106 2382 1144; x_wconf 92' lang='lat' dir='ltr'><strong>a</strong></span> <span class='ocrx_word' id='word_1_167' title='bbox 2437 1088 2633 1159; x_wconf 80' lang='lat' dir='ltr'><strong>papula</strong></span> <span class='ocrx_word' id='word_1_168' title='bbox 2663 1096 3105 1143; x_wconf 80' lang='lat' dir='ltr'><strong>contemneretur</strong></span> <span class='ocrx_word' id='word_1_169' title='bbox 3126 1126 3142 1152; x_wconf 95' lang='lat'><strong>,</strong></span> <span class='ocrx_word' id='word_1_170' title='bbox 3181 1085 3511 1141; x_wconf 79' lang='lat' dir='ltr'><strong>exclamavit</strong></span> <span class='ocrx_word' id='word_1_171' title='bbox 3554 1085 3720 1141; x_wconf 87' lang='lat' dir='ltr'><strong>Domi-</strong></span> 
     </span>
    </p>
   </div>
   <div class='ocr_carea' id='block_1_26' title="bbox 2138 1176 3716 1249">
    <p class='ocr_par' dir='ltr' id='par_1_26' title="bbox 2138 1176 3716 1249">
     <span class='ocr_line' id='line_1_26' title="bbox 2138 1176 3716 1249; baseline -0.003 -12"><span class='ocrx_word' id='word_1_172' title='bbox 2138 1200 2269 1246; x_wconf 88' lang='lat' dir='ltr'><strong>nus.</strong></span> <span class='ocrx_word' id='word_1_173' title='bbox 2312 1192 2366 1238; x_wconf 91' lang='lat' dir='ltr'><strong>ct</strong></span> <span class='ocrx_word' id='word_1_174' title='bbox 2396 1182 2531 1236; x_wconf 79' lang='lat' dir='ltr'><strong>dixit</strong></span> <span class='ocrx_word' id='word_1_175' title='bbox 2562 1199 2575 1234; x_wconf 91' lang='lat'><strong>:</strong></span> <span class='ocrx_word' id='word_1_176' title='bbox 2614 1178 2736 1233; x_wconf 87' lang='lat' dir='ltr'><strong>Non</strong></span> <span class='ocrx_word' id='word_1_177' title='bbox 2771 1188 2820 1234; x_wconf 89' lang='lat' dir='ltr'><strong>te</strong></span> <span class='ocrx_word' id='word_1_178' title='bbox 2850 1189 3187 1248; x_wconf 68' lang='lat' dir='ltr'><strong>spreverunt,</strong></span> <span class='ocrx_word' id='word_1_179' title='bbox 3256 1178 3347 1231; x_wconf 83' lang='lat' dir='ltr'><strong>sed</strong></span> <span class='ocrx_word' id='word_1_180' title='bbox 3394 1194 3478 1230; x_wconf 88' lang='lat' dir='ltr'><strong>me</strong></span> <span class='ocrx_word' id='word_1_181' title='bbox 3509 1176 3573 1243; x_wconf 86' lang='grc' dir='ltr'><strong>(Ι</strong></span> <span class='ocrx_word' id='word_1_182' title='bbox 3602 1176 3716 1249; x_wconf 81' lang='lat' dir='ltr'><strong>Reg.</strong></span> 
     </span>
    </p>
   </div>
   <div class='ocr_carea' id='block_1_27' title="bbox 2139 1269 3719 1344">
    <p class='ocr_par' dir='ltr' id='par_1_27' title="bbox 2139 1269 3719 1344">
     <span class='ocr_line' id='line_1_27' title="bbox 2139 1269 3719 1344; baseline -0.001 -18"><span class='ocrx_word' id='word_1_183' title='bbox 2139 1291 2254 1339; x_wconf 85' lang='lat' dir='ltr'><strong>vttt,</strong></span> <span class='ocrx_word' id='word_1_184' title='bbox 2287 1275 2364 1344; x_wconf 82' lang='lat'><strong>7).</strong></span> <span class='ocrx_word' id='word_1_185' title='bbox 2401 1273 2465 1327; x_wconf 83' lang='lat' dir='ltr'><strong>Et</strong></span> <span class='ocrx_word' id='word_1_186' title='bbox 2494 1281 2554 1327; x_wconf 91' lang='lat' dir='ltr'><strong>ut</strong></span> <span class='ocrx_word' id='word_1_187' title='bbox 2575 1273 2677 1327; x_wconf 90' lang='lat' dir='ltr'><strong>hoc</strong></span> <span class='ocrx_word' id='word_1_188' title='bbox 2708 1272 3084 1336; x_wconf 80' lang='lat' dir='ltr'><strong>ulcisceretur,</strong></span> <span class='ocrx_word' id='word_1_189' title='bbox 3116 1269 3376 1324; x_wconf 75' lang='lat' dir='ltr'><strong>excitavit</strong></span> <span class='ocrx_word' id='word_1_190' title='bbox 3404 1270 3621 1324; x_wconf 86' lang='lat' dir='ltr'><strong>Saulem</strong></span> <span class='ocrx_word' id='word_1_191' title='bbox 3646 1287 3719 1325; x_wconf 85' lang='lat' dir='ltr'><strong>re-</strong></span> 
     </span>
    </p>
   </div>
   <div class='ocr_carea' id='block_1_28' title="bbox 2134 1360 3716 1436">
    <p class='ocr_par' dir='ltr' id='par_1_28' title="bbox 2134 1360 3716 1436">
     <span class='ocr_line' id='line_1_28' title="bbox 2134 1360 3716 1436; baseline -0.003 -17"><span class='ocrx_word' id='word_1_192' title='bbox 2134 1381 2287 1436; x_wconf 87' lang='lat' dir='ltr'><strong>gem,</strong></span> <span class='ocrx_word' id='word_1_193' title='bbox 2321 1365 2412 1432; x_wconf 88' lang='lat' dir='ltr'><strong>qui</strong></span> <span class='ocrx_word' id='word_1_194' title='bbox 2446 1362 2738 1433; x_wconf 89' lang='lat' dir='ltr'><strong>superbum</strong></span> <span class='ocrx_word' id='word_1_195' title='bbox 2772 1360 3027 1433; x_wconf 90' lang='lat' dir='ltr'><strong>populum</strong></span> <span class='ocrx_word' id='word_1_196' title='bbox 3071 1360 3309 1415; x_wconf 86' lang='lat' dir='ltr'><strong>calcaret</strong></span> <span class='ocrx_word' id='word_1_197' title='bbox 3335 1369 3389 1415; x_wconf 91' lang='lat' dir='ltr'><strong>et</strong></span> <span class='ocrx_word' id='word_1_198' title='bbox 3416 1370 3716 1429; x_wconf 89' lang='lat' dir='ltr'><strong>premeret,</strong></span> 
     </span>
    </p>
   </div>
   <div class='ocr_carea' id='block_1_29' title="bbox 2134 1451 3719 1527">
    <p class='ocr_par' dir='ltr' id='par_1_29' title="bbox 2134 1451 3719 1527">
     <span class='ocr_line' id='line_1_29' title="bbox 2134 1451 3719 1527; baseline -0.003 -14"><span class='ocrx_word' id='word_1_199' title='bbox 2134 1468 2190 1513; x_wconf 88' lang='lat' dir='ltr'><strong>et</strong></span> <span class='ocrx_word' id='word_1_200' title='bbox 2236 1473 2334 1527; x_wconf 89' lang='lat' dir='ltr'><strong>per</strong></span> <span class='ocrx_word' id='word_1_201' title='bbox 2364 1457 2573 1511; x_wconf 87' lang='lat' dir='ltr'><strong>diversa</strong></span> <span class='ocrx_word' id='word_1_202' title='bbox 2627 1468 2911 1524; x_wconf 68' lang='lat' dir='ltr'><strong>pinnarum</strong></span> <span class='ocrx_word' id='word_1_203' title='bbox 2943 1467 3141 1523; x_wconf 88' lang='lat' dir='ltr'><strong>genera</strong></span> <span class='ocrx_word' id='word_1_204' title='bbox 3191 1451 3487 1523; x_wconf 87' lang='lat' dir='ltr'><strong>allligeret,</strong></span> <span class='ocrx_word' id='word_1_205' title='bbox 3521 1461 3581 1505; x_wconf 91' lang='lat' dir='ltr'><strong>nt</strong></span> <span class='ocrx_word' id='word_1_206' title='bbox 3602 1468 3719 1508; x_wconf 86' lang='lat' dir='ltr'><strong>cor.-</strong></span> 
     </span>
    </p>
   </div>
   <div class='ocr_carea' id='block_1_30' title="bbox 2138 1546 3719 1619">
    <p class='ocr_par' dir='ltr' id='par_1_30' title="bbox 2138 1546 3719 1619">
     <span class='ocr_line' id='line_1_30' title="bbox 2138 1546 3719 1619; baseline 0 -15"><span class='ocrx_word' id='word_1_207' title='bbox 2138 1558 2375 1619; x_wconf 90' lang='lat' dir='ltr'><strong>temptus</strong></span> <span class='ocrx_word' id='word_1_208' title='bbox 2406 1548 2663 1603; x_wconf 87' lang='lat' dir='ltr'><strong>sacerdos</strong></span> <span class='ocrx_word' id='word_1_209' title='bbox 2692 1546 2894 1601; x_wconf 89' lang='lat' dir='ltr'><strong>ultione</strong></span> <span class='ocrx_word' id='word_1_210' title='bbox 2924 1546 3105 1600; x_wconf 83' lang='lat' dir='ltr'><strong>divina</strong></span> <span class='ocrx_word' id='word_1_211' title='bbox 3136 1546 3534 1600; x_wconf 84' lang='lat' dir='ltr'><strong>vindicaretur.</strong></span> <span class='ocrx_word' id='word_1_212' title='bbox 3568 1546 3719 1604; x_wconf 90' lang='lat' dir='ltr'><strong>David</strong></span> 
     </span>
    </p>
   </div>
   <div class='ocr_carea' id='block_1_31' title="bbox 2136 1634 3717 1709">
    <p class='ocr_par' dir='ltr' id='par_1_31' title="bbox 2136 1634 3717 1709">
     <span class='ocr_line' id='line_1_31' title="bbox 2136 1634 3717 1709; baseline -0.001 -13"><span class='ocrx_word' id='word_1_213' title='bbox 2136 1649 2391 1706; x_wconf 88' lang='lat' dir='ltr'><strong>sanctus,</strong></span> <span class='ocrx_word' id='word_1_214' title='bbox 2423 1655 2547 1695; x_wconf 89' lang='lat' dir='ltr'><strong>cum</strong></span> <span class='ocrx_word' id='word_1_215' title='bbox 2575 1654 2726 1694; x_wconf 90' lang='lat' dir='ltr'><strong>oram</strong></span> <span class='ocrx_word' id='word_1_216' title='bbox 2760 1638 3049 1694; x_wconf 88' lang='lat' dir='ltr'><strong>chlamidis</strong></span> <span class='ocrx_word' id='word_1_217' title='bbox 3084 1634 3264 1692; x_wconf 85' lang='lat' dir='ltr'><strong>Saulis</strong></span> <span class='ocrx_word' id='word_1_218' title='bbox 3296 1640 3445 1709; x_wconf 89' lang='lat' dir='ltr'><strong>regis</strong></span> <span class='ocrx_word' id='word_1_219' title='bbox 3473 1639 3717 1709; x_wconf 85' lang='lat' dir='ltr'><strong>pessimi,</strong></span> 
     </span>
    </p>
   </div>
   <div class='ocr_carea' id='block_1_32' title="bbox 2141 1727 3721 1803">
    <p class='ocr_par' dir='ltr' id='par_1_32' title="bbox 2141 1727 3721 1803">
     <span class='ocr_line' id='line_1_32' title="bbox 2141 1727 3721 1803; baseline -0.001 -16"><span class='ocrx_word' id='word_1_220' title='bbox 2141 1733 2295 1803; x_wconf 95' lang='grc'><strong>191</strong></span> <span class='ocrx_word' id='word_1_221' title='bbox 2350 1742 2406 1787; x_wconf 91' lang='lat' dir='ltr'><strong>et</strong></span> <span class='ocrx_word' id='word_1_222' title='bbox 2439 1732 2554 1800; x_wconf 87' lang='lat' dir='ltr'><strong>jam</strong></span> <span class='ocrx_word' id='word_1_223' title='bbox 2586 1731 2639 1785; x_wconf 90' lang='lat' dir='ltr'><strong>in</strong></span> <span class='ocrx_word' id='word_1_224' title='bbox 2685 1731 2778 1785; x_wconf 89' lang='lat' dir='ltr'><strong>Dei</strong></span> <span class='ocrx_word' id='word_1_225' title='bbox 2813 1729 3164 1799; x_wconf 86' lang='lat' dir='ltr'><strong>dispositione</strong></span> <span class='ocrx_word' id='word_1_226' title='bbox 3216 1727 3485 1799; x_wconf 87' lang='lat' dir='ltr'><strong>depositi,</strong></span> <span class='ocrx_word' id='word_1_227' title='bbox 3527 1729 3721 1786; x_wconf 84' lang='lat' dir='ltr'><strong>occulte</strong></span> 
     </span>
    </p>
   </div>
   <div class='ocr_carea' id='block_1_33' title="bbox 451 1809 2024 1919">
    <p class='ocr_par' dir='ltr' id='par_1_33' title="bbox 451 1809 2024 1919">
     <span class='ocr_line' id='line_1_33' title="bbox 451 1809 2024 1919; baseline -0.01 -15"><span class='ocrx_word' id='word_1_228' title='bbox 451 1849 646 1907; x_wconf 73' lang='lat' dir='ltr'><strong>Frater</strong></span> <span class='ocrx_word' id='word_1_229' title='bbox 672 1809 951 1919; x_wconf 62' lang='grc' dir='ltr'><strong>8011⁵τὶάᾶ</strong></span> <span class='ocrx_word' id='word_1_230' title='bbox 960 1809 991 1913; x_wconf 27' lang='grc' dir='ltr'><strong>,ψ</strong></span> <span class='ocrx_word' id='word_1_231' title='bbox 1010 1809 1202 1901; x_wconf 73' lang='lat' dir='ltr'><strong>dilecto</strong></span> <span class='ocrx_word' id='word_1_232' title='bbox 1243 1809 1501 1913; x_wconf 72' lang='lat' dir='ltr'><strong>confratri</strong></span> <span class='ocrx_word' id='word_1_233' title='bbox 1533 1809 1817 1895; x_wconf 49' lang='lat' dir='ltr'><strong>A’mbiardo</strong></span> <span class='ocrx_word' id='word_1_234' title='bbox 1849 1836 2024 1889; x_wconf 84' lang='lat' dir='ltr'><strong>Lemo-</strong></span> 
     </span>
    </p>
   </div>
   <div class='ocr_carea' id='block_1_34' title="bbox 2129 1809 3721 1919">
    <p class='ocr_par' dir='ltr' id='par_1_34' title="bbox 2134 1818 3721 1891">
     <span class='ocr_line' id='line_1_34' title="bbox 2134 1818 3721 1891; baseline 0.001 -17"><span class='ocrx_word' id='word_1_235' title='bbox 2134 1822 2485 1885; x_wconf 86' lang='lat' dir='ltr'><strong>abscidisset,</strong></span> <span class='ocrx_word' id='word_1_236' title='bbox 2536 1820 2679 1891; x_wconf 90' lang='lat' dir='ltr'><strong>quod</strong></span> <span class='ocrx_word' id='word_1_237' title='bbox 2737 1818 2938 1874; x_wconf 83' lang='lat' dir='ltr'><strong>factum</strong></span> <span class='ocrx_word' id='word_1_238' title='bbox 2985 1818 3360 1888; x_wconf 89' lang='lat' dir='ltr'><strong>parvissimam</strong></span> <span class='ocrx_word' id='word_1_239' title='bbox 3408 1828 3600 1874; x_wconf 82' lang='lat' dir='ltr'><strong>contra</strong></span> <span class='ocrx_word' id='word_1_240' title='bbox 3643 1819 3721 1875; x_wconf 85' lang='lat' dir='ltr'><strong>do-</strong></span> 
     </span>
    </p>
   </div>
   <div class='ocr_carea' id='block_1_35' title="bbox 519 1929 2028 2010">
    <p class='ocr_par' dir='ltr' id='par_1_35' title="bbox 519 1929 2028 2010">
     <span class='ocr_line' id='line_1_35' title="bbox 519 1929 2028 2010; baseline -0.011 -13"><span class='ocrx_word' id='word_1_241' title='bbox 519 1944 712 1997; x_wconf 72' lang='lat' dir='ltr'><strong>ricensi</strong></span> <span class='ocrx_word' id='word_1_242' title='bbox 750 1940 926 1995; x_wconf 81' lang='lat' dir='ltr'><strong>abbati</strong></span> <span class='ocrx_word' id='word_1_243' title='bbox 967 1938 1095 2010; x_wconf 83' lang='grc'><strong>(509</strong></span> <span class='ocrx_word' id='word_1_244' title='bbox 1113 1938 1190 2007; x_wconf 53' lang='grc'><strong>4),</strong></span> <span class='ocrx_word' id='word_1_245' title='bbox 1230 1937 1304 1991; x_wconf 87' lang='lat' dir='ltr'><strong>sic</strong></span> <span class='ocrx_word' id='word_1_246' title='bbox 1341 1936 1532 2005; x_wconf 75' lang='lat' dir='ltr'><strong>fratres</strong></span> <span class='ocrx_word' id='word_1_247' title='bbox 1578 1929 1673 1986; x_wconf 89' lang='lat' dir='ltr'><strong>tibi</strong></span> <span class='ocrx_word' id='word_1_248' title='bbox 1728 1929 2028 1984; x_wconf 79' lang='lat' dir='ltr'><strong>commissos</strong></span> 
     </span>
    </p>
   </div>
   <div class='ocr_carea' id='block_1_36' title="bbox 517 2026 1765 2102">
    <p class='ocr_par' dir='ltr' id='par_1_36' title="bbox 517 2026 1765 2102">
     <span class='ocr_line' id='line_1_36' title="bbox 517 2026 1765 2102; baseline -0.008 -16"><span class='ocrx_word' id='word_1_249' title='bbox 517 2033 736 2102; x_wconf 83' lang='lat' dir='ltr'><strong>diligere</strong></span> <span class='ocrx_word' id='word_1_250' title='bbox 757 2074 770 2095; x_wconf 90' lang='lat'><strong>,</strong></span> <span class='ocrx_word' id='word_1_251' title='bbox 807 2047 870 2085; x_wconf 90' lang='lat' dir='ltr'><strong>ne</strong></span> <span class='ocrx_word' id='word_1_252' title='bbox 891 2048 923 2085; x_wconf 92' lang='lat' dir='ltr'><strong>a</strong></span> <span class='ocrx_word' id='word_1_253' title='bbox 948 2041 998 2085; x_wconf 84' lang='lat' dir='ltr'><strong>te</strong></span> <span class='ocrx_word' id='word_1_254' title='bbox 1021 2045 1198 2084; x_wconf 86' lang='lat' dir='ltr'><strong>eorum</strong></span> <span class='ocrx_word' id='word_1_255' title='bbox 1226 2026 1515 2097; x_wconf 82' lang='lat' dir='ltr'><strong>diligantur</strong></span> <span class='ocrx_word' id='word_1_256' title='bbox 1542 2038 1765 2079; x_wconf 86' lang='lat' dir='ltr'><strong>errores.</strong></span> 
     </span>
    </p>
   </div>
   <div class='ocr_carea' id='block_1_37' title="bbox 520 2114 2031 2191">
    <p class='ocr_par' dir='ltr' id='par_1_37' title="bbox 520 2114 2031 2191">
     <span class='ocr_line' id='line_1_37' title="bbox 520 2114 2031 2191; baseline -0.011 -9"><span class='ocrx_word' id='word_1_257' title='bbox 520 2126 777 2182; x_wconf 83' lang='lat' dir='ltr'><strong>Perlectis</strong></span> <span class='ocrx_word' id='word_1_258' title='bbox 816 2124 1014 2180; x_wconf 89' lang='lat' dir='ltr'><strong>litteris</strong></span> <span class='ocrx_word' id='word_1_259' title='bbox 1059 2123 1203 2187; x_wconf 88' lang='lat' dir='ltr'><strong>tuis,</strong></span> <span class='ocrx_word' id='word_1_260' title='bbox 1248 2120 1447 2191; x_wconf 86' lang='lat' dir='ltr'><strong>quibus</strong></span> <span class='ocrx_word' id='word_1_261' title='bbox 1486 2118 1552 2173; x_wconf 91' lang='lat' dir='ltr'><strong>de</strong></span> <span class='ocrx_word' id='word_1_262' title='bbox 1617 2114 1882 2171; x_wconf 87' lang='lat' dir='ltr'><strong>monacho</strong></span> <span class='ocrx_word' id='word_1_263' title='bbox 1939 2121 2031 2166; x_wconf 91' lang='lat' dir='ltr'><strong>tuo</strong></span> 
     </span>
    </p>
   </div>
   <div class='ocr_carea' id='block_1_38' title="bbox 444 2205 2030 2290">
    <p class='ocr_par' dir='ltr' id='par_1_38' title="bbox 444 2205 2030 2290">
     <span class='ocr_line' id='line_1_38' title="bbox 444 2205 2030 2290; baseline -0.009 -17"><span class='ocrx_word' id='word_1_264' title='bbox 444 2228 777 2290; x_wconf 80' lang='lat' dir='ltr'><strong>conquestus</strong></span> <span class='ocrx_word' id='word_1_265' title='bbox 803 2233 864 2273; x_wconf 89' lang='lat' dir='ltr'><strong>es</strong></span> <span class='ocrx_word' id='word_1_266' title='bbox 881 2260 896 2282; x_wconf 92' lang='lat'><strong>,</strong></span> <span class='ocrx_word' id='word_1_267' title='bbox 922 2218 1243 2288; x_wconf 80' lang='lat' dir='ltr'><strong>agnovimus</strong></span> <span class='ocrx_word' id='word_1_268' title='bbox 1270 2213 1412 2283; x_wconf 85' lang='lat' dir='ltr'><strong>quod</strong></span> <span class='ocrx_word' id='word_1_269' title='bbox 1450 2211 1737 2265; x_wconf 85' lang='lat' dir='ltr'><strong>immemor</strong></span> <span class='ocrx_word' id='word_1_270' title='bbox 1776 2205 2030 2261; x_wconf 88' lang='lat' dir='ltr'><strong>ecclesia-</strong></span> 
     </span>
    </p>
   </div>
   <div class='ocr_carea' id='block_1_39' title="bbox 346 2290 2026 2379">
    <p class='ocr_par' dir='ltr' id='par_1_39' title="bbox 346 2290 2026 2379">
     <span class='ocr_line' id='line_1_39' title="bbox 346 2290 2026 2379; baseline -0.008 -15"><span class='ocrx_word' id='word_1_271' title='bbox 346 2290 373 2364; x_wconf 50' lang='grc'><strong>⁸.</strong></span> <span class='ocrx_word' id='word_1_272' title='bbox 450 2313 571 2366; x_wconf 82' lang='lat' dir='ltr'><strong>stici</strong></span> <span class='ocrx_word' id='word_1_273' title='bbox 605 2311 828 2379; x_wconf 73' lang='lat' dir='ltr'><strong>vigoris,</strong></span> <span class='ocrx_word' id='word_1_274' title='bbox 871 2319 927 2365; x_wconf 90' lang='lat' dir='ltr'><strong>et</strong></span> <span class='ocrx_word' id='word_1_275' title='bbox 961 2308 1211 2372; x_wconf 78' lang='lat' dir='ltr'><strong>honoris,</strong></span> <span class='ocrx_word' id='word_1_276' title='bbox 1251 2314 1308 2361; x_wconf 89' lang='lat' dir='ltr'><strong>et</strong></span> <span class='ocrx_word' id='word_1_277' title='bbox 1348 2301 1509 2360; x_wconf 88' lang='lat' dir='ltr'><strong>olIicii</strong></span> <span class='ocrx_word' id='word_1_278' title='bbox 1534 2317 1597 2356; x_wconf 88' lang='lat' dir='ltr'><strong>ac</strong></span> <span class='ocrx_word' id='word_1_279' title='bbox 1619 2297 1905 2354; x_wconf 91' lang='lat' dir='ltr'><strong>ministerii</strong></span> <span class='ocrx_word' id='word_1_280' title='bbox 1946 2295 2026 2351; x_wconf 93' lang='lat' dir='ltr'><strong>sui</strong></span> 
     </span>
    </p>
   </div>
   <div class='ocr_carea' id='block_1_40' title="bbox 447 2394 2032 2470">
    <p class='ocr_par' dir='ltr' id='par_1_40' title="bbox 447 2394 2032 2470">
     <span class='ocr_line' id='line_1_40' title="bbox 447 2394 2032 2470; baseline -0.008 -16"><span class='ocrx_word' id='word_1_281' title='bbox 447 2403 682 2468; x_wconf 59' lang='lat' dir='ltr'><strong>oblitus,</strong></span> <span class='ocrx_word' id='word_1_282' title='bbox 728 2402 925 2470; x_wconf 65' lang='lat' dir='ltr'><strong>lingua!</strong></span> <span class='ocrx_word' id='word_1_283' title='bbox 970 2398 1172 2454; x_wconf 84' lang='lat' dir='ltr'><strong>aculeis</strong></span> <span class='ocrx_word' id='word_1_284' title='bbox 1214 2406 1266 2452; x_wconf 88' lang='lat' dir='ltr'><strong>te</strong></span> <span class='ocrx_word' id='word_1_285' title='bbox 1307 2394 1645 2450; x_wconf 79' lang='lat' dir='ltr'><strong>exacerbare</strong></span> <span class='ocrx_word' id='word_1_286' title='bbox 1675 2402 2032 2458; x_wconf 72' lang='lat' dir='ltr'><strong>prmsumpsc-</strong></span> 
     </span>
    </p>
   </div>
   <div class='ocr_carea' id='block_1_41' title="bbox 449 2481 2028 2564">
    <p class='ocr_par' dir='ltr' id='par_1_41' title="bbox 449 2481 2028 2564">
     <span class='ocr_line' id='line_1_41' title="bbox 449 2481 2028 2564; baseline -0.008 -18"><span class='ocrx_word' id='word_1_287' title='bbox 449 2496 542 2547; x_wconf 82' lang='lat' dir='ltr'><strong>rit.</strong></span> <span class='ocrx_word' id='word_1_288' title='bbox 575 2494 777 2564; x_wconf 83' lang='lat' dir='ltr'><strong>Lingua</strong></span> <span class='ocrx_word' id='word_1_289' title='bbox 808 2490 1021 2560; x_wconf 86' lang='lat' dir='ltr'><strong>quidem</strong></span> <span class='ocrx_word' id='word_1_290' title='bbox 1051 2489 1346 2545; x_wconf 89' lang='lat' dir='ltr'><strong>secundum</strong></span> <span class='ocrx_word' id='word_1_291' title='bbox 1392 2486 1680 2546; x_wconf 70' lang='lat' dir='ltr'><strong>Iacobum,</strong></span> <span class='ocrx_word' id='word_1_292' title='bbox 1730 2481 2028 2551; x_wconf 88' lang='lat' dir='ltr'><strong>inquietum</strong></span> 
     </span>
    </p>
   </div>
   <div class='ocr_carea' id='block_1_42' title="bbox 449 2577 2029 2651">
    <p class='ocr_par' dir='ltr' id='par_1_42' title="bbox 449 2577 2029 2651">
     <span class='ocr_line' id='line_1_42' title="bbox 449 2577 2029 2651; baseline -0.008 -12"><span class='ocrx_word' id='word_1_293' title='bbox 449 2585 649 2641; x_wconf 87' lang='lat' dir='ltr'><strong>malum</strong></span> <span class='ocrx_word' id='word_1_294' title='bbox 681 2592 796 2651; x_wconf 90' lang='lat' dir='ltr'><strong>est,</strong></span> <span class='ocrx_word' id='word_1_295' title='bbox 848 2583 1228 2651; x_wconf 86' lang='lat' dir='ltr'><strong>modicumque</strong></span> <span class='ocrx_word' id='word_1_296' title='bbox 1269 2579 1566 2635; x_wconf 75' lang='lat' dir='ltr'><strong>membrum</strong></span> <span class='ocrx_word' id='word_1_297' title='bbox 1589 2618 1604 2641; x_wconf 93' lang='lat'><strong>,</strong></span> <span class='ocrx_word' id='word_1_298' title='bbox 1656 2577 1748 2631; x_wconf 87' lang='lat' dir='ltr'><strong>sed</strong></span> <span class='ocrx_word' id='word_1_299' title='bbox 1780 2590 2029 2645; x_wconf 84' lang='lat' dir='ltr'><strong>magnam</strong></span> 
     </span>
    </p>
   </div>
   <div class='ocr_carea' id='block_1_43' title="bbox 447 2666 2028 2741">
    <p class='ocr_par' dir='ltr' id='par_1_43' title="bbox 447 2666 2028 2741">
     <span class='ocr_line' id='line_1_43' title="bbox 447 2666 2028 2741; baseline -0.008 -12"><span class='ocrx_word' id='word_1_300' title='bbox 447 2676 640 2729; x_wconf 88' lang='lat' dir='ltr'><strong>silvam</strong></span> <span class='ocrx_word' id='word_1_301' title='bbox 665 2675 933 2738; x_wconf 88' lang='lat' dir='ltr'><strong>incendit,</strong></span> <span class='ocrx_word' id='word_1_302' title='bbox 958 2673 1082 2741; x_wconf 89' lang='lat' dir='ltr'><strong>quia</strong></span> <span class='ocrx_word' id='word_1_303' title='bbox 1112 2673 1302 2725; x_wconf 75' lang='lat' dir='ltr'><strong>anima:</strong></span> <span class='ocrx_word' id='word_1_304' title='bbox 1327 2678 1381 2724; x_wconf 90' lang='lat' dir='ltr'><strong>et</strong></span> <span class='ocrx_word' id='word_1_305' title='bbox 1407 2670 1650 2737; x_wconf 89' lang='lat' dir='ltr'><strong>corporis</strong></span> <span class='ocrx_word' id='word_1_306' title='bbox 1675 2666 2028 2721; x_wconf 86' lang='lat' dir='ltr'><strong>substantiam</strong></span> 
     </span>
    </p>
   </div>
   <div class='ocr_carea' id='block_1_44' title="bbox 445 2756 2030 2835">
    <p class='ocr_par' dir='ltr' id='par_1_44' title="bbox 445 2756 2030 2835">
     <span class='ocr_line' id='line_1_44' title="bbox 445 2756 2030 2835; baseline -0.008 -13"><span class='ocrx_word' id='word_1_307' title='bbox 445 2767 646 2835; x_wconf 84' lang='lat' dir='ltr'><strong>perdit.</strong></span> <span class='ocrx_word' id='word_1_308' title='bbox 678 2764 885 2835; x_wconf 89' lang='lat' dir='ltr'><strong>Lingua</strong></span> <span class='ocrx_word' id='word_1_309' title='bbox 921 2765 1057 2834; x_wconf 86' lang='lat' dir='ltr'><strong>ignis</strong></span> <span class='ocrx_word' id='word_1_310' title='bbox 1078 2773 1163 2817; x_wconf 87' lang='lat' dir='ltr'><strong>est</strong></span> <span class='ocrx_word' id='word_1_311' title='bbox 1184 2803 1199 2826; x_wconf 91' lang='lat'><strong>,</strong></span> <span class='ocrx_word' id='word_1_312' title='bbox 1229 2770 1282 2816; x_wconf 89' lang='lat' dir='ltr'><strong>ct</strong></span> <span class='ocrx_word' id='word_1_313' title='bbox 1311 2763 1363 2815; x_wconf 91' lang='lat' dir='ltr'><strong>in</strong></span> <span class='ocrx_word' id='word_1_314' title='bbox 1386 2775 1448 2815; x_wconf 89' lang='lat' dir='ltr'><strong>ea</strong></span> <span class='ocrx_word' id='word_1_315' title='bbox 1483 2758 1808 2814; x_wconf 82' lang='lat' dir='ltr'><strong>universitas</strong></span> <span class='ocrx_word' id='word_1_316' title='bbox 1834 2756 2030 2826; x_wconf 84' lang='lat' dir='ltr'><strong>iniqui-</strong></span> 
     </span>
    </p>
   </div>
   <div class='ocr_carea' id='block_1_45' title="bbox 450 2849 2028 2925">
    <p class='ocr_par' dir='ltr' id='par_1_45' title="bbox 450 2849 2028 2925">
     <span class='ocr_line' id='line_1_45' title="bbox 450 2849 2028 2925; baseline -0.006 -13"><span class='ocrx_word' id='word_1_317' title='bbox 450 2857 577 2912; x_wconf 83' lang='lat' dir='ltr'><strong>tatis</strong></span> <span class='ocrx_word' id='word_1_318' title='bbox 626 2857 877 2912; x_wconf 81' lang='lat' dir='ltr'><strong>consistit</strong></span> <span class='ocrx_word' id='word_1_319' title='bbox 905 2853 1059 2925; x_wconf 83' lang='lat' dir='ltr'><strong>(Jac.</strong></span> <span class='ocrx_word' id='word_1_320' title='bbox 1115 2870 1206 2918; x_wconf 81' lang='lat' dir='ltr'><strong>xl,</strong></span> <span class='ocrx_word' id='word_1_321' title='bbox 1239 2853 1377 2921; x_wconf 79' lang='lat'><strong>5-8).</strong></span> <span class='ocrx_word' id='word_1_322' title='bbox 1430 2851 1638 2921; x_wconf 84' lang='lat' dir='ltr'><strong>Lingua</strong></span> <span class='ocrx_word' id='word_1_323' title='bbox 1667 2849 1878 2920; x_wconf 86' lang='lat' dir='ltr'><strong>gladius</strong></span> <span class='ocrx_word' id='word_1_324' title='bbox 1923 2857 2028 2914; x_wconf 90' lang='lat' dir='ltr'><strong>est,</strong></span> 
     </span>
    </p>
   </div>
   <div class='ocr_carea' id='block_1_46' title="bbox 442 2942 2031 3017">
    <p class='ocr_par' dir='ltr' id='par_1_46' title="bbox 442 2942 2031 3017">
     <span class='ocr_line' id='line_1_46' title="bbox 442 2942 2031 3017; baseline -0.004 -15"><span class='ocrx_word' id='word_1_325' title='bbox 442 2965 553 3017; x_wconf 84' lang='lat' dir='ltr'><strong>quo</strong></span> <span class='ocrx_word' id='word_1_326' title='bbox 581 2949 841 3010; x_wconf 88' lang='lat' dir='ltr'><strong>Conditor</strong></span> <span class='ocrx_word' id='word_1_327' title='bbox 886 2957 940 3002; x_wconf 90' lang='lat' dir='ltr'><strong>et</strong></span> <span class='ocrx_word' id='word_1_328' title='bbox 990 2946 1319 3016; x_wconf 79' lang='lat' dir='ltr'><strong>Redemptor</strong></span> <span class='ocrx_word' id='word_1_329' title='bbox 1352 2953 1536 2999; x_wconf 90' lang='lat' dir='ltr'><strong>noster</strong></span> <span class='ocrx_word' id='word_1_330' title='bbox 1565 2960 1593 2998; x_wconf 87' lang='lat' dir='ltr'><strong>a</strong></span> <span class='ocrx_word' id='word_1_331' title='bbox 1626 2942 1826 2997; x_wconf 73' lang='lat' dir='ltr'><strong>.ludzeis</strong></span> <span class='ocrx_word' id='word_1_332' title='bbox 1866 2942 2031 2996; x_wconf 89' lang='lat' dir='ltr'><strong>inter-</strong></span> 
     </span>
    </p>
   </div>
   <div class='ocr_carea' id='block_1_47' title="bbox 443 3033 2032 3105">
    <p class='ocr_par' dir='ltr' id='par_1_47' title="bbox 443 3033 2032 3105">
     <span class='ocr_line' id='line_1_47' title="bbox 443 3033 2032 3105; baseline -0.006 -8"><span class='ocrx_word' id='word_1_333' title='bbox 443 3043 621 3097; x_wconf 75' lang='lat' dir='ltr'><strong>fectus</strong></span> <span class='ocrx_word' id='word_1_334' title='bbox 661 3041 905 3095; x_wconf 81' lang='lat' dir='ltr'><strong>noscitur</strong></span> <span class='ocrx_word' id='word_1_335' title='bbox 927 3081 941 3105; x_wconf 90' lang='lat'><strong>,</strong></span> <span class='ocrx_word' id='word_1_336' title='bbox 982 3054 1082 3094; x_wconf 87' lang='lat' dir='ltr'><strong>nec</strong></span> <span class='ocrx_word' id='word_1_337' title='bbox 1112 3038 1216 3091; x_wconf 90' lang='lat' dir='ltr'><strong>illis</strong></span> <span class='ocrx_word' id='word_1_338' title='bbox 1259 3044 1464 3091; x_wconf 86' lang='lat' dir='ltr'><strong>tantum</strong></span> <span class='ocrx_word' id='word_1_339' title='bbox 1490 3037 1580 3105; x_wconf 91' lang='lat' dir='ltr'><strong>qui</strong></span> <span class='ocrx_word' id='word_1_340' title='bbox 1612 3035 1884 3090; x_wconf 83' lang='lat' dir='ltr'><strong>Christum</strong></span> <span class='ocrx_word' id='word_1_341' title='bbox 1917 3033 2032 3104; x_wconf 82' lang='lat' dir='ltr'><strong>gla-</strong></span> 
     </span>
    </p>
   </div>
   <div class='ocr_carea' id='block_1_48' title="bbox 442 3126 3718 3267">
    <p class='ocr_par' dir='ltr' id='par_1_48' title="bbox 442 3126 3718 3267">
     <span class='ocr_line' id='line_1_48' title="bbox 442 3126 3712 3214; baseline -0.002 -52"><span class='ocrx_word' id='word_1_342' title='bbox 442 3134 532 3207; x_wconf 60' lang='lat' dir='ltr'><strong>dio</strong></span> <span class='ocrx_word' id='word_1_343' title='bbox 569 3133 697 3188; x_wconf 61' lang='lat' dir='ltr'><strong>ferri</strong></span> <span class='ocrx_word' id='word_1_344' title='bbox 721 3174 735 3197; x_wconf 58' lang='lat'><strong>’</strong></span> <span class='ocrx_word' id='word_1_345' title='bbox 772 3140 1035 3201; x_wconf 61' lang='lat' dir='ltr'><strong>quaan</strong></span> <span class='ocrx_word' id='word_1_346' title='bbox 1073 3129 1178 3182; x_wconf 62' lang='lat' dir='ltr'><strong>mis</strong></span> <span class='ocrx_word' id='word_1_347' title='bbox 1207 3128 1298 3197; x_wconf 63' lang='lat' dir='ltr'><strong>qui</strong></span> <span class='ocrx_word' id='word_1_348' title='bbox 1326 3142 1446 3182; x_wconf 73' lang='lat' dir='ltr'><strong>eum</strong></span> <span class='ocrx_word' id='word_1_349' title='bbox 1489 3126 1666 3198; x_wconf 61' lang='lat' dir='ltr'><strong>gladio</strong></span> <span class='ocrx_word' id='word_1_350' title='bbox 1697 3126 1843 3181; x_wconf 57' lang='lat' dir='ltr'><strong>verbi</strong></span> <span class='ocrx_word' id='word_1_351' title='bbox 1877 3140 2030 3196; x_wconf 58' lang='grc' dir='ltr'><strong>βενε,</strong></span> <span class='ocrx_word' id='word_1_352' title='bbox 2056 3157 2099 3214; x_wconf 59' lang='grc' dir='ltr'>Γ</span> <span class='ocrx_word' id='word_1_353' title='bbox 2133 3126 2439 3159; x_wconf 71' lang='lat' dir='ltr'><strong>te&#39;att&#39;t’mw,r</strong></span> <span class='ocrx_word' id='word_1_354' title='bbox 2468 3126 2621 3169; x_wconf 55' lang='grc' dir='ltr'><strong>(εισι.</strong></span> <span class='ocrx_word' id='word_1_355' title='bbox 2654 3126 2824 3171; x_wconf 77' lang='lat' dir='ltr'><strong>xxm,</strong></span> <span class='ocrx_word' id='word_1_356' title='bbox 2858 3126 2926 3176; x_wconf 68' lang='lat'><strong>4)</strong></span> <span class='ocrx_word' id='word_1_357' title='bbox 2957 3126 3142 3159; x_wconf 78' lang='lat' dir='ltr'><strong>sutum</strong></span> <span class='ocrx_word' id='word_1_358' title='bbox 3196 3126 3411 3170; x_wconf 82' lang='lat' dir='ltr'><strong>cmpnut</strong></span> <span class='ocrx_word' id='word_1_359' title='bbox 3465 3126 3667 3174; x_wconf 79' lang='lat' dir='ltr'><strong>agnum</strong></span> <span class='ocrx_word' id='word_1_360' title='bbox 3699 3126 3712 3155; x_wconf 87' lang='lat'><strong>;</strong></span> 
     </span>
     <span class='ocr_line' id='line_1_49' title="bbox 443 3193 3718 3267; baseline -0.001 0"><span class='ocrx_word' id='word_1_361' title='bbox 443 3235 657 3267; x_wconf 71' lang='grc' dir='ltr'>ιηρνιιηι</span> <span class='ocrx_word' id='word_1_362' title='bbox 689 3265 698 3267; x_wconf 27' lang='grc' dir='ltr'><strong>Α</strong></span> <span class='ocrx_word' id='word_1_363' title='bbox 736 3239 887 3267; x_wconf 70' lang='grc' dir='ltr'><strong>ιηηΓς</strong></span> <span class='ocrx_word' id='word_1_364' title='bbox 940 3221 1136 3267; x_wconf 70' lang='lat' dir='ltr'><strong>Christi</strong></span> <span class='ocrx_word' id='word_1_365' title='bbox 1192 3221 1501 3267; x_wconf 70' lang='lat' dir='ltr'><strong>damnatur.</strong></span> <span class='ocrx_word' id='word_1_366' title='bbox 1537 3219 1788 3267; x_wconf 78' lang='lat' dir='ltr'><strong>Christus</strong></span> <span class='ocrx_word' id='word_1_367' title='bbox 1823 3219 1936 3267; x_wconf 85' lang='lat' dir='ltr'><strong>inse</strong></span> <span class='ocrx_word' id='word_1_368' title='bbox 1975 3218 2027 3267; x_wconf 92' lang='lat' dir='ltr'><strong>in</strong></span> <span class='ocrx_word' id='word_1_369' title='bbox 2082 3200 2098 3217; x_wconf 42' lang='grc' dir='ltr'><strong><em>Δ</em></strong></span> <span class='ocrx_word' id='word_1_370' title='bbox 2132 3204 2187 3251; x_wconf 64' lang='grc' dir='ltr'><strong>οι</strong></span> <span class='ocrx_word' id='word_1_371' title='bbox 2231 3196 2357 3267; x_wconf 68' lang='lat' dir='ltr'><strong>quia</strong></span> <span class='ocrx_word' id='word_1_372' title='bbox 2389 3210 2587 3249; x_wconf 64' lang='lat' dir='ltr'><strong>noxam</strong></span> <span class='ocrx_word' id='word_1_373' title='bbox 2621 3210 2685 3250; x_wconf 61' lang='lat' dir='ltr'><strong>ex</strong></span> <span class='ocrx_word' id='word_1_374' title='bbox 2731 3196 3041 3267; x_wconf 54' lang='lat' dir='ltr'><strong>ignorantia</strong></span> <span class='ocrx_word' id='word_1_375' title='bbox 3069 3196 3442 3257; x_wconf 60' lang='lat' dir='ltr'><strong>canlmxerilv</strong></span> <span class='ocrx_word' id='word_1_376' title='bbox 3500 3193 3718 3248; x_wconf 56' lang='lat' dir='ltr'><strong>assem“</strong></span> 
     </span>
    </p>
   </div>
   <div class='ocr_carea' id='block_1_49' title="bbox 2466 3231 3442 3257">
    <p class='ocr_par' dir='ltr' id='par_1_49' title="bbox 2466 3231 3442 3257">
     <span class='ocr_line' id='line_1_50' title="bbox 2466 3231 3442 3257; baseline 0 -10"><span class='ocrx_word' id='word_1_377' title='bbox 2466 3231 2587 3249; x_wconf 68' lang='grc' dir='ltr'>,ιαιιι</span> <span class='ocrx_word' id='word_1_378' title='bbox 2621 3231 2685 3250; x_wconf 62' lang='grc' dir='ltr'><strong>υΛ</strong></span> <span class='ocrx_word' id='word_1_379' title='bbox 2732 3231 3041 3257; x_wconf 61' lang='grc' dir='ltr'>ιῇιιυιιιιιιιιι</span> <span class='ocrx_word' id='word_1_380' title='bbox 3069 3231 3405 3250; x_wconf 64' lang='grc' dir='ltr'>ιουιιιιιυιυιιι</span> <span class='ocrx_word' id='word_1_381' title='bbox 3425 3235 3442 3257; x_wconf 56' lang='grc' dir='ltr'><strong>θ</strong></span> 
     </span>
    </p>
   </div>
   <div class='ocr_carea' id='block_1_50' title="bbox 443 3218 2027 3291">
    <p class='ocr_par' dir='ltr' id='par_1_50' title="bbox 443 3218 2027 3291">
     <span class='ocr_line' id='line_1_51' title="bbox 443 3218 2027 3291; baseline -0.005 -12"><span class='ocrx_word' id='word_1_382' title='bbox 443 3235 662 3281; x_wconf 89' lang='lat' dir='ltr'><strong>merunt</strong></span> <span class='ocrx_word' id='word_1_383' title='bbox 686 3265 701 3290; x_wconf 93' lang='lat'><strong>,</strong></span> <span class='ocrx_word' id='word_1_384' title='bbox 736 3239 887 3279; x_wconf 88' lang='lat' dir='ltr'><strong>mors</strong></span> <span class='ocrx_word' id='word_1_385' title='bbox 940 3221 1136 3278; x_wconf 89' lang='lat' dir='ltr'><strong>Christi</strong></span> <span class='ocrx_word' id='word_1_386' title='bbox 1192 3221 1501 3291; x_wconf 89' lang='lat' dir='ltr'><strong>deputatur.</strong></span> <span class='ocrx_word' id='word_1_387' title='bbox 1537 3219 1788 3275; x_wconf 90' lang='lat' dir='ltr'><strong>Christus</strong></span> <span class='ocrx_word' id='word_1_388' title='bbox 1823 3219 1936 3287; x_wconf 89' lang='lat' dir='ltr'><strong>ipse</strong></span> <span class='ocrx_word' id='word_1_389' title='bbox 1975 3218 2027 3272; x_wconf 91' lang='lat' dir='ltr'><strong>in</strong></span> 
     </span>
    </p>
   </div>
   <div class='ocr_carea' id='block_1_51' title="bbox 441 3310 2026 3384">
    <p class='ocr_par' dir='ltr' id='par_1_51' title="bbox 441 3310 2026 3384">
     <span class='ocr_line' id='line_1_52' title="bbox 441 3310 2026 3384; baseline -0.004 -16"><span class='ocrx_word' id='word_1_390' title='bbox 441 3330 602 3371; x_wconf 82' lang='lat' dir='ltr'><strong>cruce</strong></span> <span class='ocrx_word' id='word_1_391' title='bbox 642 3315 756 3383; x_wconf 90' lang='lat' dir='ltr'><strong>jam</strong></span> <span class='ocrx_word' id='word_1_392' title='bbox 792 3315 1000 3384; x_wconf 89' lang='lat' dir='ltr'><strong>positus</strong></span> <span class='ocrx_word' id='word_1_393' title='bbox 1036 3329 1133 3384; x_wconf 89' lang='lat' dir='ltr'><strong>pro</strong></span> <span class='ocrx_word' id='word_1_394' title='bbox 1164 3312 1267 3366; x_wconf 90' lang='lat' dir='ltr'><strong>illis</strong></span> <span class='ocrx_word' id='word_1_395' title='bbox 1297 3313 1476 3381; x_wconf 88' lang='lat' dir='ltr'><strong>potius</strong></span> <span class='ocrx_word' id='word_1_396' title='bbox 1521 3312 1731 3375; x_wconf 88' lang='lat' dir='ltr'><strong>oravit,</strong></span> <span class='ocrx_word' id='word_1_397' title='bbox 1785 3310 1875 3379; x_wconf 89' lang='lat' dir='ltr'><strong>qui</strong></span> <span class='ocrx_word' id='word_1_398' title='bbox 1905 3324 2026 3363; x_wconf 90' lang='lat' dir='ltr'><strong>cum</strong></span> 
     </span>
    </p>
   </div>
   <div class='ocr_carea' id='block_1_52' title="bbox 441 3402 2025 3477">
    <p class='ocr_par' dir='ltr' id='par_1_52' title="bbox 441 3402 2025 3477">
     <span class='ocr_line' id='line_1_53' title="bbox 441 3402 2025 3477; baseline -0.003 -16"><span class='ocrx_word' id='word_1_399' title='bbox 441 3408 618 3474; x_wconf 82' lang='lat' dir='ltr'><strong>gladio</strong></span> <span class='ocrx_word' id='word_1_400' title='bbox 672 3406 803 3461; x_wconf 81' lang='lat' dir='ltr'><strong>feni</strong></span> <span class='ocrx_word' id='word_1_401' title='bbox 853 3414 1225 3477; x_wconf 83' lang='lat' dir='ltr'><strong>pupugerunt,</strong></span> <span class='ocrx_word' id='word_1_402' title='bbox 1262 3404 1422 3475; x_wconf 81' lang='grc'><strong>190</strong></span> <span class='ocrx_word' id='word_1_403' title='bbox 1449 3421 1552 3460; x_wconf 93' lang='lat' dir='ltr'><strong>non</strong></span> <span class='ocrx_word' id='word_1_404' title='bbox 1606 3419 1702 3471; x_wconf 90' lang='lat' dir='ltr'><strong>pro</strong></span> <span class='ocrx_word' id='word_1_405' title='bbox 1737 3403 1874 3466; x_wconf 89' lang='lat' dir='ltr'><strong>illis,</strong></span> <span class='ocrx_word' id='word_1_406' title='bbox 1935 3402 2025 3471; x_wconf 87' lang='lat' dir='ltr'><strong>qui</strong></span> 
     </span>
    </p>
   </div>
   <div class='ocr_carea' id='block_1_53' title="bbox 438 3493 2023 3569">
    <p class='ocr_par' dir='ltr' id='par_1_53' title="bbox 438 3493 2023 3569">
     <span class='ocr_line' id='line_1_54' title="bbox 438 3493 2023 3569; baseline -0.003 -20"><span class='ocrx_word' id='word_1_407' title='bbox 438 3514 562 3553; x_wconf 86' lang='lat' dir='ltr'><strong>enm</strong></span> <span class='ocrx_word' id='word_1_408' title='bbox 587 3499 766 3569; x_wconf 85' lang='lat' dir='ltr'><strong>gladio</strong></span> <span class='ocrx_word' id='word_1_409' title='bbox 796 3498 943 3552; x_wconf 89' lang='lat' dir='ltr'><strong>verbi</strong></span> <span class='ocrx_word' id='word_1_410' title='bbox 995 3498 1330 3553; x_wconf 86' lang='lat' dir='ltr'><strong>occiderunt.</strong></span> <span class='ocrx_word' id='word_1_411' title='bbox 1372 3496 1428 3550; x_wconf 86' lang='lat' dir='ltr'><strong>Si</strong></span> <span class='ocrx_word' id='word_1_412' title='bbox 1475 3494 1640 3564; x_wconf 87' lang='lat' dir='ltr'><strong>igitur</strong></span> <span class='ocrx_word' id='word_1_413' title='bbox 1668 3493 1864 3563; x_wconf 62' lang='lat' dir='ltr'><strong>lingua:</strong></span> <span class='ocrx_word' id='word_1_414' title='bbox 1899 3507 2023 3561; x_wconf 83' lang='lat' dir='ltr'><strong>per-</strong></span> 
     </span>
    </p>
   </div>
   <div class='ocr_carea' id='block_1_54' title="bbox 444 3581 2025 3655">
    <p class='ocr_par' dir='ltr' id='par_1_54' title="bbox 444 3581 2025 3655">
     <span class='ocr_line' id='line_1_55' title="bbox 444 3581 2025 3655; baseline -0.003 -16"><span class='ocrx_word' id='word_1_415' title='bbox 444 3589 677 3644; x_wconf 81' lang='lat' dir='ltr'><strong>versitas</strong></span> <span class='ocrx_word' id='word_1_416' title='bbox 707 3604 815 3642; x_wconf 90' lang='lat' dir='ltr'><strong>non</strong></span> <span class='ocrx_word' id='word_1_417' title='bbox 866 3586 1247 3655; x_wconf 80' lang='lat' dir='ltr'><strong>restringitur,</strong></span> <span class='ocrx_word' id='word_1_418' title='bbox 1279 3600 1383 3638; x_wconf 89' lang='lat' dir='ltr'><strong>non</strong></span> <span class='ocrx_word' id='word_1_419' title='bbox 1423 3583 1648 3637; x_wconf 87' lang='lat' dir='ltr'><strong>multum</strong></span> <span class='ocrx_word' id='word_1_420' title='bbox 1680 3583 1934 3651; x_wconf 83' lang='lat' dir='ltr'><strong>prodest,</strong></span> <span class='ocrx_word' id='word_1_421' title='bbox 1979 3581 2025 3636; x_wconf 91' lang='lat' dir='ltr'><strong>si</strong></span> 
     </span>
    </p>
   </div>
   <div class='ocr_carea' id='block_1_55' title="bbox 441 3672 2022 3746">
    <p class='ocr_par' dir='ltr' id='par_1_55' title="bbox 441 3672 2022 3746">
     <span class='ocr_line' id='line_1_56' title="bbox 441 3672 2022 3746; baseline -0.003 -14"><span class='ocrx_word' id='word_1_422' title='bbox 441 3689 638 3735; x_wconf 66' lang='lat' dir='ltr'><strong>caetera</strong></span> <span class='ocrx_word' id='word_1_423' title='bbox 678 3680 820 3734; x_wconf 87' lang='lat' dir='ltr'><strong>mala</strong></span> <span class='ocrx_word' id='word_1_424' title='bbox 877 3679 1240 3746; x_wconf 78' lang='lat' dir='ltr'><strong>corrigantur.</strong></span> <span class='ocrx_word' id='word_1_425' title='bbox 1297 3675 1475 3730; x_wconf 84' lang='lat' dir='ltr'><strong>llahcs</strong></span> <span class='ocrx_word' id='word_1_426' title='bbox 1523 3675 1666 3730; x_wconf 88' lang='lat' dir='ltr'><strong>circa</strong></span> <span class='ocrx_word' id='word_1_427' title='bbox 1719 3672 2022 3741; x_wconf 86' lang='lat' dir='ltr'><strong>hujusmodi</strong></span> 
     </span>
    </p>
   </div>
   <div class='ocr_carea' id='block_1_56' title="bbox 439 3765 2022 3839">
    <p class='ocr_par' dir='ltr' id='par_1_56' title="bbox 439 3765 2022 3839">
     <span class='ocr_line' id='line_1_57' title="bbox 439 3765 2022 3839; baseline -0.002 -17"><span class='ocrx_word' id='word_1_428' title='bbox 439 3769 844 3839; x_wconf 85' lang='lat' dir='ltr'><strong>delinquentes,</strong></span> <span class='ocrx_word' id='word_1_429' title='bbox 897 3781 952 3824; x_wconf 91' lang='lat' dir='ltr'><strong>ct</strong></span> <span class='ocrx_word' id='word_1_430' title='bbox 981 3770 1034 3822; x_wconf 88' lang='lat' dir='ltr'><strong>in</strong></span> <span class='ocrx_word' id='word_1_431' title='bbox 1068 3769 1244 3823; x_wconf 72' lang='lat' dir='ltr'><strong>Veteri</strong></span> <span class='ocrx_word' id='word_1_432' title='bbox 1292 3775 1347 3822; x_wconf 89' lang='lat' dir='ltr'><strong>et</strong></span> <span class='ocrx_word' id='word_1_433' title='bbox 1380 3768 1433 3821; x_wconf 92' lang='lat' dir='ltr'><strong>in</strong></span> <span class='ocrx_word' id='word_1_434' title='bbox 1465 3765 1616 3819; x_wconf 85' lang='lat' dir='ltr'><strong>Novo</strong></span> <span class='ocrx_word' id='word_1_435' title='bbox 1645 3765 2022 3831; x_wconf 80' lang='lat' dir='ltr'><strong>Testamento,</strong></span> 
     </span>
    </p>
   </div>
   <div class='ocr_carea' id='block_1_57' title="bbox 437 3857 2021 3931">
    <p class='ocr_par' dir='ltr' id='par_1_57' title="bbox 437 3857 2021 3931">
     <span class='ocr_line' id='line_1_58' title="bbox 437 3857 2021 3931; baseline -0.001 -20"><span class='ocrx_word' id='word_1_436' title='bbox 437 3860 620 3915; x_wconf 87' lang='lat' dir='ltr'><strong>divina</strong></span> <span class='ocrx_word' id='word_1_437' title='bbox 650 3862 873 3917; x_wconf 85' lang='lat' dir='ltr'><strong>consilia</strong></span> <span class='ocrx_word' id='word_1_438' title='bbox 907 3871 959 3917; x_wconf 90' lang='lat' dir='ltr'><strong>et</strong></span> <span class='ocrx_word' id='word_1_439' title='bbox 993 3870 1293 3931; x_wconf 77' lang='lat' dir='ltr'><strong>praecepta,</strong></span> <span class='ocrx_word' id='word_1_440' title='bbox 1330 3876 1452 3914; x_wconf 90' lang='lat' dir='ltr'><strong>cum</strong></span> <span class='ocrx_word' id='word_1_441' title='bbox 1488 3857 1751 3913; x_wconf 86' lang='lat' dir='ltr'><strong>Dominus</strong></span> <span class='ocrx_word' id='word_1_442' title='bbox 1798 3857 1938 3912; x_wconf 87' lang='lat' dir='ltr'><strong>Deus</strong></span> <span class='ocrx_word' id='word_1_443' title='bbox 1968 3857 2021 3911; x_wconf 88' lang='lat' dir='ltr'><strong>in</strong></span> 
     </span>
    </p>
   </div>
   <div class='ocr_carea' id='block_1_58' title="bbox 444 3949 2021 4023">
    <p class='ocr_par' dir='ltr' id='par_1_58' title="bbox 444 3949 2021 4023">
     <span class='ocr_line' id='line_1_59' title="bbox 444 3949 2021 4023; baseline -0.004 -15"><span class='ocrx_word' id='word_1_444' title='bbox 444 3954 861 4009; x_wconf 83' lang='lat' dir='ltr'><strong>Dettteronomio</strong></span> <span class='ocrx_word' id='word_1_445' title='bbox 890 3954 1033 4008; x_wconf 86' lang='lat' dir='ltr'><strong>dicat</strong></span> <span class='ocrx_word' id='word_1_446' title='bbox 1070 3970 1084 4007; x_wconf 88' lang='lat'><strong>:</strong></span> <span class='ocrx_word' id='word_1_447' title='bbox 1120 3952 1186 4008; x_wconf 85' lang='lat' dir='ltr'><strong>Et</strong></span> <span class='ocrx_word' id='word_1_448' title='bbox 1213 3954 1366 4007; x_wconf 81' lang='lat' dir='ltr'><strong>homo</strong></span> <span class='ocrx_word' id='word_1_449' title='bbox 1436 3953 1732 4023; x_wconf 84' lang='lat' dir='ltr'><strong>quicunque</strong></span> <span class='ocrx_word' id='word_1_450' title='bbox 1760 3949 1937 4019; x_wconf 82' lang='lat' dir='ltr'><strong>fecerit</strong></span> <span class='ocrx_word' id='word_1_451' title='bbox 1968 3949 2021 4002; x_wconf 82' lang='lat' dir='ltr'><strong>in</strong></span> 
     </span>
    </p>
   </div>
   <div class='ocr_carea' id='block_1_59' title="bbox 437 4040 2017 4112">
    <p class='ocr_par' dir='ltr' id='par_1_59' title="bbox 437 4040 2017 4112">
     <span class='ocr_line' id='line_1_60' title="bbox 437 4040 2017 4112; baseline -0.002 -18"><span class='ocrx_word' id='word_1_452' title='bbox 437 4042 680 4112; x_wconf 76' lang='lat' dir='ltr'><strong>superbia</strong></span> <span class='ocrx_word' id='word_1_453' title='bbox 712 4051 767 4095; x_wconf 92' lang='lat' dir='ltr'><strong>ut</strong></span> <span class='ocrx_word' id='word_1_454' title='bbox 799 4059 900 4096; x_wconf 87' lang='lat' dir='ltr'><strong>non</strong></span> <span class='ocrx_word' id='word_1_455' title='bbox 932 4045 1182 4098; x_wconf 76' lang='lat' dir='ltr'><strong>exaudiat</strong></span> <span class='ocrx_word' id='word_1_456' title='bbox 1228 4043 1548 4097; x_wconf 80' lang='lat' dir='ltr'><strong>sacerdotem</strong></span> <span class='ocrx_word' id='word_1_457' title='bbox 1601 4051 1691 4094; x_wconf 90' lang='lat' dir='ltr'><strong>aut</strong></span> <span class='ocrx_word' id='word_1_458' title='bbox 1738 4040 1974 4111; x_wconf 83' lang='lat' dir='ltr'><strong>judicem</strong></span> <span class='ocrx_word' id='word_1_459' title='bbox 2002 4080 2017 4105; x_wconf 92' lang='lat'><strong>,</strong></span> 
     </span>
    </p>
   </div>
   <div class='ocr_carea' id='block_1_60' title="bbox 434 4129 2020 4204">
    <p class='ocr_par' dir='ltr' id='par_1_60' title="bbox 434 4129 2020 4204">
     <span class='ocr_line' id='line_1_61' title="bbox 434 4129 2020 4204; baseline -0.003 -18"><span class='ocrx_word' id='word_1_460' title='bbox 434 4135 727 4204; x_wconf 79' lang='lat' dir='ltr'><strong>quicunque</strong></span> <span class='ocrx_word' id='word_1_461' title='bbox 756 4133 914 4203; x_wconf 83' lang='lat' dir='ltr'><strong>fuerit</strong></span> <span class='ocrx_word' id='word_1_462' title='bbox 939 4135 1092 4186; x_wconf 82' lang='lat' dir='ltr'><strong>homo</strong></span> <span class='ocrx_word' id='word_1_463' title='bbox 1117 4132 1204 4185; x_wconf 87' lang='lat' dir='ltr'><strong>ille</strong></span> <span class='ocrx_word' id='word_1_464' title='bbox 1227 4133 1499 4197; x_wconf 84' lang='lat' dir='ltr'><strong>morietur,</strong></span> <span class='ocrx_word' id='word_1_465' title='bbox 1531 4142 1577 4185; x_wconf 85' lang='lat' dir='ltr'><strong>et</strong></span> <span class='ocrx_word' id='word_1_466' title='bbox 1606 4131 1771 4185; x_wconf 84' lang='lat' dir='ltr'><strong>omnis</strong></span> <span class='ocrx_word' id='word_1_467' title='bbox 1798 4129 2020 4200; x_wconf 80' lang='lat' dir='ltr'><strong>populus</strong></span> 
     </span>
    </p>
   </div>
   <div class='ocr_carea' id='block_1_61' title="bbox 434 4222 2021 4292">
    <p class='ocr_par' dir='ltr' id='par_1_61' title="bbox 434 4222 2021 4292">
     <span class='ocr_line' id='line_1_62' title="bbox 434 4222 2021 4292; baseline 0.001 -17"><span class='ocrx_word' id='word_1_468' title='bbox 434 4239 551 4276; x_wconf 77' lang='lat' dir='ltr'><strong>eum</strong></span> <span class='ocrx_word' id='word_1_469' title='bbox 582 4224 845 4285; x_wconf 86' lang='lat' dir='ltr'><strong>audierit,</strong></span> <span class='ocrx_word' id='word_1_470' title='bbox 873 4223 1105 4290; x_wconf 84' lang='lat' dir='ltr'><strong>timebit,</strong></span> <span class='ocrx_word' id='word_1_471' title='bbox 1138 4233 1184 4276; x_wconf 91' lang='lat' dir='ltr'><strong>et</strong></span> <span class='ocrx_word' id='word_1_472' title='bbox 1218 4238 1320 4275; x_wconf 84' lang='lat' dir='ltr'><strong>non</strong></span> <span class='ocrx_word' id='word_1_473' title='bbox 1345 4232 1458 4292; x_wconf 86' lang='lat' dir='ltr'><strong>aget</strong></span> <span class='ocrx_word' id='word_1_474' title='bbox 1496 4222 1679 4289; x_wconf 85' lang='lat' dir='ltr'><strong>impie,</strong></span> <span class='ocrx_word' id='word_1_475' title='bbox 1734 4238 1796 4275; x_wconf 89' lang='lat' dir='ltr'><strong>ne</strong></span> <span class='ocrx_word' id='word_1_476' title='bbox 1823 4225 2021 4277; x_wconf 51' lang='lat' dir='ltr'><strong>moria-</strong></span> 
     </span>
    </p>
   </div>
   <div class='ocr_carea' id='block_1_62' title="bbox 433 4312 2017 4386">
    <p class='ocr_par' dir='ltr' id='par_1_62' title="bbox 433 4312 2017 4386">
     <span class='ocr_line' id='line_1_63' title="bbox 433 4312 2017 4386; baseline 0.001 -19"><span class='ocrx_word' id='word_1_477' title='bbox 433 4326 521 4367; x_wconf 86' lang='lat' dir='ltr'><strong>tur</strong></span> <span class='ocrx_word' id='word_1_478' title='bbox 556 4314 749 4386; x_wconf 86' lang='lat' dir='ltr'><strong>(Deut.</strong></span> <span class='ocrx_word' id='word_1_479' title='bbox 783 4332 923 4380; x_wconf 82' lang='lat' dir='ltr'><strong>xvtt,</strong></span> <span class='ocrx_word' id='word_1_480' title='bbox 956 4314 1043 4377; x_wconf 72' lang='lat' dir='ltr'><strong>l2,</strong></span> <span class='ocrx_word' id='word_1_481' title='bbox 1101 4314 1219 4382; x_wconf 78' lang='grc'><strong>15).</strong></span> <span class='ocrx_word' id='word_1_482' title='bbox 1263 4313 1327 4367; x_wconf 78' lang='lat' dir='ltr'><strong>Et</strong></span> <span class='ocrx_word' id='word_1_483' title='bbox 1370 4322 1427 4366; x_wconf 92' lang='lat' dir='ltr'><strong>ut</strong></span> <span class='ocrx_word' id='word_1_484' title='bbox 1474 4312 1710 4367; x_wconf 85' lang='lat' dir='ltr'><strong>sciamus</strong></span> <span class='ocrx_word' id='word_1_485' title='bbox 1754 4312 1895 4368; x_wconf 88' lang='lat' dir='ltr'><strong>hanc</strong></span> <span class='ocrx_word' id='word_1_486' title='bbox 1927 4313 2017 4369; x_wconf 91' lang='lat' dir='ltr'><strong>Dei</strong></span> 
     </span>
    </p>
   </div>
   <div class='ocr_carea' id='block_1_63' title="bbox 432 4403 2018 4475">
    <p class='ocr_par' dir='ltr' id='par_1_63' title="bbox 432 4403 2018 4475">
     <span class='ocr_line' id='line_1_64' title="bbox 432 4403 2018 4475; baseline 0.001 -16"><span class='ocrx_word' id='word_1_487' title='bbox 432 4421 620 4462; x_wconf 86' lang='lat' dir='ltr'><strong>vocem</strong></span> <span class='ocrx_word' id='word_1_488' title='bbox 673 4425 795 4464; x_wconf 85' lang='lat' dir='ltr'><strong>cum</strong></span> <span class='ocrx_word' id='word_1_489' title='bbox 854 4424 983 4462; x_wconf 85' lang='lat' dir='ltr'><strong>vera</strong></span> <span class='ocrx_word' id='word_1_490' title='bbox 1034 4417 1091 4461; x_wconf 90' lang='lat' dir='ltr'><strong>et</strong></span> <span class='ocrx_word' id='word_1_491' title='bbox 1143 4422 1352 4461; x_wconf 80' lang='lat' dir='ltr'><strong>summa</strong></span> <span class='ocrx_word' id='word_1_492' title='bbox 1408 4403 1689 4473; x_wconf 82' lang='lat' dir='ltr'><strong>majestate</strong></span> <span class='ocrx_word' id='word_1_493' title='bbox 1739 4405 1856 4474; x_wconf 89' lang='lat' dir='ltr'><strong>ejus</strong></span> <span class='ocrx_word' id='word_1_494' title='bbox 1895 4422 2018 4475; x_wconf 87' lang='lat' dir='ltr'><strong>pro—</strong></span> 
     </span>
    </p>
   </div>
   <div class='ocr_carea' id='block_1_64' title="bbox 432 4498 2094 4563">
    <p class='ocr_par' dir='ltr' id='par_1_64' title="bbox 432 4498 2094 4563">
     <span class='ocr_line' id='line_1_65' title="bbox 432 4498 2094 4563; baseline 0.001 -9"><span class='ocrx_word' id='word_1_495' title='bbox 432 4502 694 4563; x_wconf 87' lang='lat' dir='ltr'><strong>cessisse,</strong></span> <span class='ocrx_word' id='word_1_496' title='bbox 740 4502 805 4553; x_wconf 90' lang='lat' dir='ltr'><strong>ad</strong></span> <span class='ocrx_word' id='word_1_497' title='bbox 834 4501 1181 4554; x_wconf 87' lang='lat' dir='ltr'><strong>honorandos</strong></span> <span class='ocrx_word' id='word_1_498' title='bbox 1211 4508 1263 4553; x_wconf 84' lang='lat' dir='ltr'><strong>et</strong></span> <span class='ocrx_word' id='word_1_499' title='bbox 1292 4498 1647 4551; x_wconf 86' lang='lat' dir='ltr'><strong>vindicandos</strong></span> <span class='ocrx_word' id='word_1_500' title='bbox 1676 4499 2014 4563; x_wconf 89' lang='lat' dir='ltr'><strong>sacerdotes,</strong></span> <span class='ocrx_word' id='word_1_501' title='bbox 2052 4502 2094 4555; x_wconf 95' lang='lat' dir='ltr'><strong>D</strong></span> 
     </span>
    </p>
   </div>
   <div class='ocr_carea' id='block_1_65' title="bbox 431 4588 2016 4660">
    <p class='ocr_par' dir='ltr' id='par_1_65' title="bbox 431 4588 2016 4660">
     <span class='ocr_line' id='line_1_66' title="bbox 431 4588 2016 4660; baseline 0.002 -18"><span class='ocrx_word' id='word_1_502' title='bbox 431 4591 523 4659; x_wconf 88' lang='lat' dir='ltr'><strong>qui</strong></span> <span class='ocrx_word' id='word_1_503' title='bbox 551 4591 604 4645; x_wconf 92' lang='lat' dir='ltr'><strong>in</strong></span> <span class='ocrx_word' id='word_1_504' title='bbox 637 4588 754 4659; x_wconf 87' lang='lat' dir='ltr'><strong>ejus</strong></span> <span class='ocrx_word' id='word_1_505' title='bbox 781 4591 898 4645; x_wconf 89' lang='lat' dir='ltr'><strong>loco</strong></span> <span class='ocrx_word' id='word_1_506' title='bbox 926 4599 1104 4654; x_wconf 89' lang='lat' dir='ltr'><strong>stant,</strong></span> <span class='ocrx_word' id='word_1_507' title='bbox 1139 4600 1233 4645; x_wconf 91' lang='lat' dir='ltr'><strong>aut</strong></span> <span class='ocrx_word' id='word_1_508' title='bbox 1277 4591 1343 4646; x_wconf 88' lang='lat' dir='ltr'><strong>de</strong></span> <span class='ocrx_word' id='word_1_509' title='bbox 1370 4590 1488 4660; x_wconf 90' lang='lat' dir='ltr'><strong>ejus</strong></span> <span class='ocrx_word' id='word_1_510' title='bbox 1516 4588 1634 4643; x_wconf 90' lang='lat' dir='ltr'><strong>loco</strong></span> <span class='ocrx_word' id='word_1_511' title='bbox 1657 4588 1857 4644; x_wconf 87' lang='lat' dir='ltr'><strong>cadunt</strong></span> <span class='ocrx_word' id='word_1_512' title='bbox 1894 4607 2016 4647; x_wconf 87' lang='lat' dir='ltr'><strong>cum</strong></span> 
     </span>
    </p>
   </div>
   <div class='ocr_carea' id='block_1_66' title="bbox 433 4682 2015 4752">
    <p class='ocr_par' dir='ltr' id='par_1_66' title="bbox 433 4682 2015 4752">
     <span class='ocr_line' id='line_1_67' title="bbox 433 4682 2015 4752; baseline 0.004 -19"><span class='ocrx_word' id='word_1_513' title='bbox 433 4682 693 4737; x_wconf 86' lang='lat' dir='ltr'><strong>adversus</strong></span> <span class='ocrx_word' id='word_1_514' title='bbox 722 4682 906 4736; x_wconf 82' lang='lat' dir='ltr'><strong>Aaron</strong></span> <span class='ocrx_word' id='word_1_515' title='bbox 937 4682 1275 4737; x_wconf 86' lang='lat' dir='ltr'><strong>sacerdotem</strong></span> <span class='ocrx_word' id='word_1_516' title='bbox 1306 4692 1415 4740; x_wconf 89' lang='lat' dir='ltr'><strong>tres</strong></span> <span class='ocrx_word' id='word_1_517' title='bbox 1468 4685 1534 4740; x_wconf 90' lang='lat' dir='ltr'><strong>de</strong></span> <span class='ocrx_word' id='word_1_518' title='bbox 1559 4686 1819 4740; x_wconf 90' lang='lat' dir='ltr'><strong>ministris</strong></span> <span class='ocrx_word' id='word_1_519' title='bbox 1847 4684 2015 4752; x_wconf 91' lang='lat' dir='ltr'><strong>Core,</strong></span> 
     </span>
    </p>
   </div>
   <div class='ocr_carea' id='block_1_67' title="bbox 433 4769 2018 4846">
    <p class='ocr_par' dir='ltr' id='par_1_67' title="bbox 433 4769 2018 4846">
     <span class='ocr_line' id='line_1_68' title="bbox 433 4769 2018 4846; baseline 0.004 -22"><span class='ocrx_word' id='word_1_520' title='bbox 433 4769 641 4826; x_wconf 89' lang='lat' dir='ltr'><strong>Dathan</strong></span> <span class='ocrx_word' id='word_1_521' title='bbox 668 4781 723 4828; x_wconf 91' lang='lat' dir='ltr'><strong>et</strong></span> <span class='ocrx_word' id='word_1_522' title='bbox 749 4772 951 4828; x_wconf 84' lang='lat' dir='ltr'><strong>Abiron</strong></span> <span class='ocrx_word' id='word_1_523' title='bbox 1002 4774 1120 4830; x_wconf 88' lang='lat' dir='ltr'><strong>ausi</strong></span> <span class='ocrx_word' id='word_1_524' title='bbox 1169 4785 1296 4829; x_wconf 89' lang='lat' dir='ltr'><strong>sunt</strong></span> <span class='ocrx_word' id='word_1_525' title='bbox 1331 4777 1642 4846; x_wconf 82' lang='lat' dir='ltr'><strong>superbire,</strong></span> <span class='ocrx_word' id='word_1_526' title='bbox 1684 4777 1831 4831; x_wconf 90' lang='lat' dir='ltr'><strong>hiatu</strong></span> <span class='ocrx_word' id='word_1_527' title='bbox 1859 4785 2018 4831; x_wconf 73' lang='lat' dir='ltr'><strong>terra:</strong></span> 
     </span>
    </p>
   </div>
   <div class='ocr_carea' id='block_1_68' title="bbox 431 4864 2018 4953">
    <p class='ocr_par' dir='ltr' id='par_1_68' title="bbox 431 4864 2018 4953">
     <span class='ocr_line' id='line_1_69' title="bbox 431 4864 2018 4953; baseline 0.004 -37"><span class='ocrx_word' id='word_1_528' title='bbox 431 4864 668 4934; x_wconf 81' lang='lat' dir='ltr'><strong>absorpti</strong></span> <span class='ocrx_word' id='word_1_529' title='bbox 694 4880 758 4920; x_wconf 90' lang='lat' dir='ltr'><strong>ac</strong></span> <span class='ocrx_word' id='word_1_530' title='bbox 782 4865 1023 4922; x_wconf 89' lang='lat' dir='ltr'><strong>devorati</strong></span> <span class='ocrx_word' id='word_1_531' title='bbox 1050 4880 1239 4953; x_wconf 78' lang='lat' dir='ltr'><strong>poenas</strong></span> <span class='ocrx_word' id='word_1_532' title='bbox 1267 4868 1447 4922; x_wconf 88' lang='lat' dir='ltr'><strong>statim</strong></span> <span class='ocrx_word' id='word_1_533' title='bbox 1480 4870 1751 4938; x_wconf 68' lang='lat' dir='ltr'><strong>sacrilega:</strong></span> <span class='ocrx_word' id='word_1_534' title='bbox 1778 4868 2018 4923; x_wconf 75' lang='lat' dir='ltr'><strong>audacia:</strong></span> 
     </span>
    </p>
   </div>
   <div class='ocr_carea' id='block_1_69' title="bbox 504 5041 2016 5121">
    <p class='ocr_par' dir='ltr' id='par_1_69' title="bbox 504 5041 2016 5121">
     <span class='ocr_line' id='line_1_70' title="bbox 504 5041 2016 5121; baseline 0.007 -25"><span class='ocrx_word' id='word_1_535' title='bbox 504 5041 652 5121; x_wconf 57' lang='lat'><strong>(599)</strong></span> <span class='ocrx_word' id='word_1_536' title='bbox 676 5043 915 5121; x_wconf 60' lang='lat' dir='ltr'><strong>Epistula</strong></span> <span class='ocrx_word' id='word_1_537' title='bbox 940 5045 1055 5121; x_wconf 64' lang='lat' dir='ltr'><strong>inec</strong></span> <span class='ocrx_word' id='word_1_538' title='bbox 1079 5046 1370 5121; x_wconf 63' lang='lat' dir='ltr'><strong>maitimam</strong></span> <span class='ocrx_word' id='word_1_539' title='bbox 1396 5057 1601 5120; x_wconf 89' lang='lat' dir='ltr'><strong>partem</strong></span> <span class='ocrx_word' id='word_1_540' title='bbox 1631 5049 1901 5121; x_wconf 78' lang='lat' dir='ltr'><strong>exscripta</strong></span> <span class='ocrx_word' id='word_1_541' title='bbox 1933 5060 2016 5107; x_wconf 90' lang='lat' dir='ltr'><strong>est</strong></span> 
     </span>
    </p>
   </div>
   <div class='ocr_carea' id='block_1_70' title="bbox 432 5113 1377 5185">
    <p class='ocr_par' dir='ltr' id='par_1_70' title="bbox 432 5113 1377 5185">
     <span class='ocr_line' id='line_1_71' title="bbox 432 5113 1377 5185; baseline 0.008 -22"><span class='ocrx_word' id='word_1_542' title='bbox 432 5128 494 5164; x_wconf 69' lang='lat' dir='ltr'><strong>ex</strong></span> <span class='ocrx_word' id='word_1_543' title='bbox 516 5113 782 5185; x_wconf 9' lang='lat' dir='ltr'><strong>(typri-iani</strong></span> <span class='ocrx_word' id='word_1_544' title='bbox 812 5114 882 5185; x_wconf 68' lang='lat'><strong>65</strong></span> <span class='ocrx_word' id='word_1_545' title='bbox 910 5117 974 5169; x_wconf 90' lang='lat' dir='ltr'><strong>ad</strong></span> <span class='ocrx_word' id='word_1_546' title='bbox 998 5116 1377 5185; x_wconf 80' lang='lat' dir='ltr'><strong>Rogatianum.</strong></span> 
     </span>
    </p>
   </div>
   <div class='ocr_carea' id='block_1_71' title="bbox 505 5183 2014 5260">
    <p class='ocr_par' dir='ltr' id='par_1_71' title="bbox 505 5183 2014 5260">
     <span class='ocr_line' id='line_1_72' title="bbox 505 5183 2014 5260; baseline 0.006 -24"><span class='ocrx_word' id='word_1_547' title='bbox 736 5184 1017 5260; x_wconf 79' lang='lat' dir='ltr'><strong>Amblardo</strong></span> <span class='ocrx_word' id='word_1_548' title='bbox 1032 5183 1380 5260; x_wconf 76' lang='lat' dir='ltr'><strong>Lentoriceusi</strong></span> <span class='ocrx_word' id='word_1_549' title='bbox 1420 5189 1611 5260; x_wconf 77' lang='lat' dir='ltr'><strong>abbati.</strong></span> <span class='ocrx_word' id='word_1_550' title='bbox 1642 5189 1698 5244; x_wconf 90' lang='lat' dir='ltr'><strong>lu</strong></span> <span class='ocrx_word' id='word_1_551' title='bbox 1722 5190 2014 5260; x_wconf 87' lang='lat' dir='ltr'><strong>diplomate</strong></span> 
     </span>
    </p>
   </div>
   <div class='ocr_carea' id='block_1_72' title="bbox 434 5252 2015 5324">
    <p class='ocr_par' dir='ltr' id='par_1_72' title="bbox 434 5252 2015 5324">
     <span class='ocr_line' id='line_1_73' title="bbox 434 5252 2015 5324; baseline 0.005 -17"><span class='ocrx_word' id='word_1_552' title='bbox 434 5252 714 5324; x_wconf 79' lang='lat' dir='ltr'><strong>Philippil</strong></span> <span class='ocrx_word' id='word_1_553' title='bbox 760 5255 902 5324; x_wconf 83' lang='lat' dir='ltr'><strong>regis</strong></span> <span class='ocrx_word' id='word_1_554' title='bbox 955 5257 1023 5310; x_wconf 86' lang='lat' dir='ltr'><strong>de</strong></span> <span class='ocrx_word' id='word_1_555' title='bbox 1073 5256 1425 5313; x_wconf 86' lang='lat' dir='ltr'><strong>translatione</strong></span> <span class='ocrx_word' id='word_1_556' title='bbox 1467 5252 1857 5315; x_wconf 76' lang='lat' dir='ltr'><strong>Mauziacensis</strong></span> <span class='ocrx_word' id='word_1_557' title='bbox 1900 5275 2015 5317; x_wconf 87' lang='lat' dir='ltr'><strong>coe-</strong></span> 
     </span>
    </p>
   </div>
   <div class='ocr_carea' id='block_1_73' title="bbox 432 5325 2012 5385">
    <p class='ocr_par' dir='ltr' id='par_1_73' title="bbox 432 5325 2012 5385">
     <span class='ocr_line' id='line_1_74' title="bbox 432 5325 2012 5385; baseline 0.006 -9"><span class='ocrx_word' id='word_1_558' title='bbox 432 5325 577 5379; x_wconf 82' lang='lat' dir='ltr'><strong>uobii</strong></span> <span class='ocrx_word' id='word_1_559' title='bbox 603 5326 669 5379; x_wconf 88' lang='lat' dir='ltr'><strong>ad</strong></span> <span class='ocrx_word' id='word_1_560' title='bbox 694 5325 935 5381; x_wconf 88' lang='lat' dir='ltr'><strong>ordinem</strong></span> <span class='ocrx_word' id='word_1_561' title='bbox 964 5325 1376 5382; x_wconf 85' lang='lat' dir='ltr'><strong>Cluniacensem</strong></span> <span class='ocrx_word' id='word_1_562' title='bbox 1406 5329 1695 5384; x_wconf 85' lang='lat' dir='ltr'><strong>subscribit</strong></span> <span class='ocrx_word' id='word_1_563' title='bbox 1717 5330 2012 5385; x_wconf 80' lang='lat' dir='ltr'><strong>Ademarus</strong></span> 
     </span>
    </p>
   </div>
   <div class='ocr_carea' id='block_1_74' title="bbox 430 5394 2013 5464">
    <p class='ocr_par' dir='ltr' id='par_1_74' title="bbox 430 5394 2013 5464">
     <span class='ocr_line' id='line_1_75' title="bbox 430 5394 2013 5464; baseline 0.006 -17"><span class='ocrx_word' id='word_1_564' title='bbox 430 5396 592 5449; x_wconf 79' lang='lat' dir='ltr'><strong>abbas</strong></span> <span class='ocrx_word' id='word_1_565' title='bbox 629 5394 1028 5461; x_wconf 81' lang='lat' dir='ltr'><strong>Lemovieensis,</strong></span> <span class='ocrx_word' id='word_1_566' title='bbox 1063 5397 1167 5450; x_wconf 87' lang='lat' dir='ltr'><strong>hoc</strong></span> <span class='ocrx_word' id='word_1_567' title='bbox 1197 5406 1280 5453; x_wconf 81' lang='lat' dir='ltr'><strong>est</strong></span> <span class='ocrx_word' id='word_1_568' title='bbox 1312 5397 1370 5452; x_wconf 91' lang='lat' dir='ltr'><strong>S.</strong></span> <span class='ocrx_word' id='word_1_569' title='bbox 1412 5398 1702 5464; x_wconf 76' lang='lat' dir='ltr'><strong>Martialis,</strong></span> <span class='ocrx_word' id='word_1_570' title='bbox 1735 5410 1794 5455; x_wconf 91' lang='lat' dir='ltr'><strong>ut</strong></span> <span class='ocrx_word' id='word_1_571' title='bbox 1840 5402 1891 5455; x_wconf 93' lang='lat' dir='ltr'><strong>in</strong></span> <span class='ocrx_word' id='word_1_572' title='bbox 1919 5403 2013 5456; x_wconf 89' lang='lat' dir='ltr'><strong>de-</strong></span> 
     </span>
    </p>
   </div>
   <div class='ocr_carea' id='block_1_75' title="bbox 431 5464 2012 5525">
    <p class='ocr_par' dir='ltr' id='par_1_75' title="bbox 431 5464 2012 5525">
     <span class='ocr_line' id='line_1_76' title="bbox 431 5464 2012 5525; baseline 0.004 -8"><span class='ocrx_word' id='word_1_573' title='bbox 431 5464 696 5521; x_wconf 85' lang='lat' dir='ltr'><strong>dicationc</strong></span> <span class='ocrx_word' id='word_1_574' title='bbox 741 5468 1053 5521; x_wconf 87' lang='lat' dir='ltr'><strong>monasterii</strong></span> <span class='ocrx_word' id='word_1_575' title='bbox 1083 5467 1493 5524; x_wconf 84' lang='lat' dir='ltr'><strong>Vindocinensis</strong></span> <span class='ocrx_word' id='word_1_576' title='bbox 1544 5468 1822 5525; x_wconf 81' lang='lat' dir='ltr'><strong>Odotricus</strong></span> <span class='ocrx_word' id='word_1_577' title='bbox 1854 5473 2012 5524; x_wconf 85' lang='lat' dir='ltr'><strong>abbas</strong></span> 
     </span>
    </p>
   </div>
   <div class='ocr_carea' id='block_1_76' title="bbox 431 5534 2011 5611">
    <p class='ocr_par' dir='ltr' id='par_1_76' title="bbox 431 5534 2011 5611">
     <span class='ocr_line' id='line_1_77' title="bbox 431 5534 2011 5611; baseline 0.005 -24"><span class='ocrx_word' id='word_1_578' title='bbox 431 5534 496 5588; x_wconf 75' lang='lat' dir='ltr'><strong>de</strong></span> <span class='ocrx_word' id='word_1_579' title='bbox 524 5534 585 5589; x_wconf 78' lang='lat'><strong>8.</strong></span> <span class='ocrx_word' id='word_1_580' title='bbox 622 5534 864 5611; x_wconf 42' lang='lat' dir='ltr'><strong>bestiale</strong></span> <span class='ocrx_word' id='word_1_581' title='bbox 892 5537 1280 5611; x_wconf 82' lang='lat' dir='ltr'><strong>monasterium</strong></span> <span class='ocrx_word' id='word_1_582' title='bbox 1304 5538 1686 5595; x_wconf 87' lang='lat' dir='ltr'><strong>Lemovicense</strong></span> <span class='ocrx_word' id='word_1_583' title='bbox 1716 5541 1881 5610; x_wconf 84' lang='lat' dir='ltr'><strong>(quod</strong></span> <span class='ocrx_word' id='word_1_584' title='bbox 1912 5557 2011 5611; x_wconf 75' lang='lat' dir='ltr'><strong>pro</strong></span> 
     </span>
    </p>
   </div>
   <div class='ocr_carea' id='block_1_77' title="bbox 432 5606 2014 5681">
    <p class='ocr_par' dir='ltr' id='par_1_77' title="bbox 432 5606 2014 5681">
     <span class='ocr_line' id='line_1_78' title="bbox 432 5606 2014 5681; baseline 0.003 -24"><span class='ocrx_word' id='word_1_585' title='bbox 432 5606 711 5681; x_wconf 74' lang='lat' dir='ltr'><strong>monachis</strong></span> <span class='ocrx_word' id='word_1_586' title='bbox 738 5608 1027 5681; x_wconf 66' lang='lat' dir='ltr'><strong>canonicos</strong></span> <span class='ocrx_word' id='word_1_587' title='bbox 1052 5608 1343 5681; x_wconf 58' lang='lat' dir='ltr'><strong>saeculares</strong></span> <span class='ocrx_word' id='word_1_588' title='bbox 1387 5626 1529 5664; x_wconf 87' lang='lat' dir='ltr'><strong>nunc</strong></span> <span class='ocrx_word' id='word_1_589' title='bbox 1568 5606 1772 5681; x_wconf 79' lang='lat' dir='ltr'><strong>habet)</strong></span> <span class='ocrx_word' id='word_1_590' title='bbox 1814 5621 1871 5666; x_wconf 88' lang='lat' dir='ltr'><strong>et</strong></span> <span class='ocrx_word' id='word_1_591' title='bbox 1902 5606 2014 5681; x_wconf 57' lang='lat' dir='ltr'><strong>inn.</strong></span> 
     </span>
    </p>
   </div>
   <div class='ocr_carea' id='block_1_78' title="bbox 434 5675 2011 5752">
    <p class='ocr_par' dir='ltr' id='par_1_78' title="bbox 434 5675 2011 5752">
     <span class='ocr_line' id='line_1_79' title="bbox 434 5675 2011 5752; baseline 0.006 -30"><span class='ocrx_word' id='word_1_592' title='bbox 434 5677 726 5752; x_wconf 77' lang='lat' dir='ltr'><strong>nasterium</strong></span> <span class='ocrx_word' id='word_1_593' title='bbox 759 5675 813 5730; x_wconf 90' lang='lat' dir='ltr'><strong>S.</strong></span> <span class='ocrx_word' id='word_1_594' title='bbox 848 5677 1496 5752; x_wconf 53' lang='lat' dir='ltr'><strong>yartialisunutnatque</strong></span> <span class='ocrx_word' id='word_1_595' title='bbox 1528 5680 1665 5734; x_wconf 90' lang='lat' dir='ltr'><strong>idem</strong></span> <span class='ocrx_word' id='word_1_596' title='bbox 1689 5675 1771 5752; x_wconf 60' lang='lat' dir='ltr'><strong>est</strong></span> <span class='ocrx_word' id='word_1_597' title='bbox 1800 5679 2011 5752; x_wconf 32' lang='lat' dir='ltr'><strong>utAFlo-</strong></span> 
     </span>
    </p>
   </div>
   <div class='ocr_carea' id='block_1_79' title="bbox 434 5746 2008 5815">
    <p class='ocr_par' dir='ltr' id='par_1_79' title="bbox 434 5746 2008 5815">
     <span class='ocr_line' id='line_1_80' title="bbox 434 5746 2008 5815; baseline 0.006 -22"><span class='ocrx_word' id='word_1_598' title='bbox 434 5746 705 5812; x_wconf 88' lang='lat' dir='ltr'><strong>riaceuse,</strong></span> <span class='ocrx_word' id='word_1_599' title='bbox 750 5756 802 5800; x_wconf 86' lang='lat' dir='ltr'><strong>et</strong></span> <span class='ocrx_word' id='word_1_600' title='bbox 845 5746 901 5802; x_wconf 88' lang='lat' dir='ltr'><strong>S.</strong></span> <span class='ocrx_word' id='word_1_601' title='bbox 958 5748 1264 5815; x_wconf 79' lang='lat' dir='ltr'><strong>Beuedirti;</strong></span> <span class='ocrx_word' id='word_1_602' title='bbox 1307 5746 1625 5806; x_wconf 77' lang='lat' dir='ltr'><strong>Miciacense</strong></span> <span class='ocrx_word' id='word_1_603' title='bbox 1655 5758 1708 5804; x_wconf 88' lang='lat' dir='ltr'><strong>et</strong></span> <span class='ocrx_word' id='word_1_604' title='bbox 1738 5749 1797 5805; x_wconf 87' lang='lat' dir='ltr'><strong>S.</strong></span> <span class='ocrx_word' id='word_1_605' title='bbox 1835 5748 2008 5803; x_wconf 65' lang='lat' dir='ltr'><strong>Blasio</strong></span> 
     </span>
    </p>
   </div>
   <div class='ocr_carea' id='block_1_80' title="bbox 2133 1910 3718 1981">
    <p class='ocr_par' dir='ltr' id='par_1_80' title="bbox 2133 1910 3718 1981">
     <span class='ocr_line' id='line_1_81' title="bbox 2133 1910 3718 1981; baseline -0.002 -12"><span class='ocrx_word' id='word_1_606' title='bbox 2133 1923 2337 1969; x_wconf 87' lang='lat' dir='ltr'><strong>ctorem</strong></span> <span class='ocrx_word' id='word_1_607' title='bbox 2382 1912 2789 1967; x_wconf 89' lang='lat' dir='ltr'><strong>musitationem</strong></span> <span class='ocrx_word' id='word_1_608' title='bbox 2826 1910 3129 1981; x_wconf 86' lang='lat' dir='ltr'><strong>signiﬁcat;</strong></span> <span class='ocrx_word' id='word_1_609' title='bbox 3162 1926 3359 1981; x_wconf 88' lang='lat' dir='ltr'><strong>magna</strong></span> <span class='ocrx_word' id='word_1_610' title='bbox 3388 1911 3576 1966; x_wconf 81' lang='lat' dir='ltr'><strong>contis</strong></span> <span class='ocrx_word' id='word_1_611' title='bbox 3604 1928 3718 1967; x_wconf 88' lang='lat' dir='ltr'><strong>con-</strong></span> 
     </span>
    </p>
   </div>
   <div class='ocr_carea' id='block_1_81' title="bbox 2134 2000 3719 2070">
    <p class='ocr_par' dir='ltr' id='par_1_81' title="bbox 2134 2000 3719 2070">
     <span class='ocr_line' id='line_1_82' title="bbox 2134 2000 3719 2070; baseline 0.003 -16"><span class='ocrx_word' id='word_1_612' title='bbox 2134 2001 2354 2056; x_wconf 84' lang='lat' dir='ltr'><strong>tritio‘ne</strong></span> <span class='ocrx_word' id='word_1_613' title='bbox 2388 2014 2447 2056; x_wconf 90' lang='lat' dir='ltr'><strong>se</strong></span> <span class='ocrx_word' id='word_1_614' title='bbox 2474 2001 2720 2066; x_wconf 80' lang='lat' dir='ltr'><strong>arrexit,</strong></span> <span class='ocrx_word' id='word_1_615' title='bbox 2751 2000 2879 2070; x_wconf 89' lang='lat' dir='ltr'><strong>quia</strong></span> <span class='ocrx_word' id='word_1_616' title='bbox 2909 2001 2962 2055; x_wconf 92' lang='lat' dir='ltr'><strong>in</strong></span> <span class='ocrx_word' id='word_1_617' title='bbox 2996 2009 3284 2070; x_wconf 88' lang='lat' dir='ltr'><strong>peccatore</strong></span> <span class='ocrx_word' id='word_1_618' title='bbox 3318 2002 3612 2070; x_wconf 82' lang='lat' dir='ltr'><strong>praeposito</strong></span> <span class='ocrx_word' id='word_1_619' title='bbox 3637 2002 3719 2058; x_wconf 88' lang='lat' dir='ltr'><strong>Dei</strong></span> 
     </span>
    </p>
   </div>
   <div class='ocr_carea' id='block_1_82' title="bbox 2132 2091 3721 2161">
    <p class='ocr_par' dir='ltr' id='par_1_82' title="bbox 2132 2091 3721 2161">
     <span class='ocr_line' id='line_1_83' title="bbox 2132 2091 3721 2161; baseline 0 -13"><span class='ocrx_word' id='word_1_620' title='bbox 2132 2103 2495 2161; x_wconf 86' lang='lat' dir='ltr'><strong>pOtestatem,</strong></span> <span class='ocrx_word' id='word_1_621' title='bbox 2536 2107 2697 2161; x_wconf 90' lang='lat' dir='ltr'><strong>quam</strong></span> <span class='ocrx_word' id='word_1_622' title='bbox 2754 2092 3002 2147; x_wconf 88' lang='lat' dir='ltr'><strong>venerari</strong></span> <span class='ocrx_word' id='word_1_623' title='bbox 3046 2091 3357 2156; x_wconf 88' lang='lat' dir='ltr'><strong>debuisset,</strong></span> <span class='ocrx_word' id='word_1_624' title='bbox 3393 2101 3455 2147; x_wconf 88' lang='lat' dir='ltr'><strong>et</strong></span> <span class='ocrx_word' id='word_1_625' title='bbox 3502 2093 3721 2148; x_wconf 85' lang='lat' dir='ltr'><strong>auctori-</strong></span> 
     </span>
    </p>
   </div>
   <div class='ocr_carea' id='block_1_83' title="bbox 2135 2179 3718 2253">
    <p class='ocr_par' dir='ltr' id='par_1_83' title="bbox 2135 2179 3718 2253">
     <span class='ocr_line' id='line_1_84' title="bbox 2135 2179 3718 2253; baseline -0.002 -15"><span class='ocrx_word' id='word_1_626' title='bbox 2135 2179 2302 2239; x_wconf 79' lang='lat' dir='ltr'><strong>ta’tem</strong></span> <span class='ocrx_word' id='word_1_627' title='bbox 2350 2184 2608 2253; x_wconf 84' lang='lat' dir='ltr'><strong>agnovit,</strong></span> <span class='ocrx_word' id='word_1_628' title='bbox 2645 2197 2767 2253; x_wconf 68' lang='lat' dir='ltr'><strong>quae</strong></span> <span class='ocrx_word' id='word_1_629' title='bbox 2799 2197 2902 2238; x_wconf 91' lang='lat' dir='ltr'><strong>nec</strong></span> <span class='ocrx_word' id='word_1_630' title='bbox 2945 2180 3121 2249; x_wconf 84' lang='lat' dir='ltr'><strong>major</strong></span> <span class='ocrx_word' id='word_1_631' title='bbox 3153 2179 3315 2249; x_wconf 81' lang='lat' dir='ltr'><strong>justis</strong></span> <span class='ocrx_word' id='word_1_632' title='bbox 3344 2181 3651 2250; x_wconf 84' lang='lat' dir='ltr'><strong>pastoribus</strong></span> <span class='ocrx_word' id='word_1_633' title='bbox 3693 2197 3718 2236; x_wconf 67' lang='grc' dir='ltr'><strong>ιι</strong></span> 
     </span>
    </p>
   </div>
   <div class='ocr_carea' id='block_1_84' title="bbox 2138 2272 3720 2342">
    <p class='ocr_par' dir='ltr' id='par_1_84' title="bbox 2138 2272 3720 2342">
     <span class='ocr_line' id='line_1_85' title="bbox 2138 2272 3720 2342; baseline -0.003 -11"><span class='ocrx_word' id='word_1_634' title='bbox 2138 2276 2244 2331; x_wconf 90' lang='lat' dir='ltr'><strong>Deo</strong></span> <span class='ocrx_word' id='word_1_635' title='bbox 2270 2275 2609 2338; x_wconf 83' lang='lat' dir='ltr'><strong>conceditur,</strong></span> <span class='ocrx_word' id='word_1_636' title='bbox 2656 2288 2756 2328; x_wconf 90' lang='lat' dir='ltr'><strong>nec</strong></span> <span class='ocrx_word' id='word_1_637' title='bbox 2778 2272 2960 2328; x_wconf 89' lang='lat' dir='ltr'><strong>minor</strong></span> <span class='ocrx_word' id='word_1_638' title='bbox 2988 2272 3224 2342; x_wconf 88' lang='lat' dir='ltr'><strong>injustis.</strong></span> <span class='ocrx_word' id='word_1_639' title='bbox 3260 2273 3363 2326; x_wconf 86' lang='lat' dir='ltr'><strong>Sed</strong></span> <span class='ocrx_word' id='word_1_640' title='bbox 3392 2282 3454 2326; x_wconf 92' lang='lat' dir='ltr'><strong>et</strong></span> <span class='ocrx_word' id='word_1_641' title='bbox 3483 2272 3720 2327; x_wconf 73' lang='lat' dir='ltr'><strong>Salomon</strong></span> 
     </span>
    </p>
   </div>
   <div class='ocr_carea' id='block_1_85' title="bbox 2134 2366 3720 2439">
    <p class='ocr_par' dir='ltr' id='par_1_85' title="bbox 2134 2366 3720 2439">
     <span class='ocr_line' id='line_1_86' title="bbox 2134 2366 3720 2439; baseline -0.004 -15"><span class='ocrx_word' id='word_1_642' title='bbox 2134 2369 2185 2424; x_wconf 90' lang='lat' dir='ltr'><strong>in</strong></span> <span class='ocrx_word' id='word_1_643' title='bbox 2217 2368 2421 2439; x_wconf 90' lang='lat' dir='ltr'><strong>Spiritu</strong></span> <span class='ocrx_word' id='word_1_644' title='bbox 2459 2377 2650 2422; x_wconf 89' lang='lat' dir='ltr'><strong>sancto</strong></span> <span class='ocrx_word' id='word_1_645' title='bbox 2676 2366 3005 2421; x_wconf 87' lang='lat' dir='ltr'><strong>constitutus</strong></span> <span class='ocrx_word' id='word_1_646' title='bbox 3041 2368 3201 2420; x_wconf 86' lang='lat' dir='ltr'><strong>docet</strong></span> <span class='ocrx_word' id='word_1_647' title='bbox 3235 2380 3355 2434; x_wconf 65' lang='lat' dir='ltr'><strong>qlae</strong></span> <span class='ocrx_word' id='word_1_648' title='bbox 3381 2366 3459 2419; x_wconf 88' lang='lat' dir='ltr'><strong>sit</strong></span> <span class='ocrx_word' id='word_1_649' title='bbox 3487 2366 3720 2421; x_wconf 86' lang='lat' dir='ltr'><strong>sacerdo-</strong></span> 
     </span>
    </p>
   </div>
   <div class='ocr_carea' id='block_1_86' title="bbox 2137 2458 3720 2530">
    <p class='ocr_par' dir='ltr' id='par_1_86' title="bbox 2137 2458 3720 2530">
     <span class='ocr_line' id='line_1_87' title="bbox 2137 2458 3720 2530; baseline -0.003 -13"><span class='ocrx_word' id='word_1_650' title='bbox 2137 2461 2258 2517; x_wconf 88' lang='lat' dir='ltr'><strong>talis</strong></span> <span class='ocrx_word' id='word_1_651' title='bbox 2302 2461 2604 2516; x_wconf 87' lang='lat' dir='ltr'><strong>auctoritas</strong></span> <span class='ocrx_word' id='word_1_652' title='bbox 2637 2469 2691 2515; x_wconf 93' lang='lat' dir='ltr'><strong>et</strong></span> <span class='ocrx_word' id='word_1_653' title='bbox 2718 2468 2988 2530; x_wconf 90' lang='lat' dir='ltr'><strong>potestas,</strong></span> <span class='ocrx_word' id='word_1_654' title='bbox 3024 2459 3209 2516; x_wconf 88' lang='lat' dir='ltr'><strong>dicens</strong></span> <span class='ocrx_word' id='word_1_655' title='bbox 3237 2476 3251 2513; x_wconf 92' lang='lat'>:</span> <span class='ocrx_word' id='word_1_656' title='bbox 3302 2458 3384 2513; x_wconf 84' lang='lat' dir='ltr'><strong>Ea:</strong></span> <span class='ocrx_word' id='word_1_657' title='bbox 3414 2468 3528 2514; x_wconf 88' lang='lat' dir='ltr'><strong>tota</strong></span> <span class='ocrx_word' id='word_1_658' title='bbox 3556 2458 3720 2512; x_wconf 83' lang='lat' dir='ltr'><strong>anima</strong></span> 
     </span>
    </p>
   </div>
   <div class='ocr_carea' id='block_1_87' title="bbox 2132 2550 3717 2623">
    <p class='ocr_par' dir='ltr' id='par_1_87' title="bbox 2132 2550 3717 2623">
     <span class='ocr_line' id='line_1_88' title="bbox 2132 2550 3717 2623; baseline -0.001 -15"><span class='ocrx_word' id='word_1_659' title='bbox 2132 2565 2224 2608; x_wconf 84' lang='lat' dir='ltr'><strong>tua</strong></span> <span class='ocrx_word' id='word_1_660' title='bbox 2251 2554 2374 2607; x_wconf 88' lang='lat' dir='ltr'><strong>time</strong></span> <span class='ocrx_word' id='word_1_661' title='bbox 2409 2553 2606 2619; x_wconf 82' lang='lat' dir='ltr'><strong>Deum,</strong></span> <span class='ocrx_word' id='word_1_662' title='bbox 2661 2562 2709 2608; x_wconf 91' lang='lat' dir='ltr'><strong>et</strong></span> <span class='ocrx_word' id='word_1_663' title='bbox 2736 2552 3033 2607; x_wconf 83' lang='lat' dir='ltr'><strong>sacerdotes</strong></span> <span class='ocrx_word' id='word_1_664' title='bbox 3063 2552 3176 2621; x_wconf 89' lang='lat' dir='ltr'><strong>ejus</strong></span> <span class='ocrx_word' id='word_1_665' title='bbox 3204 2551 3486 2619; x_wconf 82' lang='lat' dir='ltr'><strong>sancti/ica</strong></span> <span class='ocrx_word' id='word_1_666' title='bbox 3532 2550 3717 2623; x_wconf 81' lang='lat' dir='ltr'><strong>(Eccli.</strong></span> 
     </span>
    </p>
   </div>
   <div class='ocr_carea' id='block_1_88' title="bbox 2133 2644 3718 2718">
    <p class='ocr_par' dir='ltr' id='par_1_88' title="bbox 2133 2644 3718 2718">
     <span class='ocr_line' id='line_1_89' title="bbox 2133 2644 3718 2718; baseline -0.001 -18"><span class='ocrx_word' id='word_1_667' title='bbox 2133 2662 2236 2713; x_wconf 81' lang='lat' dir='ltr'><strong>vn,</strong></span> <span class='ocrx_word' id='word_1_668' title='bbox 2268 2646 2397 2718; x_wconf 74' lang='lat'><strong>&#39;52).</strong></span> <span class='ocrx_word' id='word_1_669' title='bbox 2446 2646 2513 2701; x_wconf 86' lang='lat' dir='ltr'><strong>Et</strong></span> <span class='ocrx_word' id='word_1_670' title='bbox 2560 2647 2803 2702; x_wconf 89' lang='lat' dir='ltr'><strong>iterum:</strong></span> <span class='ocrx_word' id='word_1_671' title='bbox 2843 2644 3063 2700; x_wconf 78' lang='lat' dir='ltr'><strong>Honora</strong></span> <span class='ocrx_word' id='word_1_672' title='bbox 3112 2645 3279 2700; x_wconf 87' lang='lat' dir='ltr'><strong>Deum</strong></span> <span class='ocrx_word' id='word_1_673' title='bbox 3336 2655 3491 2699; x_wconf 84' lang='lat' dir='ltr'><strong>tuum</strong></span> <span class='ocrx_word' id='word_1_674' title='bbox 3536 2663 3597 2701; x_wconf 76' lang='lat' dir='ltr'><strong>ea.</strong></span> <span class='ocrx_word' id='word_1_675' title='bbox 3623 2655 3718 2699; x_wconf 84' lang='lat' dir='ltr'><strong>tota</strong></span> 
     </span>
    </p>
   </div>
   <div class='ocr_carea' id='block_1_89' title="bbox 2132 2734 3715 2807">
    <p class='ocr_par' dir='ltr' id='par_1_89' title="bbox 2132 2734 3715 2807">
     <span class='ocr_line' id='line_1_90' title="bbox 2132 2734 3715 2807; baseline -0.004 -13"><span class='ocrx_word' id='word_1_676' title='bbox 2132 2740 2311 2795; x_wconf 88' lang='lat' dir='ltr'><strong>anima</strong></span> <span class='ocrx_word' id='word_1_677' title='bbox 2359 2749 2479 2804; x_wconf 89' lang='lat' dir='ltr'><strong>tua,</strong></span> <span class='ocrx_word' id='word_1_678' title='bbox 2517 2749 2565 2793; x_wconf 91' lang='lat' dir='ltr'><strong>et</strong></span> <span class='ocrx_word' id='word_1_679' title='bbox 2588 2738 2885 2806; x_wconf 81' lang='lat' dir='ltr'><strong>honoriﬁca</strong></span> <span class='ocrx_word' id='word_1_680' title='bbox 2930 2738 3223 2792; x_wconf 84' lang='lat' dir='ltr'><strong>sacerdotes</strong></span> <span class='ocrx_word' id='word_1_681' title='bbox 3252 2738 3369 2807; x_wconf 83' lang='lat' dir='ltr'><strong>ejus</strong></span> <span class='ocrx_word' id='word_1_682' title='bbox 3398 2737 3565 2807; x_wconf 84' lang='lat' dir='ltr'><strong>(ibid.</strong></span> <span class='ocrx_word' id='word_1_683' title='bbox 3603 2734 3715 2806; x_wconf 75' lang='lat'><strong>33).</strong></span> 
     </span>
    </p>
   </div>
   <div class='ocr_carea' id='block_1_90' title="bbox 2133 2824 3720 2900">
    <p class='ocr_par' dir='ltr' id='par_1_90' title="bbox 2133 2824 3720 2900">
     <span class='ocr_line' id='line_1_91' title="bbox 2133 2824 3720 2900; baseline -0.005 -15"><span class='ocrx_word' id='word_1_684' title='bbox 2133 2831 2372 2897; x_wconf 84' lang='lat' dir='ltr'><strong>Quorum</strong></span> <span class='ocrx_word' id='word_1_685' title='bbox 2401 2836 2797 2900; x_wconf 69' lang='lat' dir='ltr'><strong>prmeeptorum</strong></span> <span class='ocrx_word' id='word_1_686' title='bbox 2847 2842 3082 2893; x_wconf 87' lang='lat' dir='ltr'><strong>memor,</strong></span> <span class='ocrx_word' id='word_1_687' title='bbox 3129 2824 3187 2880; x_wconf 78' lang='grc' dir='ltr'><strong>Β.</strong></span> <span class='ocrx_word' id='word_1_688' title='bbox 3231 2824 3468 2893; x_wconf 88' lang='lat' dir='ltr'><strong>Paulus,</strong></span> <span class='ocrx_word' id='word_1_689' title='bbox 3501 2840 3619 2881; x_wconf 91' lang='lat' dir='ltr'><strong>cum</strong></span> <span class='ocrx_word' id='word_1_690' title='bbox 3647 2838 3720 2878; x_wconf 84' lang='lat' dir='ltr'><strong>sa-</strong></span> 
     </span>
    </p>
   </div>
   <div class='ocr_carea' id='block_1_91' title="bbox 2134 2918 3717 2987">
    <p class='ocr_par' dir='ltr' id='par_1_91' title="bbox 2134 2918 3717 2987">
     <span class='ocr_line' id='line_1_92' title="bbox 2134 2918 3717 2987; baseline -0.004 -10"><span class='ocrx_word' id='word_1_691' title='bbox 2134 2923 2340 2978; x_wconf 86' lang='lat' dir='ltr'><strong>cerdoti</strong></span> <span class='ocrx_word' id='word_1_692' title='bbox 2366 2962 2381 2987; x_wconf 96' lang='lat'><strong>,</strong></span> <span class='ocrx_word' id='word_1_693' title='bbox 2418 2921 2667 2976; x_wconf 85' lang='lat' dir='ltr'><strong>nesciens</strong></span> <span class='ocrx_word' id='word_1_694' title='bbox 2710 2935 2833 2975; x_wconf 91' lang='lat' dir='ltr'><strong>eum</strong></span> <span class='ocrx_word' id='word_1_695' title='bbox 2865 2919 3203 2975; x_wconf 90' lang='lat' dir='ltr'><strong>sacerdotem</strong></span> <span class='ocrx_word' id='word_1_696' title='bbox 3251 2932 3373 2973; x_wconf 85' lang='lat' dir='ltr'><strong>esse</strong></span> <span class='ocrx_word' id='word_1_697' title='bbox 3395 2960 3409 2982; x_wconf 87' lang='lat'><strong>,</strong></span> <span class='ocrx_word' id='word_1_698' title='bbox 3447 2918 3717 2973; x_wconf 84' lang='lat' dir='ltr'><strong>maledice-</strong></span> 
     </span>
    </p>
   </div>
   <div class='ocr_carea' id='block_1_92' title="bbox 2133 2992 3719 3077">
    <p class='ocr_par' dir='ltr' id='par_1_92' title="bbox 2133 2992 3719 3077">
     <span class='ocr_line' id='line_1_93' title="bbox 2133 2992 3719 3077; baseline -0.003 -10"><span class='ocrx_word' id='word_1_699' title='bbox 2133 3023 2210 3070; x_wconf 87' lang='lat' dir='ltr'><strong>rel</strong></span> <span class='ocrx_word' id='word_1_700' title='bbox 2234 3055 2249 3077; x_wconf 92' lang='lat'><strong>,</strong></span> <span class='ocrx_word' id='word_1_701' title='bbox 2282 3022 2335 3068; x_wconf 83' lang='lat' dir='ltr'><strong>et</strong></span> <span class='ocrx_word' id='word_1_702' title='bbox 2360 3015 2407 3067; x_wconf 91' lang='lat' dir='ltr'><strong>ei</strong></span> <span class='ocrx_word' id='word_1_703' title='bbox 2450 3014 2723 3067; x_wconf 78' lang='lat' dir='ltr'><strong>diceretur</strong></span> <span class='ocrx_word' id='word_1_704' title='bbox 2755 3030 2768 3067; x_wconf 86' lang='lat'><strong>:</strong></span> <span class='ocrx_word' id='word_1_705' title='bbox 2810 3011 2902 3068; x_wconf 90' lang='lat' dir='ltr'><strong>Sic</strong></span> <span class='ocrx_word' id='word_1_706' title='bbox 2946 3013 3117 3066; x_wconf 85' lang='lat' dir='ltr'><strong>insitis</strong></span> <span class='ocrx_word' id='word_1_707' title='bbox 3164 3014 3218 3065; x_wconf 84' lang='lat' dir='ltr'><strong>in</strong></span> <span class='ocrx_word' id='word_1_708' title='bbox 3257 3012 3581 3067; x_wconf 85' lang='lat' dir='ltr'><strong>sacerdotem</strong></span> <span class='ocrx_word' id='word_1_709' title='bbox 3609 2992 3719 3064; x_wconf 48' lang='lat' dir='ltr'><strong>ma?</strong></span> 
     </span>
    </p>
   </div>
   <div class='ocr_carea' id='block_1_93' title="bbox 2133 3101 3712 3176">
    <p class='ocr_par' dir='ltr' id='par_1_93' title="bbox 2133 3101 3712 3176">
     <span class='ocr_line' id='line_1_94' title="bbox 2133 3101 3712 3176; baseline -0.001 -19"><span class='ocrx_word' id='word_1_710' title='bbox 2133 3104 2441 3159; x_wconf 78' lang='lat' dir='ltr'><strong>tedicemlo?</strong></span> <span class='ocrx_word' id='word_1_711' title='bbox 2468 3106 2484 3169; x_wconf 89' lang='lat'><strong>(</strong></span> <span class='ocrx_word' id='word_1_712' title='bbox 2504 3104 2621 3159; x_wconf 74' lang='lat' dir='ltr'><strong>Act.</strong></span> <span class='ocrx_word' id='word_1_713' title='bbox 2654 3121 2824 3171; x_wconf 66' lang='grc' dir='ltr'>χχιιι,</span> <span class='ocrx_word' id='word_1_714' title='bbox 2858 3103 2926 3176; x_wconf 70' lang='grc'><strong>4)</strong></span> <span class='ocrx_word' id='word_1_715' title='bbox 2957 3104 3142 3159; x_wconf 84' lang='lat' dir='ltr'><strong>statim</strong></span> <span class='ocrx_word' id='word_1_716' title='bbox 3196 3103 3411 3170; x_wconf 89' lang='lat' dir='ltr'><strong>culpam</strong></span> <span class='ocrx_word' id='word_1_717' title='bbox 3465 3101 3667 3174; x_wconf 87' lang='lat' dir='ltr'><strong>agnovit</strong></span> <span class='ocrx_word' id='word_1_718' title='bbox 3699 3118 3712 3155; x_wconf 87' lang='lat'><strong>:</strong></span> 
     </span>
    </p>
   </div>
   <div class='ocr_carea' id='block_1_94' title="bbox 2131 3285 3712 3358">
    <p class='ocr_par' dir='ltr' id='par_1_94' title="bbox 2131 3285 3712 3358">
     <span class='ocr_line' id='line_1_95' title="bbox 2131 3285 3712 3358; baseline -0.005 -15"><span class='ocrx_word' id='word_1_719' title='bbox 2131 3288 2363 3343; x_wconf 89' lang='lat' dir='ltr'><strong>dicens:</strong></span> <span class='ocrx_word' id='word_1_720' title='bbox 2429 3286 2777 3349; x_wconf 84' lang='lat' dir='ltr'><strong>Nesciebam,</strong></span> <span class='ocrx_word' id='word_1_721' title='bbox 2823 3288 3050 3358; x_wconf 76' lang='lat' dir='ltr'><strong>fratres,</strong></span> <span class='ocrx_word' id='word_1_722' title='bbox 3103 3288 3229 3358; x_wconf 89' lang='lat' dir='ltr'><strong>quia</strong></span> <span class='ocrx_word' id='word_1_723' title='bbox 3282 3285 3523 3355; x_wconf 70' lang='lat' dir='ltr'><strong>pontifex</strong></span> <span class='ocrx_word' id='word_1_724' title='bbox 3573 3294 3712 3339; x_wconf 74' lang='lat' dir='ltr'><strong>esset.</strong></span> 
     </span>
    </p>
   </div>
   <div class='ocr_carea' id='block_1_95' title="bbox 2131 3364 3715 3449">
    <p class='ocr_par' dir='ltr' id='par_1_95' title="bbox 2131 3364 3715 3449">
     <span class='ocr_line' id='line_1_96' title="bbox 2131 3364 3715 3449; baseline -0.004 -16"><span class='ocrx_word' id='word_1_725' title='bbox 2131 3378 2393 3449; x_wconf 81' lang='lat' dir='ltr'><strong>Scriptum</strong></span> <span class='ocrx_word' id='word_1_726' title='bbox 2415 3387 2489 3432; x_wconf 86' lang='lat' dir='ltr'><strong>est</strong></span> <span class='ocrx_word' id='word_1_727' title='bbox 2522 3379 2658 3433; x_wconf 85' lang='lat' dir='ltr'><strong>enim</strong></span> <span class='ocrx_word' id='word_1_728' title='bbox 2691 3364 3039 3444; x_wconf 72' lang='lat' dir='ltr'><strong>:Principem</strong></span> <span class='ocrx_word' id='word_1_729' title='bbox 3063 3376 3245 3448; x_wconf 84' lang='lat' dir='ltr'><strong>populi</strong></span> <span class='ocrx_word' id='word_1_730' title='bbox 3272 3379 3349 3431; x_wconf 89' lang='lat' dir='ltr'><strong>tui</strong></span> <span class='ocrx_word' id='word_1_731' title='bbox 3382 3392 3491 3431; x_wconf 86' lang='lat' dir='ltr'><strong>non</strong></span> <span class='ocrx_word' id='word_1_732' title='bbox 3518 3375 3715 3429; x_wconf 66' lang='lat' dir='ltr'><strong>maledi-</strong></span> 
     </span>
    </p>
   </div>
   <div class='ocr_carea' id='block_1_96' title="bbox 2130 3466 3714 3540">
    <p class='ocr_par' dir='ltr' id='par_1_96' title="bbox 2130 3466 3714 3540">
     <span class='ocr_line' id='line_1_97' title="bbox 2130 3466 3714 3540; baseline -0.003 -19"><span class='ocrx_word' id='word_1_733' title='bbox 2130 3485 2211 3523; x_wconf 87' lang='lat' dir='ltr'><strong>ces</strong></span> <span class='ocrx_word' id='word_1_734' title='bbox 2242 3469 2434 3538; x_wconf 86' lang='lat' dir='ltr'><strong>(ibid.,</strong></span> <span class='ocrx_word' id='word_1_735' title='bbox 2466 3470 2555 3540; x_wconf 79' lang='lat'><strong>5).</strong></span> <span class='ocrx_word' id='word_1_736' title='bbox 2598 3469 2663 3523; x_wconf 84' lang='lat' dir='ltr'><strong>Et</strong></span> <span class='ocrx_word' id='word_1_737' title='bbox 2691 3467 2817 3521; x_wconf 85' lang='lat' dir='ltr'><strong>alibi</strong></span> <span class='ocrx_word' id='word_1_738' title='bbox 2848 3467 2979 3522; x_wconf 86' lang='lat' dir='ltr'><strong>dicit</strong></span> <span class='ocrx_word' id='word_1_739' title='bbox 3007 3482 3022 3519; x_wconf 91' lang='lat'><strong>:</strong></span> <span class='ocrx_word' id='word_1_740' title='bbox 3057 3466 3180 3520; x_wconf 76' lang='lat' dir='ltr'><strong>Non</strong></span> <span class='ocrx_word' id='word_1_741' title='bbox 3204 3477 3277 3521; x_wconf 86' lang='lat' dir='ltr'><strong>est</strong></span> <span class='ocrx_word' id='word_1_742' title='bbox 3301 3476 3532 3535; x_wconf 87' lang='lat' dir='ltr'><strong>potestas</strong></span> <span class='ocrx_word' id='word_1_743' title='bbox 3564 3466 3658 3519; x_wconf 84' lang='lat' dir='ltr'><strong>nisi</strong></span> <span class='ocrx_word' id='word_1_744' title='bbox 3685 3480 3714 3517; x_wconf 88' lang='lat' dir='ltr'><strong>a</strong></span> 
     </span>
    </p>
   </div>
   <div class='ocr_carea' id='block_1_97' title="bbox 2130 3558 3713 3632">
    <p class='ocr_par' dir='ltr' id='par_1_97' title="bbox 2130 3558 3713 3632">
     <span class='ocr_line' id='line_1_98' title="bbox 2130 3558 3713 3632; baseline -0.003 -18"><span class='ocrx_word' id='word_1_745' title='bbox 2130 3560 2262 3614; x_wconf 90' lang='lat' dir='ltr'><strong>Deo.</strong></span> <span class='ocrx_word' id='word_1_746' title='bbox 2297 3560 2365 3615; x_wconf 86' lang='lat' dir='ltr'><strong>Et</strong></span> <span class='ocrx_word' id='word_1_747' title='bbox 2392 3563 2482 3632; x_wconf 82' lang='lat' dir='ltr'><strong>qui</strong></span> <span class='ocrx_word' id='word_1_748' title='bbox 2511 3562 2703 3615; x_wconf 87' lang='lat' dir='ltr'><strong>resistit</strong></span> <span class='ocrx_word' id='word_1_749' title='bbox 2741 3562 3019 3629; x_wconf 83' lang='lat' dir='ltr'><strong>potestati,</strong></span> <span class='ocrx_word' id='word_1_750' title='bbox 3051 3560 3246 3614; x_wconf 73' lang='lat' dir='ltr'><strong>divina:</strong></span> <span class='ocrx_word' id='word_1_751' title='bbox 3287 3558 3613 3613; x_wconf 84' lang='lat' dir='ltr'><strong>ordinationi</strong></span> <span class='ocrx_word' id='word_1_752' title='bbox 3640 3571 3713 3610; x_wconf 87' lang='lat' dir='ltr'><strong>re-</strong></span> 
     </span>
    </p>
   </div>
   <div class='ocr_carea' id='block_1_98' title="bbox 2127 3647 3714 3721">
    <p class='ocr_par' dir='ltr' id='par_1_98' title="bbox 2127 3647 3714 3721">
     <span class='ocr_line' id='line_1_99' title="bbox 2127 3647 3714 3721; baseline -0.003 -18"><span class='ocrx_word' id='word_1_753' title='bbox 2127 3649 2301 3714; x_wconf 85' lang='lat' dir='ltr'><strong>sistit;</strong></span> <span class='ocrx_word' id='word_1_754' title='bbox 2330 3660 2377 3703; x_wconf 90' lang='lat' dir='ltr'><strong>et</strong></span> <span class='ocrx_word' id='word_1_755' title='bbox 2402 3649 2492 3721; x_wconf 84' lang='lat' dir='ltr'><strong>qui</strong></span> <span class='ocrx_word' id='word_1_756' title='bbox 2525 3650 2807 3713; x_wconf 85' lang='lat' dir='ltr'><strong>resistunt,</strong></span> <span class='ocrx_word' id='word_1_757' title='bbox 2851 3649 2949 3716; x_wconf 83' lang='lat' dir='ltr'><strong>ipsi</strong></span> <span class='ocrx_word' id='word_1_758' title='bbox 2981 3649 3080 3703; x_wconf 88' lang='lat' dir='ltr'><strong>sibi</strong></span> <span class='ocrx_word' id='word_1_759' title='bbox 3124 3650 3521 3705; x_wconf 76' lang='lat' dir='ltr'><strong>damnationem</strong></span> <span class='ocrx_word' id='word_1_760' title='bbox 3549 3647 3714 3719; x_wconf 85' lang='lat' dir='ltr'><strong>acqui-</strong></span> 
     </span>
    </p>
   </div>
   <div class='ocr_carea' id='block_1_99' title="bbox 2128 3739 3713 3810">
    <p class='ocr_par' dir='ltr' id='par_1_99' title="bbox 2128 3739 3713 3810">
     <span class='ocr_line' id='line_1_100' title="bbox 2128 3739 3713 3810; baseline 0.001 -19"><span class='ocrx_word' id='word_1_761' title='bbox 2128 3749 2247 3795; x_wconf 87' lang='lat' dir='ltr'><strong>runt</strong></span> <span class='ocrx_word' id='word_1_762' title='bbox 2280 3739 2471 3810; x_wconf 86' lang='lat' dir='ltr'><strong>(Rom.</strong></span> <span class='ocrx_word' id='word_1_763' title='bbox 2505 3756 2603 3794; x_wconf 87' lang='lat' dir='ltr'><strong>xm</strong></span> <span class='ocrx_word' id='word_1_764' title='bbox 2625 3781 2639 3805; x_wconf 89' lang='lat'><strong>,</strong></span> <span class='ocrx_word' id='word_1_765' title='bbox 2684 3740 2744 3803; x_wconf 79' lang='lat'><strong>1,</strong></span> <span class='ocrx_word' id='word_1_766' title='bbox 2778 3739 2866 3809; x_wconf 73' lang='lat'><strong>2).</strong></span> <span class='ocrx_word' id='word_1_767' title='bbox 2915 3739 3174 3794; x_wconf 88' lang='lat' dir='ltr'><strong>Dominus</strong></span> <span class='ocrx_word' id='word_1_768' title='bbox 3205 3742 3366 3795; x_wconf 90' lang='lat' dir='ltr'><strong>etiam</strong></span> <span class='ocrx_word' id='word_1_769' title='bbox 3396 3751 3584 3797; x_wconf 90' lang='lat' dir='ltr'><strong>noster</strong></span> <span class='ocrx_word' id='word_1_770' title='bbox 3608 3739 3713 3809; x_wconf 62' lang='lat' dir='ltr'><strong>ipse</strong></span> 
     </span>
    </p>
   </div>
   <div class='ocr_carea' id='block_1_100' title="bbox 2126 3829 3709 3903">
    <p class='ocr_par' dir='ltr' id='par_1_100' title="bbox 2126 3829 3709 3903">
     <span class='ocr_line' id='line_1_101' title="bbox 2126 3829 3709 3903; baseline -0.001 -19"><span class='ocrx_word' id='word_1_771' title='bbox 2126 3829 2283 3887; x_wconf 76' lang='lat' dir='ltr'><strong>.lesus</strong></span> <span class='ocrx_word' id='word_1_772' title='bbox 2327 3830 2611 3896; x_wconf 85' lang='lat' dir='ltr'><strong>Christus,</strong></span> <span class='ocrx_word' id='word_1_773' title='bbox 2670 3848 2762 3887; x_wconf 80' lang='lat' dir='ltr'><strong>rex</strong></span> <span class='ocrx_word' id='word_1_774' title='bbox 2816 3842 2869 3885; x_wconf 91' lang='lat' dir='ltr'><strong>et</strong></span> <span class='ocrx_word' id='word_1_775' title='bbox 2916 3830 3079 3900; x_wconf 84' lang='lat' dir='ltr'><strong>juch</strong></span> <span class='ocrx_word' id='word_1_776' title='bbox 3117 3842 3172 3887; x_wconf 92' lang='lat' dir='ltr'><strong>ct</strong></span> <span class='ocrx_word' id='word_1_777' title='bbox 3207 3832 3469 3903; x_wconf 80' lang='lat' dir='ltr'><strong>magister</strong></span> <span class='ocrx_word' id='word_1_778' title='bbox 3504 3842 3709 3898; x_wconf 86' lang='lat' dir='ltr'><strong>noster,</strong></span> 
     </span>
    </p>
   </div>
   <div class='ocr_carea' id='block_1_101' title="bbox 2128 3925 3712 3999">
    <p class='ocr_par' dir='ltr' id='par_1_101' title="bbox 2128 3925 3712 3999">
     <span class='ocr_line' id='line_1_102' title="bbox 2128 3925 3712 3999; baseline 0.001 -21"><span class='ocrx_word' id='word_1_779' title='bbox 2128 3939 2297 3993; x_wconf 88' lang='lat' dir='ltr'><strong>usque</strong></span> <span class='ocrx_word' id='word_1_780' title='bbox 2336 3925 2403 3979; x_wconf 90' lang='lat' dir='ltr'><strong>ad</strong></span> <span class='ocrx_word' id='word_1_781' title='bbox 2433 3926 2699 3995; x_wconf 88' lang='lat' dir='ltr'><strong>passionis</strong></span> <span class='ocrx_word' id='word_1_782' title='bbox 2729 3926 2869 3980; x_wconf 90' lang='lat' dir='ltr'><strong>diem</strong></span> <span class='ocrx_word' id='word_1_783' title='bbox 2901 3927 3140 3981; x_wconf 87' lang='lat' dir='ltr'><strong>servavit</strong></span> <span class='ocrx_word' id='word_1_784' title='bbox 3169 3926 3434 3981; x_wconf 79' lang='lat' dir='ltr'><strong>honorem</strong></span> <span class='ocrx_word' id='word_1_785' title='bbox 3467 3926 3712 3999; x_wconf 85' lang='lat' dir='ltr'><strong>sacerdo-</strong></span> 
     </span>
    </p>
   </div>
   <div class='ocr_carea' id='block_1_102' title="bbox 2130 4014 3710 4089">
    <p class='ocr_par' dir='ltr' id='par_1_102' title="bbox 2130 4014 3710 4089">
     <span class='ocr_line' id='line_1_103' title="bbox 2130 4014 3710 4089; baseline 0.001 -21"><span class='ocrx_word' id='word_1_786' title='bbox 2130 4014 2300 4083; x_wconf 81' lang='lat' dir='ltr'><strong>tibus,</strong></span> <span class='ocrx_word' id='word_1_787' title='bbox 2334 4018 2581 4085; x_wconf 84' lang='lat' dir='ltr'><strong>quamvis</strong></span> <span class='ocrx_word' id='word_1_788' title='bbox 2609 4014 2680 4069; x_wconf 89' lang='lat' dir='ltr'><strong>illi</strong></span> <span class='ocrx_word' id='word_1_789' title='bbox 2713 4028 2810 4070; x_wconf 88' lang='lat' dir='ltr'><strong>nec</strong></span> <span class='ocrx_word' id='word_1_790' title='bbox 2848 4016 3094 4072; x_wconf 86' lang='lat' dir='ltr'><strong>timorem</strong></span> <span class='ocrx_word' id='word_1_791' title='bbox 3127 4016 3242 4083; x_wconf 91' lang='lat' dir='ltr'><strong>Dei,</strong></span> <span class='ocrx_word' id='word_1_792' title='bbox 3268 4033 3367 4073; x_wconf 89' lang='lat' dir='ltr'><strong>nec</strong></span> <span class='ocrx_word' id='word_1_793' title='bbox 3386 4019 3710 4089; x_wconf 81' lang='lat' dir='ltr'><strong>agnitionem</strong></span> 
     </span>
    </p>
   </div>
   <div class='ocr_carea' id='block_1_103' title="bbox 2125 4103 3709 4177">
    <p class='ocr_par' dir='ltr' id='par_1_103' title="bbox 2125 4103 3709 4177">
     <span class='ocr_line' id='line_1_104' title="bbox 2125 4103 3709 4177; baseline 0 -18"><span class='ocrx_word' id='word_1_794' title='bbox 2125 4103 2324 4159; x_wconf 84' lang='lat' dir='ltr'><strong>Christi</strong></span> <span class='ocrx_word' id='word_1_795' title='bbox 2365 4112 2709 4168; x_wconf 87' lang='lat' dir='ltr'><strong>servassent;</strong></span> <span class='ocrx_word' id='word_1_796' title='bbox 2748 4121 2872 4158; x_wconf 86' lang='lat' dir='ltr'><strong>nam</strong></span> <span class='ocrx_word' id='word_1_797' title='bbox 2901 4120 3022 4160; x_wconf 90' lang='lat' dir='ltr'><strong>cum</strong></span> <span class='ocrx_word' id='word_1_798' title='bbox 3054 4106 3322 4177; x_wconf 88' lang='lat' dir='ltr'><strong>leprosum</strong></span> <span class='ocrx_word' id='word_1_799' title='bbox 3355 4108 3709 4168; x_wconf 83' lang='lat' dir='ltr'><strong>.mundasset.</strong></span> 
     </span>
    </p>
   </div>
   <div class='ocr_carea' id='block_1_104' title="bbox 2126 4192 3710 4269">
    <p class='ocr_par' dir='ltr' id='par_1_104' title="bbox 2126 4192 3710 4269">
     <span class='ocr_line' id='line_1_105' title="bbox 2126 4192 3710 4269; baseline 0.002 -20"><span class='ocrx_word' id='word_1_800' title='bbox 2126 4197 2264 4250; x_wconf 86' lang='lat' dir='ltr'><strong>dixit</strong></span> <span class='ocrx_word' id='word_1_801' title='bbox 2295 4196 2369 4251; x_wconf 91' lang='lat' dir='ltr'><strong>illi</strong></span> <span class='ocrx_word' id='word_1_802' title='bbox 2401 4214 2415 4249; x_wconf 89' lang='lat'><strong>:</strong></span> <span class='ocrx_word' id='word_1_803' title='bbox 2457 4192 2603 4250; x_wconf 74' lang='lat' dir='ltr'><strong>l’ade</strong></span> <span class='ocrx_word' id='word_1_804' title='bbox 2633 4207 2677 4249; x_wconf 83' lang='lat' dir='ltr'><strong>et</strong></span> <span class='ocrx_word' id='word_1_805' title='bbox 2710 4200 2924 4251; x_wconf 84' lang='lat' dir='ltr'><strong>ostende</strong></span> <span class='ocrx_word' id='word_1_806' title='bbox 2953 4208 3006 4252; x_wconf 90' lang='lat' dir='ltr'><strong>te</strong></span> <span class='ocrx_word' id='word_1_807' title='bbox 3027 4200 3288 4253; x_wconf 85' lang='lat' dir='ltr'><strong>sacerdoti</strong></span> <span class='ocrx_word' id='word_1_808' title='bbox 3326 4198 3554 4269; x_wconf 76' lang='lat' dir='ltr'><strong>(Matth.</strong></span> <span class='ocrx_word' id='word_1_809' title='bbox 3589 4214 3710 4261; x_wconf 83' lang='lat' dir='ltr'><strong>vm,</strong></span> 
     </span>
    </p>
   </div>
   <div class='ocr_carea' id='block_1_105' title="bbox 2122 4284 3711 4361">
    <p class='ocr_par' dir='ltr' id='par_1_105' title="bbox 2122 4284 3711 4361">
     <span class='ocr_line' id='line_1_106' title="bbox 2122 4284 3711 4361; baseline 0.001 -22"><span class='ocrx_word' id='word_1_810' title='bbox 2122 4285 2188 4351; x_wconf 66' lang='lat'><strong>4;</strong></span> <span class='ocrx_word' id='word_1_811' title='bbox 2228 4284 2357 4341; x_wconf 85' lang='lat' dir='ltr'><strong>Luc.</strong></span> <span class='ocrx_word' id='word_1_812' title='bbox 2402 4301 2547 4352; x_wconf 75' lang='lat' dir='ltr'><strong>xvn,</strong></span> <span class='ocrx_word' id='word_1_813' title='bbox 2581 4286 2706 4357; x_wconf 71' lang='lat' dir='ltr'><strong>ii).</strong></span> <span class='ocrx_word' id='word_1_814' title='bbox 2768 4285 2841 4341; x_wconf 86' lang='lat' dir='ltr'><strong>Ea</strong></span> <span class='ocrx_word' id='word_1_815' title='bbox 2878 4288 3185 4344; x_wconf 89' lang='lat' dir='ltr'><strong>humilitate</strong></span> <span class='ocrx_word' id='word_1_816' title='bbox 3211 4304 3313 4358; x_wconf 90' lang='lat' dir='ltr'><strong>qua</strong></span> <span class='ocrx_word' id='word_1_817' title='bbox 3358 4305 3456 4343; x_wconf 91' lang='lat' dir='ltr'><strong>nos</strong></span> <span class='ocrx_word' id='word_1_818' title='bbox 3507 4303 3711 4361; x_wconf 88' lang='lat' dir='ltr'><strong>quoque</strong></span> 
     </span>
    </p>
   </div>
   <div class='ocr_carea' id='block_1_106' title="bbox 2123 4376 3709 4451">
    <p class='ocr_par' dir='ltr' id='par_1_106' title="bbox 2123 4376 3709 4451">
     <span class='ocr_line' id='line_1_107' title="bbox 2123 4376 3709 4451; baseline 0.001 -20"><span class='ocrx_word' id='word_1_819' title='bbox 2123 4376 2354 4433; x_wconf 89' lang='lat' dir='ltr'><strong>humiles</strong></span> <span class='ocrx_word' id='word_1_820' title='bbox 2384 4393 2503 4433; x_wconf 91' lang='lat' dir='ltr'><strong>esse</strong></span> <span class='ocrx_word' id='word_1_821' title='bbox 2538 4377 2755 4443; x_wconf 90' lang='lat' dir='ltr'><strong>docuit,</strong></span> <span class='ocrx_word' id='word_1_822' title='bbox 2831 4380 3172 4435; x_wconf 87' lang='lat' dir='ltr'><strong>sacerdotem</strong></span> <span class='ocrx_word' id='word_1_823' title='bbox 3223 4379 3532 4451; x_wconf 87' lang='lat' dir='ltr'><strong>appellabat</strong></span> <span class='ocrx_word' id='word_1_824' title='bbox 3558 4397 3709 4451; x_wconf 88' lang='lat' dir='ltr'><strong>quem</strong></span> 
     </span>
    </p>
   </div>
   <div class='ocr_carea' id='block_1_107' title="bbox 2123 4466 3709 4541">
    <p class='ocr_par' dir='ltr' id='par_1_107' title="bbox 2123 4466 3709 4541">
     <span class='ocr_line' id='line_1_108' title="bbox 2123 4466 3709 4541; baseline 0 -19"><span class='ocrx_word' id='word_1_825' title='bbox 2123 4468 2328 4523; x_wconf 87' lang='lat' dir='ltr'><strong>sciebat</strong></span> <span class='ocrx_word' id='word_1_826' title='bbox 2356 4484 2475 4524; x_wconf 89' lang='lat' dir='ltr'><strong>esse</strong></span> <span class='ocrx_word' id='word_1_827' title='bbox 2497 4468 2845 4541; x_wconf 84' lang='lat' dir='ltr'><strong>sacrilegum.</strong></span> <span class='ocrx_word' id='word_1_828' title='bbox 2878 4466 3014 4525; x_wconf 84' lang='lat' dir='ltr'><strong>Item</strong></span> <span class='ocrx_word' id='word_1_829' title='bbox 3040 4471 3141 4526; x_wconf 91' lang='lat' dir='ltr'><strong>sub</strong></span> <span class='ocrx_word' id='word_1_830' title='bbox 3166 4471 3273 4525; x_wconf 90' lang='lat' dir='ltr'><strong>ictu</strong></span> <span class='ocrx_word' id='word_1_831' title='bbox 3301 4471 3572 4541; x_wconf 87' lang='lat' dir='ltr'><strong>passionis</strong></span> <span class='ocrx_word' id='word_1_832' title='bbox 3594 4483 3709 4526; x_wconf 88' lang='lat' dir='ltr'><strong>cum</strong></span> 
     </span>
    </p>
   </div>
   <div class='ocr_carea' id='block_1_108' title="bbox 2121 4560 3711 4633">
    <p class='ocr_par' dir='ltr' id='par_1_108' title="bbox 2121 4560 3711 4633">
     <span class='ocr_line' id='line_1_109' title="bbox 2121 4560 3711 4633; baseline 0.001 -21"><span class='ocrx_word' id='word_1_833' title='bbox 2121 4560 2333 4629; x_wconf 90' lang='lat' dir='ltr'><strong>alapam</strong></span> <span class='ocrx_word' id='word_1_834' title='bbox 2391 4562 2719 4632; x_wconf 88' lang='lat' dir='ltr'><strong>accepisset,</strong></span> <span class='ocrx_word' id='word_1_835' title='bbox 2752 4572 2809 4618; x_wconf 91' lang='lat' dir='ltr'><strong>et</strong></span> <span class='ocrx_word' id='word_1_836' title='bbox 2860 4562 2909 4617; x_wconf 82' lang='lat' dir='ltr'><strong>ei</strong></span> <span class='ocrx_word' id='word_1_837' title='bbox 2962 4564 3267 4629; x_wconf 84' lang='lat' dir='ltr'><strong>diceretur;</strong></span> <span class='ocrx_word' id='word_1_838' title='bbox 3309 4564 3385 4617; x_wconf 85' lang='lat' dir='ltr'><strong>sic</strong></span> <span class='ocrx_word' id='word_1_839' title='bbox 3434 4562 3711 4633; x_wconf 84' lang='lat' dir='ltr'><strong>respondes</strong></span> 
     </span>
    </p>
   </div>
   <div class='ocr_carea' id='block_1_109' title="bbox 2126 4648 3709 4724">
    <p class='ocr_par' dir='ltr' id='par_1_109' title="bbox 2126 4648 3709 4724">
     <span class='ocr_line' id='line_1_110' title="bbox 2126 4648 3709 4724; baseline 0.002 -22"><span class='ocrx_word' id='word_1_840' title='bbox 2126 4648 2404 4717; x_wconf 76' lang='lat' dir='ltr'><strong>pontiﬁci?</strong></span> <span class='ocrx_word' id='word_1_841' title='bbox 2450 4649 2596 4704; x_wconf 87' lang='lat' dir='ltr'><strong>Nihil</strong></span> <span class='ocrx_word' id='word_1_842' title='bbox 2645 4652 3035 4709; x_wconf 90' lang='lat' dir='ltr'><strong>contumeliose</strong></span> <span class='ocrx_word' id='word_1_843' title='bbox 3070 4653 3226 4724; x_wconf 77' lang='lat'><strong>192</strong></span> <span class='ocrx_word' id='word_1_844' title='bbox 3258 4654 3470 4709; x_wconf 90' lang='lat' dir='ltr'><strong>locutus</strong></span> <span class='ocrx_word' id='word_1_845' title='bbox 3520 4661 3604 4709; x_wconf 92' lang='lat' dir='ltr'><strong>est</strong></span> <span class='ocrx_word' id='word_1_846' title='bbox 3656 4652 3709 4706; x_wconf 91' lang='lat' dir='ltr'><strong>in</strong></span> 
     </span>
    </p>
   </div>
   <div class='ocr_carea' id='block_1_110' title="bbox 2120 4742 3708 4816">
    <p class='ocr_par' dir='ltr' id='par_1_110' title="bbox 2120 4742 3708 4816">
     <span class='ocr_line' id='line_1_111' title="bbox 2120 4742 3708 4816; baseline 0.001 -19"><span class='ocrx_word' id='word_1_847' title='bbox 2120 4756 2405 4810; x_wconf 81' lang='lat' dir='ltr'><strong>personam</strong></span> <span class='ocrx_word' id='word_1_848' title='bbox 2423 4742 2710 4813; x_wconf 85' lang='lat' dir='ltr'><strong>pontiﬁcis,</strong></span> <span class='ocrx_word' id='word_1_849' title='bbox 2737 4746 2831 4799; x_wconf 91' lang='lat' dir='ltr'><strong>sed</strong></span> <span class='ocrx_word' id='word_1_850' title='bbox 2850 4746 3023 4816; x_wconf 90' lang='lat' dir='ltr'><strong>magis</strong></span> <span class='ocrx_word' id='word_1_851' title='bbox 3046 4746 3407 4800; x_wconf 89' lang='lat' dir='ltr'><strong>innocentiam</strong></span> <span class='ocrx_word' id='word_1_852' title='bbox 3424 4761 3581 4801; x_wconf 87' lang='lat' dir='ltr'><strong>suam</strong></span> <span class='ocrx_word' id='word_1_853' title='bbox 3600 4759 3708 4801; x_wconf 86' lang='lat' dir='ltr'><strong>ser-</strong></span> 
     </span>
    </p>
   </div>
   <div class='ocr_carea' id='block_1_111' title="bbox 2121 4831 3709 4909">
    <p class='ocr_par' dir='ltr' id='par_1_111' title="bbox 2121 4831 3709 4909">
     <span class='ocr_line' id='line_1_112' title="bbox 2121 4831 3709 4909; baseline 0.006 -27"><span class='ocrx_word' id='word_1_854' title='bbox 2121 4831 2297 4896; x_wconf 84' lang='lat' dir='ltr'><strong>vavit,</strong></span> <span class='ocrx_word' id='word_1_855' title='bbox 2355 4833 2544 4891; x_wconf 84' lang='lat' dir='ltr'><strong>dicens</strong></span> <span class='ocrx_word' id='word_1_856' title='bbox 2577 4853 2590 4889; x_wconf 88' lang='lat'><strong>:</strong></span> <span class='ocrx_word' id='word_1_857' title='bbox 2626 4832 2685 4890; x_wconf 83' lang='lat' dir='ltr'><strong>Si</strong></span> <span class='ocrx_word' id='word_1_858' title='bbox 2737 4836 2873 4891; x_wconf 87' lang='lat' dir='ltr'><strong>male</strong></span> <span class='ocrx_word' id='word_1_859' title='bbox 2916 4837 3120 4892; x_wconf 89' lang='lat' dir='ltr'><strong>locutus</strong></span> <span class='ocrx_word' id='word_1_860' title='bbox 3157 4854 3300 4901; x_wconf 85' lang='lat' dir='ltr'><strong>sum,</strong></span> <span class='ocrx_word' id='word_1_861' title='bbox 3343 4840 3603 4909; x_wconf 75' lang='lat' dir='ltr'><strong>exprobra</strong></span> <span class='ocrx_word' id='word_1_862' title='bbox 3647 4837 3709 4891; x_wconf 83' lang='lat' dir='ltr'><strong>de</strong></span> 
     </span>
    </p>
   </div>
   <div class='ocr_carea' id='block_1_112' title="bbox 2120 5051 3704 5127">
    <p class='ocr_par' dir='ltr' id='par_1_112' title="bbox 2120 5051 3704 5127">
     <span class='ocr_line' id='line_1_113' title="bbox 2120 5051 3704 5127; baseline 0.003 -23"><span class='ocrx_word' id='word_1_863' title='bbox 2120 5052 2286 5127; x_wconf 67' lang='lat' dir='ltr'><strong>mini;</strong></span> <span class='ocrx_word' id='word_1_864' title='bbox 2322 5051 2651 5127; x_wconf 67' lang='lat' dir='ltr'><strong>Segestrum</strong></span> <span class='ocrx_word' id='word_1_865' title='bbox 2706 5064 2760 5111; x_wconf 90' lang='lat' dir='ltr'><strong>et</strong></span> <span class='ocrx_word' id='word_1_866' title='bbox 2814 5055 2874 5111; x_wconf 89' lang='lat' dir='ltr'><strong>S.</strong></span> <span class='ocrx_word' id='word_1_867' title='bbox 2904 5056 3209 5127; x_wconf 84' lang='lat' dir='ltr'><strong>Sequani:</strong></span> <span class='ocrx_word' id='word_1_868' title='bbox 3268 5057 3523 5114; x_wconf 88' lang='lat' dir='ltr'><strong>Uticense</strong></span> <span class='ocrx_word' id='word_1_869' title='bbox 3570 5067 3624 5113; x_wconf 92' lang='lat' dir='ltr'><strong>et</strong></span> <span class='ocrx_word' id='word_1_870' title='bbox 3650 5056 3704 5110; x_wconf 84' lang='lat' dir='ltr'><strong>S.</strong></span> 
     </span>
    </p>
   </div>
   <div class='ocr_carea' id='block_1_113' title="bbox 2121 5122 3704 5205">
    <p class='ocr_par' dir='ltr' id='par_1_113' title="bbox 2121 5122 3704 5205">
     <span class='ocr_line' id='line_1_114' title="bbox 2121 5122 3704 5205; baseline 0.004 -31"><span class='ocrx_word' id='word_1_871' title='bbox 2121 5122 2366 5205; x_wconf 48' lang='lat' dir='ltr'><strong>Ehr‘ulsi;</strong></span> <span class='ocrx_word' id='word_1_872' title='bbox 2399 5122 2793 5205; x_wconf 73' lang='lat' dir='ltr'><strong>Rieomagensc</strong></span> <span class='ocrx_word' id='word_1_873' title='bbox 2810 5137 2864 5181; x_wconf 91' lang='lat' dir='ltr'><strong>et</strong></span> <span class='ocrx_word' id='word_1_874' title='bbox 2981 5122 3259 5205; x_wconf 39' lang='lat' dir='ltr'><strong>amabilis.</strong></span> <span class='ocrx_word' id='word_1_875' title='bbox 3292 5129 3537 5205; x_wconf 80' lang='lat' dir='ltr'><strong>Alterum</strong></span> <span class='ocrx_word' id='word_1_876' title='bbox 3566 5129 3704 5205; x_wconf 75' lang='lat' dir='ltr'><strong>enim</strong></span> 
     </span>
    </p>
   </div>
   <div class='ocr_carea' id='block_1_114' title="bbox 2120 5192 3703 5267">
    <p class='ocr_par' dir='ltr' id='par_1_114' title="bbox 2120 5192 3703 5267">
     <span class='ocr_line' id='line_1_115' title="bbox 2120 5192 3703 5267; baseline 0.004 -22"><span class='ocrx_word' id='word_1_877' title='bbox 2120 5192 2259 5245; x_wconf 87' lang='lat' dir='ltr'><strong>tituli</strong></span> <span class='ocrx_word' id='word_1_878' title='bbox 2289 5208 2484 5267; x_wconf 84' lang='lat' dir='ltr'><strong>nomen</strong></span> <span class='ocrx_word' id='word_1_879' title='bbox 2508 5192 2887 5267; x_wconf 43' lang='lat' dir='ltr'><strong>esttatltertttn</strong></span> <span class='ocrx_word' id='word_1_880' title='bbox 2919 5198 3019 5252; x_wconf 89' lang='lat' dir='ltr'><strong>loci</strong></span> <span class='ocrx_word' id='word_1_881' title='bbox 3041 5238 3056 5263; x_wconf 90' lang='lat'><strong>,</strong></span> <span class='ocrx_word' id='word_1_882' title='bbox 3091 5199 3142 5252; x_wconf 95' lang='lat' dir='ltr'><strong>in</strong></span> <span class='ocrx_word' id='word_1_883' title='bbox 3186 5214 3294 5267; x_wconf 91' lang='lat' dir='ltr'><strong>quo</strong></span> <span class='ocrx_word' id='word_1_884' title='bbox 3343 5201 3559 5253; x_wconf 90' lang='lat' dir='ltr'><strong>condita</strong></span> <span class='ocrx_word' id='word_1_885' title='bbox 3590 5199 3703 5253; x_wconf 79' lang='lat' dir='ltr'><strong>tne-</strong></span> 
     </span>
    </p>
   </div>
   <div class='ocr_carea' id='block_1_115' title="bbox 2119 5264 3704 5336">
    <p class='ocr_par' dir='ltr' id='par_1_115' title="bbox 2119 5264 3704 5336">
     <span class='ocr_line' id='line_1_116' title="bbox 2119 5264 3704 5336; baseline 0.004 -22"><span class='ocrx_word' id='word_1_886' title='bbox 2119 5269 2264 5315; x_wconf 90' lang='lat' dir='ltr'><strong>rnnt.</strong></span> <span class='ocrx_word' id='word_1_887' title='bbox 2293 5264 2471 5336; x_wconf 84' lang='lat' dir='ltr'><strong>Atque</strong></span> <span class='ocrx_word' id='word_1_888' title='bbox 2502 5266 2553 5320; x_wconf 92' lang='lat' dir='ltr'><strong>in</strong></span> <span class='ocrx_word' id='word_1_889' title='bbox 2589 5266 2655 5319; x_wconf 92' lang='lat' dir='ltr'><strong>iis</strong></span> <span class='ocrx_word' id='word_1_890' title='bbox 2701 5282 2831 5321; x_wconf 89' lang='lat' dir='ltr'><strong>sane</strong></span> <span class='ocrx_word' id='word_1_891' title='bbox 2862 5268 3026 5330; x_wconf 88' lang='lat' dir='ltr'><strong>locis,</strong></span> <span class='ocrx_word' id='word_1_892' title='bbox 3078 5264 3217 5336; x_wconf 55' lang='lat' dir='ltr'><strong>qua!</strong></span> <span class='ocrx_word' id='word_1_893' title='bbox 3240 5268 3458 5323; x_wconf 89' lang='lat' dir='ltr'><strong>unicum</strong></span> <span class='ocrx_word' id='word_1_894' title='bbox 3507 5271 3704 5324; x_wconf 86' lang='lat' dir='ltr'><strong>habent</strong></span> 
     </span>
    </p>
   </div>
   <div class='ocr_carea' id='block_1_116' title="bbox 2116 5334 3705 5415">
    <p class='ocr_par' dir='ltr' id='par_1_116' title="bbox 2116 5334 3705 5415">
     <span class='ocr_line' id='line_1_117' title="bbox 2116 5334 3705 5415; baseline 0.005 -32"><span class='ocrx_word' id='word_1_895' title='bbox 2116 5334 2542 5415; x_wconf 61' lang='lat' dir='ltr'><strong>monasterium,</strong></span> <span class='ocrx_word' id='word_1_896' title='bbox 2583 5336 2634 5388; x_wconf 91' lang='lat' dir='ltr'><strong>id</strong></span> <span class='ocrx_word' id='word_1_897' title='bbox 2670 5339 2853 5391; x_wconf 87' lang='lat' dir='ltr'><strong>statim</strong></span> <span class='ocrx_word' id='word_1_898' title='bbox 2886 5334 3219 5415; x_wconf 78' lang='lat' dir='ltr'><strong>intelligitur.</strong></span> <span class='ocrx_word' id='word_1_899' title='bbox 3256 5338 3705 5415; x_wconf 54' lang='lat' dir='ltr'><strong>ln__amplinri:us</strong></span> 
     </span>
    </p>
   </div>
   <div class='ocr_carea' id='block_1_117' title="bbox 2117 5406 3700 5476">
    <p class='ocr_par' dir='ltr' id='par_1_117' title="bbox 2117 5406 3700 5476">
     <span class='ocr_line' id='line_1_118' title="bbox 2117 5406 3700 5476; baseline 0.004 -22"><span class='ocrx_word' id='word_1_900' title='bbox 2117 5416 2245 5456; x_wconf 90' lang='lat' dir='ltr'><strong>vero</strong></span> <span class='ocrx_word' id='word_1_901' title='bbox 2292 5406 2635 5476; x_wconf 81' lang='lat' dir='ltr'><strong>civitatibus.</strong></span> <span class='ocrx_word' id='word_1_902' title='bbox 2669 5414 2722 5460; x_wconf 90' lang='lat' dir='ltr'><strong>et</strong></span> <span class='ocrx_word' id='word_1_903' title='bbox 2747 5423 2866 5476; x_wconf 74' lang='lat' dir='ltr'><strong>qua:</strong></span> <span class='ocrx_word' id='word_1_904' title='bbox 2898 5406 3084 5462; x_wconf 80' lang='lat' dir='ltr'><strong>multis</strong></span> <span class='ocrx_word' id='word_1_905' title='bbox 3110 5410 3371 5465; x_wconf 74' lang='lat' dir='ltr'><strong>cmuobiis</strong></span> <span class='ocrx_word' id='word_1_906' title='bbox 3427 5406 3569 5464; x_wconf 87' lang='lat' dir='ltr'><strong>nunc</strong></span> <span class='ocrx_word' id='word_1_907' title='bbox 3605 5408 3700 5461; x_wconf 76' lang='grc' dir='ltr'><strong>ΠΟ·-</strong></span> 
     </span>
    </p>
   </div>
   <div class='ocr_carea' id='block_1_118' title="bbox 2116 5474 3698 5547">
    <p class='ocr_par' dir='ltr' id='par_1_118' title="bbox 2116 5474 3698 5547">
     <span class='ocr_line' id='line_1_119' title="bbox 2116 5474 3698 5547; baseline 0.006 -27"><span class='ocrx_word' id='word_1_908' title='bbox 2116 5480 2233 5547; x_wconf 70' lang='lat' dir='ltr'><strong>rent</strong></span> <span class='ocrx_word' id='word_1_909' title='bbox 2254 5513 2267 5532; x_wconf 90' lang='lat'><strong>,</strong></span> <span class='ocrx_word' id='word_1_910' title='bbox 2300 5474 2366 5527; x_wconf 91' lang='lat' dir='ltr'><strong>de</strong></span> <span class='ocrx_word' id='word_1_911' title='bbox 2395 5474 2866 5547; x_wconf 37' lang='lat' dir='ltr'><strong>vetustissimo—Aet</strong></span> <span class='ocrx_word' id='word_1_912' title='bbox 2912 5478 2993 5531; x_wconf 88' lang='lat' dir='ltr'><strong>sui</strong></span> <span class='ocrx_word' id='word_1_913' title='bbox 3047 5480 3307 5547; x_wconf 87' lang='lat' dir='ltr'><strong>temporis</strong></span> <span class='ocrx_word' id='word_1_914' title='bbox 3341 5480 3503 5535; x_wconf 89' lang='lat' dir='ltr'><strong>unico</strong></span> <span class='ocrx_word' id='word_1_915' title='bbox 3531 5479 3698 5547; x_wconf 87' lang='lat' dir='ltr'><strong>accipi</strong></span> 
     </span>
    </p>
   </div>
   <div class='ocr_carea' id='block_1_119' title="bbox 2114 5540 3703 5620">
    <p class='ocr_par' dir='ltr' id='par_1_119' title="bbox 2114 5540 3703 5620">
     <span class='ocr_line' id='line_1_120' title="bbox 2114 5540 3703 5620; baseline 0.003 -25"><span class='ocrx_word' id='word_1_916' title='bbox 2114 5540 2305 5620; x_wconf 70' lang='lat' dir='ltr'><strong>debet,</strong></span> <span class='ocrx_word' id='word_1_917' title='bbox 2328 5554 2400 5620; x_wconf 56' lang='grc' dir='ltr'><strong>ιιι</strong></span> <span class='ocrx_word' id='word_1_918' title='bbox 2428 5544 2482 5620; x_wconf 82' lang='lat' dir='ltr'><strong>in</strong></span> <span class='ocrx_word' id='word_1_919' title='bbox 2532 5545 2736 5620; x_wconf 83' lang='lat' dir='ltr'><strong>synodo</strong></span> <span class='ocrx_word' id='word_1_920' title='bbox 2770 5545 3020 5620; x_wconf 70' lang='lat' dir='ltr'><strong>Remensi</strong></span> <span class='ocrx_word' id='word_1_921' title='bbox 3059 5540 3283 5620; x_wconf 55' lang='lat' dir='ltr'><strong>Lerinis</strong></span> <span class='ocrx_word' id='word_1_922' title='bbox 3312 5549 3402 5603; x_wconf 68' lang='lat' dir='ltr'><strong>lx.</strong></span> <span class='ocrx_word' id='word_1_923' title='bbox 3437 5540 3703 5620; x_wconf 80' lang='lat' dir='ltr'><strong>Oylardns</strong></span> 
     </span>
    </p>
   </div>
   <div class='ocr_carea' id='block_1_120' title="bbox 2113 5610 3701 5685">
    <p class='ocr_par' dir='ltr' id='par_1_120' title="bbox 2113 5610 3701 5685">
     <span class='ocr_line' id='line_1_121' title="bbox 2113 5610 3701 5685; baseline 0.004 -23"><span class='ocrx_word' id='word_1_924' title='bbox 2113 5610 2279 5685; x_wconf 76' lang='lat' dir='ltr'><strong>abbas</strong></span> <span class='ocrx_word' id='word_1_925' title='bbox 2321 5610 2768 5685; x_wconf 78' lang='lat' dir='ltr'><strong>Catalaunensis,</strong></span> <span class='ocrx_word' id='word_1_926' title='bbox 2811 5618 2878 5670; x_wconf 86' lang='lat' dir='ltr'><strong>de</strong></span> <span class='ocrx_word' id='word_1_927' title='bbox 2906 5619 3101 5672; x_wconf 82' lang='lat' dir='ltr'><strong>ahhate</strong></span> <span class='ocrx_word' id='word_1_928' title='bbox 3147 5616 3206 5671; x_wconf 88' lang='lat' dir='ltr'><strong>S.</strong></span> <span class='ocrx_word' id='word_1_929' title='bbox 3235 5610 3508 5682; x_wconf 56' lang='lat' dir='ltr'><strong>Memmii}</strong></span> <span class='ocrx_word' id='word_1_930' title='bbox 3564 5620 3701 5685; x_wconf 87' lang='lat' dir='ltr'><strong>apud</strong></span> 
     </span>
    </p>
   </div>
   <div class='ocr_carea' id='block_1_121' title="bbox 2115 5678 3698 5803">
    <p class='ocr_par' dir='ltr' id='par_1_121' title="bbox 2115 5678 3698 5803">
     <span class='ocr_line' id='line_1_122' title="bbox 2115 5678 3698 5803; baseline 0.005 -70"><span class='ocrx_word' id='word_1_931' title='bbox 2115 5678 2330 5803; x_wconf 46' lang='lat' dir='ltr'><strong>Equam</strong></span> <span class='ocrx_word' id='word_1_932' title='bbox 2388 5684 2547 5753; x_wconf 89' lang='lat' dir='ltr'><strong>epist.</strong></span> <span class='ocrx_word' id='word_1_933' title='bbox 2596 5678 2933 5752; x_wconf 68' lang='lat' dir='ltr'><strong>218,ahhas</strong></span> <span class='ocrx_word' id='word_1_934' title='bbox 2962 5686 3350 5754; x_wconf 87' lang='lat' dir='ltr'><strong>Carnotensis,</strong></span> <span class='ocrx_word' id='word_1_935' title='bbox 3405 5691 3458 5745; x_wconf 89' lang='lat' dir='ltr'><strong>id</strong></span> <span class='ocrx_word' id='word_1_936' title='bbox 3498 5678 3610 5744; x_wconf 40' lang='lat' dir='ltr'><strong>&#39;est&#39;</strong></span> <span class='ocrx_word' id='word_1_937' title='bbox 3641 5686 3698 5741; x_wconf 83' lang='lat' dir='ltr'><strong>S.</strong></span> 
     </span>
    </p>
   </div>
  </div>
