3990 6448
170 303 254 359 155
1419 300 1766 358 ΕΡΙΞΤΟῘᾸ

1874 330 1909 339 -
1952 297 2077 354 LIB.
2120 299 2208 354 IV.

3357 299 3476 357 166‘

172 418 311 485 tttnlu,’
345 420 393 474 si
421 433 616 477 autem
660 424 817 488 bene,
858 420 979 492 quid
1013 434 1091 471 mc
1128 417 1324 472 (a’dis?
1355 416 1549 487 (Joun.
1589 431 1718 469 xvtn
1743 456 1756 477 ,
1789 414 1835 475 Α
1865 415 2006 481 vita,
2037 414 2203 470 etiam
2253 414 2297 468 si
2348 413 2470 486 jure
2498 414 2916 486 reprehenditur
2943 405 3157 484 oportet
3182 421 3361 473 tamen
3392 427 3455 475 ut

174 507 275 573 :25.)
305 510 442 576 Quae
481 514 684 568 omnia
715 514 783 567 ab
809 527 873 566 eo
915 510 1031 563 ideo
1059 507 1197 561 facta
1223 517 1348 562 sunt
1376 507 1654 561 humiliter
1680 516 1759 559 at-

179 616 261 668 que
281 603 565 671 patienter
591 614 656 658 ut
707 619 805 659 nos
851 617 960 658 sua:
1002 600 1323 656 humilitatis
1372 614 1437 654 ac
1485 598 1759 669 patientia

184 697 486 757 haberemus
516 704 575 749 et
608 709 965 763 sequeremur
996 692 1322 761 exemplum.
1363 691 1529 746 Docet
1567 691 1757 745 docto—

189 789 531 850 resEcclesire
569 788 818 858 legitime
846 795 901 841 et
928 784 1083 854 plene
1104 783 1390 846 honorari,
1420 782 1630 838 etiamsi
1663 782 1763 837 ali-

189 896 255 941 ter
282 888 439 953 agant
465 893 641 949 quam
667 877 936 939 debeant,
973 877 1097 929 dum
1127 874 1271 929 circa
1319 873 1481 928 falsos
1509 874 1761 927 doctores

188 976 304 1030 Deus
334 973 455 1040 ipse
500 968 628 1023 talis
659 966 864 1023 existit.
913 965 1178 1019 Praeterea
1221 972 1440 1018 sanctos
1489 963 1762 1031 apostolos

188 1064 474 1121 Scribarum
506 1069 566 1115 et
593 1058 1027 1120 Pharismorunt,
1080 1069 1459 1126 perversurum
1486 1065 1647 1127 atque
1675 1070 1759 1109 sa-

187 1158 488 1225 crilegorum
523 1153 841 1217 doctorum,
873 1150 1124 1222 potestati
1149 1149 1460 1216 substituit,
1490 1160 1760 1220 quatenus

188 1247 529 1322 apostolorum
582 1253 638 1300 et
684 1243 1011 1314 probaretur
1057 1241 1363 1306 humilitas,
1405 1249 1459 1296 et
1506 1242 1758 1296 meritum

188 1351 473 1415 augeretur,
512 1347 565 1393 el
598 1352 697 1407 per
724 1336 828 1390 hoc
856 1334 1004 1406 plebs
1026 1331 1338 1388 Christiana
1371 1333 1607 1389 disceret
1636 1348 1761 1404 por-

188 1442 292 1486 tare
316 1430 498 1500 iugum
545 1425 658 1480 veri
708 1422 1038 1487 sacerdotis,
1073 1421 1238 1477 etiam
1271 1421 1371 1477 sub
1410 1420 1545 1476 falso
1574 1437 1764 1477 sacer-

189 1525 314 1578 dote.
347 1519 663 1575 Meminisse
689 1515 938 1571 monachi
965 1514 1192 1579 debent,
1234 1515 1490 1584 quoniam
1538 1515 1763 1570 abbates

190 1615 314 1669 Dens
344 1610 607 1673 instituit;
652 1608 880 1662 abbatcs
918 1612 1095 1659 autem
1127 1604 1422 1659 monachos
1465 1604 1765 1659 constitue-

189 1717 320 1760 runt.
352 1702 503 1772 Quod
529 1703 573 1756 si
609 1716 713 1755 nos
740 1698 942 1770 aliquid
974 1698 1173 1752 audere
1225 1706 1412 1753 contra
1443 1697 1609 1752 Deum
1641 1712 1765 1768 pus-

189 1813 394 1863 suzuus,
445 1794 534 1866 qui
586 1793 816 1847 abbates
863 1790 1022 1856 facit;
1066 1800 1292 1861 possunt
1331 1798 1387 1844 et
1430 1797 1620 1846 contra
1670 1804 1769 1845 nos

191 1888 376 1944 audere
404 1883 686 1949 monachi,
720 1898 757 1949 aq
797 1882 992 1952 quibus
1022 1882 1173 1935 tiunt.
1200 1880 1619 1951 Qualescunque
1643 1892 1772 1937 sunt

194 1978 440 2035 Ecclesim
471 1977 716 2031 doctores
738 2013 754 2039 ,
787 1973 854 2027 de
890 1973 1019 2042 ipsis
1060 1981 1238 2027 tamen
1286 1972 1547 2029 Dominus
1591 1974 1721 2028 dicit
1752 1991 1768 2028 :

196 2069 293 2138 Qui
320 2086 405 2124 ros
437 2067 608 2129 audit,
638 2082 717 2119 me
747 2064 928 2128 audit,
960 2073 1009 2118 et
1038 2064 1127 2135 qui
1152 2079 1236 2117 vos
1264 2064 1491 2134 spernit,
1519 2080 1601 2119 me
1629 2081 1770 2136 sper-

197 2164 267 2220 nit
298 2163 458 2236 (Luc.
487 2178 549 2229 ι,
581 2158 673 2227 16)
699 2175 713 2221 ;
739 2166 797 2212 et
825 2175 839 2211 :
875 2156 980 2223 Qui
1024 2157 1190 2227 tangit
1237 2173 1323 2211 vos
1343 2197 1359 2221 ,
1400 2157 1565 2227 tangit
1600 2156 1772 2228 pupil-

196 2256 296 2310 lam
344 2253 487 2308 oculi
513 2253 614 2307 mei
646 2249 835 2321 (lacti.
883 2265 955 2313 tt,
1000 2248 1089 2317 8).
1132 2247 1378 2318 Tangere
1426 2248 1612 2304 hocin
1649 2248 1770 2306 loco

199 2362 291 2402 nun
330 2346 608 2401 verberum
652 2341 950 2413 quamlibet
992 2340 1258 2396 actionem
1335 2340 1635 2412 signiﬁcat,
1676 2341 1771 2397 sed

199 2452 304 2506 qua:
333 2435 388 2489 lit
429 2436 480 2489 in
504 2433 762 2505 prmlatos
788 2448 817 2487 a
842 2429 1103 2494 subditis,
1147 2432 1516 2501 praeloquente
1546 2430 1773 2500 praelato

201 2527 270 2580 eis
294 2525 524 2589 diabolo,
575 2523 774 2594 linguae
816 2520 901 2575 vel
946 2519 1128 2576 cordis
1157 2519 1572 2575 detractionem.
1604 2518 1771 2575 Maria

204 2617 372 2687 utique
423 2630 579 2671 soror
627 2615 811 2668 Aaron
852 2611 1227 2683 prophetissa,
1277 2612 1402 2665 dum
1451 2609 1621 2683 Moysi
1675 2612 1769 2666 de-

206 2709 384 2775 traxit,
414 2707 663 2777 quamvis
708 2706 824 2776 ipse
865 2704 1144 2774 aliquanto
1173 2704 1333 2759 aliter
1365 2702 1587 2769 fecerit,
1630 2703 1773 2759 illico

206 2803 437 2872 stigmate
465 2801 625 2872 lepra:
668 2799 891 2871 perfusa
930 2806 1041 2864 est,
1104 2808 1159 2854 et
1210 2800 1275 2853 de
1313 2799 1509 2853 castris
1558 2797 1771 2852 Domini

207 2891 340 2949 foras
378 2891 608 2963 projecta
656 2890 858 2962 (Num.
906 2888 1052 2953 ξιιμ).
1107 2889 1247 2945 Ozas
1292 2889 1456 2943 etiam
1530 2889 1770 2956 Levites,

205 2999 316 3038 cum
360 2999 533 3039 arcam
581 2981 798 3038 Domini
850 2981 1323 3037 recalcitrantibus
1385 2980 1543 3053 193
1602 2983 1774 3037 bobus

1865 523 1893 561 a
1927 505 2175 561 subditis.
2206 504 2538 562 sull‘crantur
2585 509 2793 579 pariter
2816 514 2871 562 et
2898 506 3210 562 timeantur.
3249 526 3270 561 ι
3315 506 3459 563 Sub-

1867 601 1976 655 tilis
2004 615 2134 672 ergo
2163 606 2248 656 via
2287 600 2518 656 tenenda
2546 608 2631 657 est
2670 617 2699 657 a
2747 599 2978 657 subditis
3002 598 3363 665 rectitudinis,
3391 610 3459 658 .et

1866 691 2220 757 humilitatis,
2256 698 2315 747 ut
2356 689 2808 762 reprehensibilia
2871 690 3256 762 magistrorum
3312 689 3457 747 facta

1867 797 1965 836 nec
2022 782 2307 851 placeant,
2379 777 2508 836 nec'
2537 789 2717 836 tamen
2762 795 2951 835 eorum
3011 790 3225 836 mentes
3272 797 3302 836 a
3345 795 3463 837 ser-

1865 874 2039 929 vanda
2067 873 2229 946 195.
2257 872 2640 944 magistrorum
2670 872 2971 928 reverentia
2998 872 3277 929 recedant.
3307 870 3461 940 Quod

1866 966 2005 1021 bene
2045 964 2157 1021 Noe
2188 964 2437 1019 debriato
2469 962 2824 1034 exprimitur,
2869 963 3022 1033 cujus
3057 964 3260 1019 nudata
3308 980 3462 1020 vere-

1864 1057 2126 1111 cundiora
2169 1055 2294 1111 boni
2341 1055 2435 1109 lilii
2486 1055 2666 1109 aversi
2710 1054 2976 1111 veniendo
3008 1065 3259 1111 texerunt
3287 1055 3455 1128 (Gen.

1868 1163 1956 1213 ιχ,
1987 1146 2102 1218 25).
2138 1146 2277 1215 Quid
2306 1146 2557 1216 estquod
2609 1145 2701 1199 lilii
2731 1147 3116 1203 verecundiam
3168 1149 3338 1219 patris
3371 1165 3461 1204 su-

1876 1237 2120 1307 perjccto
2168 1236 2346 1291 dorsis
2384 1236 2547 1307 pallio
2592 1237 2770 1309 aversi
2817 1237 3101 1293 venientes
3167 1241 3460 1309 operiunt,

1870 1328 1974 1383 nisi
2036 1329 2181 1398 quod
2244 1329 2402 1384 bonis
2455 1308 2688 1384 subditis
2749 1330 2828 1384 sic
2876 1308 3289 1400 praepositorum
3332 1347 3460 1387 suo-
3554 1326 3557 1329 ’

1868 1438 1989 1476 rum
2040 1421 2181 1477 mala
2225 1422 2512 1493 displicent
2550 1431 2607 1476 ut
2658 1434 2836 1477 tamen
2882 1422 2999 1478 hate
3043 1422 3256 1484 abaliis
3281 1402 3465 1479 occuli

1871 1514 2017 1570 tent?
2082 1512 2140 1569 Si
2223 1529 2352 1571 vero
2388 1514 2599 1570 subditi
2651 1530 2680 1569 a
2761 1526 3035 1570 rectorum
3102 1529 3325 1571 suorum
3380 1531 3467 1571 re-

1866 1608 2235 1677 prehensione
2306 1617 2610 1680 temperare
2682 1623 2739 1663 se
2801 1607 3109 1679 negligant,
3171 1624 3343 1679 usque
3397 1611 3469 1665 ad

1877 1700 2362 1770 reprehensionem
2474 1700 2645 1770 ipsius
2742 1699 3041 1755 conditoris
3135 1700 3468 1768 excedunt,

1874 1790 2028 1861 cujus
2112 1807 2346 1864 superna
2415 1792 2771 1863 dispositione
2838 1792 3046 1862 praelati
3114 1800 3261 1848 sunt.
3333 1789 3469 1847 Nam

1872 1883 1916 1940 si
1991 1898 2157 1953 opera
2233 1885 2515 1941 hominum
2587 1883 2783 1953 injusta
2833 1884 3118 1950 videnlur,
3192 1891 3468 1954 potestas,

1872 1989 1993 2045 quae
2056 1991 2086 2029 a
2162 1975 2275 2032 Deo
2325 1986 2458 2042 est,
2541 1990 2814 2046 nunquam
2911 1974 3017 2029 erit
3108 1973 3212 2030 nisi
3278 1976 3468 2045 justa;

1872 2081 2035 2136 quam
2100 2065 2286 2137 injusti
2350 2066 2602 2123 homines
2665 2066 2939 2121 ntultotics
3001 2073 3229 2136 propter
3291 2065 3471 2133 subje-

1873 2167 2090 2214 ctorum
2138 2159 2331 2213 merita
2379 2159 2580 2214 habere
2618 2158 3032 2229 permittuntur.
3073 2157 3190 2213 Non
3220 2166 3302 2213 est
3330 2159 3469 2211 tole-

1874 2251 2040 2306 randa
2067 2266 2097 2305 a
2143 2251 2447 2321 praepositis
2478 2251 2711 2322 superba
2743 2249 3045 2320 loquacitas
3069 2249 3155 2305 vel
3197 2266 3466 2321 prmsunt-

1874 2341 1987 2412 ptio
2028 2341 2416 2410 subjectorum.
2449 2340 2576 2397 ηερε
2607 2348 2735 2397 sunt
2770 2341 2913 2395 enim
2964 2341 3107 2397 sicut
3142 2342 3470 2396 venerabilis

1876 2433 2024 2504 (513)
2048 2432 2241 2489 doctor
2278 2441 2330 2489 et
2384 2442 2596 2503 martyr
2648 2431 2979 2502 Cyprianus.
3010 2429 3469 2496 scribit,h:creti-

1873 2538 2059 2578 corum
2112 2532 2285 2589 ortus,
2318 2531 2482 2594 atque
2523 2532 2754 2578 conatus
2800 2522 3275 2579 schismaticorum
3327 2523 3470 2577 male

1874 2616 2254 2686 cogitantium,
2306 2625 2362 2670 ut
2414 2615 2492 2671 sic
2545 2615 2764 2685 superbi
2822 2615 3071 2686 superbis
3116 2604 3364 2686 placeant
3410 2626 3471 2670 ttt

1873 2700 2221 2781 praepositum
2279 2708 2516 2777 superbo
2563 2715 2775 2763 tumore
2830 2716 3205 2763 contemnant.
3252 2706 3344 2764 Sic
3396 2708 3463 2763 de

1879 2801 2118 2858 Ecclesia
2159 2788 2452 2865 receditur,
2485 2799 2563 2855 sic
2610 2798 2784 2855 altare
2820 2798 3103 2870 profanum
3153 2810 3310 2856 extra
3359 2800 3464 2855 Ec-

1875 2894 2092 2950 clesiam
2110 2893 2426 2959 collocatur,
2444 2891 2523 2946 sic
2539 2900 2726 2947 contra
2745 2906 2929 2962 pacem
2948 2890 3150 2948 Christi
3171 2902 3224 2947 ct
3246 2889 3469 2947 ordina-

1879 2986 2097 3049 tionem,
2147 2993 2310 3054 atque
2364 2984 2629 3039 unitatem
2669 2982 2767 3037 Dei
2824 2982 3206 3038 rebellatur....
3240 2981 3470 3054 Oportet

207 3085 432 3131 cerneret
463 3076 777 3130 inclinatam
800 3115 815 3134 .
849 3089 967 3129 eam
1000 3072 1186 3129 volens
1212 3074 1422 3143 erigere
1442 3114 1457 3140 ,
1490 3074 1673 3128 statim
1704 3074 1771 3128 ab
1798 3100 1845 3163 ε
1876 3092 2005 3148 ergo
2037 3076 2388 3139 monachum,
2420 3075 2486 3130 de
2515 3090 2623 3144 quo
2670 3074 2801 3129 mihi
2834 3074 3122 3144 scripsisti,
3156 3088 3225 3129 ne
3263 3074 3467 3144 ct.ipse

209 3168 377 3237 angelo
396 3167 601 3222 Domini
627 3181 918 3238 percussus
942 3165 1149 3221 interiit
1176 3163 1276 3236 (II
1305 3163 1430 3233 Reg.
1464 3180 1544 3228 vt,
1580 3167 1612 3218 ϐ
1634 3206 1647 3229 ,
1692 3166 1766 3236 7).

224 3256 316 3314 Per
338 3274 506 3314 arcam
534 3259 857 3329 prmpositus
887 3256 1141 3312 Ecclesize
1187 3257 1459 3325 signatur,
1496 3272 1652 3325 quem
1684 3273 1769 3311 re-

215 3349 529 3418 prehendere
560 3349 769 3404 minore
792 3349 969 3403 ordini
1001 3348 1142 3402 nulla
1172 3349 1383 3403 ratione
1411 3349 1764 3416 permittitur.

219 3436 343 3494 lltile
364 3452 511 3496 estet
540 3440 933 3505 necessarium,
968 3450 1025 3494 ut
1060 3439 1119 3492 11.
1151 3439 1418 3494 Eusebius
1445 3438 1592 3510 (510)
1619 3440 1768 3505 dicit,

216 3537 267 3580 ut
294 3541 511 3585 rectores
534 3546 563 3583 a
593 3531 830 3586 subditis
860 3530 1189 3594 timeantur,
1222 3540 1277 3583 et
1308 3529 1375 3583 ab
1422 3528 1553 3598 ipsis
1598 3531 1771 3585 corri—

221 3630 395 3689 gantur
419 3631 472 3674 ut
501 3622 730 3675 humana
788 3618 1085 3675 formidine
1122 3633 1349 3689 peccare
1387 3628 1648 3683 metuant,
1679 3621 1770 3690 qui

221 3710 577 3781 divinajudicia
603 3730 709 3767 non
738 3712 1052 3768 formidant.
1076 3711 1381 3766 Detcriores
1404 3711 1601 3781 quippe
1624 3720 1769 3777 sunt,

223 3811 271 3856 ttt
290 3803 412 3858 idem
442 3804 546 3874 ipse
566 3806 782 3870 asserit,
808 3805 899 3874 qui
925 3804 1351 3859 detractionibus
1379 3803 1661 3858 doctorum
1695 3805 1773 3859 vi-

224 3903 316 3947 tam
344 3912 632 3968 moresque,
661 3898 916 3967 quamvis
959 3898 1246 3950 videantur
1277 3895 1733 3966 repreltcusibiles
1754 3936 1768 3957 ,

223 3985 571 4058 insequuntur,
624 3993 711 4046 his
758 3991 849 4060 qui
888 3990 1223 4045 substantias
1273 3990 1502 4045 aliorum
1548 3990 1772 4061 praedia-

220 4092 314 4147 que
343 4079 599 4150 diripiunt.
654 4081 725 4135 Et
776 4082 896 4135 ideo
929 4081 1075 4149 justc
1122 4080 1354 4136 infames
1401 4090 1554 4144 sunt,
1610 4090 1665 4136 et
1705 4080 1773 4135 ab

221 4167 431 4225 Ecclesia
459 4183 701 4227 extorres
730 4171 888 4227 ﬁunt.
940 4172 1075 4226 Nam
1117 4173 1197 4227 sic
1248 4172 1361 4227 odit
1396 4171 1537 4227 Deus
1563 4187 1657 4226 eos
1680 4172 1770 4242 qui

221 4257 487 4327 linguarum
514 4262 703 4332 gladiis
727 4304 740 4325 ,
792 4277 884 4316 seu
931 4244 1169 4333 quolibet
1192 4260 1299 4315 alio
1329 4261 1487 4316 ntodo
1517 4260 1773 4318 adversus

221 4352 389 4410 Patres
412 4368 704 4425 armantur,
737 4367 795 4412 ut
828 4357 1048 4412 Patrum
1082 4357 1393 4420 invasores,
1449 4366 1502 4409 et
1543 4356 1596 4410 in
1622 4358 1770 4412 omni

1875 3168 2198 3222 daemonium
2248 3166 2361 3232 fiat,
2419 3180 2581 3236 agere
2623 3164 2863 3220 audacia:
2904 3181 3014 3221 sua:
3065 3166 3466 3235 pmnitentiam,

1874 3268 1928 3315 ct
1973 3258 2233 3312 honorem
2285 3256 2379 3311 Dei
2435 3256 2808 3310 in‘saccrdote
2852 3255 3015 3310 etiam
3063 3255 3224 3311 aliter
3271 3265 3469 3327 agente

1875 3363 2191 3419 agnoscere,
2223 3357 2278 3402 et
2315 3356 2425 3403 tota
2457 3347 2636 3402 cordis
2681 3355 2736 3400 et
2784 3346 3026 3416 corporis
3075 3346 3468 3416 supplicatione

1875 3457 1974 3495 suo
2010 3440 2306 3511 prreposito
2342 3438 2678 3495 satisfacere.
2733 3438 2885 3505 Quod
2920 3438 2966 3493 si
2998 3439 3263 3507 superbus
3292 3439 3466 3492 exsti-

1876 3535 2025 3600 terit,
2056 3549 2248 3589 cxerce
2276 3533 2330 3587 in
2359 3547 2481 3588 cum
2524 3532 2749 3587 honoris
2790 3531 2862 3587 tui
2892 3538 3236 3601 potestatem,
3263 3538 3320 3583 ut
3349 3539 3469 3584 tan-

1874 3642 2035 3698 quam
2079 3624 2370 3691 homicida,
2429 3623 2586 3696 195
2637 3625 2705 3679 ab
2749 3623 2896 3677 omni
2948 3621 3140 3678 ordine
3166 3620 3462 3692 depositus,

1875 3718 1957 3775 vcl
1976 3718 2053 3774 sic
2074 3727 2330 3791 agnoscat
2358 3717 2745 3774 ecclesiastica:
2767 3731 3011 3772 censura:
3040 3716 3309 3786 rigorem;
3339 3730 3463 3768 nam

1875 3811 1925 3887 si
1951 3812 2091 3866 Deus
2118 3811 2367 3881 superbis
2412 3810 2619 3882 angelis
2648 3826 2752 3865 non
2800 3808 3061 3879 pepercit,
3089 3807 3339 3878 superbis
3367 3807 3467 3860 ho-

1877 3901 2112 3957 minibus
2160 3901 2493 3972 parcendum
2545 3900 2815 3956 dedecuit.
2879 3899 3282 3953 llomicidarnm
3335 3913 3464 3952 vero

1879 3996 1983 4050 tria
2019 4010 2218 4066 genera
2250 4008 2371 4048 esse
2417 3992 2668 4048 Clemens
2714 4001 2933 4046 sanctus
2972 3990 3142 4061 (514),
3170 3990 3464 4059 discipulus

1875 4083 1935 4138 Β.
1963 4083 2108 4139 Petri
2131 4092 2187 4137 et
2211 4098 2494 4138 successor
2521 4081 2660 4150 ejus,
2709 4081 2759 4134 in
2786 4079 3013 4135 consilio
3048 4078 3291 4133 residens
3314 4092 3464 4132 assc-

1878 4179 2004 4243 ruit,
2032 4187 2086 4232 et
2107 4191 2322 4247 poenam
2347 4191 2533 4230 eurmn
2565 4174 2789 4243 parilem
2815 4173 2928 4226 fore
2958 4186 3055 4225 nos
3077 4171 3280 4225 docuit.
3306 4169 3462 4225 Sicut

1875 4271 2019 4326 enim
2036 4266 2414 4324 interfectores
2433 4267 2681 4332 fratrum,
2699 4266 2771 4320 ita
2795 4275 2847 4321 et
2879 4264 3217 4321 detractores
3241 4280 3456 4328 eorum,

1875 4376 2076 4431 eosque
2121 4360 2388 4426 odientes,
2420 4358 2722 4413 homicidas
2770 4357 3089 4428 appellavit,
3123 4358 3248 4433 quia
3280 4367 3333 4411 et
3365 4359 3459 4428 qui

222 4452 398 4505 nntndo
438 4463 683 4507 notantur
716 4451 961 4506 infamia.
1009 4450 1155 4516 Quos
1180 4451 1323 4504 enim
1369 4449 1512 4504 Deus
1554 4464 1653 4504 suo
1694 4466 1769 4505 re~
1803 4445 2091 4520 Doccidit,
2118 4465 2172 4509 et
2212 4454 2302 4524 qui
2347 4452 2931 4516 oditl'ratrem'suum,
2975 4458 3030 4505 et
3059 4451 3150 4521 qui
3197 4450 3458 4514 detrahit,

220 4544 672 4613 servavitjudicio,
720 4544 958 4599 humano
998 4542 1251 4596 examine
1289 4541 1638 4595 condemnari
1672 4555 1769 4594 nec

218 4630 415 4699 debent,
435 4649 525 4688 nec
542 4643 784 4705 possunt.
806 4633 869 4687 Et
891 4632 949 4685 Β.
969 4630 1218 4688 Gelasius
1238 4647 1373 4702 papa
1399 4629 1481 4701 (5|
1500 4630 1568 4700 l):
1590 4650 1607 4682 ι
1630 4630 1769 4687 Oves

218 4738 324 4790 quae
345 4727 527 4793 pastori
561 4742 661 4780 suo
686 4723 989 4780 commissae
1018 4732 1167 4786 sunt,
1197 4737 1320 4776 eum
1350 4720 1765 4790 reprehendere,

216 4815 309 4870 nisi
362 4836 389 4873 a
432 4818 690 4874 catholica
740 4816 845 4870 fide
897 4812 1317 4878 exorbitaverit,
1388 4826 1487 4867 nec
1533 4812 1764 4878 debent,

216 4926 306 4967 nec
340 4912 590 4969 ullatenus
628 4923 893 4966 accusare
930 4915 1189 4978 possunt,
1232 4905 1359 4977 quia
1412 4904 1551 4960 facta
1580 4914 1766 4976 pasto-

214 5017 322 5057 rum
351 5005 453 5060 oris
471 5003 659 5060 eorum
691 5000 873 5073 gladio
915 4998 1158 5054 ferienda
1191 5013 1298 5051 non
1332 5006 1488 5060 sunt,
1520 4996 1767 5065 quamvis

214 5103 349 5150 recte
387 5092 825 5164 reprehendenda
878 5090 1189 5145 videantur.
1262 5086 1330 5141 Et
1372 5086 1430 5140 11.
1475 5085 1767 5156 Gregorius

210 5184 258 5239 in
299 5185 571 5244 Moralibus
599 5185 753 5259 (512)
796 5183 1022 5247 scribit,
1060 5181 1249 5236 dicens
1285 5198 1298 5234 :
1330 5198 1349 5231 ι
1384 5176 1764 5250 Magistrorum

271 5316 405 5389 (510)
434 5318 707 5375 Eusebius.
733 5312 1011 5389 PapaLcui
1043 5310 1298 5365 tribuitur
1318 5308 1483 5363 etiam
1513 5307 1581 5362 ah
1607 5307 1768 5363 lvone

201 5384 633 5462 “sustinetur,
673 5384 955 5462 cep-95%
1037 5453 1071 5462 .-
1208 5450 1261 5462 ..
1328 5447 1419 5462 η.
1490 5447 1521 5460 ..

265 5447 505 5531 (511)’Β.
538 5447 785 5531 Gelasitis
837 5471 994 5524 papa.
1032 5453 1161 5531 Quae
1195 5450 1297 5531 .hiic
1324 5447 1523 5531 Gelasii
1569 5447 1769 5502 dicitur

198 5518 477 5607 auctum.
522 5518 1762 5607 eam_Caiq'.rev=zct'r.ib"it129,939,:Iner:

196 5589 548 5674 253.1.egiiur
576 5602 641 5674 in
658 5589 884 5653 Eusebii
911 5589 1147 5674 cpistola
1170 5592 1238 5645 ad
1274 5589 1583 5661 Aigyptius;
1625 5590 1766 5644 unde

195 5678 244 5723 et
266 5687 292 5724 a
317 5660 572 5729 Gravtiano
594 5672 801 5726 citatur
827 5681 888 5720 tt.
930 5660 985 5731 (ᾖ.
1019 5663 1071 5717 7.
1104 5660 1238 5716 Ores
1268 5660 1405 5731 quin.

200 5682 244 5723 BI
266 5687 292 5724 a
317 5682 572 5729 Gratiano
594 5682 801 5726 cttatur
827 5682 888 5720 ιι.
973 5705 985 5717 .
1028 5682 1071 5717 l.
1104 5682 1238 5716 Ut'es
1268 5682 1405 5731 qutl'.

200 5808 205 5817 ,
259 5742 396 5816 (31⁸2)
432 5743 492 5799 Β.
531 5740 823 5813 Gregorius
848 5738 902 5791 in
930 5682 1241 5788 glandibus.
1295 5729 1412 5785 Lib.
1466 5744 1607 5798 xxv,
1641 5744 1760 5799 cap.

1872 4546 2139 4603 homicida
2182 4554 2286 4609 cst,
2334 4544 2588 4615 quoniam
2618 4543 2904 4607 detractio,
2945 4541 3108 4597 etiam
3136 4542 3180 4596 si
3211 4556 3331 4597 cum
3361 4556 3458 4596 vc-

1872 4642 2032 4696 ritate
2057 4640 2367 4702 misceatur,
2399 4654 2465 4693 ex
2488 4638 2613 4694 odio
2637 4636 2829 4708 surgit.
2848 4634 3049 4706 Optare
3073 4646 3250 4690 tamen
3272 4636 3439 4691 debes

1871 4733 2044 4803 magis
2070 4731 2294 4802 injurias
2318 4729 2613 4786 odieutium
2642 4728 2842 4799 pietate
2870 4738 2925 4782 et
2953 4726 3213 4796 patientia
3238 4727 3456 4784 vincere

1869 4838 2031 4893 quam
2061 4835 2321 4876 concessa
2355 4819 2448 4874 tibi
2480 4819 2697 4875 licentia
2718 4826 2772 4874 et
2798 4817 3121 4873 auctoritate
3155 4817 3452 4872 vindicare.

1872 4915 2019 4978 Vale,
2049 4924 2103 4970 et
2142 4929 2263 4985 qua:
2311 4913 2405 4968 tibi
2436 4912 2772 4983 scripsimus,
2803 4911 2849 4966 si
2880 4910 3018 4965 bona
3058 4919 3201 4975 sunt,
3236 4916 3380 4963 tene.

2388 5042 2719 5101 EPISTOLA
2747 5041 2937 5098 XXIII.

1869 5179 2142 5251 (io/frictas
2197 5178 2595 5235 Vindocinemis
2634 5176 2940 5232 ntunarterii
2989 5176 3150 5232 abbas
3203 5173 3270 5231 C.
3314 5193 3463 5232 rene-

1870 5312 1937 5367 M
1962 5320 2017 5366 et
2048 5310 2115 5365 15
2141 5323 2197 5366 et
2219 5311 2360 5382 apud
2382 5310 2732 5382 Adelbe‘rtum
2759 5310 3048 5382 diaconum
3082 5311 3175 5365 lib.
3222 5325 3259 5365 tt
3287 5351 3305 5374 ,
3332 5326 3457 5377 cap.

1870 5383 1995 5439 155.
2022 5379 2267 5449 Speculi,
2293 5382 2435 5451 quod
2467 5398 2530 5437 ex
2558 5380 2804 5451 Gregorii
2834 5379 3137 5451 Moralilms
3156 5384 3454 5451 excerpsit.

1940 5448 2088 5523 (515)
2132 5448 2331 5507 Doctor
2358 5461 2406 5506 et
2436 5462 2640 5521 martyr
2676 5448 2992 5523 Cyprianus.
3044 5450 3214 5519 Epist.
3276 5448 3346 5503 65
3385 5450 3454 5504 tul

1870 5521 2235 5590 Ro'gatianttm
2266 5525 2331 5578 de
2358 5523 2587 5577 diacono
2610 5521 3021 5590 contumelioso.
3081 5588 3089 5590 _
3237 5586 3252 5590 _
3450 5552 3457 5559 ι

1940 5586 2088 5665 (314)
2112 5590 2346 5649 Clemens
2369 5603 2599 5647 sanctas.
2621 5591 2787 5661 Epist.
2812 5591 2836 5645 1
2859 5590 2922 5643 ad
2944 5588 3201 5645 Jacobum
3227 5586 3457 5644 fratrem

1868 5664 2104 5721 Domini.
