3992 6352
516 311 618 371 167

1552 295 1874 354 COFFRlDl
1913 289 2216 348 ABBATIS
2254 281 2778 345 VINDONICENSIS

3711 271 3822 325 168

592 423 748 480 rabili
775 419 938 494 priori
961 420 1025 474 de
1051 417 1319 474 Charitale
1364 411 1538 485 (315),
1571 430 1687 468 cum
1723 410 2098 466 dllectionesa-
2131 409 2176 465 tt
2214 402 2556 459 adversarios
2604 409 2829 494 nostros
2837 489 2849 494 _
2869 413 3130 494 superare
3157 397 3491 494 valebimus“,
3556 399 3608 455 si
3672 399 3830 455 illius

588 519 768 572 lutem.

587 604 946 662 Prtesentium
1007 600 1234 655 latorem
1299 607 1493 654 vestrze
1542 595 1772 651 bonitati
1819 592 2100 647 transmit-

521 699 708 760 timus,
753 706 1020 766 quatenus
1059 707 1182 746 eum
1233 691 1286 745 in
1333 689 1753 760 congregatione
1797 694 1978 740 vestra
2034 683 2100 738 ad

517 786 958 842 salutemanimm
985 797 1116 846 sum,
1145 781 1190 836 si
1223 780 1412 843 vultis,
1450 778 1744 847 recipiatis.
1776 775 1888 830 Hoc
1917 783 2100 827 tamen

513 879 668 934 vobis
689 877 907 932 laudare
940 890 1040 930 nec
1067 875 1350 936 audemus,
1379 886 1479 926 nec
1503 871 1809 939 vituperare
1833 867 2098 932 volumus,

514 971 614 1025 Diu
666 969 868 1027 etenim
926 967 1208 1022 nobiscum
1256 964 1381 1028 l'uit,
1438 971 1493 1017 et
1542 976 1738 1031 pravos
1768 974 1946 1014 mores
1973 972 2103 1012 suos

512 1081 729 1138 semper
773 1064 1066 1121 ememlare
1112 1061 1457 1129 contempsit.
1528 1059 1634 1114 Sed
1681 1059 1904 1122 bonum,
1961 1055 2105 1125 quod

513 1161 654 1230 apud
681 1175 782 1214 nos
811 1157 1016 1212 diutius
1044 1155 1220 1209 facere
1253 1153 1414 1224 196
1446 1151 1674 1216 distulit,
1707 1149 1847 1218 apud
1872 1162 1966 1202 vos
1987 1149 2099 1203 l'or-

510 1251 656 1305 sitan
696 1249 876 1304 l'acere
895 1245 1130 1302 curabit.
1317 1276 1324 1284 ς

1033 1333 1370 1390 EPISTOLA
1393 1331 1589 1387 XXIV.

514 1428 792 1501 Coﬁ'ridus
847 1427 1248 1483 Vindocinensis
1298 1425 1605 1479 monasterii
1656 1425 1870 1478 humilis
1920 1424 2100 1487 abbas,

587 1523 790 1578 dilectis
820 1523 873 1577 in
899 1521 1106 1576 Christo
1153 1520 1279 1588 ﬁliis
1321 1517 1602 1572 Hantelino
1637 1515 1785 1588 (516)
1819 1526 1865 1570 et
1900 1518 2102 1571 ueteris

589 1614 852 1678 omnibus,
901 1629 1150 1683 prospera
1197 1610 1381 1664 mundi
1411 1609 1694 1679 despicere,
1738 1619 1785 1663 et
1814 1607 1960 1663 nulla
1990 1609 2102 1679 ejus

587 1704 656 1759 ad
663 1721 808 1758 versa
835 1703 1142 1773 formidare.

2207 492 2452 547 membra
2481 488 3135 552 fuerimus.'Charissimi,
3159 489 3342 543 mirari
3373 488 3542 543 nolite
3571 491 3736 559 quod
3757 495 3828 544 ad

2205 601 2305 641 vos
2327 587 2517 640 venire
2543 581 2752 649 differo,
2770 581 2896 652 quia
2923 597 3114 636 sexum
3154 581 3302 636 illum
3326 579 3456 635 mihi
3481 591 3826 652 suspectum

2206 679 2352 749 (518)
2385 678 2618 742 invenio,
2651 692 2812 747 quem
2845 690 2944 730 nec
2969 675 3157 728 amicis
3186 675 3323 730 bene
3354 674 3510 728 lisum
3543 691 3820 744 agnoseo.

2207 770 2386 824 Sexus
2443 769 2544 823 iste
2591 777 2838 821 nostrum
2881 767 3118 836 primum
3173 767 3463 820 venenavit
3495 776 3818 836 parentem,

2205 875 2361 915 suum
2393 871 2607 930 quoque
2629 858 2884 912 maritum
2908 866 2961 911 et
2983 866 3212 925 patrem,
3241 857 3509 926 iugulavit
3535 856 3815 912 Joannem

2204 949 2540 1020 Baptistam,
2599 949 2834 1004 inimicis
2863 947 2974 1002 suis
2998 946 3358 1001 fortissimum
3390 948 3619 1001 tradidit
3659 949 3816 1002 Sam-

2209 1057 2424 1109 sonem,
2455 1041 2686 1111 quodam
2717 1039 2884 1094 etiam
2936 1039 3096 1093 modo
3124 1037 3397 1092 interfecit
3430 1036 3808 1104 Salvatorem,

2212 1136 2336 1205 quia
2382 1135 2485 1189 nisi
2537 1134 2653 1205 ejus
2685 1132 2845 1202 culpa
2893 1131 3158 1202 exigeret,
3190 1130 3441 1186 Salvator
3488 1140 3694 1187 noster
3719 1149 3812 1202 pro

2205 1225 2366 1280 nobis
2402 1224 2539 1279 mori
2572 1223 2942 1278 necessarium
2988 1238 3095 1276 non
3130 1221 3380 1276 haberet.
3416 1220 3533 1275 Heu
3568 1233 3810 1290 quantos

2199 1319 2311 1387 jam
2339 1318 2602 1388 perdidit!
2645 1333 2780 1387 (rites
2814 1316 2990 1370 adhuc
3037 1324 3214 1386 potest
3257 1314 3484 1386 perdere
3517 1330 3634 1370 non
3671 1318 3812 1371 des?-

2209 1409 2332 1464 stit!
2368 1407 2437 1463 Ut
2469 1407 2708 1462 breviter
2735 1406 2935 1470 dicam,
2963 1407 3219 1461 omnibus
3253 1407 3344 1476 qui
3377 1407 3692 1476 perierunt,
3723 1410 3806 1476 qui

2207 1506 2452 1570 pereunt,
2485 1513 2577 1554 seu
2627 1497 2718 1568 qui
2768 1512 2939 1567 usque
2990 1497 3042 1550 in
3101 1497 3266 1552 linem
3326 1495 3509 1551 saculi
3576 1498 3806 1566 perituri

2205 1598 2352 1656 sunt,
2395 1604 2557 1644 sexus
2616 1587 2720 1643 iste
2777 1587 3042 1658 duplicem
3105 1587 3334 1643 contulit
3378 1598 3639 1643 mortem.
3695 1587 3806 1643 Nisi

2203 1683 2348 1736 enim
2382 1689 2685 1751 peccasset,
2713 1689 2768 1735 et
2795 1682 3072 1750 peccando
3093 1681 3328 1750 primum
3373 1681 3661 1736 hominem
3685 1699 3807 1754 pec-

587 1792 810 1850 Gaudeo
835 1757 996 1862 plane
1023 1798 1244 1861 propter
1271 1786 1632 1844 constantiam
1655 1795 1915 1850 vestram,
1938 1798 2101 1856 quam
2137 1757 2176 1814 Β
2203 1790 2333 1831 care
2356 1774 2594 1840 fecisset,
2627 1775 2793 1830 homo
2824 1789 2932 1829 non
2983 1783 3290 1828 moreretur
3317 1773 3369 1827 in
3402 1788 3668 1843 corpore,
3707 1791 3802 1831 nec

515 1886 627 1942 Deo
657 1892 933 1954 acceptam
967 1897 1088 1938 esse
1121 1899 1227 1938 non
1265 1882 1473 1949 dubito,
1505 1890 1560 1936 et
1606 1897 1790 1936 coram
1826 1881 1982 1936 bonis
2008 1881 2104 1936 ho-

520 1975 758 2031 minibus
793 1975 1018 2046 cognovi
1048 1973 1426 2046 approbatam.
1447 1973 1504 2028 Si
1547 1973 1834 2028 molestum
1869 1973 2100 2038 habetis,

509 2067 660 2138 quod
685 2067 736 2122 in
761 2066 990 2122 ecclesia
1022 2081 1184 2120 voces
1215 2061 1362 2135 (517)
1393 2063 1662 2118 cantando
1693 2079 1800 2119 non
1823 2063 2099 2129 exaltatis,

516 2160 643 2216 dico
672 2160 827 2215 vobis
863 2159 990 2226 quia
1037 2159 1151 2214 oris
1179 2175 1366 2215 vocem
1400 2157 1542 2213 Deus
1587 2173 1692 2214 non
1733 2159 1982 2231 attendit,
2010 2159 2104 2214 sed

511 2253 712 2309 cordis.
747 2252 926 2319 Quare
957 2268 1061 2306 non
1094 2261 1177 2306 est
1220 2267 1355 2321 opus
1401 2252 1722 2306 sonantibus
1767 2251 1949 2306 verbis
1980 2267 2102 2306 cum

509 2357 762 2416 oramus;
791 2344 883 2398 sed
911 2343 999 2397 ubi
1025 2343 1420 2408 sacriﬁcamus,
1449 2343 1523 2396 ibi
1556 2351 1610 2397 et
1635 2357 1794 2398 orare
1819 2343 2100 2397 debemus.

515 2430 619 2486 Ubi
667 2445 799 2486 vero
849 2431 1264 2485 sacrificandum
1319 2433 1413 2496 sit,
1467 2428 1753 2488 Psalmista
1788 2431 2106 2488 manifestat

511 2523 642 2577 dum
674 2523 806 2578 dicit
836 2541 850 2577 :
885 2524 1222 2592 Sacri/icium
1274 2523 1382 2578 Deo
1429 2525 1644 2592 spiritus
1684 2526 2101 2590 contribulatus;

513 2629 606 2667 cor
633 2615 914 2668 contritum
943 2625 990 2668 et
1023 2615 1381 2669 lmmilitatum
1409 2615 1544 2670 Deus
1569 2633 1671 2670 non
1702 2619 1907 2684 spernit
1930 2616 2102 2687 (Psal.

516 2721 570 2762 ιι.
604 2703 716 2774 l9).
757 2704 813 2759 Si
843 2705 966 2774 quis
1008 2704 1146 2759 forte
1187 2707 1315 2761 huic
1345 2707 1629 2762 sententiae
1675 2709 1898 2764 obviare
1933 2718 2105 2763 tenta-

512 2796 674 2867 verit,
703 2812 953 2852 asserens
987 2798 1038 2852 in
1062 2797 1292 2853 ecclesia
1322 2814 1484 2869 super
1524 2799 1698 2854 altare
1723 2814 1846 2854 esse
1887 2799 2100 2855 sacrillc

515 2887 772 2951 candum,
803 2887 964 2943 sicuti
999 2888 1077 2954 lit,
1135 2903 1322 2942 verum
1362 2898 1446 2943 est
1495 2890 1678 2960 utique
1731 2889 1871 2959 quod
1902 2891 2097 2946 dicit...

517 2976 624 3032 Sed
670 2979 812 3033 scire
852 2979 1034 3044 debet,
1082 2979 1209 3048 quia
1263 2981 1312 3033 in
1358 2980 1596 3034 Ecclesia
1651 2983 1822 3036 altare
1856 2982 1928 3036 ibi
1971 2982 2100 3036 nihil

517 3067 663 3162 aliud
713 3068 1008 3162 significat,
1049 3085 1216 3162 quam
1249 3085 1345 3124 cur
1389 3071 1441 3125 in
1478 3071 1719 3126 homine.
1771 3073 1902 3138 Quae
1948 3089 2098 3145 ergo,
2131 3103 2172 3162 ε

517 3157 741 3222 fratres,
775 3159 950 3214 dicitis
987 3159 1040 3213 in
1089 3161 1334 3214 cordibus
1374 3164 1575 3229 vestris,
1616 3165 1668 3217 in
1711 3165 1966 3218 cubilibus
2016 3182 2102 3219 re-

513 3251 636 3303 stris
666 3251 1096 3322 compungimini.
1150 3237 1474 3320 Sacri/irate
1502 3254 1844 3322 sacri/icium,
1877 3264 1933 3308 nt
1965 3255 2102 3309 dixi-

515 3357 674 3409 mus,
721 3353 1008 3412 sperantes
1055 3346 1108 3397 in
1154 3345 1380 3399 Domino
1417 3339 1592 3413 (Psal.
1624 3359 1696 3409 iv,
1749 3345 1802 3408 5,
1845 3345 1900 3416 6)
1949 3347 2102 3417 cujus

516 3433 894 3487 misericordia
933 3433 1100 3503 adjuti
1140 3434 1405 3490 visibilem
1439 3442 1494 3489 et
1523 3434 1846 3489 invisibilem
1876 3451 2100 3506 supera-

511 3522 645 3578 bitis
673 3524 973 3579 inimicum.
1007 3524 1189 3590 Certe,
1224 3524 1440 3592 fratres,
1472 3541 1570 3580 vos
1611 3542 1716 3581 non
1753 3528 2006 3598 pugnatis
2040 3541 2103 3583 eo

515 3617 657 3676 quod
688 3613 845 3666 alicui
873 3628 967 3668 sua
993 3612 1211 3668 auferre
1241 3613 1323 3670 vel
1351 3613 1633 3685 subripere
1665 3615 1864 3681 velitis,
1904 3616 1999 3670 sed
2035 3632 2103 3671 ue

511 3719 710 3774 sponsa
735 3705 826 3759 Dei
861 3705 1120 3771 Ecclesia,
1145 3721 1266 3776 quae
1309 3707 1466 3778 197
1495 3717 1644 3762 casta
1692 3707 1913 3762 omnino
1941 3707 2104 3762 debet

511 3809 636 3850 esse
664 3805 719 3850 et
747 3796 938 3859 libera,
995 3797 1379 3852 szecularitatis
1405 3797 1710 3853 concubina
1761 3798 1873 3864 fiat,
1927 3808 1983 3852 et
2007 3813 2106 3852 an-

510 3885 661 3940 cilla.
688 3885 800 3940 lloc
829 3887 872 3941 si
906 3886 1022 3941 ﬁeri
1051 3897 1253 3957 posset,
1285 3889 1428 3958 quod
1460 3889 1623 3955 absit,
1647 3905 1753 3943 non
1781 3897 1890 3944 tam
1910 3889 2102 3943 domus

514 3977 610 4032 Dei
639 3992 802 4046 quam
843 3977 1098 4048 spelunca
1140 3978 1442 4044 latronum,
1487 3989 1541 4034 et
1583 3979 1793 4033 sentina
1844 3978 2099 4033 vitiorum

513 4067 620 4121 dici
653 4067 895 4122 deberet.
955 4068 1050 4122 Est
1103 4069 1266 4123 etiam
1299 4067 1402 4123 alia
1450 4083 1616 4124 causa
1648 4077 1843 4123 vestrae
1894 4084 2102 4138 magna:

511 4157 844 4223 securitatis,
897 4159 1040 4227 quod
1098 4175 1204 4213 non
1256 4156 1524 4224 feriendo,
1560 4157 1652 4213 sed
1683 4157 1936 4227 patiendo
1968 4159 2100 4213 resi-

513 4249 686 4312 stilis;
720 4258 774 4304 et
800 4244 904 4305 non
933 4258 1041 4304 tam
1073 4265 1173 4320 pro
1205 4251 1358 4306 vobis
1385 4266 1549 4320 quam
1574 4265 1672 4320 pro
1694 4251 2103 4306 successoribus

516 4342 719 4394 vestris
767 4341 870 4398 hoc
896 4339 1098 4394 facitis.
1130 4338 1284 4394 Unde
1337 4349 1482 4408 patet
1509 4341 1653 4408 quod
1682 4340 1853 4409 ipsius
1889 4341 2099 4395 Domini

2203 1869 2323 1938 ejus
2386 1868 2568 1923 anima
2617 1867 2671 1922 in
2699 1877 2962 1923 aeternum
2997 1867 3221 1935 periret.
3257 1865 3346 1921 Vae
3387 1868 3567 1930 sexui,
3593 1869 3684 1923 cui
3714 1882 3805 1922 nec

2209 1962 2373 2014 timor
2403 1959 2566 2023 inest,
2600 1973 2700 2014 nec
2730 1956 3274 2027 verecundia,.l98
3297 1972 3396 2011 nec
3425 1957 3677 2024 bonitas,
3713 1974 3804 2012 nec

2207 2049 2464 2114 amicitia,
2493 2050 2580 2119 qui
2607 2049 2777 2120 magis
2809 2049 2984 2103 timeri
3008 2058 3188 2118 potest
3214 2063 3338 2102 cum
3363 2058 3609 2116 amatur,
3644 2067 3802 2121 quam

2207 2159 2327 2199 cum
2351 2143 2476 2198 odio
2508 2144 2757 2198 habetur.
2781 2142 2838 2196 In
2867 2141 2952 2197 bis
2977 2142 3162 2196 verbis
3198 2139 3427 2210 epistola
3452 2153 3652 2195 nostra
3679 2158 3803 2196 cono

2206 2235 2461 2290 cluditur.
2498 2233 2758 2290 Dominus
2788 2232 2946 2288 Jesus
2974 2231 3223 2287 Christus
3249 2232 3321 2286 sit
3356 2231 3528 2286 abbas
3557 2243 3619 2287 et
3646 2233 3806 2288 Pater

2206 2336 2416 2392 vester;
2445 2327 2587 2380 bona
2621 2325 2740 2394 ejus
2771 2324 3008 2395 genitrix
3031 2322 3216 2386 Maria,
3257 2331 3440 2377 vestra
3469 2331 3672 2377 mater.
3706 2323 3802 2392 Ipsi

2208 2421 2318 2475 Deo
2346 2429 2400 2474 et
2441 2418 2676 2473 Domino
2707 2425 2914 2478 nostro.
2960 2415 3050 2485 qui
3085 2429 3183 2484 pm
3233 2413 3473 2483 peccatis
3504 2417 3715 2469 nostris
3753 2415 3802 2468 in

2206 2525 2367 2566 cruce
2394 2511 2623 2581 positus,
2654 2507 2715 2562 Β.
2755 2507 2948 2563 Joanni
2993 2521 3148 2562 suam
3199 2505 3604 2560 sanctissimam
3661 2522 3803 2561 com-

2208 2604 2482 2659 mendavit
2539 2613 2794 2666 matrem,
2838 2610 3096 2664 vestram,
3131 2599 3454 2654 commendo
3485 2597 3800 2654 fraternita.

2210 2704 2338 2760 tem,
2382 2704 2439 2748 ut
2467 2710 2564 2749 sua
2614 2695 2818 2763 pietate
2851 2693 3006 2748 vobis
3043 2693 3247 2747 donare
3299 2691 3560 2762 dignetur
3613 2708 3796 2748 veram

2207 2785 2554 2852 charitatem,
2591 2801 2778 2840 veram
2833 2786 3224 2839 obedientiam.
3276 2801 3469 2853 puram
3514 2786 3702 2840 cordis
3745 2795 3794 2839 et

2205 2879 2449 2946 corporis
2481 2878 2810 2940 castitatem,
2868 2886 2922 2931 et
2973 2877 3116 2931 inter
3161 2890 3421 2945 prospera
3453 2875 3714 2941 humiles,
3745 2887 3798 2929 et

2207 2972 2346 3024 inter
2369 2971 2595 3025 adversa
2639 2985 2861 3025 securos
2892 2985 2987 3024 vos
3011 2969 3196 3034 faciat,
3245 2977 3300 3022 et
3339 2969 3406 3023 ad
3453 2971 3656 3038 gaudia
3683 2968 3796 3025 sine

2207 3062 2312 3116 line
2336 3076 2591 3116 mansura
2615 3062 2901 3131 perducat.

2738 3149 3074 3206 EPISTOLA
3100 3147 3272 3205 XXV.

2205 3245 2482 3316 Co/fridus
2521 3245 2918 3301 Vindocinensis
2948 3244 3164 3299 eaenobii
3184 3260 3450 3298 servorum
3478 3261 3685 3314 servus,
3714 3243 3798 3300 a'i-

2241 3339 2385 3392 lectis
2414 3338 2471 3391 in
2499 3337 2707 3392 Christo
2736 3337 3018 3405 fratribus,
3043 3345 3291 3390 (eternam
3315 3337 3758 3392 benedictionem.

2276 3430 2427 3496 Quod
2453 3445 2546 3484 vos
2568 3430 2656 3483 diu
2681 3438 2763 3484 cst
2792 3444 2896 3483 non
2924 3428 3160 3491 visitavi,
3185 3429 3376 3483 scitote
3401 3428 3504 3483 hoc
3530 3446 3640 3484 non
3667 3445 3796 3485 mea:

2207 3520 2502 3575 voluntatis
2532 3520 2718 3584 fuisse,
2743 3520 2836 3575 sed
2859 3520 3074 3589 penitus
3103 3521 3467 3575 necessitatis.
3501 3520 3796 3576 lnlirmilas

2204 3611 2369 3677 enim,
2398 3626 2517 3680 qua:
2546 3612 2673 3665 dum
2709 3611 2847 3680 apud
2882 3626 2976 3665 vos
3005 3626 3177 3666 essem
3207 3626 3294 3666 me
3316 3613 3477 3680 cepit,
3508 3621 3622 3668 uta
3645 3616 3797 3668 vobis

2207 3703 2425 3768 recessi,
2456 3714 2689 3772 quatuor
2719 3714 2926 3759 tantum
2957 3704 3244 3758 diebusme
3258 3704 3496 3768 dimisit;
3531 3705 3629 3760 sed
3647 3716 3794 3775 post-

2203 3811 2264 3849 ea
2317 3795 2554 3867 graviter
2603 3797 2821 3851 invasit.
2860 3797 3011 3852 Unde
3039 3797 3105 3851 ab
3160 3797 3351 3852 amicis
3395 3798 3599 3852 nostris
3640 3814 3795 3852 aere-

2206 3900 2297 3959 pto
2323 3892 2554 3946 consilio
2584 3893 2856 3960 potionem
2889 3893 3118 3961 sumpsi,
3149 3906 3253 3958 qua
3284 3890 3410 3944 dum
3439 3905 3642 3959 corpus
3667 3908 3797 3961 pur-

2204 3997 2332 4051 gare
2377 3982 2557 4048 debui,
2589 3998 2725 4052 pene.
2754 3998 2841 4037 me
2882 3982 3124 4052 corporis
3149 3982 3258 4034 vita
3289 3981 3535 4050 purgavi.
3565 3979 3674 4035 Sed
3703 3982 3799 4035 Dei

2206 4074 2383 4142 gratia
2437 4074 2504 4128 de
2550 4074 2868 4129 inﬁrmitate
2901 4073 2988 4128 illa
3028 4073 3297 4134 convalui,
3330 4082 3386 4126 et
3421 4071 3487 4125 ad
3515 4087 3615 4127 vos
3634 4088 3797 4142 quam

2205 4165 2368 4220 citius
2391 4175 2603 4234 potero,
2633 4176 2896 4232 revertar,
2928 4181 3063 4236 quos
3093 4180 3203 4236 prae
3223 4166 3439 4220 cunctis
3481 4163 3799 4220 hominibus

2207 4270 2422 4325 semper
2445 4255 2610 4327 diligo
2638 4265 2693 4311 et
2718 4256 2904 4312 dilexi.
3523 4250 3526 4252 ’

2713 4346 3047 4403 EPISTOLA
3090 4346 3280 4402 XXVI.

515 4431 688 4485 nostri
721 4430 848 4486 Iesu
881 4434 1066 4488 Christ
1088 4434 1391 4503 exemplum
1421 4436 1742 4504 tenetis,qni
1785 4445 1837 4490 et
1861 4451 1956 4505 pro
1981 4437 2103 4490 aliis
2137 4456 2178 4510 Β
2209 4435 2421 4491 Dilectis
2468 4437 2520 4490 iu
2555 4438 2766 4494 Christo
2809 4440 3082 4509 discipulis
3107 4480 3122 4506 ,
3176 4439 3484 4510 lngelbaldo
3528 4441 3699 4513 (⁸519),
3749 4451 3798 4495 et

513 4525 738 4592 pertulit
780 4523 846 4596 [Ῑ.
874 4525 1165 4599 mortem],
1200 4536 1256 4581 et
1283 4527 1536 4596 patiendo
1563 4528 1772 4582 hostem
1805 4530 2099 4598 superavit.

518 4613 584 4667 lit
629 4615 770 4669 sicut
818 4614 1106 4671 Dominum
1150 4617 1360 4684 .lesnm,
1393 4628 1558 4688 caput
1601 4629 1871 4684 nostrum,
1903 4621 2102 4676 vicisse

514 4705 789 4761 diabolum
841 4708 1112 4763 veraciter
1146 4710 1458 4773 credimus,
1519 4711 1590 4764 ita
1648 4719 1705 4764 et
1761 4725 1858 4766 nos
1907 4726 2098 4767 omnes

589 4817 739 4892 (515)
763 4817 826 4875 G.
851 4822 1016 4890 priori
1043 4822 1106 4875 de
1136 4819 1426 4876 Clam-itote.
1461 4822 1602 4876 Inter
1633 4823 1921 4892 primarius
1945 4823 2104 4891 quin-

513 4899 622 4956 que
655 4891 925 4962 prioratus
955 4893 1163 4962 ordinis
1190 4892 1566 4948 Cluniacensis
1593 4894 1893 4962 principem
1919 4894 2100 4949 locum

517 4961 777 5034 tenebis,
811 4963 901 5030 qni
935 4961 1200 5018 Charitati
1253 4963 1368 5032 agri
1426 4961 1782 5018 Nivernensis
1805 4965 2004 5034 oppido
2035 4966 2101 5018 ad

514 5024 750 5103 Ligerim
779 5024 971 5103 nomen
999 5034 1142 5088 fecit.
1168 5024 1373 5100 Quibus
1397 5045 1676 5103 acceptum
1703 5024 1856 5088 hunc'
1869 5024 2105 5090 debeant

510 5100 921 5174 Cluniacenses,
951 5101 1208 5158 Ludovici
1255 5103 1314 5157 Vl
1357 5107 1498 5174 regis
1527 5100 1762 5174 diploma
1791 5105 2103 5160 Aurelianis

511 5169 720 5223 editum
761 5173 917 5226 (locet
971 5174 1052 5227 bis
1099 5176 1321 5229 verbis:
1354 5169 1635 5230 Prioratus
1679 5174 1744 5230 Β.
1796 5175 1988 5229 Maria:
2039 5179 2103 5229 (le

511 5239 790 5316 Charitale
838 5259 994 5316 φέρει·
1035 5242 1285 5316 Ligerim,
1317 5262 1469 5313 quem
1511 5243 1806 5316 Caufridus
1835 5245 2099 5300 Autissio-

509 5311 753 5382 ‘dorgnsis
782 5314 1051 5382 episcopus
1098 5311 1144 5368 et
1191 5311 1499 5370 Cuillelmus
1530 5311 1700 5370 comes
1732 5315 2099 5382 Nivernensis,

509 5378 895 5454 etﬂernardus
925 5378 991 5438 de
1025 5384 1315 5448 Chaillant,
1341 5397 1387 5440 et
1413 5387 1508 5440 alii
1529 5386 1710 5454 ﬁdeles
1741 5388 1885 5454 regni
1911 5378 2098 5450 nostri;

515 5449 735 5523 adquos
758 5453 901 5506 locus
925 5455 1011 5508 ille
1039 5457 1102 5508 de
1137 5455 1392 5510 charitate
1411 5449 1539 5510 cum
1562 5457 1681 5510 villa
1699 5467 1746 5509 et
1777 5449 2102 5523 ﬁertinentiis

513 5521 624 5572 suis
639 5524 983 5595 _om_nibus_,_in
1006 5526 1371 5594 spiritualibus
1397 5536 1444 5580 et
1469 5521 1844 5595 temporalibus
1868 5526 2105 5580 totaliter

515 5591 828 5658 pertinebat,
874 5591 1088 5664 Hugoni
1115 5597 1289 5650 abbati
1334 5607 1379 5649 et
1403 5591 1720 5650 monasterio
1760 5594 2102 5650 Cluniacensi

513 5671 561 5712 et
605 5676 784 5715 eorum
835 5666 1219 5718 successoribus
1265 5666 1558 5731 dederunt,
1604 5679 1652 5719 et
1711 5677 2100 5731 concesserunt,

514 5733 707 5802 absque
758 5734 865 5788 ulla
901 5737 1185 5790 retentioue
1219 5754 1311 5806 per
1341 5754 1394 5792 se
1419 5747 1466 5789 et
1498 5738 1781 5791 monac/ros
1828 5753 1951 5790 suos
1979 5753 2102 5803 pro-

2279 4527 2517 4580 omnibus
2555 4529 2704 4594 aliis,
2758 4526 3032 4598 Coffridus
3071 4545 3253 4583 eorum
3303 4530 3551 4601 indignus
3610 4531 3798 4596 Pater,

2277 4616 2498 4672 salutent
2522 4636 2552 4671 a
2586 4618 2691 4672 Deo
2718 4629 2764 4673 et
2789 4619 3218 4674 benedictionem.

2276 4707 2735 4780 Calumniae.qu:e
2783 4711 2836 4765 in
2877 4712 3120 4782 partibus
3151 4712 3340 4781 patria:
3383 4712 3800 4786 Andegavensis

2207 4817 2367 4941 flesszs
2407 4821 2552 4874 omni
2593 4831 2821 4892 tempore
2861 4823 3180 4889 habendum,
3213 4823 3492 4876 tenendum
3523 4835 3576 4878 et
3621 4828 3798 4893 passio

2207 4905 2302 4941 ten
2346 4906 2452 4941 um.

2204 4905 2452 4944 (tenaum.

2277 4960 2427 5034 (Siti)
2460 4959 2760 5034 Ilairtelino.
2810 4963 2927 5018 Lib.
2958 4979 3036 5024 tn,
3080 4963 3238 5034 epist.
3279 4963 3346 5018 10
3393 4973 3448 5017 et
3485 4964 3571 5029 Η,
3603 4981 3797 5022 mona-

2205 5027 2324 5106 chis
2363 5027 2846 5106 Vindocinensibus
2892 5038 3089 5106 scripta
3113 5027 3206 5090 'est
3253 5035 3369 5089 haec
3399 5027 3629 5104 epistola
3673 5052 3798 5092 cum

2209 5101 2415 5172 aliquot
2441 5103 2816 5172 sequentibus.

2277 5171 2426 5247 (.517)
2457 5171 2627 5247 Quod
2656 5178 2712 5247 in
2741 5173 2956 5229 ecclesia
2984 5192 3150 5230 voces.
3179 5175 3551 5240 lntcrdictum,
3576 5179 3797 5247 opinor.

2205 5239 2467 5324 designat
2489 5245 2630 5324 quod
2656 5243 3139 5302 Vindocinensibus
3170 5248 3284 5302 suis
3302 5239 3576 5302 indith
3603 5239 3800 5305 adveré

2205 5325 2300 5365 SUS
2331 5324 2681 5368 (ιοηιιιιεδθιη.

2279 5381 2468 5508 ξᾷξ8ἑ6
2501 5383 2698 5440 Sexum
2763 5387 2911 5440 illum
2988 5389 3116 5442 mihi
3191 5401 3508 5460 suspectum.
3575 5389 3698 5446 Lib.
3753 5407 3795 5457 ι,

2206 5461 2364 5521 epist.
2399 5461 2486 5508 26.

2241 5523 2428 5605 .(5l9)
2476 5524 2803 5595 Ingelbaldo.
2832 5528 3102 5605 blopacbo
3150 5527 3556 5605 Vindorinensi.
3612 5531 3798 5605 Ostia-3

2209 5598 2323 5670 rius
2347 5598 2458 5662 jam
2511 5606 2632 5649 erat
2659 5608 2784 5652 ante
2825 5598 3123 5654 Coifi-idum
3157 5602 3429 5662 abbatem.
3483 5605 3706 5670 quando
3730 5602 3798 5656 ad

2210 5661 2488 5745 Urbanum
2518 5682 2731 5745 papam,
2757 5685 2860 5722 una
2888 5685 3010 5723 cum
3035 5670 3368 5725 Frotmundo
3385 5661 3573 5745 _prid_re
3597 5675 3799 5745 missus

2210 5743 2290 5788 est
2317 5733 2387 5788 ob
2411 5733 2558 5791 litem
2584 5733 2980 5794 Credonensem
3014 5757 3136 5796 cum
3182 5733 3462 5800 monacliis
3496 5743 3555 5797 S.
3585 5742 3794 5798 Albini.
