3992 6352
196 472 222 528 Ι
243 476 256 520 ἔ
274 468 310 525 9
1456 466 1809 526 EPISTOLJ

1913 504 1947 515 -
2000 464 2130 531 LIB.
2172 475 2264 532 Π.
3398 483 3502 552 ιιι

196 586 344 639 olim
375 590 571 639 contra
601 594 700 634 nos
721 586 855 634 ortae
879 579 1119 645 fuerunt,
1145 567 1326 636 divina
1355 584 1659 653 opitulante
1683 602 1811 656 gra-
1845 595 1886 652 Α
1919 590 2114 647 animm
2159 601 2360 648 nostra:
2398 592 2567 651 Deum
2594 595 2680 652 die
2711 612 2774 652 ac
2820 609 2976 657 nocte
3003 613 3273 672 precatur.
3303 606 3508 667 Pravo-

194 674 309 736 tin,
335 671 401 726 ad
430 670 695 725 honorem
725 679 970 723 nostrum
1000 679 1056 725 et
1084 670 1370 727 utilitatem
1411 683 1538 727 sunt
1580 675 1801 730 sedatrc.

192 761 481 819 Novitium
521 759 809 830 quemdam
841 761 1082 815 honesta:
1110 762 1253 826 vitze,
1282 772 1338 817 et
1364 764 1567 833 optime
1592 764 1806 820 littera-

196 863 325 909 tum
355 852 599 921 suscepi;
648 865 808 922 quem
856 852 1039 905 saeculi
1072 854 1268 923 pannis
1290 866 1513 910 exutum
1566 857 1805 926 regulari

194 952 358 999 veste
409 943 586 998 habeo
613 942 895 997 vestitum.
928 942 1168 999 Domnus
1220 946 1373 1015 prior
1414 955 1604 1002 noster
1654 945 1803 1018 (520)

195 1036 459 1092 inﬁrmus
481 1043 718 1097 tenetur,
747 1035 843 1090 sed
869 1035 936 1090 de
957 1036 1117 1091 beata
1162 1035 1257 1091 illa
1284 1038 1463 1092 anima
1499 1038 1629 1109 quid
1655 1040 1806 1094 dice-

196 1143 362 1193 rem,
393 1142 516 1196 qua:
561 1126 632 1189 si,
657 1136 889 1182 vocante
918 1127 1167 1192 Domino,
1205 1143 1238 1183 a
1283 1129 1483 1184 sacculo
1523 1130 1804 1198 migraret,

196 1210 512 1287 nunquam,
540 1225 601 1271 ut
630 1217 867 1283 aestimo,
913 1217 1218 1286 gehennam
1269 1217 1536 1274 sentiret!
1581 1217 1687 1274 Sed
1721 1234 1810 1275 me

196 1309 516 1365 infelicem!
574 1324 662 1364 me
702 1309 1000 1365 miseruml
1045 1325 1206 1380 quem
1258 1312 1405 1367 nulla
1459 1321 1805 1383 peccatorum

200 1418 460 1458 meorum
495 1403 804 1458 recordatio
855 1404 1171 1469 momordit,
1204 1404 1331 1458 dum
1382 1405 1565 1459 carnis
1602 1405 1809 1461 sanitas

202 1493 575 1559 blandiretur,
609 1508 753 1548 nunc
786 1492 977 1548 saltem
1028 1493 1305 1563 inepiuata
1338 1493 1654 1558 inﬁrmitas,
1684 1511 1808 1564 qua:

207 1599 304 1637 me
336 1584 518 1639 subito
564 1584 786 1653 pressit,
815 1583 963 1639 circa
1016 1598 1134 1638 mea
1163 1583 1305 1639 mala
1335 1586 1560 1641 reddere
1587 1587 1810 1644 deberet

199 1676 522 1731 sollicitum.
553 1675 689 1731 Cum
730 1675 1013 1745 sanguinis
1045 1676 1520 1733 immoderantiam
1557 1688 1809 1735 metuens

200 1782 405 1837 parum
445 1782 532 1822 me
589 1766 757 1821 minui
810 1767 1082 1830 fecissem,
1135 1768 1455 1825 minutionis
1508 1769 1595 1825 die
1628 1771 1806 1836 tertia,

206 1860 429 1913 discors
459 1859 747 1913 ltumorutn
787 1855 964 1911 ﬂuxus
1002 1858 1248 1912 ordinem
1290 1867 1499 1913 natura:
1532 1868 1810 1930 transgre-

1915 697 2036 737 rum
2072 695 2253 739 autem
2302 687 2583 742 hominum
2627 689 2790 744 etiam
2824 695 3132 752 maledictio
3159 699 3512 760 vehementer

1914 777 2152 844 optanda
2186 787 2290 844 est,
2323 789 2377 832 et
2413 794 2601 834 eorum
2648 782 2957 841 benedictio
3005 803 3111 843 non
3164 793 3510 851 mediocriter

1915 866 2275 926 formidanda.
2327 869 2462 926 Nam
2521 873 2828 932 maledictio
2856 878 3073 936 illorum
3097 893 3248 941 creat
3268 887 3507 944 beatitu-

1910 956 2117 1024 dinem,
2141 967 2412 1016 eteorum
2458 960 2770 1021 benedictio
2803 970 3038 1039 acquirit
3081 973 3508 1035 damnationem.

1915 1049 2069 1106 L'nde
2101 1052 2146 1107 si
2178 1053 2309 1108 mihi
2332 1070 2438 1109 non
2463 1057 2725 1124 creditur,
2760 1058 2979 1118 Christo
2999 1065 3191 1122 saltem
3225 1071 3501 1135 credatur,

1911 1142 2005 1211 qui
2035 1158 2140 1197 non
2189 1148 2472 1215 mentitur,
2507 1149 2597 1218 qui
2643 1149 2923 1222 discipulis
2975 1155 3091 1212 suis
3141 1157 3398 1229 loquitur,
3429 1163 3513 1217 did

1911 1247 2080 1288 cens:
2146 1234 2236 1289 Va:
2282 1253 2400 1291 cum
2433 1238 2791 1295 benedixerint
2832 1243 2974 1299 robis
3005 1247 3241 1302 homines
3289 1249 3509 1320 (Matth.

1913 1337 1971 1384 ν,
2026 1324 2144 1393 Il);
2175 1334 2231 1379 et
2265 1343 2279 1379 :
2317 1324 2451 1380 Cum
2505 1344 2595 1382 ros
2632 1329 2999 1387 maledixerint
3027 1335 3166 1389 beati
3199 1340 3325 1392 estis
3350 1338 3506 1410 (Luc.

1910 1429 1986 1477 vi,
2013 1414 2125 1483 26).
2163 1415 2278 1471 Non
2328 1417 2622 1485 horai-iam,
2653 1421 2746 1476 sed
2774 1423 3046 1478 assiduam
3088 1426 3355 1495 ﬁdelibus,
3401 1444 3509 1487 non

1918 1505 2257 1572 inﬁdelibus,
2289 1508 2538 1565 Christus
2578 1511 2632 1565 in
2664 1512 2767 1568 hoc
2791 1517 2993 1571 mundo
3015 1518 3266 1588 promisit
3286 1535 3509 1591 pressu-

1914 1612 2051 1650 rant.
2087 1596 2241 1653 Unde
2270 1613 2398 1654 vera
2432 1601 2645 1657 ratione
2686 1613 2742 1658 et
2781 1606 2983 1660 Christi
3021 1610 3347 1667 auctoritate
3379 1628 3510 1682 pro-

1912 1687 2075 1744 batur
2104 1690 2246 1760 quod
2271 1692 2584 1763 quicunque
2599 1708 2910 1763 prcssuram
2933 1697 3047 1752 odit
3068 1714 3231 1769 quam
3257 1700 3508 1759 Christus

1910 1781 2184 1848 promisit,
2228 1797 2335 1835 non
2365 1783 2543 1838 ﬁdelis
2584 1784 2678 1838 ﬁlii
2714 1786 2941 1842 sortitur
2985 1787 3380 1855 htereditatem,
3409 1793 3508 1849 sed

1916 1872 2150 1928 inﬁdelis
2172 1875 2313 1928 servi
2338 1889 2615 1930 carcerem
2645 1888 3007 1945 promeretur.
3036 1880 3147 1937 Nec
3180 1886 3503 1953 promitten-

205 1946 372 2002 ἀίειιέ
400 1963 498 2016 νῦν
522 1947 665 2000 diem
695 1956 752 2002 ει
781 1955 994 2001 "(idem
1017 1946 1082 2001 de
1106 1962 1333 2018 corpore
1354 1951 1803 2041 meouelnﬂnamo
1840 1950 1881 2010 Β
1913 1969 2022 2016 tein
2048 1962 2226 2033 diligit
2269 1962 2568 2031 Christum,
2601 1966 2695 2034 qui
2740 1968 2943 2024 Christi
2994 1946 3360 2041 promittentis
3394 1978 3511 2033 odit

200 2037 387 2105 Quem
416 2039 546 2093 dum
574 2039 711 2093 bona
740 2038 830 2092 Dei
855 2038 1032 2106 pietas
1059 2039 1453 2105 restrinxisset,
1482 2039 1650 2096 febris
1669 2042 1804 2097 mihi

196 2133 434 2203 cognita
457 2132 663 2202 pridem
697 2148 783 2187 me
812 2147 1042 2187 vacuum
1072 2132 1280 2201 pariter
1302 2142 1357 2187 et
1381 2132 1661 2203 fatigatum
1690 2143 1798 2189 sta-

202 2225 314 2278 tim
346 2223 599 2292 arripuit.
647 2222 783 2279 Hinc
816 2223 982 2294 igitur
1029 2239 1137 2277 non
1162 2223 1275 2292 jam
1315 2232 1375 2279 ut
1401 2225 1670 2291 subditos,
1698 2241 1806 2282 non

194 2312 319 2383 jam
342 2323 403 2367 ut
424 2312 739 2382 discipulos,
770 2314 866 2369 sed
893 2313 1036 2368 sicut
1061 2313 1312 2369 dominos
1357 2323 1415 2370 et
1442 2315 1650 2370 amicos
1674 2316 1812 2372 cha-

207 2404 484 2469 rissimos,
528 2418 597 2458 ex
635 2404 826 2458 intimo
880 2402 1064 2460 cordis
1113 2403 1312 2459 affectu
1367 2420 1465 2461 vos
1512 2406 1807 2478 deprecor,

203 2503 486 2565 quatenus
545 2492 808 2564 quidquid
870 2494 923 2547 in
969 2508 1067 2548 vos
1119 2493 1343 2564 deliqui,
1371 2495 1537 2565 200
1589 2506 1811 2567 propter

203 2586 564 2652 charitatem,
601 2600 723 2655 qum
750 2584 999 2641 Christus
1042 2595 1150 2651 est,
1184 2588 1369 2652 corde,
1416 2602 1512 2642 ore
1559 2589 1695 2644 mihi
1726 2588 1811 2644 di-

204 2676 464 2739 mittatis,
501 2685 556 2732 et
584 2676 885 2731 inﬁrmitati
912 2677 1109 2731 anima:
1140 2691 1273 2730 mea:
1294 2691 1646 2745 succurrere,
1678 2678 1808 2748 quia

209 2767 370 2821 valde
405 2780 629 2822 necesse
652 2773 756 2833 est,
786 2780 894 2819 non
923 2766 1210 2821 diﬁ'eratis.
1242 2765 1382 2822 Caro
1399 2766 1640 2836 quidem,
1666 2768 1810 2823 unde

202 2855 430 2927 gloriari
451 2863 683 2926 oportet,
705 2854 986 2925 allligitur;
1013 2855 1209 2908 anima:
1232 2868 1361 2909 vero
1381 2855 1809 2910 succurrendum

203 2956 297 3003 est
323 2948 562 3014 orando;
600 2948 667 3004 de
714 2964 820 3019 qua
847 2947 1136 3018 lugendum
1185 2947 1558 3013 vehementer,
1586 2947 1632 3003 si
1666 2948 1808 3019 peri-

205 3042 457 3096 clitatur.

713 3107 1044 3164 EPISTOLA
1088 3106 1305 3164 XXVII.

208 3200 415 3257 Frater
468 3200 750 3272 Go/fridus
815 3199 1211 3255 Vindocinensis
1259 3201 1563 3254 monasterii
1609 3199 1811 3271 qualis-

284 3311 489 3365 cunque
523 3295 769 3348 minister
795 3303 843 3348 et
888 3292 1103 3346 humilis
1135 3307 1337 3356 servus,
1376 3289 1581 3345 dilectis
1601 3292 1730 3360 ﬁliis
1766 3303 1812 3346 et
1842 3290 1884 3348 C

283 3387 564 3455 fratribus,
616 3383 828 3455 Hugoni
855 3384 1041 3453 priori,
1081 3393 1128 3437 et
1171 3382 1374 3438 ueteris
1404 3382 1813 3452 omnibus,.per-

198 3524 205 3531 .
291 3489 505 3548 petitam
553 3475 960 3531 benedictionem
1001 3490 1035 3528 α
1064 3473 1291 3528 Domino
1318 3485 1366 3528 et
1389 3490 1422 3527 α
1465 3490 1521 3527 se
1549 3490 1736 3544 puram
1764 3482 1814 3528 et

283 3571 545 3640 integram
572 3568 924 3622 dilectionem.

281 3660 555 3728 Quoniam
586 3657 777 3712 oculus
805 3657 999 3711 animae
1026 3665 1225 3711 nostra:
1263 3653 1420 3709 vobis
1448 3653 1636 3727 vigilat
1683 3654 1809 3710 dili-

208 3759 428 3823 genter,
473 3759 534 3803 ut
582 3747 711 3802 mihi
736 3746 909 3800 vicem
950 3752 1150 3800 mutua:
1195 3743 1500 3799 dilectionis
1545 3744 1808 3809 reddatis,

208 3856 401 3913 quzcso
440 3839 740 3895 humiliter.
790 3837 1017 3908 Vigilate
1059 3837 1244 3905 itaque
1289 3845 1513 3890 orantes
1548 3849 1647 3904 pro
1701 3850 1808 3902 me,

214 3935 345 3991 licet
372 3933 615 4002 indigno,
653 3939 835 3985 vestro
888 3938 1068 3983 tamen
1106 3935 1347 3998 pastore,
1378 3925 1470 3997 qui
1522 3940 1620 3980 vos
1664 3926 1808 3981 intra

214 4028 396 4084 sinum
424 4023 699 4081 memoriae
734 4031 931 4078 nostra:
958 4035 1175 4091 semper
1207 4021 1484 4083 contineo,
1505 4027 1563 4073 et
1586 4017 1652 4074 de
1686 4033 1804 4072 ma-

215 4120 359 4175 milla
395 4116 596 4190 proprii
623 4114 860 4187 pectoris
888 4113 968 4169 lac
998 4123 1237 4184 paterna:
1267 4111 1587 4178 dulcedinis,
1612 4109 1809 4166 absens

214 4211 432 4282 quidem
466 4221 719 4279 corpore,
765 4205 860 4261 sed
900 4218 1138 4275 praesens
1181 4202 1496 4267 dilectione,
1532 4200 1691 4256 vobis
1712 4200 1809 4255 tria-

216 4301 558 4369 buo,potum
605 4295 769 4352 simul
813 4296 1117 4350 animarum
1170 4302 1475 4348 vestrarum
1516 4303 1572 4349 et
1599 4307 1805 4348 escam.

219 4390 335 4446 Tali
368 4399 496 4460 potu
529 4399 584 4444 et
613 4404 739 4445 esca
775 4385 1015 4442 ﬁdelium
1044 4384 1436 4456 discipulorum
1475 4392 1687 4440 mentes
1720 4399 1807 4438 sa-

220 4485 447 4550 tiantur,
474 4481 760 4537 dulcedine
781 4479 989 4535 scilicet
1018 4477 1100 4533 sui
1127 4478 1359 4548 pastoris
1382 4484 1438 4533 et
1464 4492 1670 4532 amore.
1697 4477 1808 4549 Ego

220 4586 367 4633 certe
395 4583 592 4629 vestra:
618 4571 907 4636 anxietati,
953 4583 1117 4640 quam
1174 4583 1274 4640 pro
1326 4577 1514 4623 nostra
1562 4568 1803 4623 absentia

1911 2054 2261 2122 promissum.
2314 2053 2425 2109 Nos
2487 2058 2939 2123 autem,fratres,
2994 2070 3052 2116 et
3094 2065 3505 2132 promittentem

1910 2143 2191 2197 Christum
2215 2152 2270 2199 et
2298 2144 2417 2214 ejus
2443 2145 2772 2214 promissum
2801 2156 2915 2204 toto
2942 2150 3125 2218 corde,
3159 2161 3268 2208 tota
3300 2156 3508 2222 anima,

1915 2243 2024 2288 tota
2062 2234 2268 2289 virtute
2293 2235 2603 2306 diligamus,
2635 2245 2692 2291 et
2718 2252 3009 2308 pressurae,
3050 2257 3213 2311 quam
3236 2247 3350 2301 suis
3371 2262 3505 2316 pro-

1913 2326 2086 2393 misit,
2118 2327 2165 2383 si
2194 2329 2276 2384 sui
2307 2343 2429 2383 esse
2455 2328 2727 2394 volumus,
2753 2345 2852 2385 nos
2874 2330 3021 2387 ultro
3041 2332 3356 2404 oll'eramus,
3373 2338 3507 2408 quia

1911 2432 2104 2487 parum
2134 2427 2236 2484 est,
2287 2418 2373 2473 vel
2423 2417 2558 2473 nihil
2585 2419 2801 2488 penitus
2852 2422 3150 2492 quamlibet
3188 2441 3504 2496 pressuram

1910 2523 2012 2579 pro
2041 2516 2192 2564 tanto
2242 2509 2466 2565 domino
2504 2510 2795 2577 sustinere,
2831 2527 2953 2568 cum
2998 2515 3174 2586 ipsum
3214 2518 3504 2577 Dominum

1910 2615 2179 2672 pressura:
2217 2602 2497 2672 prtemium
2523 2616 2898 2673 agnoscamus.
2922 2606 3112 2666 Omnis
3144 2610 3327 2682 itaque
3351 2628 3506 2683 pres‘

1909 2706 2060 2758 sura,
2100 2692 2399 2763 tribulatio,
2450 2703 2507 2750 et
2553 2696 2800 2764 angustia
2830 2699 3099 2756 desiderio
3143 2703 3505 2763 desideranda

1909 2792 2014 2852 est,
2046 2783 2135 2839 ubi
2164 2783 2416 2842 Christus
2440 2795 2526 2844 est
2551 2789 2606 2844 in
2637 2806 2821 2847 causa.
2864 2791 3117 2849 Christus
3142 2795 3331 2865 utique
3354 2813 3504 2854 semi-

1910 2891 2011 2947 per
2054 2884 2138 2932 est
2164 2877 2218 2931 in
2248 2893 2412 2934 causa
2447 2879 2707 2938 Ecclesiae
2758 2898 2892 2949 suae,
2940 2885 2997 2938 in
3040 2899 3148 2955 qua
3191 2886 3326 2943 nulli
3351 2889 3507 2944 deest

1914 2966 2120 3022 bomi..i
2152 2968 2266 3023 sive
2283 2968 2455 3037 justo,
2488 2971 2603 3027 sive
2644 2975 2941 3042 peccauerit
2973 2974 3030 3029 lu
3075 2976 3177 3031 hac
3225 2993 3386 3033 causa
3407 2980 3503 3050 ju-

1912 3067 2055 3114 stum
2087 3060 2304 3129 quidem
2335 3062 2497 3133 202
2552 3064 2768 3133 probat,
2826 3074 2887 3118 ut
2914 3065 3092 3122 adhuc
3132 3067 3503 3137 justiﬁcetur;

1912 3147 2018 3203 hac
2045 3149 2325 3205 examinat
2361 3161 2725 3220 peccatorem,
2758 3161 2820 3209 ut
2856 3155 3040 3225 justus
3083 3157 3366 3215 elﬁciatur.
3395 3158 3506 3216 Pro

1917 3241 2021 3296 hac
2045 3257 2208 3297 causa
2239 3242 2469 3314 ipsemet
2499 3246 2666 3299 etiam
2687 3261 2906 3301 carnem
2938 3249 3195 3319 suscepit,
3222 3260 3278 3305 et
3312 3251 3506 3306 decer-

1921 3333 2053 3388 tavit
2074 3348 2245 3404 usque
2270 3336 2337 3390 ad
2368 3344 2630 3401 mortem;
2677 3351 2779 3392 nec
2826 3336 3088 3406 feriendo,
3118 3340 3214 3394 sed
3241 3342 3502 3410 patiendo

1915 3428 2211 3499 superavit.
2238 3427 2348 3484 Nos
2374 3429 2539 3501 igitur
2562 3429 2795 3501 amplius
2829 3446 2934 3484 non
2967 3429 3285 3487 affectemus
3311 3433 3504 3489 laudes

1914 3519 2217 3585 hominum,
2243 3528 2302 3574 ut
2325 3519 2595 3591 quaslibet
2632 3536 2822 3577 eorum
2868 3536 3158 3591 pressuras
3188 3525 3503 3589 timeamus,

1914 3611 2008 3666 sed
2031 3610 2311 3667 Christum
2340 3613 2393 3666 in
2422 3627 2520 3668 sua
2553 3627 2719 3668 causa
2735 3625 2856 3667 csse
2876 3612 3161 3669 nobiscum
3186 3614 3502 3671 ﬁrmissime

1913 3701 2220 3767 credamus,
2266 3709 2323 3757 et
2368 3716 2466 3772 pro
2496 3702 2634 3773 ipso,
2684 3702 2777 3773 qui
2825 3717 2925 3759 nos
2978 3704 3206 3760 redemit
3239 3707 3503 3777 sanguine

1913 3791 2150 3861 proprio,
2187 3792 2403 3848 etiamsi
2450 3807 2586 3862 opus
2632 3791 2817 3861 fuerit,
2841 3809 3016 3864 usque
3061 3796 3128 3850 ad
3180 3799 3502 3869 sanguinem

1913 3884 2275 3942 decertemus.
2302 3884 2437 3941 Nam
2465 3902 2606 3958 pene
2636 3894 2732 3943 aut
2754 3889 2971 3957 penitus
2998 3890 3371 3945 irremissihile
3399 3907 3499 3946 no.

1911 3975 1996 4031 bis
2054 3974 2125 4030 ab
2178 3976 2293 4046 ipso
2348 3987 2630 4049 peccatum
2679 3978 3059 4048 imputabitur,
3095 3981 3138 4036 si
3180 3983 3499 4053 sanguinem

1912 4076 2156 4122 nostrum
2181 4069 2554 4137 pretiosiorem
2576 4070 2866 4125 habeamus
2886 4085 3050 4140 quam
3075 4086 3255 4137 suum,
3276 4072 3497 4141 Valete;

1911 4166 1966 4214 et
1996 4158 2051 4214 in
2078 4173 2243 4215 causa
2274 4158 2369 4214 Dei
2401 4174 2524 4214 cum
2548 4160 2665 4229 ipso
2694 4167 3008 4215 constantes
3031 4169 3225 4218 estote.

2358 4267 2697 4325 EPISTULA
2735 4268 2974 4325 XXVIII.

1908 4359 2186 4432 Goﬂ'ridus
2223 4359 2621 4416 Vindocinensis
2649 4362 2956 4415 monasterii
2979 4362 3161 4429 abbas,
3189 4361 3498 4421 charissima

2343 4452 2504 4523 fratri
2534 4452 2783 4520 Roberto,
2812 4452 3056 4508 salutem.

1978 4566 2314 4623 Abstinentia
2333 4606 2349 4633 ,
2379 4580 2539 4636 quam
2568 4564 2705 4621 facis
2724 4606 2738 4631 ,
2769 4564 2975 4621 scilicet
3003 4566 3146 4635 quod
3178 4566 3352 4624 tribus
3376 4567 3498 4625 die—

223 4682 316 4723 vos
341 4665 545 4721 habere
572 4678 678 4718 non
705 4627 915 4728 dubito,
947 4627 1105 4715 r'alde
1139 4627 1499 4729 compatiens,
1533 4671 1675 4727 pane
1710 4657 1801 4713 tri-
1838 4627 1882 4684 θ
1911 4659 2010 4715 bus
2038 4658 2412 4714 tantummodo
2439 4657 2495 4711 in
2526 4656 2860 4712 hebdomada
2892 4657 3105 4723 reﬁcis,
3136 4659 3269 4714 satis
3306 4659 3497 4715 lauda-

224 4756 511 4815 bulationis
531 4769 688 4810 mens
711 4760 894 4807 nostra
925 4750 1238 4820 frequenter
1259 4748 1490 4813 cibatur,
1510 4758 1566 4803 et
1586 4756 1808 4818 potatur

224 4864 363 4920 aqua
392 4846 679 4918 angustiaz.
711 4843 809 4898 Est
838 4841 969 4897 mihi
1008 4848 1189 4896 tamen
1216 4838 1519 4894 consolatio
1548 4837 1821 4917 maxima,

228 4944 387 5000 chara
424 4938 680 4995 videlicet
729 4935 949 4991 dilectio
983 4941 1188 4996 vestra,
1216 4941 1274 4986 et
1332 4929 1597 4986 malorum
1635 4930 1808 4985 homi-

228 5047 351 5089 num
373 5031 645 5101 patienter
684 5027 844 5099 θυι
873 5033 1090 5097 portata
1129 5020 1460 5094 persecutio.
1488 5021 1630 5077 Vere
1678 5035 1807 5077 vera

228 5123 443 5180 dilectio
462 5131 648 5178 vestra
675 5134 763 5175 me
791 5116 1120 5182 consolatur,
1142 5129 1263 5185 qua:
1306 5129 1405 5184 pro
1427 5113 1811 5183 puriﬁcatione

297 5342 446 5413 (320)
478 5341 715 5398 Domnus
754 5340 901 5407 prior
924 5347 1137 5413 noster.
1185 5333 1511 5413 Legendunl
1533 5346 1599 5388 ex
1637 5330 1809 5413 veteri

229 5400 694 5484 eodiee'domnus,
744 5400 882 5484 item
922 5409 1019 5484 lib.
1052 5423 1103 5472 ν,
1153 5400 1315 5476 ερὶεἶ.
1354 5404 1433 5484 2_:
1466 5402 1678 5484 Donum.
1702 5400 1813 5454 Ra-

229 5486 395 5556 dulfo.
416 5483 621 5556 ADo_mn_i
653 5473 711 5539 et
740 5480 945 5556 domini
990 5473 1351 5556 perpetuum"
1371 5476 1476 5529 hoc
1514 5473 1810 5556 discrimen

233 5545 366 5628 apu'd
402 5552 727 5628 Col'fridum,
764 5545 1007 5621 quando'
1030 5550 1114 5628 de_
1128 5545 1439 5628 hominibus
1478 5549 1809 5628 sermohest,

231 5615 375 5699 quod
415 5624 599 5680 domui
635 5615 823 5699 vocem
876 5617 1143 5699 praeponit
1197 5615 1807 5699 nominibuspropriis,

233 5683 322 5751 ἇιη
346 5696 433 5757 iis,
461 5708 581 5764 qua
619 5683 965 5765 propriorum
993 5683 1194 5743 'vicein
1242 5692 1467 5765 gerunt;
1497 5691 1560 5765 ut
1583 5683 1810 5765 domnus

232 5749 544 5826 Iideberttt's,
615 5749 839 5817 ἂοιιὶιιιη
892 5757 1168 5829 Paganus.
1237 5749 1462 5829 domnus
1514 5749 1812 5829 Ernaldus,

233 5837 450 5891 domnus
508 5825 842 5889 Hamelinus.
881 5838 931 5883 et
978 5825 1209 5881 domnus
1260 5825 1555 5893 episcopus,
1585 5826 1812 5893 dpmnus

233 5888 664 5971 abbas,domnus
700 5888 867 5969 prior,
900 5898 1124 5951 domnus
1153 5888 1579 5951 archidiaconus.
1616 5888 1675 5944 In
1707 5901 1813 5944 cie.

464 5994 744 6055 ΡΑτιιοι..
779 5985 1019 6050 CLVII.

1908 4751 2033 4808 bilis
2057 4760 2223 4818 esset,
2254 4752 2299 4807 si
2330 4764 2439 4821 quo
2465 4750 2628 4805 modo
2659 4749 2936 4804 videretur
2966 4749 3252 4820 regularis.
3290 4749 3497 4822 Regula

1910 4855 2165 4911 namque,
2195 4854 2359 4912 quam
2391 4848 2444 4895 te
2467 4839 2886 4895 observaturum
2914 4853 3097 4895 coram
3134 4838 3245 4896 Deo
3274 4848 3332 4896 et
3365 4855 3495 4898 san-

1908 4932 2014 4988 ctls
2043 4932 2160 5003 ejus
2187 4930 2518 5003 promisisti,
2550 4929 2797 5001 prtecipit
2824 4930 3000 5001 quod,
3032 4931 3077 4986 si
3104 4930 3229 5001 quis
3266 4930 3497 4991 fratrum

1910 5021 2114 5092 aliquid
2147 5020 2260 5077 Deo
2301 5019 2499 5078 olferre
2518 5021 2793 5089 'voluerit,
2829 5020 2963 5077 illud
2995 5022 3146 5092 prius
3171 5023 3353 5079 abbati
3395 5038 3498 5081 suo

1909 5112 2187 5180 ostendat,
2216 5119 2283 5168 ut
2300 5109 2419 5183 ejus
2440 5110 2722 5168 voluntate
2752 5118 2811 5167 et
2832 5110 3061 5168 consilio
3083 5112 3204 5178 ﬁat;
3235 5113 3284 5169 si
3314 5119 3499 5167 autem

1915 5331 2048 5389 teris
2075 5330 2355 5388 dominum
2386 5328 2517 5388 dicit
2537 5341 2660 5387 cum
2709 5324 2906 5399 adiecti
2927 5326 3107 5386 locum
3133 5324 3318 5391 habet.
3349 5333 3409 5399 ut
3439 5323 3495 5399 iii

1911 5404 2262 5475 epistularum
2298 5402 2739 5475 inscriptionibus
2759 5394 2981 5472 passim,
3012 5401 3241 5475 Domino
3262 5406 3311 5451 et
3329 5394 3500 5475 Ῥαιτί

1917 5465 2143 5528 Domino
2172 5482 2220 5545 et
2246 5472 2438 5545 antire.
2467 5465 2580 5525 Hac
2612 5465 2796 5545 tamen
2824 5465 3178 5545 exceptione,
3202 5465 3495 5545 quodcum

1914 5546 1981 5598 de
2009 5557 2143 5612 papa
2176 5542 2436 5613 loquitur,
2465 5541 2719 5613 prmcipui
2750 5540 2993 5613 _hou’oris
3022 5552 3189 5613 causa
3214 5538 3498 5613 dominum

1911 5610 2021 5682 pro
2041 5610 2514 5682 domno'usurpat,
2537 5620 2598 5666 ut
2620 5610 2862 5682 dominus
2895 5625 3053 5682 papa,
3083 5610 3327 5659 dominus
3356 5616 3501 5682 papa

1918 5675 2186 5746 Urbanus,
2209 5696 2333 5736 cum
2364 5675 2454 5736 alii
2483 5682 2596 5735 fere
2617 5675 2914 5747 scriptores
2940 5675 3190 5747 damnant
3218 5686 3409 5747 papam
3448 5675 3503 5726 et

1914 5743 2541 5818 domnum'opostotieum
2577 5743 2763 5804 dicere
2785 5746 3017 5808 soleant.
3043 5743 3251 5801 domini
3298 5750 3500 5799 nomen

1916 5823 2010 5878 uni
2039 5821 2153 5878 Deo
2180 5822 2503 5879 tribuentes.
2994 5858 2997 5863 ι

3950 1501 3951 1539 l

3952 1692 3955 1739 π

3954 1788 3957 1855 4
