3986 6490
467 492 576 547 υι

464 612 646 677 aliter
686 592 914 670 fecerlt,
965 594 1369 673 praesumptioni
1424 592 1801 662 deputabitur,
1851 598 1906 645 et
1955 602 2063 644 non
2090 590 2142 651 Α

476 701 738 758 mercedi.
774 698 851 751 Tn
888 708 1012 749 vero
1044 691 1164 746 sine
1191 686 1469 742 voluntate
1496 691 1684 738 nostra
1723 682 1863 737 hanc
1891 679 2059 734 absti-

475 790 716 846 nentiam
761 782 1056 852 arripuisti.
1102 777 1254 834 Unde
1293 776 1456 829 timeo
1501 788 1569 828 ne
1612 770 1840 826 vanitati
1885 769 2061 840 potius

474 884 760 954 deputetur
787 890 947 946 quam
989 871 1172 929 saluti.
1201 868 1364 939 203
1405 865 1483 922 Te
1523 866 1705 937 igitur,
1742 863 1931 927 frater,
1968 861 2062 916 ad-

471 985 707 1035 moneo,
746 978 804 1023 ut
853 966 997 1037 quod
1044 963 1322 1019 voluntate
1368 959 1581 1031 propria
1631 954 2019 1028 praesumpsisti
2046 994 2061 1019 ,

471 1062 751 1117 voluntate
786 1066 972 1113 nostra
998 1063 1051 1111 et
1080 1052 1307 1108 consilio
1336 1052 1574 1116 deseras,
1601 1058 1654 1103 et
1686 1063 1808 1102 cum
1838 1045 2065 1100 Domino

472 1151 621 1206 dicas
653 1166 668 1203 :
704 1146 829 1202 Non
859 1146 974 1201 veni
998 1144 1174 1215 facere
1204 1140 1522 1196 voluntatem
1565 1154 1733 1192 nteant
1770 1135 1952 1208 (Joan.
1987 1149 2063 1201 vt,

469 1242 584 1313 58).
623 1240 821 1296 lterum
850 1238 894 1293 si
939 1246 989 1291 te
1019 1234 1268 1306 jejunarc
1310 1231 1565 1296 delectat,
1594 1230 1792 1296 laudo,
1826 1237 1884 1283 ut
1919 1225 2065 1298 jeju-

470 1332 656 1387 nando
687 1330 945 1385 comedas
973 1326 1152 1397 (521),
1184 1333 1238 1380 et
1266 1323 1599 1379 comedendo
1642 1319 1936 1375 abstineas.
1976 1316 2070 1372 llle

472 1421 621 1477 enim
644 1418 939 1489 jejuuando
969 1415 1227 1481 comedit,
1253 1422 1308 1469 ct
1333 1410 1667 1467 comedenda
1696 1409 1952 1472 abstinet,
1977 1408 2070 1476 qui

475 1517 556 1570 sic
582 1512 824 1583 quotidie
848 1509 1083 1564 comedit
1106 1548 1119 1570 ,
1149 1505 1291 1576 quod
1323 1504 1494 1559 ventri
1525 1502 1832 1558 nullateutts
1858 1500 2072 1554 satisfa-

476 1605 607 1661 ciat.
642 1602 762 1659 Uno
796 1601 1063 1671 siquidem
1108 1598 1194 1652 die
1229 1596 1450 1651 omnino
1481 1593 1788 1658 abstinere,
1820 1599 1876 1645 et
1903 1590 2073 1644 altero

474 1697 546 1751 ad
574 1696 792 1767 plenum
824 1693 1068 1755 reticere,
1101 1703 1207 1743 non
1235 1686 1366 1742 satis
1397 1685 1609 1740 videtur
1639 1682 1936 1754 probabile.
1978 1680 2075 1734 Die

474 1789 623 1844 enim
655 1802 764 1858 quo
795 1786 957 1840 homo
988 1781 1121 1837 nihil
1155 1779 1261 1835 cibi
1298 1777 1494 1848 accipit
1523 1775 1797 1830 multoties
1831 1787 2074 1828 murmu-

480 1888 606 1945 rat;
655 1877 825 1930 altero
869 1888 997 1929 vero
1037 1887 1160 1926 eum
1207 1868 1433 1924 multum
1482 1865 1847 1921 desideratum
1890 1866 2071 1919 cibum

479 1968 758 2031 habuerit,
788 1967 877 2018 vix
903 1964 1123 2018 modum
1157 1962 1209 2016 in
1242 1959 1577 2015 comedenda
1615 1966 1839 2021 servat,
1872 1964 1927 2011 et
1953 1972 2075 2010 eum
2111 1946 2153 2000 Β

472 2061 585 2131 jam
647 2056 885 2128 repletus
933 2052 1140 2115 fuerit,
1196 2052 1435 2119 ineptam
1489 2047 1734 2102 laetitiam
1790 2047 1953 2118 gerit.
2009 2046 2076 2100 Et

417 2189 427 2213 ς
478 2151 685 2209 idcirco
717 2147 847 2203 utile
886 2145 1069 2212 valde,
1101 2143 1210 2198 imo
1247 2138 1614 2197 necessarium
1639 2138 1841 2193 auinue
1871 2146 1925 2191 et
1954 2151 2075 2192 cor-

416 2218 422 2251 ?
474 2242 596 2314 pori
633 2256 754 2297 esse
803 2236 1215 2308 cognoscimus,
1261 2243 1317 2288 ut
1366 2241 1422 2287 et
1469 2246 1598 2286 caro
1645 2230 1890 2300 quotidie
1939 2229 2076 2284 cibis

478 2340 831 2393 sustentetur,
871 2337 927 2383 et
961 2336 1142 2381 tamen
1178 2341 1208 2379 a
1253 2324 1402 2378 vitiis
1443 2322 1769 2377 refrenetur.
1819 2319 1952 2375 Nam
1983 2321 2074 2390 qtti

478 2425 561 2480 sic
590 2424 742 2486 vivit,
775 2423 983 2475 duobtts
1021 2418 1197 2472 modis
1228 2415 1333 2470 sibi
1363 2414 1604 2485 prolicit,
1639 2412 2074 2483 quandoquidem

479 2525 537 2573 et
567 2516 636 2570 ab
659 2514 892 2569 elatione
920 2511 1129 2566 alienus
1154 2508 1362 2575 existit,
1388 2517 1440 2562 et
1466 2517 1662 2562 caetera
1696 2506 1836 2561 bona
1863 2504 2076 2575 operari

479 2621 590 2664 non
623 2604 822 2661 renuit.
854 2604 936 2658 Ad
967 2599 1396 2671 conquirendum
1429 2598 1613 2668 itaque
1655 2596 1881 2652 salutem
1922 2606 2079 2651 teter-

479 2713 610 2754 nam
639 2695 965 2752 abstinentia
999 2692 1303 2762 corporalis
1342 2690 1454 2745 sola
1493 2704 1600 2743 non
1628 2688 1855 2754 sullicit,
1892 2689 1993 2743 nisi
2025 2697 2079 2743 et

482 2788 679 2843 anima:
705 2802 920 2857 quoque
969 2784 1230 2854 jejunium
1264 2797 1361 2853 per
1394 2783 1777 2837 abstinentiam
1825 2780 2077 2835 vitiorum

479 2878 648 2934 fuerit
692 2878 981 2934 sociatum.
1028 2875 1098 2930 Et
1128 2874 1289 2940 ideo,
1332 2872 1716 2938 dilectiSsime,
1762 2870 1834 2924 ita
1882 2883 2080 2940 corpus

482 2986 676 3027 exerce
697 2968 950 3039 jejuniis,
992 2976 1053 3022 ut
1079 2980 1281 3037 purges
1307 2974 1543 3020 mentem
1587 2980 1616 3018 a
1646 2964 1812 3018 vitiis.
1850 2962 1961 3018 lloc
1998 2970 2084 3018 est

481 3072 665 3118 autem
695 3060 982 3132 spirituale
1005 3058 1294 3130 jejunium,
1335 3072 1433 3129 per
1457 3057 1599 3128 quod
1639 3056 1756 3111 sine
1799 3055 1962 3111 dubio
1987 3070 2077 3110 so-

482 3152 657 3206 cietas
685 3149 989 3221 acquiritur
1018 3148 1216 3203 civium
1249 3162 1633 3217 supernorum,
1670 3155 1727 3201 et
1763 3145 1850 3200 ille
1895 3144 2081 3199 lauda-

480 3240 668 3296 biliter
706 3240 807 3295 hoc
844 3237 1108 3308 jejunium
1154 3245 1377 3303 servat,
1421 3250 1581 3307 quem
1618 3235 1885 3291 detractio
1933 3234 2076 3289 nulla

482 3337 794 3400 exasperat,
822 3343 982 3398 quem
1011 3342 1111 3383 nec
1142 3326 1294 3381 furor
1321 3341 1421 3381 nec
1451 3326 1807 3381 immoderata
1837 3324 1918 3379 ira
1947 3340 2079 3379 cxa-
2102 3309 2148 3371 C

486 3420 655 3489 gitat,
688 3434 848 3488 quem
881 3417 1132 3488 superbia
1172 3417 1345 3489 gratia
1376 3416 1471 3471 Dei
1514 3415 1679 3488 204
1720 3431 1827 3470 non
1858 3415 2076 3486 spoliat,
2110 3458 2113 3461 .

482 3525 643 3580 quem
673 3507 977 3563 maledictis
1012 3506 1193 3577 lingua
1225 3521 1333 3562 non
1372 3505 1612 3560 tnaculat
1637 3545 1652 3569 ,
1681 3520 1841 3575 quem
1884 3520 2080 3559 rancor

483 3615 580 3657 seu
608 3614 858 3658 murmur
881 3615 988 3653 non
1016 3597 1246 3654 cruciat.
1272 3596 1433 3664 Vale;
1463 3605 1518 3651 et
1544 3610 1708 3668 super
1734 3596 1837 3653 hoc
1859 3595 2081 3653 obedire

484 3705 593 3747 non
624 3690 887 3761 negligas.

993 3776 1325 3834 EPISTOLA
1366 3775 1558 3833 XXIX.

482 3872 761 3944 Cqﬂ‘ridus
798 3871 1200 3926 Vinducineusis
1230 3871 1536 3925 monasterii
1571 3887 1781 3935 servus,
1813 3886 1908 3924 suo
1946 3870 2082 3924 ntul-

535 3976 671 4019 rtum
701 3964 889 4019 dilecto
918 3964 1077 4033 fratri
1103 3971 1150 4015 et
1178 3960 1293 4030 [ilio
1318 3958 1604 4025 Rainaldo,
1634 3959 1798 4015 Deum
1830 3961 2008 4015 timere
2034 3970 2081 4014 et

526 4075 677 4114 ~cum
707 4059 892 4113 timore
915 4055 1151 4127 diligere.

525 4150 850 4207 'lnlirmitas
895 4158 1110 4210 vestra.
1141 4152 1319 4218 fquam
1357 4154 1607 4202 nostram
1648 4143 1880 4200 facimus
1933 4157 2082 4210 com-

456 4242 757 4311 :-passiouis
800 4241 1034 4308 alfectu,
1082 4255 1189 4295 non
1230 4239 1403 4311 magis
1447 4237 1547 4294 sibi
1593 4236 1869 4293 subveniri
1916 4235 2083 4305 exigit

452 4353 651 4409 ~quam
682 4345 864 4391 nostra
908 4343 1063 4404 optat.
1091 4332 1330 4388 dilectio.
1365 4333 1434 4386 At
1463 4332 1591 4402 quia
1624 4331 1808 4385 animo
1843 4328 2082 4398 cupienti

482 4427 565 4483 nil
609 4425 741 4481 satis
772 4423 1086 4485 festinatur,
1126 4419 1310 4476 forsan
1360 4421 1508 4474 venit
1542 4419 1699 4473 vobis
1740 4420 1794 4473 iu
1845 4426 2082 4473 mentem

485 4515 632 4587 quod
667 4514 816 4570 salus
839 4522 1017 4567 vestra
1049 4517 1143 4564 aut
1173 4525 1279 4564 non
1305 4518 1527 4564 curetur
1566 4522 1596 4562 a
1626 4507 1802 4572 nobis,
1836 4515 1924 4560 aut
1955 4506 2087 4576 obli-

481 4606 633 4664 vioni
671 4604 936 4660 tradatur.
969 4601 1075 4658 Sed
1113 4616 1221 4657 non
1266 4601 1341 4655 ita
1378 4608 1494 4665 est,
1538 4599 1666 4668 quia
1705 4598 1919 4663 omnia,
1964 4614 2084 4669 quae

484 4693 788 4751 mandastis
819 4691 972 4748 vobis
1003 4703 1125 4747 esse
1151 4688 1490 4754 necessaria,
1522 4687 1901 4757 quaesivimus;
1935 4704 2078 4756 qtae-

486 4788 588 4843 sita
632 4785 745 4856 jam
776 4783 1021 4854 quaedam
1064 4780 1404 4845 invenimus;
1441 4779 1687 4850 quaedam
1714 4778 1891 4834 adhuc
1934 4778 2080 4835 inve-

486 4875 609 4930 nire
629 4873 990 4943 nequivimus.
1012 4869 1254 4927 Medicus
1276 4883 1425 4938 vero,
1451 4870 1505 4925 in
1526 4884 1633 4940 quo
1655 4881 1778 4940 spes
1799 4869 2075 4940 sospitatis

486 4974 685 5043 vestrm
712 4973 823 5020 tota
849 4960 1303 5034 suspenditur,ad
1321 4976 1420 5017 nos
1438 4960 1611 5043 venit,
1629 4959 1906 5016 Turonum
1931 4961 2071 5016 redi-

487 5040 681 5124 turus,
735 5054 809 5111 ibi
856 5052 1205 5110 conlecturus
1262 5040 1589 5108 medicinam
1642 5052 1866 5108 omnino
1916 5051 2070 5108 vobis

484 5143 850 5216 profuturam,
879 5153 937 5199 ut
964 5144 1195 5210 asserit,
1222 5151 1281 5198 et
1310 5142 1391 5199 sic
1415 5143 1485 5199 ad
1509 5157 1605 5197 vos
1636 5141 1917 5197 nobiscum
1941 5158 2073 5197 ven-

464 5248 665 5295 eturus.
714 5236 936 5293 Interim
967 5235 1134 5293 mittit
1173 5235 1327 5292 vobis
1367 5234 1721 5291 electuarium
1759 5233 1891 5289 utile
1920 5233 2075 5291 valde

467 5325 1045 5394 vvestrasuintirmitati,
1091 5327 1200 5383 imo
1229 5326 1621 5395 necessarium,
1653 5325 1798 5396 quod
1832 5326 2074 5395 quotidie

481 5419 698 5491 jejunus
736 5417 1053 5491 accipiatis,
1098 5425 1154 5474 et
1192 5424 1316 5488 post
1354 5428 1566 5474 cenam
1613 5423 1900 5487 antequam
1945 5417 2072 5474 dor-

472 5510 692 5567 allatis.

515 5623 727 5704 ηςδειλ
746 5621 930 5704 Laudo
958 5631 1016 5676 ut
1036 5620 1793 5704 jejunandoueomed‘as._ldem
1820 5627 1904 5678 est
1929 5636 2061 5704 conj

485 5690 665 5763 silium
686 5690 753 5747 'S.
790 5690 1278 5763 llieronymiepist.
1307 5692 1380 5763 22
1420 5693 1488 5746 ad
1515 5691 1868 5763 Eustochium
1899 5708 1912 5744 :
1942 5690 2068 5763 ASint

487 5762 585 5832 tibi
609 5762 919 5832 quotidiana
938 5760 1171 5832 jejunio,
1198 5770 1244 5814 et
1273 5761 1484 5832 refectio
1513 5761 1805 5815 satietatem
1840 5760 2065 5830 fugiens.

490 5827 641 5883 Nihil
683 5831 890 5898 prodest
940 5827 1098 5885 biduo
1123 5827 1455 5899 {triduoque
1500 5831 1808 5884 transmisso
1841 5827 2067 5884 uacuum

482 5908 696 5968 portare
726 5909 977 5968 ventrem,
1008 5900 1054 5958 si
1086 5900 1281 5971 pariter
1320 5901 1594 5969 obruatur,
1630 5900 1675 5954 si
1710 5910 2073 5970 compensatur

1503 466 1824 527 COFFRIDI
1862 462 2154 519 ABBATIS
2196 455 2717 517 VINDOCINENSIS

3664 447 3760 501 l'ii

2585 577 2748 650 205
2786 572 3119 631 EPISTOLA
3158 567 3329 626 XXX.

2162 703 2359 757 Frater
2385 702 2685 772 Go/fritlus,
2720 699 2977 771 fratribus
3005 707 3050 751 et
3076 694 3234 763 ﬁliis,
3274 689 3341 744 Β.
3370 681 3537 757 priori
3567 688 3615 735 et
3644 676 3754 731 aliis

2235 796 2508 859 omnibus,
2552 793 2730 847 omnia
2769 808 2887 862 qtae
2931 786 3140 857 torpori
3188 791 3310 838 sunt
3352 772 3677 834 necessaria.
3712 779 3754 823 α

2234 886 2386 939 utilia
2414 886 2624 946 animm,
2647 900 2679 936 a
2707 881 2814 935 Deo
2840 877 3000 933 Patre
3051 888 3097 930 et
3130 873 3353 929 Domino
3375 867 3506 923 Iesu
3534 862 3753 923 Christo,

2236 986 2284 1029 et
2324 972 2715 1044 Spiritu'vobis
2759 968 3191 1037 multiplicemur,
3233 970 3287 1016 ut
3326 960 3463 1013 bona
3506 951 3756 1008 voluntate

2241 1067 2465 1120 Domino
2495 1064 2767 1129 serviatis,
2796 1073 2842 1116 et
2868 1058 3142 1132 gaudeatis
3174 1056 3227 1109 in
3256 1054 3392 1122 ipso.

2237 1158 2372 1214 Cum
2403 1155 2826 1226 tranquillitate,
2864 1160 2920 1206 et
2961 1148 3125 1204 multa
3158 1159 3324 1214 pace,
3352 1148 3406 1194 et
3442 1131 3758 1234 omui’ami-

2170 1250 2300 1307 citia
2331 1248 2602 1305 desiderio
2634 1246 2885 1301 desidero
2912 1241 3099 1296 venire
3127 1237 3193 1292 ad
3227 1249 3351 1298 vos;
3379 1230 3475 1287 sed
3501 1230 3623 1298 qui:
3644 1232 3762 1279 sunt

2173 1340 2519 1398 necessitatis
2542 1347 2740 1392 vestrae
2776 1342 2830 1388 et
2862 1330 3112 1386 utilitatis
3137 1341 3223 1381 me
3257 1320 3598 1391 impediunt:
3630 1313 3763 1367 unde

2174 1434 2287 1490 Deo
2328 1430 2627 1486 auxiliante
2661 1424 2940 1495 expediar,
2978 1429 3034 1475 et
3067 1431 3230 1487 quam
3261 1413 3422 1469 citius
3460 1416 3648 1480 potero
3676 1418 3764 1457 vos

2173 1526 2389 1582 videbo.
2428 1522 2474 1576 A
2514 1518 2712 1586 quibus
2757 1517 2884 1571 licet
2930 1514 3128 1568 absens
3170 1519 3400 1576 corpore
3431 1500 3644 1586 videar,
3685 1510 3765 1550 ma

2175 1617 2330 1673 vobis
2359 1615 2512 1669 firma
2551 1613 2655 1666 tidc
2686 1608 2923 1665 credatis
2958 1605 3122 1660 corde
3151 1613 3368 1669 seraper
3395 1603 3451 1651 et
3478 1577 3762 1650 dilectione

2175 1717 2530 1783 praesentem;
2569 1720 2663 1758 vos
2689 1703 2832 1758 enim
2862 1699 2994 1755 estis
3025 1710 3217 1753 sensus
3248 1692 3374 1754 mei,
3404 1702 3525 1743 mea
3559 1684 3758 1755 cogita-

2176 1780 2285 1868 tio;
2314 1817 2412 1855 vos
2443 1799 2650 1853 viscera
2683 1810 2832 1860 mea,
2872 1791 3024 1847 vobis
3054 1799 3347 1856 ulrumqtte
3376 1780 3497 1837 dedi
3525 1819 3541 1845 ,
3576 1788 3767 1846 corpus

2179 1892 2365 1959 utique
2395 1902 2595 1950 nterim,
2629 1894 2681 1939 et
2712 1883 2949 1937 animam
2990 1892 3200 1943 meam;
3248 1890 3346 1944 pro
3376 1871 3530 1926 vobis
3560 1879 3764 1923 utrum-

2179 2001 2302 2055 que,
2339 1992 2398 2037 ut
2431 1979 2639 2034 fidelius
2671 1990 2890 2047 possunt
2911 2014 2926 2037 ,
2971 1969 3218 2041 expende
3247 1963 3511 2037 quotidie.
3544 1960 3649 2015 l’er
3680 1972 3767 2014 ves

2174 2052 2470 2144 utrumque
2509 2069 2833 2126 commendo
2866 2066 3095 2120 Domino
3126 2062 3236 2117 Dee
3262 2061 3482 2120 vivens,
3526 2063 3581 2107 et
3610 2052 3766 2107 etiam

2177 2167 2417 2224 moriens
2446 2159 2860 2219 commendabo.
2890 2157 2968 2212 De
2992 2162 3212 2218 caetero,
3241 2150 3463 2213 fratres,
3487 2160 3611 2217 qua:
3636 2144 3767 2199 bona

2174 2268 2303 2315 sunt
2333 2265 2387 2313 et
2410 2264 2619 2316 sancta,
2650 2266 2770 2322 qua:
2796 2250 2951 2305 bona:
2981 2245 3159 2313 fama,
3188 2257 3309 2313 quae
3338 2256 3486 2296 sanae
3514 2236 3769 2293 doctrina:

2178 2360 2232 2406 et
2255 2346 2555 2417 disciplinae
2578 2343 2813 2414 cogitate
2841 2349 2897 2396 et
2928 2337 3112 2404 facile,
3140 2334 3396 2405 quoniam
3429 2328 3583 2385 vobis
3605 2342 3636 2382 a
3670 2327 3768 2381 Deo

2178 2444 2383 2515 optime
2412 2440 2764 2502 retribuetnr,
2794 2444 2850 2491 et
2881 2449 2910 2488 a
2942 2448 3029 2488 me.
3055 2447 3154 2503 pro
3178 2427 3385 2484 viribus
3411 2425 3581 2490 meis,
3607 2420 3771 2492 quali-

2182 2552 2395 2606 cunque
2447 2542 2631 2588 vestro
2683 2526 2922 2600 pastore.
2966 2526 3195 2589 Valete,
3244 2531 3300 2577 et
3352 2533 3476 2589 qua
3531 2516 3686 2572 vobis
3720 2516 3766 2569 in

2180 2628 2513 2686 membranis
2542 2624 2768 2693 scripsi,
2797 2622 2850 2676 in
2882 2619 3137 2675 cordibus
3162 2614 3361 2670 vestris
3396 2609 3763 2670 transcribite,

2181 2738 2249 2777 ne
2285 2738 2370 2775 me
2412 2718 2705 2788 paeniteat,
2755 2712 3022 2784 ingratis,
3068 2706 3213 2779 quod
3257 2705 3437 2762 absit!
3483 2712 3596 2757 tam
3639 2702 3771 2757 bona

2182 2812 2484 2869 scripsisse.

2594 2898 2759 2970 206
2796 2891 3131 2951 EPISTOLA
3168 2887 3361 2945 XXXI.

2183 3039 2375 3095 Frater
2400 3036 2671 3108 Go/fridus
2704 3033 2957 3103 fratribus
2990 3040 3038 3084 et
3067 3028 3214 3099 ﬁliis,
3243 3026 3300 3080 Π.
3332 3025 3520 3096 priori,
3550 3033 3602 3078 et
3629 3031 3770 3077 Ct!“—

2255 3134 2327 3186 ris
2373 3132 2610 3185 omnibus
2637 3169 2651 3194 ,
2701 3127 2866 3180 Deum
2912 3124 3136 3187 timere,
3182 3120 3457 3175 observare
3501 3116 3768 3170 mandata.

2254 3225 2389 3296 ejus.

2257 3334 2503 3390 Mandavi
2537 3340 2593 3389 et
2620 3331 2819 3387 mando
2850 3326 2994 3401 quod
3023 3339 3122 3396 pro
3158 3331 3340 3379 vestra
3370 3317 3699 3377 necessitate
3720 3323 3773 3372 et

2187 3426 2418 3482 utilitate
2444 3423 2546 3480 feci
2577 3436 2816 3487 moram;
2848 3419 2943 3475 sed
2973 3417 3041 3473 ad
3066 3428 3306 3487 praesens
3341 3410 3543 3483 praevio
3573 3407 3770 3479 Spiritu

2185 3526 2375 3574 sancto
2406 3516 2618 3572 veniam
2646 3514 2714 3568 ad
2747 3527 2862 3579 vos,
2896 3525 3034 3582 quos
3063 3523 3213 3579 parte
3241 3503 3554 3561 dilectionis
3584 3500 3771 3557 all’ectu

2184 3605 2373 3670 dilexi,
2408 3614 2461 3659 et
2490 3602 2732 3673 diligam.
2761 3600 2818 3657 Si
2847 3600 2983 3655 tales
3024 3599 3305 3664 invenero,
3334 3592 3527 3666 quales
3556 3607 3655 3647 vos
3693 3591 3773 3645 in-

2183 3699 2370 3755 venire
2400 3696 2673 3761 desidero,
2703 3693 2865 3749 talem
2895 3708 2981 3749 me
3004 3688 3343 3754 inveneritis,
3381 3686 3601 3758 qualem
3633 3685 3774 3739 inve-

2185 3789 2304 3843 nire
2332 3786 2676 3844 desideratis.
2710 3783 2939 3840 Servate
2979 3780 3372 3843 innocentiam,
3413 3776 3770 3834 humilitatem

2188 3881 2471 3945 habetote,
2514 3878 2720 3951 diligite
2764 3875 3103 3947 patientiam.
3147 3873 3253 3929 Ista
3301 3880 3428 3927 sunt
3474 3870 3623 3926 enim
3659 3883 3773 3940 quae

2186 3970 2575 4041 discipulorum
2627 3968 2992 4025 obedientiam
3047 3963 3369 4021 laudabilem
3428 3961 3676 4026 faciunt,
3723 3968 3776 4015 et

2189 4062 2534 4131 tranquillam
2606 4069 2844 4114 mentem
2912 4057 3315 4127 magistrorum.
3387 4052 3517 4109 Hec
3582 4052 3775 4110 absens

2185 4152 2388 4218 scribo,
2419 4160 2478 4206 ut
2508 4151 2637 4205 mihi
2675 4149 2816 4205 detis
2856 4150 3199 4204 occasionem
3226 4145 3380 4203 vobis
3405 4146 3555 4218 quod
3585 4149 3776 4205 melius

2187 4253 2375 4317 potero
2408 4241 2635 4298 faciendi
2675 4257 2798 4296 cum
2831 4256 3072 4312 praesens
3100 4238 3273 4296 fuero.
3306 4239 3363 4295 Si
3408 4239 3612 4297 fratres
3636 4284 3651 4307 ,
3687 4243 3775 4313 qni

2188 4333 2346 4389 aliter
2375 4347 2536 4404 quam
2566 4330 2877 4387 debuissent
2912 4330 3186 4395 fecerunt,
3231 4344 3292 4386 se
3319 4329 3482 4402 digna
3521 4333 3780 4388 emenda--

2189 4426 2333 4479 tione
2361 4430 2737 4487 correxerunt,
2779 4422 2908 4477 mihi
2940 4421 3168 4477 multant
3198 4420 3405 4491 placet,
3438 4430 3494 4476 et
3522 4424 3777 4493 omnipo-

2189 4515 2320 4571 tenti
2354 4514 2464 4569 Deo
2497 4514 2822 4584 multiplices
2863 4522 3045 4585 grates
3074 4521 3129 4568 et
3169 4512 3372 4581 gratias
3403 4526 3525 4583 ago.
3573 4512 3776 4568 Natura

2192 4615 2375 4661 nostra
2404 4606 2567 4660 etiam
2594 4605 2660 4660 ad
2688 4604 2968 4674 culparum
2995 4601 3287 4658 vindictam
3318 4602 3481 4656 invita
3516 4604 3777 4671 trahitur,

2185 4708 2241 4753 et
2262 4697 2414 4753 velox
2444 4705 2529 4753 est
2556 4696 2622 4752 ad
2653 4695 3066 4767 indulgentiam.
3097 4694 3393 4752 Consilium
3419 4696 3645 4765 quidem
3676 4708 3784 4752 sta-

2182 4786 2289 4842 bile
2318 4786 2609 4857 unicuique
2653 4785 2855 4842 rectori
2897 4785 3092 4840 anima:
3134 4784 3312 4839 inesse
3345 4782 3540 4848 debet,
3589 4785 3689 4842 sed
3724 4787 3779 4840 iu

2179 4878 2361 4949 coqui
2393 4877 2637 4947 peccavit
2664 4885 2720 4932 et
2752 4876 3000 4947 poenitet,
3034 4891 3142 4931 non
3166 4876 3239 4931 sit
3273 4873 3503 4930 dillicilis
3558 4887 3782 4933 mutare

2179 4970 2526 5026 sententiam.
2561 4967 2778 5026 Utinam
2815 4968 2906 5038 qui
2935 4967 3198 5039 peccavit,
3231 4975 3339 5022 tam
3367 4968 3478 5023 cito
3504 4968 3785 5038 pteniten-

2179 5063 2253 5117 lia
2295 5064 2585 5118 duceretur
2619 5076 2784 5132 quam
2825 5060 2937 5117 cito
2976 5070 3283 5118 mutaretur
3326 5061 3377 5115 in
3422 5061 3542 5131 ipso
3590 5073 3782 5118 nostra

2176 5154 2466 5209 sententia.
2521 5152 2578 5208 ln
2614 5151 3032 5209 aedificationem
3075 5169 3164 5210 me
3213 5154 3434 5209 missum
3487 5154 3782 5226 intelligo,

2178 5263 2285 5303 non
2334 5247 2389 5300 in
2439 5246 2885 5303 destructionem.
2935 5245 3220 5302 Neminem
3277 5256 3520 5302 vestrum
3576 5263 3786 5305 vexare

2177 5350 2362 5406 quer
2398 5336 2583 5407 207,
2621 5336 2717 5392 sed
2742 5337 2897 5394 vobis
2921 5337 3176 5393 omnibus
3199 5346 3328 5408 Opto
3369 5338 3635 5408 quietem.
3671 5338 3787 5396 Sed

2176 5427 2298 5495 ille,
2337 5428 2599 5499 inquam,
2638 5427 2862 5485 insanus
2901 5438 3025 5495 est,
3066 5437 3123 5485 et
3170 5429 3468 5500 malignum
3516 5429 3786 5501 spiritum

2178 5520 2343 5577 habet
2371 5522 2460 5592 qui
2489 5535 2613 5577 eum
2643 5523 2712 5579 ad
2737 5522 2873 5578 iram
2897 5537 3194 5595 provocare
3207 5524 3426 5595 satagit,
3450 5538 3483 5578 a
3516 5538 3633 5594 quo
3654 5536 3790 5597 post

2176 5632 2453 5702 saturitate
2470 5631 2755 5702 jejunium,
2784 5643 2840 5688 et
2867 5634 3027 5702 epist.
3062 5631 3131 5686 10
3161 5632 3228 5687 ad
3258 5632 3476 5688 Furiam
3507 5648 3523 5687 :
3568 5631 3787 5689 Parcus

2176 5701 2403 5774 ciliushet
2441 5701 2615 5756 uenter
2643 5701 3141 5774 semperesuriens,
3181 5702 3446 5774 triduanis
3482 5703 3791 5773 pra'fertur

2168 5769 2425 5845 jejuniis,
2467 5781 2515 5824 et
2554 5771 2719 5826 multo
2752 5769 2946 5828 'melius
2985 5782 3060 5829 est
3097 5772 3334 5844 quotidie
3374 5769 3570 5845 parum
3603 5769 3795 5835 una.

2178 5856 2299 5897 raro
2324 5843 2453 5898 satis
2482 5855 2702 5898 sumere.
