  <div class='ocr_page' id='page_1' title='image "/cluster/home/n/w/nwhite01/storage/ocr_20150623/157/hvd.32044010248185/092.png"; bbox 0 0 3992 6352; ppageno 0'>
   <div class='ocr_carea' id='block_1_1' title="bbox 226 426 3516 489">
    <p class='ocr_par' dir='ltr' id='par_1_1' title="bbox 226 426 3516 489">
     <span class='ocr_line' id='line_1_1' title="bbox 226 426 3516 489; baseline 0 -2"><span class='ocrx_word' id='word_1_1' title='bbox 226 433 329 487; x_wconf 77' lang='lat' dir='ltr'><strong>I73</strong></span> <span class='ocrx_word' id='word_1_2' title='bbox 1479 426 1862 486; x_wconf 50' lang='lat' dir='ltr'><strong>EPISTULA.</strong></span> <span class='ocrx_word' id='word_1_3' title='bbox 1904 458 1976 469; x_wconf 89' lang='lat'><strong>--</strong></span> <span class='ocrx_word' id='word_1_4' title='bbox 2014 427 2144 485; x_wconf 82' lang='lat' dir='ltr'><strong>LIB.</strong></span> <span class='ocrx_word' id='word_1_5' title='bbox 2186 427 2275 485; x_wconf 71' lang='lat' dir='ltr'><strong>IV.</strong></span> <span class='ocrx_word' id='word_1_6' title='bbox 3411 429 3516 489; x_wconf 67' lang='grc' dir='ltr'><strong>ιιι</strong></span> 
     </span>
    </p>
   </div>
   <div class='ocr_carea' id='block_1_2' title="bbox 212 538 3521 615">
    <p class='ocr_par' dir='ltr' id='par_1_2' title="bbox 212 538 3521 615">
     <span class='ocr_line' id='line_1_2' title="bbox 212 538 3521 615; baseline 0.001 -14"><span class='ocrx_word' id='word_1_7' title='bbox 212 546 508 615; x_wconf 82' lang='lat' dir='ltr'><strong>Dominum</strong></span> <span class='ocrx_word' id='word_1_8' title='bbox 535 544 716 602; x_wconf 80' lang='lat' dir='ltr'><strong>omnia</strong></span> <span class='ocrx_word' id='word_1_9' title='bbox 752 556 975 614; x_wconf 86' lang='lat' dir='ltr'><strong>sperare</strong></span> <span class='ocrx_word' id='word_1_10' title='bbox 1017 542 1178 609; x_wconf 88' lang='lat' dir='ltr'><strong>licet,</strong></span> <span class='ocrx_word' id='word_1_11' title='bbox 1215 550 1270 598; x_wconf 88' lang='lat' dir='ltr'><strong>et</strong></span> <span class='ocrx_word' id='word_1_12' title='bbox 1299 543 1421 597; x_wconf 86' lang='lat' dir='ltr'><strong>sine</strong></span> <span class='ocrx_word' id='word_1_13' title='bbox 1467 559 1574 612; x_wconf 90' lang='lat' dir='ltr'><strong>quo</strong></span> <span class='ocrx_word' id='word_1_14' title='bbox 1604 545 1737 598; x_wconf 81' lang='lat' dir='ltr'><strong>nihil</strong></span> <span class='ocrx_word' id='word_1_15' title='bbox 1764 544 1814 600; x_wconf 91' lang='lat' dir='ltr'><strong>ei</strong></span> <span class='ocrx_word' id='word_1_16' title='bbox 1846 547 1891 606; x_wconf 72' lang='grc' dir='ltr'>Α</span> <span class='ocrx_word' id='word_1_17' title='bbox 1924 558 2048 598; x_wconf 87' lang='lat' dir='ltr'><strong>rare</strong></span> <span class='ocrx_word' id='word_1_18' title='bbox 2104 543 2442 613; x_wconf 86' lang='lat' dir='ltr'><strong>sospitatcm.</strong></span> <span class='ocrx_word' id='word_1_19' title='bbox 2495 542 2607 614; x_wconf 77' lang='lat' dir='ltr'><strong>Ego</strong></span> <span class='ocrx_word' id='word_1_20' title='bbox 2653 543 2870 614; x_wconf 75' lang='lat' dir='ltr'><strong>quidem</strong></span> <span class='ocrx_word' id='word_1_21' title='bbox 2917 557 3082 613; x_wconf 85' lang='lat' dir='ltr'><strong>quam</strong></span> <span class='ocrx_word' id='word_1_22' title='bbox 3121 538 3282 599; x_wconf 86' lang='lat' dir='ltr'><strong>eit&#39;us</strong></span> <span class='ocrx_word' id='word_1_23' title='bbox 3325 552 3521 615; x_wconf 66' lang='lat' dir='ltr'><strong>potero</strong></span> 
     </span>
    </p>
   </div>
   <div class='ocr_carea' id='block_1_3' title="bbox 214 634 3517 711">
    <p class='ocr_par' dir='ltr' id='par_1_3' title="bbox 214 634 3517 711">
     <span class='ocr_line' id='line_1_3' title="bbox 214 634 3517 711; baseline -0.001 -17"><span class='ocrx_word' id='word_1_24' title='bbox 214 637 391 711; x_wconf 85' lang='lat' dir='ltr'><strong>possit</strong></span> <span class='ocrx_word' id='word_1_25' title='bbox 412 652 536 694; x_wconf 86' lang='lat' dir='ltr'><strong>esse</strong></span> <span class='ocrx_word' id='word_1_26' title='bbox 562 636 708 707; x_wconf 88' lang='lat' dir='ltr'><strong>quod</strong></span> <span class='ocrx_word' id='word_1_27' title='bbox 736 636 927 707; x_wconf 88' lang='lat' dir='ltr'><strong>prosit.</strong></span> <span class='ocrx_word' id='word_1_28' title='bbox 966 635 1173 692; x_wconf 78' lang='lat' dir='ltr'><strong>Valete.</strong></span> <span class='ocrx_word' id='word_1_29' title='bbox 1916 635 1988 688; x_wconf 84' lang='lat' dir='ltr'><strong>ad</strong></span> <span class='ocrx_word' id='word_1_30' title='bbox 2022 650 2118 690; x_wconf 88' lang='lat' dir='ltr'><strong>vos</strong></span> <span class='ocrx_word' id='word_1_31' title='bbox 2161 634 2404 700; x_wconf 80' lang='lat' dir='ltr'><strong>veniam,</strong></span> <span class='ocrx_word' id='word_1_32' title='bbox 2449 650 2584 702; x_wconf 71' lang='lat' dir='ltr'><strong>«nios</strong></span> <span class='ocrx_word' id='word_1_33' title='bbox 2616 634 2884 689; x_wconf 85' lang='lat' dir='ltr'><strong>desiderio</strong></span> <span class='ocrx_word' id='word_1_34' title='bbox 2924 634 3107 688; x_wconf 88' lang='lat' dir='ltr'><strong>videre</strong></span> <span class='ocrx_word' id='word_1_35' title='bbox 3145 635 3426 704; x_wconf 88' lang='lat' dir='ltr'><strong>desidero,</strong></span> <span class='ocrx_word' id='word_1_36' title='bbox 3456 642 3517 692; x_wconf 79' lang='lat' dir='ltr'><strong>et</strong></span> 
     </span>
    </p>
   </div>
   <div class='ocr_carea' id='block_1_4' title="bbox 718 724 3519 797">
    <p class='ocr_par' dir='ltr' id='par_1_4' title="bbox 718 724 3519 797">
     <span class='ocr_line' id='line_1_4' title="bbox 718 724 3519 797; baseline 0 -16"><span class='ocrx_word' id='word_1_37' title='bbox 718 724 1055 781; x_wconf 79' lang='lat' dir='ltr'><strong>EPISTOLA</strong></span> <span class='ocrx_word' id='word_1_38' title='bbox 1096 724 1315 780; x_wconf 74' lang='lat' dir='ltr'><strong>XXXII.</strong></span> <span class='ocrx_word' id='word_1_39' title='bbox 1923 724 1982 778; x_wconf 86' lang='lat' dir='ltr'><strong>in</strong></span> <span class='ocrx_word' id='word_1_40' title='bbox 2010 725 2209 794; x_wconf 84' lang='lat' dir='ltr'><strong>quibus</strong></span> <span class='ocrx_word' id='word_1_41' title='bbox 2238 733 2360 795; x_wconf 91' lang='lat' dir='ltr'><strong>post</strong></span> <span class='ocrx_word' id='word_1_42' title='bbox 2387 725 2552 779; x_wconf 85' lang='lat' dir='ltr'><strong>Deum</strong></span> <span class='ocrx_word' id='word_1_43' title='bbox 2580 726 2745 780; x_wconf 84' lang='lat' dir='ltr'><strong>totius</strong></span> <span class='ocrx_word' id='word_1_44' title='bbox 2776 725 2970 780; x_wconf 77' lang='lat' dir='ltr'><strong>aninnc</strong></span> <span class='ocrx_word' id='word_1_45' title='bbox 2995 739 3128 780; x_wconf 80' lang='lat' dir='ltr'><strong>mea:</strong></span> <span class='ocrx_word' id='word_1_46' title='bbox 3155 726 3310 797; x_wconf 84' lang='lat' dir='ltr'><strong>posui</strong></span> <span class='ocrx_word' id='word_1_47' title='bbox 3339 726 3519 781; x_wconf 88' lang='lat' dir='ltr'><strong>inten-</strong></span> 
     </span>
    </p>
   </div>
   <div class='ocr_carea' id='block_1_5' title="bbox 212 814 2388 890">
    <p class='ocr_par' dir='ltr' id='par_1_5' title="bbox 212 814 2388 890">
     <span class='ocr_line' id='line_1_5' title="bbox 212 814 2388 890; baseline -0.002 -15"><span class='ocrx_word' id='word_1_48' title='bbox 212 817 491 890; x_wconf 70' lang='lat' dir='ltr'><strong>Goﬁ‘ridus</strong></span> <span class='ocrx_word' id='word_1_49' title='bbox 511 818 672 873; x_wconf 86' lang='lat' dir='ltr'><strong>abbas</strong></span> <span class='ocrx_word' id='word_1_50' title='bbox 710 834 813 873; x_wconf 78' lang='lat' dir='ltr'><strong>nou</strong></span> <span class='ocrx_word' id='word_1_51' title='bbox 840 820 949 872; x_wconf 84' lang='lat' dir='ltr'><strong>suis</strong></span> <span class='ocrx_word' id='word_1_52' title='bbox 982 818 1208 881; x_wconf 81' lang='lat' dir='ltr'><strong>meritis,</strong></span> <span class='ocrx_word' id='word_1_53' title='bbox 1236 816 1327 871; x_wconf 85' lang='lat' dir='ltr'><strong>sed</strong></span> <span class='ocrx_word' id='word_1_54' title='bbox 1354 814 1449 870; x_wconf 83' lang='lat' dir='ltr'><strong>Dei</strong></span> <span class='ocrx_word' id='word_1_55' title='bbox 1486 814 1661 885; x_wconf 85' lang='lat' dir='ltr'><strong>gratia</strong></span> <span class='ocrx_word' id='word_1_56' title='bbox 1682 854 1697 878; x_wconf 91' lang='lat'><strong>,</strong></span> <span class='ocrx_word' id='word_1_57' title='bbox 1731 815 1817 870; x_wconf 83' lang='lat' dir='ltr'><strong>di-</strong></span> <span class='ocrx_word' id='word_1_58' title='bbox 1917 816 2143 873; x_wconf 83' lang='lat' dir='ltr'><strong>tionem.</strong></span> <span class='ocrx_word' id='word_1_59' title='bbox 2180 816 2388 872; x_wconf 82' lang='lat' dir='ltr'><strong>Valete.</strong></span> 
     </span>
    </p>
   </div>
   <div class='ocr_carea' id='block_1_6' title="bbox 286 903 3029 980">
    <p class='ocr_par' dir='ltr' id='par_1_6' title="bbox 286 903 3029 980">
     <span class='ocr_line' id='line_1_6' title="bbox 286 903 3029 980; baseline -0.002 -14"><span class='ocrx_word' id='word_1_60' title='bbox 286 911 437 966; x_wconf 78' lang='lat' dir='ltr'><strong>lectis</strong></span> <span class='ocrx_word' id='word_1_61' title='bbox 477 910 604 980; x_wconf 81' lang='lat' dir='ltr'><strong>ﬁliis</strong></span> <span class='ocrx_word' id='word_1_62' title='bbox 635 909 705 965; x_wconf 89' lang='lat' dir='ltr'><strong>R.</strong></span> <span class='ocrx_word' id='word_1_63' title='bbox 739 909 946 980; x_wconf 79' lang='lat' dir='ltr'><strong>priori,</strong></span> <span class='ocrx_word' id='word_1_64' title='bbox 988 918 1037 964; x_wconf 82' lang='lat' dir='ltr'><strong>et</strong></span> <span class='ocrx_word' id='word_1_65' title='bbox 1077 908 1316 965; x_wconf 75' lang='lat' dir='ltr'><strong>omnibus</strong></span> <span class='ocrx_word' id='word_1_66' title='bbox 1350 908 1474 964; x_wconf 87' lang='lat' dir='ltr'><strong>aliis</strong></span> <span class='ocrx_word' id='word_1_67' title='bbox 1498 904 1722 965; x_wconf 80' lang='lat' dir='ltr'><strong>salutem</strong></span> <span class='ocrx_word' id='word_1_68' title='bbox 1764 917 1815 963; x_wconf 86' lang='lat' dir='ltr'><strong>et</strong></span> <span class='ocrx_word' id='word_1_69' title='bbox 2409 904 2747 961; x_wconf 82' lang='lat' dir='ltr'><strong>EPISTOLA</strong></span> <span class='ocrx_word' id='word_1_70' title='bbox 2786 903 3029 960; x_wconf 70' lang='lat' dir='ltr'><strong>XXXIV.</strong></span> 
     </span>
    </p>
   </div>
   <div class='ocr_carea' id='block_1_7' title="bbox 283 994 3512 1073">
    <p class='ocr_par' dir='ltr' id='par_1_7' title="bbox 283 994 3512 1073">
     <span class='ocr_line' id='line_1_7' title="bbox 283 994 3512 1073; baseline -0.001 -18"><span class='ocrx_word' id='word_1_71' title='bbox 283 1001 641 1056; x_wconf 76' lang='lat' dir='ltr'><strong>dilectionem.</strong></span> <span class='ocrx_word' id='word_1_72' title='bbox 1531 1066 1537 1073; x_wconf 30' lang='lat'><strong>&#39;</strong></span> <span class='ocrx_word' id='word_1_73' title='bbox 1915 995 2191 1069; x_wconf 66' lang='lat' dir='ltr'><strong>Coﬁ‘ridus</strong></span> <span class='ocrx_word' id='word_1_74' title='bbox 2234 994 2632 1051; x_wconf 75' lang='lat' dir='ltr'><strong>Vindocinensis</strong></span> <span class='ocrx_word' id='word_1_75' title='bbox 2674 999 2983 1052; x_wconf 76' lang='lat' dir='ltr'><strong>monasterii</strong></span> <span class='ocrx_word' id='word_1_76' title='bbox 3010 1014 3278 1053; x_wconf 80' lang='lat' dir='ltr'><strong>servorum</strong></span> <span class='ocrx_word' id='word_1_77' title='bbox 3307 1015 3512 1064; x_wconf 80' lang='lat' dir='ltr'><strong>servus,</strong></span> 
     </span>
    </p>
   </div>
   <div class='ocr_carea' id='block_1_8' title="bbox 284 1084 1797 1164">
    <p class='ocr_par' dir='ltr' id='par_1_8' title="bbox 284 1091 1797 1164">
     <span class='ocr_line' id='line_1_8' title="bbox 284 1091 1797 1164; baseline 0.001 -17"><span class='ocrx_word' id='word_1_78' title='bbox 284 1094 444 1162; x_wconf 84' lang='lat' dir='ltr'><strong>Quod</strong></span> <span class='ocrx_word' id='word_1_79' title='bbox 473 1094 752 1148; x_wconf 78' lang='lat' dir='ltr'><strong>vobiscum</strong></span> <span class='ocrx_word' id='word_1_80' title='bbox 790 1092 844 1147; x_wconf 93' lang='lat' dir='ltr'><strong>in</strong></span> <span class='ocrx_word' id='word_1_81' title='bbox 870 1091 1079 1147; x_wconf 79' lang='lat' dir='ltr'><strong>Pascha</strong></span> <span class='ocrx_word' id='word_1_82' title='bbox 1106 1107 1214 1148; x_wconf 91' lang='lat' dir='ltr'><strong>non</strong></span> <span class='ocrx_word' id='word_1_83' title='bbox 1236 1091 1338 1161; x_wconf 88' lang='lat' dir='ltr'><strong>fui,</strong></span> <span class='ocrx_word' id='word_1_84' title='bbox 1370 1092 1543 1149; x_wconf 78' lang='lat' dir='ltr'><strong>nostri</strong></span> <span class='ocrx_word' id='word_1_85' title='bbox 1569 1093 1797 1164; x_wconf 68' lang='lat' dir='ltr'><strong>corporis</strong></span> 
     </span>
    </p>
   </div>
   <div class='ocr_carea' id='block_1_9' title="bbox 1902 1084 3511 1164">
    <p class='ocr_par' dir='ltr' id='par_1_9' title="bbox 1988 1084 3511 1161">
     <span class='ocr_line' id='line_1_9' title="bbox 1988 1084 3511 1161; baseline 0.005 -23"><span class='ocrx_word' id='word_1_86' title='bbox 1988 1088 2194 1140; x_wconf 84' lang='lat' dir='ltr'><strong>dilectis</strong></span> <span class='ocrx_word' id='word_1_87' title='bbox 2217 1088 2270 1140; x_wconf 80' lang='lat' dir='ltr'><strong>in</strong></span> <span class='ocrx_word' id='word_1_88' title='bbox 2293 1084 2501 1140; x_wconf 80' lang='lat' dir='ltr'><strong>Christo</strong></span> <span class='ocrx_word' id='word_1_89' title='bbox 2515 1085 2645 1153; x_wconf 83' lang='lat' dir='ltr'><strong>ﬁliis</strong></span> <span class='ocrx_word' id='word_1_90' title='bbox 2674 1085 2852 1155; x_wconf 73' lang='lat'><strong>(525),</strong></span> <span class='ocrx_word' id='word_1_91' title='bbox 2881 1085 3121 1157; x_wconf 74' lang='lat' dir='ltr'><strong>Go/frido</strong></span> <span class='ocrx_word' id='word_1_92' title='bbox 3138 1088 3207 1143; x_wconf 85' lang='lat' dir='ltr'><strong>de</strong></span> <span class='ocrx_word' id='word_1_93' title='bbox 3224 1087 3511 1161; x_wconf 86' lang='lat' dir='ltr'><strong>Surgeriis,</strong></span> 
     </span>
    </p>
   </div>
   <div class='ocr_carea' id='block_1_10' title="bbox 210 1173 1797 1248">
    <p class='ocr_par' dir='ltr' id='par_1_10' title="bbox 210 1181 1797 1238">
     <span class='ocr_line' id='line_1_10' title="bbox 210 1181 1797 1238; baseline -0.001 -1"><span class='ocrx_word' id='word_1_94' title='bbox 210 1182 513 1237; x_wconf 83' lang='lat' dir='ltr'><strong>inﬁrmitas</strong></span> <span class='ocrx_word' id='word_1_95' title='bbox 532 1197 698 1237; x_wconf 87' lang='lat' dir='ltr'><strong>causa</strong></span> <span class='ocrx_word' id='word_1_96' title='bbox 724 1181 960 1237; x_wconf 75' lang='lat' dir='ltr'><strong>exstitit.</strong></span> <span class='ocrx_word' id='word_1_97' title='bbox 993 1181 1202 1238; x_wconf 90' lang='lat' dir='ltr'><strong>Gibbus</strong></span> <span class='ocrx_word' id='word_1_98' title='bbox 1223 1183 1368 1238; x_wconf 90' lang='lat' dir='ltr'><strong>enim</strong></span> <span class='ocrx_word' id='word_1_99' title='bbox 1400 1183 1534 1237; x_wconf 88' lang='lat' dir='ltr'><strong>mihi</strong></span> <span class='ocrx_word' id='word_1_100' title='bbox 1564 1183 1736 1238; x_wconf 88' lang='lat' dir='ltr'><strong>crevit</strong></span> <span class='ocrx_word' id='word_1_101' title='bbox 1760 1183 1797 1237; x_wconf 80' lang='lat' dir='ltr'><strong>ir</strong></span> 
     </span>
    </p>
   </div>
   <div class='ocr_carea' id='block_1_11' title="bbox 1902 1173 3513 1248">
    <p class='ocr_par' dir='ltr' id='par_1_11' title="bbox 1987 1173 3513 1248">
     <span class='ocr_line' id='line_1_11' title="bbox 1987 1173 3513 1248; baseline 0.003 -19"><span class='ocrx_word' id='word_1_102' title='bbox 1987 1176 2230 1230; x_wconf 81' lang='lat' dir='ltr'><strong>Jordano</strong></span> <span class='ocrx_word' id='word_1_103' title='bbox 2253 1177 2319 1230; x_wconf 88' lang='lat' dir='ltr'><strong>de</strong></span> <span class='ocrx_word' id='word_1_104' title='bbox 2347 1173 2517 1229; x_wconf 85' lang='lat' dir='ltr'><strong>Podio</strong></span> <span class='ocrx_word' id='word_1_105' title='bbox 2540 1175 2746 1242; x_wconf 75' lang='lat' dir='ltr'><strong>rebelli,</strong></span> <span class='ocrx_word' id='word_1_106' title='bbox 2782 1175 3046 1231; x_wconf 77' lang='lat' dir='ltr'><strong>Raiualdo</strong></span> <span class='ocrx_word' id='word_1_107' title='bbox 3070 1177 3345 1248; x_wconf 81' lang='lat' dir='ltr'><strong>Cartaldo,</strong></span> <span class='ocrx_word' id='word_1_108' title='bbox 3370 1179 3513 1236; x_wconf 82' lang='lat' dir='ltr'><strong>Her-</strong></span> 
     </span>
    </p>
   </div>
   <div class='ocr_carea' id='block_1_12' title="bbox 209 1263 2668 1345">
    <p class='ocr_par' dir='ltr' id='par_1_12' title="bbox 209 1263 2668 1345">
     <span class='ocr_line' id='line_1_12' title="bbox 209 1263 2668 1345; baseline 0.001 -16"><span class='ocrx_word' id='word_1_109' title='bbox 209 1274 413 1339; x_wconf 82' lang='lat' dir='ltr'><strong>dorso,</strong></span> <span class='ocrx_word' id='word_1_110' title='bbox 444 1274 586 1329; x_wconf 87' lang='lat' dir='ltr'><strong>unde</strong></span> <span class='ocrx_word' id='word_1_111' title='bbox 621 1289 709 1329; x_wconf 88' lang='lat' dir='ltr'><strong>me</strong></span> <span class='ocrx_word' id='word_1_112' title='bbox 751 1275 927 1330; x_wconf 81' lang='lat' dir='ltr'><strong>secari</strong></span> <span class='ocrx_word' id='word_1_113' title='bbox 970 1275 1228 1343; x_wconf 81' lang='lat' dir='ltr'><strong>oportuit.</strong></span> <span class='ocrx_word' id='word_1_114' title='bbox 1274 1274 1343 1330; x_wconf 86' lang='lat' dir='ltr'><strong>Et</strong></span> <span class='ocrx_word' id='word_1_115' title='bbox 1381 1275 1629 1345; x_wconf 80' lang='lat' dir='ltr'><strong>quamvis</strong></span> <span class='ocrx_word' id='word_1_116' title='bbox 1675 1276 1815 1330; x_wconf 88' lang='lat' dir='ltr'><strong>inter</strong></span> <span class='ocrx_word' id='word_1_117' title='bbox 1988 1281 2080 1318; x_wconf 77' lang='grc' dir='ltr'><strong>υεο</strong></span> <span class='ocrx_word' id='word_1_118' title='bbox 2108 1265 2172 1317; x_wconf 54' lang='lat' dir='ltr'><strong>de</strong></span> <span class='ocrx_word' id='word_1_119' title='bbox 2200 1263 2393 1331; x_wconf 61' lang='grc' dir='ltr'><strong>θέουσι</strong></span> <span class='ocrx_word' id='word_1_120' title='bbox 2424 1264 2668 1319; x_wconf 62' lang='lat' dir='ltr'><strong>mmem-</strong></span> 
     </span>
    </p>
   </div>
   <div class='ocr_carea' id='block_1_13' title="bbox 209 1356 1797 1437">
    <p class='ocr_par' dir='ltr' id='par_1_13' title="bbox 209 1364 1797 1437">
     <span class='ocr_line' id='line_1_13' title="bbox 209 1364 1797 1437; baseline 0.001 -19"><span class='ocrx_word' id='word_1_121' title='bbox 209 1379 411 1419; x_wconf 83' lang='lat' dir='ltr'><strong>manns</strong></span> <span class='ocrx_word' id='word_1_122' title='bbox 455 1374 511 1419; x_wconf 90' lang='lat' dir='ltr'><strong>et</strong></span> <span class='ocrx_word' id='word_1_123' title='bbox 552 1364 888 1435; x_wconf 79' lang='lat' dir='ltr'><strong>lacrymosas</strong></span> <span class='ocrx_word' id='word_1_124' title='bbox 934 1379 1093 1420; x_wconf 85' lang='lat' dir='ltr'><strong>voces</strong></span> <span class='ocrx_word' id='word_1_125' title='bbox 1139 1365 1460 1420; x_wconf 81' lang='lat' dir='ltr'><strong>dilectarum</strong></span> <span class='ocrx_word' id='word_1_126' title='bbox 1511 1364 1623 1420; x_wconf 88' lang='lat' dir='ltr'><strong>Deo</strong></span> <span class='ocrx_word' id='word_1_127' title='bbox 1661 1366 1797 1437; x_wconf 53' lang='lat'><strong>(3‘22</strong></span> 
     </span>
    </p>
   </div>
   <div class='ocr_carea' id='block_1_14' title="bbox 1902 1356 3517 1437">
    <p class='ocr_par' dir='ltr' id='par_1_14' title="bbox 1988 1356 3517 1432">
     <span class='ocr_line' id='line_1_14' title="bbox 1988 1356 3517 1432; baseline 0.005 -22"><span class='ocrx_word' id='word_1_128' title='bbox 1988 1356 2306 1413; x_wconf 71' lang='lat' dir='ltr'><strong>Mandant-as</strong></span> <span class='ocrx_word' id='word_1_129' title='bbox 2336 1358 2509 1424; x_wconf 85' lang='lat' dir='ltr'><strong>vobis,</strong></span> <span class='ocrx_word' id='word_1_130' title='bbox 2538 1366 2594 1412; x_wconf 90' lang='lat' dir='ltr'><strong>et</strong></span> <span class='ocrx_word' id='word_1_131' title='bbox 2625 1357 2934 1414; x_wconf 88' lang='lat' dir='ltr'><strong>mandando</strong></span> <span class='ocrx_word' id='word_1_132' title='bbox 2963 1360 3342 1431; x_wconf 66' lang='lat' dir='ltr'><strong>praecupimus.</strong></span> <span class='ocrx_word' id='word_1_133' title='bbox 3373 1376 3517 1432; x_wconf 88' lang='lat' dir='ltr'><strong>qua-</strong></span> 
     </span>
    </p>
   </div>
   <div class='ocr_carea' id='block_1_15' title="bbox 206 1451 3516 1521">
    <p class='ocr_par' dir='ltr' id='par_1_15' title="bbox 206 1451 3516 1521">
     <span class='ocr_line' id='line_1_15' title="bbox 206 1451 3516 1521; baseline 0 -10"><span class='ocrx_word' id='word_1_134' title='bbox 206 1454 708 1511; x_wconf 79' lang='lat' dir='ltr'><strong>sanctimonialium</strong></span> <span class='ocrx_word' id='word_1_135' title='bbox 733 1456 802 1510; x_wconf 89' lang='lat' dir='ltr'><strong>de</strong></span> <span class='ocrx_word' id='word_1_136' title='bbox 827 1455 998 1510; x_wconf 82' lang='lat' dir='ltr'><strong>Fonte</strong></span> <span class='ocrx_word' id='word_1_137' title='bbox 1026 1455 1265 1520; x_wconf 87' lang='lat' dir='ltr'><strong>Ebraldi,</strong></span> <span class='ocrx_word' id='word_1_138' title='bbox 1296 1455 1506 1510; x_wconf 90' lang='lat' dir='ltr'><strong>rasorio</strong></span> <span class='ocrx_word' id='word_1_139' title='bbox 1535 1454 1813 1510; x_wconf 82' lang='lat' dir='ltr'><strong>scribente</strong></span> <span class='ocrx_word' id='word_1_140' title='bbox 1918 1461 2077 1507; x_wconf 89' lang='lat' dir='ltr'><strong>tenus</strong></span> <span class='ocrx_word' id='word_1_141' title='bbox 2103 1452 2155 1506; x_wconf 89' lang='lat' dir='ltr'><strong>in</strong></span> <span class='ocrx_word' id='word_1_142' title='bbox 2181 1452 2432 1521; x_wconf 79' lang='lat' dir='ltr'><strong>proxima</strong></span> <span class='ocrx_word' id='word_1_143' title='bbox 2458 1460 2666 1506; x_wconf 70' lang='lat' dir='ltr'><strong>sancta:</strong></span> <span class='ocrx_word' id='word_1_144' title='bbox 2692 1451 2980 1508; x_wconf 77' lang='lat' dir='ltr'><strong>Trinitatis</strong></span> <span class='ocrx_word' id='word_1_145' title='bbox 3001 1454 3296 1510; x_wconf 74' lang='lat' dir='ltr'><strong>festivitate</strong></span> <span class='ocrx_word' id='word_1_146' title='bbox 3319 1456 3388 1511; x_wconf 88' lang='lat' dir='ltr'><strong>ad</strong></span> <span class='ocrx_word' id='word_1_147' title='bbox 3414 1471 3516 1512; x_wconf 85' lang='lat' dir='ltr'><strong>nos</strong></span> 
     </span>
    </p>
   </div>
   <div class='ocr_carea' id='block_1_16' title="bbox 208 1543 3510 1618">
    <p class='ocr_par' dir='ltr' id='par_1_16' title="bbox 208 1543 3510 1618">
     <span class='ocr_line' id='line_1_16' title="bbox 208 1543 3510 1618; baseline -0.001 -15"><span class='ocrx_word' id='word_1_148' title='bbox 208 1548 266 1603; x_wconf 83' lang='lat' dir='ltr'><strong>in</strong></span> <span class='ocrx_word' id='word_1_149' title='bbox 298 1558 488 1604; x_wconf 86' lang='lat' dir='ltr'><strong>nostra</strong></span> <span class='ocrx_word' id='word_1_150' title='bbox 517 1563 681 1604; x_wconf 87' lang='lat' dir='ltr'><strong>carne</strong></span> <span class='ocrx_word' id='word_1_151' title='bbox 716 1563 845 1603; x_wconf 89' lang='lat' dir='ltr'><strong>suas</strong></span> <span class='ocrx_word' id='word_1_152' title='bbox 889 1547 1120 1611; x_wconf 79' lang='lat' dir='ltr'><strong>litteras,</strong></span> <span class='ocrx_word' id='word_1_153' title='bbox 1151 1562 1355 1618; x_wconf 87' lang='lat' dir='ltr'><strong>corpus</strong></span> <span class='ocrx_word' id='word_1_154' title='bbox 1383 1554 1629 1601; x_wconf 86' lang='lat' dir='ltr'><strong>nostrum</strong></span> <span class='ocrx_word' id='word_1_155' title='bbox 1663 1545 1815 1600; x_wconf 84' lang='lat' dir='ltr'><strong>iufir-</strong></span> <span class='ocrx_word' id='word_1_156' title='bbox 1918 1544 2125 1607; x_wconf 84' lang='lat' dir='ltr'><strong>venire,</strong></span> <span class='ocrx_word' id='word_1_157' title='bbox 2156 1553 2213 1598; x_wconf 89' lang='lat' dir='ltr'><strong>et</strong></span> <span class='ocrx_word' id='word_1_158' title='bbox 2240 1543 2630 1598; x_wconf 84' lang='lat' dir='ltr'><strong>monasterium</strong></span> <span class='ocrx_word' id='word_1_159' title='bbox 2660 1554 2927 1610; x_wconf 89' lang='lat' dir='ltr'><strong>vestrum,</strong></span> <span class='ocrx_word' id='word_1_160' title='bbox 2966 1555 3128 1616; x_wconf 85' lang='lat' dir='ltr'><strong>prout</strong></span> <span class='ocrx_word' id='word_1_161' title='bbox 3153 1546 3374 1616; x_wconf 84' lang='lat' dir='ltr'><strong>dignum</strong></span> <span class='ocrx_word' id='word_1_162' title='bbox 3403 1554 3510 1609; x_wconf 90' lang='lat' dir='ltr'><strong>est,</strong></span> 
     </span>
    </p>
   </div>
   <div class='ocr_carea' id='block_1_17' title="bbox 209 1632 3515 1709">
    <p class='ocr_par' dir='ltr' id='par_1_17' title="bbox 209 1632 3515 1709">
     <span class='ocr_line' id='line_1_17' title="bbox 209 1632 3515 1709; baseline -0.001 -15"><span class='ocrx_word' id='word_1_163' title='bbox 209 1638 407 1694; x_wconf 68' lang='lat' dir='ltr'><strong>unitate</strong></span> <span class='ocrx_word' id='word_1_164' title='bbox 431 1638 639 1709; x_wconf 85' lang='lat' dir='ltr'><strong>pariter</strong></span> <span class='ocrx_word' id='word_1_165' title='bbox 663 1647 720 1694; x_wconf 90' lang='lat' dir='ltr'><strong>et</strong></span> <span class='ocrx_word' id='word_1_166' title='bbox 761 1635 987 1691; x_wconf 81' lang='lat' dir='ltr'><strong>vulnere</strong></span> <span class='ocrx_word' id='word_1_167' title='bbox 1017 1653 1121 1691; x_wconf 91' lang='lat' dir='ltr'><strong>non</strong></span> <span class='ocrx_word' id='word_1_168' title='bbox 1153 1635 1504 1690; x_wconf 89' lang='lat' dir='ltr'><strong>mediocriter</strong></span> <span class='ocrx_word' id='word_1_169' title='bbox 1532 1634 1813 1706; x_wconf 81' lang='lat' dir='ltr'><strong>fatigatum</strong></span> <span class='ocrx_word' id='word_1_170' title='bbox 1917 1635 2140 1689; x_wconf 78' lang='lat' dir='ltr'><strong>visitare</strong></span> <span class='ocrx_word' id='word_1_171' title='bbox 2165 1649 2272 1687; x_wconf 88' lang='lat' dir='ltr'><strong>non</strong></span> <span class='ocrx_word' id='word_1_172' title='bbox 2303 1632 2566 1689; x_wconf 73' lang='lat' dir='ltr'><strong>did‘cratis</strong></span> <span class='ocrx_word' id='word_1_173' title='bbox 2589 1633 2775 1704; x_wconf 80' lang='lat'><strong>209,</strong></span> <span class='ocrx_word' id='word_1_174' title='bbox 2802 1634 2949 1704; x_wconf 89' lang='lat' dir='ltr'><strong>quod</strong></span> <span class='ocrx_word' id='word_1_175' title='bbox 2972 1635 3138 1690; x_wconf 87' lang='lat' dir='ltr'><strong>etiam</strong></span> <span class='ocrx_word' id='word_1_176' title='bbox 3166 1650 3273 1689; x_wconf 89' lang='lat' dir='ltr'><strong>non</strong></span> <span class='ocrx_word' id='word_1_177' title='bbox 3299 1634 3515 1690; x_wconf 86' lang='lat' dir='ltr'><strong>invitati</strong></span> 
     </span>
    </p>
   </div>
   <div class='ocr_carea' id='block_1_18' title="bbox 208 1724 3514 1795">
    <p class='ocr_par' dir='ltr' id='par_1_18' title="bbox 208 1724 3514 1795">
     <span class='ocr_line' id='line_1_18' title="bbox 208 1724 3514 1795; baseline -0.001 -10"><span class='ocrx_word' id='word_1_178' title='bbox 208 1739 509 1795; x_wconf 76' lang='lat' dir='ltr'><strong>teneretur,</strong></span> <span class='ocrx_word' id='word_1_179' title='bbox 541 1745 642 1785; x_wconf 90' lang='lat' dir='ltr'><strong>nec</strong></span> <span class='ocrx_word' id='word_1_180' title='bbox 683 1730 1010 1795; x_wconf 82' lang='lat' dir='ltr'><strong>inﬁrmitas,</strong></span> <span class='ocrx_word' id='word_1_181' title='bbox 1054 1745 1155 1785; x_wconf 88' lang='lat' dir='ltr'><strong>nec</strong></span> <span class='ocrx_word' id='word_1_182' title='bbox 1200 1727 1438 1783; x_wconf 84' lang='lat' dir='ltr'><strong>secantis</strong></span> <span class='ocrx_word' id='word_1_183' title='bbox 1475 1727 1810 1792; x_wconf 82' lang='lat' dir='ltr'><strong>crudelitas,</strong></span> <span class='ocrx_word' id='word_1_184' title='bbox 1917 1726 2102 1780; x_wconf 81' lang='lat' dir='ltr'><strong>lacere</strong></span> <span class='ocrx_word' id='word_1_185' title='bbox 2146 1725 2442 1781; x_wconf 84' lang='lat' dir='ltr'><strong>deberetis.</strong></span> <span class='ocrx_word' id='word_1_186' title='bbox 2481 1724 2596 1779; x_wconf 83' lang='lat' dir='ltr'><strong>lloc</strong></span> <span class='ocrx_word' id='word_1_187' title='bbox 2638 1736 2823 1779; x_wconf 88' lang='lat' dir='ltr'><strong>autem</strong></span> <span class='ocrx_word' id='word_1_188' title='bbox 2867 1725 2913 1780; x_wconf 93' lang='lat' dir='ltr'><strong>si</strong></span> <span class='ocrx_word' id='word_1_189' title='bbox 2945 1725 3067 1794; x_wconf 87' lang='lat' dir='ltr'><strong>quis</strong></span> <span class='ocrx_word' id='word_1_190' title='bbox 3102 1733 3341 1780; x_wconf 82' lang='lat' dir='ltr'><strong>vestrum</strong></span> <span class='ocrx_word' id='word_1_191' title='bbox 3380 1741 3514 1782; x_wconf 92' lang='lat' dir='ltr'><strong>con-</strong></span> 
     </span>
    </p>
   </div>
   <div class='ocr_carea' id='block_1_19' title="bbox 204 1813 3513 1890">
    <p class='ocr_par' dir='ltr' id='par_1_19' title="bbox 204 1813 3513 1890">
     <span class='ocr_line' id='line_1_19' title="bbox 204 1813 3513 1890; baseline -0.002 -13"><span class='ocrx_word' id='word_1_192' title='bbox 204 1836 314 1877; x_wconf 81' lang='lat' dir='ltr'><strong>nec</strong></span> <span class='ocrx_word' id='word_1_193' title='bbox 359 1821 547 1876; x_wconf 81' lang='lat' dir='ltr'><strong>statim</strong></span> <span class='ocrx_word' id='word_1_194' title='bbox 580 1821 821 1890; x_wconf 76' lang='lat' dir='ltr'><strong>impositi</strong></span> <span class='ocrx_word' id='word_1_195' title='bbox 869 1821 1002 1876; x_wconf 89' lang='lat' dir='ltr'><strong>salis</strong></span> <span class='ocrx_word' id='word_1_196' title='bbox 1046 1820 1314 1890; x_wconf 82' lang='lat' dir='ltr'><strong>asperitas</strong></span> <span class='ocrx_word' id='word_1_197' title='bbox 1336 1858 1352 1880; x_wconf 93' lang='lat'><strong>,</strong></span> <span class='ocrx_word' id='word_1_198' title='bbox 1397 1826 1460 1870; x_wconf 89' lang='lat' dir='ltr'><strong>ut</strong></span> <span class='ocrx_word' id='word_1_199' title='bbox 1497 1833 1593 1872; x_wconf 88' lang='lat' dir='ltr'><strong>vos</strong></span> <span class='ocrx_word' id='word_1_200' title='bbox 1631 1816 1715 1871; x_wconf 85' lang='lat' dir='ltr'><strong>vel</strong></span> <span class='ocrx_word' id='word_1_201' title='bbox 1744 1816 1815 1871; x_wconf 87' lang='lat' dir='ltr'><strong>ad</strong></span> <span class='ocrx_word' id='word_1_202' title='bbox 1919 1816 2198 1884; x_wconf 88' lang='lat' dir='ltr'><strong>tempserit</strong></span> <span class='ocrx_word' id='word_1_203' title='bbox 2221 1855 2237 1880; x_wconf 91' lang='lat'><strong>,</strong></span> <span class='ocrx_word' id='word_1_204' title='bbox 2268 1815 2373 1869; x_wconf 90' lang='lat' dir='ltr'><strong>nisi</strong></span> <span class='ocrx_word' id='word_1_205' title='bbox 2408 1815 2559 1886; x_wconf 80' lang='lat' dir='ltr'><strong>gravi</strong></span> <span class='ocrx_word' id='word_1_206' title='bbox 2592 1814 2835 1884; x_wconf 82' lang='lat' dir='ltr'><strong>corporis</strong></span> <span class='ocrx_word' id='word_1_207' title='bbox 2864 1813 3182 1869; x_wconf 88' lang='lat' dir='ltr'><strong>inﬁrmitate</strong></span> <span class='ocrx_word' id='word_1_208' title='bbox 3223 1815 3513 1883; x_wconf 84' lang='lat' dir='ltr'><strong>detentus,</strong></span> 
     </span>
    </p>
   </div>
   <div class='ocr_carea' id='block_1_20' title="bbox 205 1904 3515 1977">
    <p class='ocr_par' dir='ltr' id='par_1_20' title="bbox 205 1904 3515 1977">
     <span class='ocr_line' id='line_1_20' title="bbox 205 1904 3515 1977; baseline -0 -14"><span class='ocrx_word' id='word_1_209' title='bbox 205 1921 545 1966; x_wconf 85' lang='lat' dir='ltr'><strong>momentum</strong></span> <span class='ocrx_word' id='word_1_210' title='bbox 584 1910 958 1975; x_wconf 85' lang='lat' dir='ltr'><strong>obliviscerer,</strong></span> <span class='ocrx_word' id='word_1_211' title='bbox 1001 1909 1183 1965; x_wconf 84' lang='lat' dir='ltr'><strong>facere</strong></span> <span class='ocrx_word' id='word_1_212' title='bbox 1208 1907 1383 1977; x_wconf 86' lang='lat' dir='ltr'><strong>potuit</strong></span> <span class='ocrx_word' id='word_1_213' title='bbox 1410 1946 1425 1971; x_wconf 89' lang='lat'><strong>,</strong></span> <span class='ocrx_word' id='word_1_214' title='bbox 1455 1905 1549 1961; x_wconf 82' lang='lat' dir='ltr'><strong>sed</strong></span> <span class='ocrx_word' id='word_1_215' title='bbox 1582 1906 1810 1976; x_wconf 86' lang='lat' dir='ltr'><strong>spiritus</strong></span> <span class='ocrx_word' id='word_1_216' title='bbox 1842 1908 1884 1961; x_wconf 86' lang='grc' dir='ltr'><strong>Β</strong></span> <span class='ocrx_word' id='word_1_217' title='bbox 1913 1906 2087 1961; x_wconf 88' lang='lat' dir='ltr'><strong>donec</strong></span> <span class='ocrx_word' id='word_1_218' title='bbox 2115 1907 2181 1960; x_wconf 89' lang='lat' dir='ltr'><strong>de</strong></span> <span class='ocrx_word' id='word_1_219' title='bbox 2211 1906 2577 1960; x_wconf 87' lang='lat' dir='ltr'><strong>inobedientia</strong></span> <span class='ocrx_word' id='word_1_220' title='bbox 2621 1904 2945 1972; x_wconf 80' lang='lat' dir='ltr'><strong>satisfaciat,</strong></span> <span class='ocrx_word' id='word_1_221' title='bbox 2973 1920 3006 1959; x_wconf 88' lang='lat' dir='ltr'><strong>a</strong></span> <span class='ocrx_word' id='word_1_222' title='bbox 3036 1915 3240 1961; x_wconf 82' lang='lat' dir='ltr'><strong>sanctae</strong></span> <span class='ocrx_word' id='word_1_223' title='bbox 3265 1904 3515 1962; x_wconf 71' lang='lat' dir='ltr'><strong>ecclesia:</strong></span> 
     </span>
    </p>
   </div>
   <div class='ocr_carea' id='block_1_21' title="bbox 205 1995 2675 2071">
    <p class='ocr_par' dir='ltr' id='par_1_21' title="bbox 205 1995 2675 2071">
     <span class='ocr_line' id='line_1_21' title="bbox 205 1995 2675 2071; baseline -0.002 -17"><span class='ocrx_word' id='word_1_224' title='bbox 205 2015 365 2071; x_wconf 66' lang='lat' dir='ltr'><strong>purae</strong></span> <span class='ocrx_word' id='word_1_225' title='bbox 408 2000 746 2068; x_wconf 85' lang='lat' dir='ltr'><strong>dilectionis,</strong></span> <span class='ocrx_word' id='word_1_226' title='bbox 778 2015 887 2070; x_wconf 89' lang='lat' dir='ltr'><strong>quo</strong></span> <span class='ocrx_word' id='word_1_227' title='bbox 928 2015 1025 2055; x_wconf 89' lang='lat' dir='ltr'><strong>vos</strong></span> <span class='ocrx_word' id='word_1_228' title='bbox 1058 2013 1274 2070; x_wconf 83' lang='lat' dir='ltr'><strong>semper</strong></span> <span class='ocrx_word' id='word_1_229' title='bbox 1303 1996 1492 2063; x_wconf 68' lang='lat' dir='ltr'><strong>dilexi,</strong></span> <span class='ocrx_word' id='word_1_230' title='bbox 1519 2006 1575 2051; x_wconf 89' lang='lat' dir='ltr'><strong>et</strong></span> <span class='ocrx_word' id='word_1_231' title='bbox 1603 1997 1768 2067; x_wconf 78' lang='lat' dir='ltr'><strong>diligo</strong></span> <span class='ocrx_word' id='word_1_232' title='bbox 1793 2036 1809 2061; x_wconf 92' lang='lat'><strong>,</strong></span> <span class='ocrx_word' id='word_1_233' title='bbox 1912 1995 2192 2050; x_wconf 87' lang='lat' dir='ltr'><strong>liminibus</strong></span> <span class='ocrx_word' id='word_1_234' title='bbox 2218 1996 2431 2050; x_wconf 88' lang='lat' dir='ltr'><strong>alienus</strong></span> <span class='ocrx_word' id='word_1_235' title='bbox 2451 1996 2675 2050; x_wconf 77' lang='lat' dir='ltr'><strong>existat.</strong></span> 
     </span>
    </p>
   </div>
   <div class='ocr_carea' id='block_1_22' title="bbox 200 2086 2987 2159">
    <p class='ocr_par' dir='ltr' id='par_1_22' title="bbox 200 2086 2987 2159">
     <span class='ocr_line' id='line_1_22' title="bbox 200 2086 2987 2159; baseline 0.001 -14"><span class='ocrx_word' id='word_1_236' title='bbox 200 2099 267 2145; x_wconf 81' lang='lat' dir='ltr'><strong>et</strong></span> <span class='ocrx_word' id='word_1_237' title='bbox 296 2090 546 2159; x_wconf 75' lang='lat' dir='ltr'><strong>diligam,</strong></span> <span class='ocrx_word' id='word_1_238' title='bbox 578 2091 780 2145; x_wconf 88' lang='lat' dir='ltr'><strong>mansit</strong></span> <span class='ocrx_word' id='word_1_239' title='bbox 807 2091 1107 2145; x_wconf 82' lang='lat' dir='ltr'><strong>vobiscum.</strong></span> <span class='ocrx_word' id='word_1_240' title='bbox 1140 2091 1233 2144; x_wconf 87' lang='lat' dir='ltr'><strong>Dei</strong></span> <span class='ocrx_word' id='word_1_241' title='bbox 1269 2089 1488 2143; x_wconf 84' lang='lat' dir='ltr'><strong>tandem</strong></span> <span class='ocrx_word' id='word_1_242' title='bbox 1517 2086 1812 2155; x_wconf 83' lang='lat' dir='ltr'><strong>adjuvante</strong></span> <span class='ocrx_word' id='word_1_243' title='bbox 2393 2092 2730 2149; x_wconf 80' lang='lat' dir='ltr'><strong>EPISTULA</strong></span> <span class='ocrx_word' id='word_1_244' title='bbox 2765 2093 2987 2149; x_wconf 72' lang='lat' dir='ltr'><strong>XXXV.</strong></span> 
     </span>
    </p>
   </div>
   <div class='ocr_carea' id='block_1_23' title="bbox 202 2176 1797 2265">
    <p class='ocr_par' dir='ltr' id='par_1_23' title="bbox 202 2176 1797 2250">
     <span class='ocr_line' id='line_1_23' title="bbox 202 2176 1797 2250; baseline -0.004 -13"><span class='ocrx_word' id='word_1_245' title='bbox 202 2180 509 2237; x_wconf 82' lang='lat' dir='ltr'><strong>clementia</strong></span> <span class='ocrx_word' id='word_1_246' title='bbox 545 2180 936 2250; x_wconf 86' lang='lat' dir='ltr'><strong>aliquantulum</strong></span> <span class='ocrx_word' id='word_1_247' title='bbox 965 2181 1032 2235; x_wconf 87' lang='lat' dir='ltr'><strong>de</strong></span> <span class='ocrx_word' id='word_1_248' title='bbox 1075 2179 1394 2233; x_wconf 87' lang='lat' dir='ltr'><strong>inﬁrmitate</strong></span> <span class='ocrx_word' id='word_1_249' title='bbox 1431 2176 1681 2232; x_wconf 84' lang='lat' dir='ltr'><strong>convalui</strong></span> <span class='ocrx_word' id='word_1_250' title='bbox 1708 2219 1724 2243; x_wconf 92' lang='lat'><strong>,</strong></span> <span class='ocrx_word' id='word_1_251' title='bbox 1756 2188 1797 2231; x_wconf 75' lang='lat' dir='ltr'><strong>et</strong></span> 
     </span>
    </p>
   </div>
   <div class='ocr_carea' id='block_1_24' title="bbox 1902 2176 3505 2265">
    <p class='ocr_par' dir='ltr' id='par_1_24' title="bbox 1910 2191 3505 2265">
     <span class='ocr_line' id='line_1_24' title="bbox 1910 2191 3505 2265; baseline 0.004 -17"><span class='ocrx_word' id='word_1_252' title='bbox 1910 2191 2185 2264; x_wconf 66' lang='lat' dir='ltr'><strong>Coﬂ&#39;ridus</strong></span> <span class='ocrx_word' id='word_1_253' title='bbox 2229 2192 2627 2249; x_wconf 79' lang='lat' dir='ltr'><strong>Vindocinensis</strong></span> <span class='ocrx_word' id='word_1_254' title='bbox 2674 2195 2980 2250; x_wconf 77' lang='lat' dir='ltr'><strong>mouas.‘erii</strong></span> <span class='ocrx_word' id='word_1_255' title='bbox 3026 2196 3247 2251; x_wconf 78' lang='lat' dir='ltr'><strong>humilis</strong></span> <span class='ocrx_word' id='word_1_256' title='bbox 3293 2214 3505 2265; x_wconf 85' lang='lat' dir='ltr'><strong>servus,</strong></span> 
     </span>
    </p>
   </div>
   <div class='ocr_carea' id='block_1_25' title="bbox 203 2265 1797 2352">
    <p class='ocr_par' dir='ltr' id='par_1_25' title="bbox 203 2265 1797 2343">
     <span class='ocr_line' id='line_1_25' title="bbox 203 2265 1797 2343; baseline -0.005 -17"><span class='ocrx_word' id='word_1_257' title='bbox 203 2271 410 2343; x_wconf 78' lang='lat' dir='ltr'><strong>partim</strong></span> <span class='ocrx_word' id='word_1_258' title='bbox 455 2285 634 2339; x_wconf 87' lang='lat' dir='ltr'><strong>aqua,</strong></span> <span class='ocrx_word' id='word_1_259' title='bbox 672 2271 981 2340; x_wconf 88' lang='lat' dir='ltr'><strong>partimque</strong></span> <span class='ocrx_word' id='word_1_260' title='bbox 1007 2284 1150 2338; x_wconf 89' lang='lat' dir='ltr'><strong>equo</strong></span> <span class='ocrx_word' id='word_1_261' title='bbox 1190 2277 1436 2338; x_wconf 82' lang='lat' dir='ltr'><strong>portatus</strong></span> <span class='ocrx_word' id='word_1_262' title='bbox 1474 2265 1797 2335; x_wconf 75' lang='lat' dir='ltr'><strong>Andegavim</strong></span> 
     </span>
    </p>
   </div>
   <div class='ocr_carea' id='block_1_26' title="bbox 1902 2265 3511 2352">
    <p class='ocr_par' dir='ltr' id='par_1_26' title="bbox 1978 2280 3511 2352">
     <span class='ocr_line' id='line_1_26' title="bbox 1978 2280 3511 2352; baseline 0.006 -16"><span class='ocrx_word' id='word_1_263' title='bbox 1978 2283 2186 2338; x_wconf 85' lang='lat' dir='ltr'><strong>dilectis</strong></span> <span class='ocrx_word' id='word_1_264' title='bbox 2232 2285 2286 2337; x_wconf 82' lang='lat' dir='ltr'><strong>in</strong></span> <span class='ocrx_word' id='word_1_265' title='bbox 2318 2280 2527 2337; x_wconf 75' lang='lat' dir='ltr'><strong>Christo</strong></span> <span class='ocrx_word' id='word_1_266' title='bbox 2547 2282 2715 2351; x_wconf 74' lang='lat' dir='ltr'><strong>ﬁliis,</strong></span> <span class='ocrx_word' id='word_1_267' title='bbox 2750 2284 3026 2352; x_wconf 77' lang='lat' dir='ltr'><strong>Iordane,</strong></span> <span class='ocrx_word' id='word_1_268' title='bbox 3064 2284 3333 2343; x_wconf 80' lang='lat' dir='ltr'><strong>Raiualdo</strong></span> <span class='ocrx_word' id='word_1_269' title='bbox 3375 2288 3511 2344; x_wconf 83' lang='lat' dir='ltr'><strong>Car-</strong></span> 
     </span>
    </p>
   </div>
   <div class='ocr_carea' id='block_1_27' title="bbox 1976 2374 2935 2439">
    <p class='ocr_par' dir='ltr' id='par_1_27' title="bbox 1976 2374 2935 2439">
     <span class='ocr_line' id='line_1_27' title="bbox 1976 2374 2935 2439; baseline 0.001 -10"><span class='ocrx_word' id='word_1_270' title='bbox 1976 2375 2145 2439; x_wconf 85' lang='lat' dir='ltr'><strong>taldo,</strong></span> <span class='ocrx_word' id='word_1_271' title='bbox 2174 2374 2398 2430; x_wconf 75' lang='lat' dir='ltr'><strong>salutem</strong></span> <span class='ocrx_word' id='word_1_272' title='bbox 2425 2386 2476 2430; x_wconf 84' lang='lat' dir='ltr'><strong>et</strong></span> <span class='ocrx_word' id='word_1_273' title='bbox 2507 2376 2935 2430; x_wconf 80' lang='lat' dir='ltr'><strong>benedictionem.</strong></span> 
     </span>
    </p>
   </div>
   <div class='ocr_carea' id='block_1_28' title="bbox 1978 2475 3500 2548">
    <p class='ocr_par' dir='ltr' id='par_1_28' title="bbox 1978 2475 3500 2548">
     <span class='ocr_line' id='line_1_28' title="bbox 1978 2475 3500 2548; baseline 0.003 -17"><span class='ocrx_word' id='word_1_274' title='bbox 1978 2476 2038 2531; x_wconf 86' lang='lat' dir='ltr'><strong>St</strong></span> <span class='ocrx_word' id='word_1_275' title='bbox 2079 2477 2425 2544; x_wconf 87' lang='lat' dir='ltr'><strong>jussionibus</strong></span> <span class='ocrx_word' id='word_1_276' title='bbox 2457 2475 2662 2532; x_wconf 87' lang='lat' dir='ltr'><strong>nostris</strong></span> <span class='ocrx_word' id='word_1_277' title='bbox 2698 2475 2992 2546; x_wconf 85' lang='lat' dir='ltr'><strong>aliquando</strong></span> <span class='ocrx_word' id='word_1_278' title='bbox 3036 2491 3137 2533; x_wconf 88' lang='lat' dir='ltr'><strong>vos</strong></span> <span class='ocrx_word' id='word_1_279' title='bbox 3176 2492 3500 2548; x_wconf 81' lang='lat' dir='ltr'><strong>gravamus.</strong></span> 
     </span>
    </p>
   </div>
   <div class='ocr_carea' id='block_1_29' title="bbox 1903 2566 3503 2640">
    <p class='ocr_par' dir='ltr' id='par_1_29' title="bbox 1903 2566 3503 2640">
     <span class='ocr_line' id='line_1_29' title="bbox 1903 2566 3503 2640; baseline 0.003 -19"><span class='ocrx_word' id='word_1_280' title='bbox 1903 2581 2012 2622; x_wconf 88' lang='lat' dir='ltr'><strong>non</strong></span> <span class='ocrx_word' id='word_1_281' title='bbox 2038 2566 2159 2621; x_wconf 86' lang='lat' dir='ltr'><strong>ideo</strong></span> <span class='ocrx_word' id='word_1_282' title='bbox 2192 2577 2386 2621; x_wconf 87' lang='lat' dir='ltr'><strong>contra</strong></span> <span class='ocrx_word' id='word_1_283' title='bbox 2419 2582 2521 2622; x_wconf 89' lang='lat' dir='ltr'><strong>nos</strong></span> <span class='ocrx_word' id='word_1_284' title='bbox 2551 2581 2896 2621; x_wconf 83' lang='lat' dir='ltr'><strong>murmurare</strong></span> <span class='ocrx_word' id='word_1_285' title='bbox 2935 2566 3168 2635; x_wconf 86' lang='lat' dir='ltr'><strong>debetis,</strong></span> <span class='ocrx_word' id='word_1_286' title='bbox 3218 2569 3326 2636; x_wconf 88' lang='lat' dir='ltr'><strong>vel,</strong></span> <span class='ocrx_word' id='word_1_287' title='bbox 3350 2570 3503 2640; x_wconf 89' lang='lat' dir='ltr'><strong>quod</strong></span> 
     </span>
    </p>
   </div>
   <div class='ocr_carea' id='block_1_30' title="bbox 1903 2660 3508 2736">
    <p class='ocr_par' dir='ltr' id='par_1_30' title="bbox 1903 2660 3508 2736">
     <span class='ocr_line' id='line_1_30' title="bbox 1903 2660 3508 2736; baseline 0.001 -19"><span class='ocrx_word' id='word_1_288' title='bbox 1903 2662 2076 2717; x_wconf 79' lang='lat' dir='ltr'><strong>absit!</strong></span> <span class='ocrx_word' id='word_1_289' title='bbox 2113 2678 2212 2718; x_wconf 88' lang='lat' dir='ltr'><strong>nos</strong></span> <span class='ocrx_word' id='word_1_290' title='bbox 2245 2660 2371 2717; x_wconf 92' lang='lat' dir='ltr'><strong>odio</strong></span> <span class='ocrx_word' id='word_1_291' title='bbox 2400 2663 2641 2727; x_wconf 89' lang='lat' dir='ltr'><strong>habere,</strong></span> <span class='ocrx_word' id='word_1_292' title='bbox 2671 2662 2925 2733; x_wconf 89' lang='lat' dir='ltr'><strong>quoniam</strong></span> <span class='ocrx_word' id='word_1_293' title='bbox 2958 2662 3111 2718; x_wconf 84' lang='lat' dir='ltr'><strong>vobis</strong></span> <span class='ocrx_word' id='word_1_294' title='bbox 3137 2663 3305 2718; x_wconf 89' lang='lat' dir='ltr'><strong>multa</strong></span> <span class='ocrx_word' id='word_1_295' title='bbox 3334 2664 3508 2736; x_wconf 82' lang='lat' dir='ltr'><strong>impo-</strong></span> 
     </span>
    </p>
   </div>
   <div class='ocr_carea' id='block_1_31' title="bbox 1902 2754 3505 2825">
    <p class='ocr_par' dir='ltr' id='par_1_31' title="bbox 1902 2754 3505 2825">
     <span class='ocr_line' id='line_1_31' title="bbox 1902 2754 3505 2825; baseline 0.001 -15"><span class='ocrx_word' id='word_1_296' title='bbox 1902 2770 2092 2811; x_wconf 90' lang='lat' dir='ltr'><strong>ramus</strong></span> <span class='ocrx_word' id='word_1_297' title='bbox 2134 2755 2461 2811; x_wconf 86' lang='lat' dir='ltr'><strong>necessitate</strong></span> <span class='ocrx_word' id='word_1_298' title='bbox 2502 2754 2818 2811; x_wconf 77' lang='lat' dir='ltr'><strong>monasterii</strong></span> <span class='ocrx_word' id='word_1_299' title='bbox 2857 2754 3039 2825; x_wconf 89' lang='lat' dir='ltr'><strong>potius</strong></span> <span class='ocrx_word' id='word_1_300' title='bbox 3088 2769 3250 2824; x_wconf 89' lang='lat' dir='ltr'><strong>quam</strong></span> <span class='ocrx_word' id='word_1_301' title='bbox 3306 2756 3505 2812; x_wconf 87' lang='lat' dir='ltr'><strong>volun-</strong></span> 
     </span>
    </p>
   </div>
   <div class='ocr_carea' id='block_1_32' title="bbox 1905 2841 3505 2916">
    <p class='ocr_par' dir='ltr' id='par_1_32' title="bbox 1905 2841 3505 2916">
     <span class='ocr_line' id='line_1_32' title="bbox 1905 2841 3505 2916; baseline 0.001 -19"><span class='ocrx_word' id='word_1_302' title='bbox 1905 2850 2036 2898; x_wconf 85' lang='lat' dir='ltr'><strong>tate.</strong></span> <span class='ocrx_word' id='word_1_303' title='bbox 2086 2841 2420 2908; x_wconf 86' lang='lat' dir='ltr'><strong>Obedientia</strong></span> <span class='ocrx_word' id='word_1_304' title='bbox 2473 2853 2653 2901; x_wconf 86' lang='lat' dir='ltr'><strong>tamen</strong></span> <span class='ocrx_word' id='word_1_305' title='bbox 2707 2844 2854 2899; x_wconf 88' lang='lat' dir='ltr'><strong>hanc</strong></span> <span class='ocrx_word' id='word_1_306' title='bbox 2900 2842 3005 2899; x_wconf 88' lang='lat' dir='ltr'><strong>sibi</strong></span> <span class='ocrx_word' id='word_1_307' title='bbox 3048 2843 3363 2913; x_wconf 84' lang='lat' dir='ltr'><strong>specialiter</strong></span> <span class='ocrx_word' id='word_1_308' title='bbox 3406 2860 3505 2916; x_wconf 79' lang='lat' dir='ltr'><strong>po-</strong></span> 
     </span>
    </p>
   </div>
   <div class='ocr_carea' id='block_1_33' title="bbox 1903 2930 3495 3004">
    <p class='ocr_par' dir='ltr' id='par_1_33' title="bbox 1903 2930 3495 3004">
     <span class='ocr_line' id='line_1_33' title="bbox 1903 2930 3495 3004; baseline 0.004 -19"><span class='ocrx_word' id='word_1_309' title='bbox 1903 2940 2159 2987; x_wconf 87' lang='lat' dir='ltr'><strong>testatem</strong></span> <span class='ocrx_word' id='word_1_310' title='bbox 2189 2932 2460 2996; x_wconf 89' lang='lat' dir='ltr'><strong>vindicat,</strong></span> <span class='ocrx_word' id='word_1_311' title='bbox 2509 2941 2569 2987; x_wconf 89' lang='lat' dir='ltr'><strong>ut</strong></span> <span class='ocrx_word' id='word_1_312' title='bbox 2614 2948 2721 2988; x_wconf 89' lang='lat' dir='ltr'><strong>non</strong></span> <span class='ocrx_word' id='word_1_313' title='bbox 2754 2940 2863 2986; x_wconf 89' lang='lat' dir='ltr'><strong>tam</strong></span> <span class='ocrx_word' id='word_1_314' title='bbox 2903 2930 3022 3001; x_wconf 79' lang='lat' dir='ltr'><strong>eius</strong></span> <span class='ocrx_word' id='word_1_315' title='bbox 3047 2933 3135 2988; x_wconf 88' lang='lat' dir='ltr'><strong>cui</strong></span> <span class='ocrx_word' id='word_1_316' title='bbox 3180 2933 3495 3004; x_wconf 81' lang='lat' dir='ltr'><strong>praccipitur</strong></span> 
     </span>
    </p>
   </div>
   <div class='ocr_carea' id='block_1_34' title="bbox 1900 3021 3501 3094">
    <p class='ocr_par' dir='ltr' id='par_1_34' title="bbox 1900 3021 3501 3094">
     <span class='ocr_line' id='line_1_34' title="bbox 1900 3021 3501 3094; baseline 0.003 -17"><span class='ocrx_word' id='word_1_317' title='bbox 1900 3036 2067 3092; x_wconf 79' lang='lat' dir='ltr'><strong>quam</strong></span> <span class='ocrx_word' id='word_1_318' title='bbox 2092 3021 2210 3091; x_wconf 76' lang='lat' dir='ltr'><strong>ejus</strong></span> <span class='ocrx_word' id='word_1_319' title='bbox 2239 3023 2333 3094; x_wconf 88' lang='lat' dir='ltr'><strong>qui</strong></span> <span class='ocrx_word' id='word_1_320' title='bbox 2368 3023 2612 3094; x_wconf 64' lang='lat' dir='ltr'><strong>praecipit</strong></span> <span class='ocrx_word' id='word_1_321' title='bbox 2642 3023 2890 3079; x_wconf 85' lang='lat' dir='ltr'><strong>voluntas</strong></span> <span class='ocrx_word' id='word_1_322' title='bbox 2912 3023 3026 3078; x_wconf 82' lang='lat' dir='ltr'><strong>flat.</strong></span> <span class='ocrx_word' id='word_1_323' title='bbox 3055 3022 3210 3079; x_wconf 85' lang='lat' dir='ltr'><strong>Unde</strong></span> <span class='ocrx_word' id='word_1_324' title='bbox 3238 3025 3501 3082; x_wconf 82' lang='lat' dir='ltr'><strong>Dominus</strong></span> 
     </span>
    </p>
   </div>
   <div class='ocr_carea' id='block_1_35' title="bbox 1900 3110 3492 3184">
    <p class='ocr_par' dir='ltr' id='par_1_35' title="bbox 1900 3110 3492 3184">
     <span class='ocr_line' id='line_1_35' title="bbox 1900 3110 3492 3184; baseline 0.001 -17"><span class='ocrx_word' id='word_1_325' title='bbox 1900 3112 1956 3168; x_wconf 90' lang='lat' dir='ltr'><strong>in</strong></span> <span class='ocrx_word' id='word_1_326' title='bbox 2010 3112 2303 3184; x_wconf 79' lang='lat' dir='ltr'><strong>Evangelia</strong></span> <span class='ocrx_word' id='word_1_327' title='bbox 2354 3111 2676 3169; x_wconf 68' lang='lat' dir='ltr'><strong>obedientiae</strong></span> <span class='ocrx_word' id='word_1_328' title='bbox 2713 3110 2945 3166; x_wconf 88' lang='lat' dir='ltr'><strong>formam</strong></span> <span class='ocrx_word' id='word_1_329' title='bbox 2991 3113 3269 3179; x_wconf 86' lang='lat' dir='ltr'><strong>tribuens,</strong></span> <span class='ocrx_word' id='word_1_330' title='bbox 3315 3114 3492 3169; x_wconf 90' lang='lat' dir='ltr'><strong>dicit:</strong></span> 
     </span>
    </p>
   </div>
   <div class='ocr_carea' id='block_1_36' title="bbox 1906 3200 3500 3274">
    <p class='ocr_par' dir='ltr' id='par_1_36' title="bbox 1906 3200 3500 3274">
     <span class='ocr_line' id='line_1_36' title="bbox 1906 3200 3500 3274; baseline 0.001 -17"><span class='ocrx_word' id='word_1_331' title='bbox 1906 3200 2030 3257; x_wconf 83' lang='lat' dir='ltr'><strong>Non</strong></span> <span class='ocrx_word' id='word_1_332' title='bbox 2064 3204 2178 3258; x_wconf 73' lang='lat' dir='ltr'><strong>aeui</strong></span> <span class='ocrx_word' id='word_1_333' title='bbox 2209 3203 2386 3274; x_wconf 82' lang='lat' dir='ltr'><strong>facere</strong></span> <span class='ocrx_word' id='word_1_334' title='bbox 2420 3201 2735 3258; x_wconf 81' lang='lat' dir='ltr'><strong>uoluntatem</strong></span> <span class='ocrx_word' id='word_1_335' title='bbox 2773 3217 2942 3256; x_wconf 74' lang='lat' dir='ltr'><strong>meum</strong></span> <span class='ocrx_word' id='word_1_336' title='bbox 2962 3242 2977 3268; x_wconf 89' lang='lat'><strong>,</strong></span> <span class='ocrx_word' id='word_1_337' title='bbox 3013 3203 3105 3257; x_wconf 85' lang='lat' dir='ltr'><strong>sed</strong></span> <span class='ocrx_word' id='word_1_338' title='bbox 3143 3204 3257 3272; x_wconf 78' lang='lat' dir='ltr'><strong>ejus</strong></span> <span class='ocrx_word' id='word_1_339' title='bbox 3293 3205 3385 3274; x_wconf 86' lang='lat' dir='ltr'><strong>qui</strong></span> <span class='ocrx_word' id='word_1_340' title='bbox 3413 3220 3500 3260; x_wconf 76' lang='lat' dir='ltr'><strong>ms</strong></span> 
     </span>
    </p>
   </div>
   <div class='ocr_carea' id='block_1_37' title="bbox 1903 3292 3501 3366">
    <p class='ocr_par' dir='ltr' id='par_1_37' title="bbox 1903 3292 3501 3366">
     <span class='ocr_line' id='line_1_37' title="bbox 1903 3292 3501 3366; baseline -0.001 -17"><span class='ocrx_word' id='word_1_341' title='bbox 1903 3296 2047 3350; x_wconf 81' lang='lat' dir='ltr'><strong>misit</strong></span> <span class='ocrx_word' id='word_1_342' title='bbox 2080 3294 2267 3366; x_wconf 81' lang='lat' dir='ltr'><strong>(Joan.</strong></span> <span class='ocrx_word' id='word_1_343' title='bbox 2305 3310 2391 3363; x_wconf 91' lang='lat' dir='ltr'><strong>vt,</strong></span> <span class='ocrx_word' id='word_1_344' title='bbox 2431 3292 2545 3363; x_wconf 76' lang='lat'><strong>&#39;58).</strong></span> <span class='ocrx_word' id='word_1_345' title='bbox 2594 3292 2825 3362; x_wconf 83' lang='lat' dir='ltr'><strong>Expedit</strong></span> <span class='ocrx_word' id='word_1_346' title='bbox 2869 3294 3049 3363; x_wconf 88' lang='lat' dir='ltr'><strong>itaque</strong></span> <span class='ocrx_word' id='word_1_347' title='bbox 3077 3292 3261 3361; x_wconf 81' lang='lat' dir='ltr'><strong>vobis,</strong></span> <span class='ocrx_word' id='word_1_348' title='bbox 3305 3309 3501 3350; x_wconf 82' lang='lat' dir='ltr'><strong>secun-</strong></span> 
     </span>
    </p>
   </div>
   <div class='ocr_carea' id='block_1_38' title="bbox 208 2356 1805 2428">
    <p class='ocr_par' dir='ltr' id='par_1_38' title="bbox 208 2356 1805 2428">
     <span class='ocr_line' id='line_1_38' title="bbox 208 2356 1805 2428; baseline -0.003 -14"><span class='ocrx_word' id='word_1_349' title='bbox 208 2361 359 2417; x_wconf 84' lang='lat' dir='ltr'><strong>veni.</strong></span> <span class='ocrx_word' id='word_1_350' title='bbox 395 2359 582 2415; x_wconf 81' lang='lat' dir='ltr'><strong>Valete</strong></span> <span class='ocrx_word' id='word_1_351' title='bbox 606 2360 660 2413; x_wconf 91' lang='lat' dir='ltr'><strong>in</strong></span> <span class='ocrx_word' id='word_1_352' title='bbox 690 2360 918 2414; x_wconf 86' lang='lat' dir='ltr'><strong>Domino</strong></span> <span class='ocrx_word' id='word_1_353' title='bbox 946 2361 1091 2413; x_wconf 85' lang='lat' dir='ltr'><strong>omni</strong></span> <span class='ocrx_word' id='word_1_354' title='bbox 1121 2368 1385 2428; x_wconf 82' lang='lat' dir='ltr'><strong>tempore,</strong></span> <span class='ocrx_word' id='word_1_355' title='bbox 1413 2359 1586 2428; x_wconf 88' lang='lat' dir='ltr'><strong>ipsum</strong></span> <span class='ocrx_word' id='word_1_356' title='bbox 1616 2356 1805 2422; x_wconf 87' lang='lat' dir='ltr'><strong>Deum,</strong></span> 
     </span>
    </p>
   </div>
   <div class='ocr_carea' id='block_1_39' title="bbox 205 2446 1808 2516">
    <p class='ocr_par' dir='ltr' id='par_1_39' title="bbox 205 2446 1808 2516">
     <span class='ocr_line' id='line_1_39' title="bbox 205 2446 1808 2516; baseline -0.004 -10"><span class='ocrx_word' id='word_1_357' title='bbox 205 2460 264 2507; x_wconf 85' lang='lat' dir='ltr'><strong>et</strong></span> <span class='ocrx_word' id='word_1_358' title='bbox 291 2450 586 2504; x_wconf 86' lang='lat' dir='ltr'><strong>Dominum</strong></span> <span class='ocrx_word' id='word_1_359' title='bbox 612 2459 862 2503; x_wconf 86' lang='lat' dir='ltr'><strong>nostrum</strong></span> <span class='ocrx_word' id='word_1_360' title='bbox 894 2459 1169 2516; x_wconf 78' lang='lat' dir='ltr'><strong>rogantes,</strong></span> <span class='ocrx_word' id='word_1_361' title='bbox 1196 2458 1255 2500; x_wconf 86' lang='grc' dir='ltr'><strong>ιιι</strong></span> <span class='ocrx_word' id='word_1_362' title='bbox 1282 2463 1392 2509; x_wconf 88' lang='lat' dir='ltr'><strong>me,</strong></span> <span class='ocrx_word' id='word_1_363' title='bbox 1418 2456 1469 2502; x_wconf 87' lang='lat' dir='ltr'><strong>et</strong></span> <span class='ocrx_word' id='word_1_364' title='bbox 1497 2447 1549 2500; x_wconf 91' lang='lat' dir='ltr'><strong>in</strong></span> <span class='ocrx_word' id='word_1_365' title='bbox 1580 2446 1808 2501; x_wconf 84' lang='lat' dir='ltr'><strong>inﬁrmi-</strong></span> 
     </span>
    </p>
   </div>
   <div class='ocr_carea' id='block_1_40' title="bbox 209 2537 1806 2610">
    <p class='ocr_par' dir='ltr' id='par_1_40' title="bbox 209 2537 1806 2610">
     <span class='ocr_line' id='line_1_40' title="bbox 209 2537 1806 2610; baseline -0.003 -15"><span class='ocrx_word' id='word_1_366' title='bbox 209 2549 319 2595; x_wconf 83' lang='lat' dir='ltr'><strong>tate</strong></span> <span class='ocrx_word' id='word_1_367' title='bbox 344 2540 669 2610; x_wconf 86' lang='lat' dir='ltr'><strong>patientem,</strong></span> <span class='ocrx_word' id='word_1_368' title='bbox 698 2547 753 2593; x_wconf 91' lang='lat' dir='ltr'><strong>et</strong></span> <span class='ocrx_word' id='word_1_369' title='bbox 777 2538 830 2593; x_wconf 85' lang='lat' dir='ltr'><strong>in</strong></span> <span class='ocrx_word' id='word_1_370' title='bbox 861 2540 1219 2609; x_wconf 82' lang='lat' dir='ltr'><strong>prosperitate</strong></span> <span class='ocrx_word' id='word_1_371' title='bbox 1244 2538 1412 2609; x_wconf 79' lang='lat'><strong>208</strong></span> <span class='ocrx_word' id='word_1_372' title='bbox 1436 2538 1694 2593; x_wconf 90' lang='lat' dir='ltr'><strong>humilem</strong></span> <span class='ocrx_word' id='word_1_373' title='bbox 1729 2537 1806 2592; x_wconf 86' lang='lat' dir='ltr'><strong>fa-</strong></span> 
     </span>
    </p>
   </div>
   <div class='ocr_carea' id='block_1_41' title="bbox 206 2629 1606 2700">
    <p class='ocr_par' dir='ltr' id='par_1_41' title="bbox 206 2629 1606 2700">
     <span class='ocr_line' id='line_1_41' title="bbox 206 2629 1606 2700; baseline -0.001 -15"><span class='ocrx_word' id='word_1_374' title='bbox 206 2632 336 2700; x_wconf 76' lang='lat' dir='ltr'><strong>ciat,</strong></span> <span class='ocrx_word' id='word_1_375' title='bbox 367 2641 420 2685; x_wconf 88' lang='lat' dir='ltr'><strong>et</strong></span> <span class='ocrx_word' id='word_1_376' title='bbox 459 2644 570 2696; x_wconf 85' lang='lat' dir='ltr'><strong>me,</strong></span> <span class='ocrx_word' id='word_1_377' title='bbox 604 2638 663 2685; x_wconf 83' lang='lat' dir='ltr'><strong>et</strong></span> <span class='ocrx_word' id='word_1_378' title='bbox 685 2645 781 2683; x_wconf 89' lang='lat' dir='ltr'><strong>vos</strong></span> <span class='ocrx_word' id='word_1_379' title='bbox 806 2630 861 2683; x_wconf 88' lang='lat' dir='ltr'><strong>in</strong></span> <span class='ocrx_word' id='word_1_380' title='bbox 890 2631 971 2683; x_wconf 90' lang='lat' dir='ltr'><strong>sui</strong></span> <span class='ocrx_word' id='word_1_381' title='bbox 1000 2629 1292 2683; x_wconf 87' lang='lat' dir='ltr'><strong>dilectione</strong></span> <span class='ocrx_word' id='word_1_382' title='bbox 1312 2630 1606 2684; x_wconf 85' lang='lat' dir='ltr'><strong>custodiat.</strong></span> 
     </span>
    </p>
   </div>
   <div class='ocr_carea' id='block_1_42' title="bbox 695 2717 1306 2775">
    <p class='ocr_par' dir='ltr' id='par_1_42' title="bbox 695 2717 1306 2775">
     <span class='ocr_line' id='line_1_42' title="bbox 695 2717 1306 2775; baseline -0.002 -2"><span class='ocrx_word' id='word_1_383' title='bbox 695 2717 1029 2775; x_wconf 71' lang='lat' dir='ltr'><strong>EPISTOLA</strong></span> <span class='ocrx_word' id='word_1_384' title='bbox 1067 2717 1306 2773; x_wconf 79' lang='lat' dir='ltr'><strong>XXXIII.</strong></span> 
     </span>
    </p>
   </div>
   <div class='ocr_carea' id='block_1_43' title="bbox 211 2807 1802 2880">
    <p class='ocr_par' dir='ltr' id='par_1_43' title="bbox 211 2807 1802 2880">
     <span class='ocr_line' id='line_1_43' title="bbox 211 2807 1802 2880; baseline -0.001 -16"><span class='ocrx_word' id='word_1_385' title='bbox 211 2808 484 2880; x_wconf 72' lang='lat' dir='ltr'><strong>Coﬂ&#39;ridus</strong></span> <span class='ocrx_word' id='word_1_386' title='bbox 515 2809 676 2864; x_wconf 85' lang='lat' dir='ltr'><strong>abbas</strong></span> <span class='ocrx_word' id='word_1_387' title='bbox 701 2826 804 2863; x_wconf 79' lang='lat' dir='ltr'><strong>non</strong></span> <span class='ocrx_word' id='word_1_388' title='bbox 831 2811 943 2863; x_wconf 84' lang='lat' dir='ltr'><strong>suis</strong></span> <span class='ocrx_word' id='word_1_389' title='bbox 974 2810 1175 2863; x_wconf 81' lang='lat' dir='ltr'><strong>meritis</strong></span> <span class='ocrx_word' id='word_1_390' title='bbox 1193 2849 1209 2874; x_wconf 93' lang='lat'><strong>,</strong></span> <span class='ocrx_word' id='word_1_391' title='bbox 1235 2809 1329 2863; x_wconf 83' lang='lat' dir='ltr'><strong>sed</strong></span> <span class='ocrx_word' id='word_1_392' title='bbox 1359 2807 1457 2863; x_wconf 88' lang='lat' dir='ltr'><strong>Dei</strong></span> <span class='ocrx_word' id='word_1_393' title='bbox 1483 2810 1686 2880; x_wconf 82' lang='lat' dir='ltr'><strong>gratia,</strong></span> <span class='ocrx_word' id='word_1_394' title='bbox 1718 2808 1802 2862; x_wconf 87' lang='lat' dir='ltr'><strong>di-</strong></span> 
     </span>
    </p>
   </div>
   <div class='ocr_carea' id='block_1_44' title="bbox 274 2884 1798 2971">
    <p class='ocr_par' dir='ltr' id='par_1_44' title="bbox 274 2884 1798 2971">
     <span class='ocr_line' id='line_1_44' title="bbox 274 2884 1798 2971; baseline -0.002 -15"><span class='ocrx_word' id='word_1_395' title='bbox 274 2902 420 2956; x_wconf 73' lang='lat' dir='ltr'><strong>lectis</strong></span> <span class='ocrx_word' id='word_1_396' title='bbox 447 2884 581 2971; x_wconf 69' lang='lat' dir='ltr'><strong>[iliis</strong></span> <span class='ocrx_word' id='word_1_397' title='bbox 611 2900 675 2954; x_wconf 78' lang='grc' dir='ltr'><strong>Β.</strong></span> <span class='ocrx_word' id='word_1_398' title='bbox 705 2901 903 2971; x_wconf 85' lang='lat' dir='ltr'><strong>priori,</strong></span> <span class='ocrx_word' id='word_1_399' title='bbox 939 2909 991 2963; x_wconf 83' lang='lat' dir='ltr'><strong>et</strong></span> <span class='ocrx_word' id='word_1_400' title='bbox 1028 2901 1270 2954; x_wconf 85' lang='lat' dir='ltr'><strong>omnibus</strong></span> <span class='ocrx_word' id='word_1_401' title='bbox 1303 2899 1424 2955; x_wconf 85' lang='lat' dir='ltr'><strong>aliis</strong></span> <span class='ocrx_word' id='word_1_402' title='bbox 1453 2899 1600 2955; x_wconf 83' lang='lat' dir='ltr'><strong>illam</strong></span> <span class='ocrx_word' id='word_1_403' title='bbox 1625 2917 1658 2954; x_wconf 92' lang='lat' dir='ltr'><strong>a</strong></span> <span class='ocrx_word' id='word_1_404' title='bbox 1692 2899 1798 2954; x_wconf 86' lang='lat' dir='ltr'><strong>Deo</strong></span> 
     </span>
    </p>
   </div>
   <div class='ocr_carea' id='block_1_45' title="bbox 271 2989 1723 3065">
    <p class='ocr_par' dir='ltr' id='par_1_45' title="bbox 271 2989 1723 3065">
     <span class='ocr_line' id='line_1_45' title="bbox 271 2989 1723 3065; baseline -0.003 -17"><span class='ocrx_word' id='word_1_405' title='bbox 271 3009 430 3065; x_wconf 82' lang='lat' dir='ltr'><strong>quam</strong></span> <span class='ocrx_word' id='word_1_406' title='bbox 456 2991 608 3046; x_wconf 71' lang='lat' dir='ltr'><strong>dedit</strong></span> <span class='ocrx_word' id='word_1_407' title='bbox 636 2992 747 3046; x_wconf 85' lang='lat' dir='ltr'><strong>suis</strong></span> <span class='ocrx_word' id='word_1_408' title='bbox 773 2991 974 3046; x_wconf 85' lang='lat' dir='ltr'><strong>sanctis</strong></span> <span class='ocrx_word' id='word_1_409' title='bbox 998 2989 1271 3060; x_wconf 81' lang='lat' dir='ltr'><strong>discipulis</strong></span> <span class='ocrx_word' id='word_1_410' title='bbox 1296 2989 1723 3045; x_wconf 79' lang='lat' dir='ltr'><strong>benedictionem.</strong></span> 
     </span>
    </p>
   </div>
   <div class='ocr_carea' id='block_1_46' title="bbox 278 3102 1798 3175">
    <p class='ocr_par' dir='ltr' id='par_1_46' title="bbox 278 3102 1798 3175">
     <span class='ocr_line' id='line_1_46' title="bbox 278 3102 1798 3175; baseline -0.001 -15"><span class='ocrx_word' id='word_1_411' title='bbox 278 3105 381 3161; x_wconf 91' lang='lat' dir='ltr'><strong>Pro</strong></span> <span class='ocrx_word' id='word_1_412' title='bbox 423 3104 630 3161; x_wconf 85' lang='lat' dir='ltr'><strong>vestris</strong></span> <span class='ocrx_word' id='word_1_413' title='bbox 666 3103 771 3175; x_wconf 89' lang='lat' dir='ltr'><strong>piis</strong></span> <span class='ocrx_word' id='word_1_414' title='bbox 809 3103 1063 3173; x_wconf 89' lang='lat' dir='ltr'><strong>precibus</strong></span> <span class='ocrx_word' id='word_1_415' title='bbox 1097 3112 1156 3159; x_wconf 90' lang='lat' dir='ltr'><strong>et</strong></span> <span class='ocrx_word' id='word_1_416' title='bbox 1189 3102 1477 3174; x_wconf 82' lang='lat' dir='ltr'><strong>laerymis,</strong></span> <span class='ocrx_word' id='word_1_417' title='bbox 1517 3118 1656 3174; x_wconf 87' lang='lat' dir='ltr'><strong>quas</strong></span> <span class='ocrx_word' id='word_1_418' title='bbox 1700 3119 1798 3173; x_wconf 88' lang='lat' dir='ltr'><strong>pro</strong></span> 
     </span>
    </p>
   </div>
   <div class='ocr_carea' id='block_1_47' title="bbox 211 3194 1798 3267">
    <p class='ocr_par' dir='ltr' id='par_1_47' title="bbox 211 3194 1798 3267">
     <span class='ocr_line' id='line_1_47' title="bbox 211 3194 1798 3267; baseline -0.001 -15"><span class='ocrx_word' id='word_1_419' title='bbox 211 3211 326 3266; x_wconf 89' lang='lat' dir='ltr'><strong>me,</strong></span> <span class='ocrx_word' id='word_1_420' title='bbox 363 3197 493 3252; x_wconf 84' lang='lat' dir='ltr'><strong>licet</strong></span> <span class='ocrx_word' id='word_1_421' title='bbox 531 3195 751 3267; x_wconf 80' lang='lat' dir='ltr'><strong>indigno</strong></span> <span class='ocrx_word' id='word_1_422' title='bbox 783 3202 1003 3265; x_wconf 85' lang='lat' dir='ltr'><strong>pastore</strong></span> <span class='ocrx_word' id='word_1_423' title='bbox 1047 3204 1227 3251; x_wconf 90' lang='lat' dir='ltr'><strong>vestro</strong></span> <span class='ocrx_word' id='word_1_424' title='bbox 1251 3235 1265 3259; x_wconf 89' lang='lat'><strong>,</strong></span> <span class='ocrx_word' id='word_1_425' title='bbox 1315 3194 1464 3249; x_wconf 86' lang='lat' dir='ltr'><strong>liliali</strong></span> <span class='ocrx_word' id='word_1_426' title='bbox 1510 3195 1798 3251; x_wconf 90' lang='lat' dir='ltr'><strong>devotione</strong></span> 
     </span>
    </p>
   </div>
   <div class='ocr_carea' id='block_1_48' title="bbox 212 3287 1797 3359">
    <p class='ocr_par' dir='ltr' id='par_1_48' title="bbox 212 3287 1797 3359">
     <span class='ocr_line' id='line_1_48' title="bbox 212 3287 1797 3359; baseline 0 -16"><span class='ocrx_word' id='word_1_427' title='bbox 212 3288 432 3344; x_wconf 85' lang='lat' dir='ltr'><strong>Domino</strong></span> <span class='ocrx_word' id='word_1_428' title='bbox 456 3289 579 3345; x_wconf 83' lang='lat' dir='ltr'><strong>Deo</strong></span> <span class='ocrx_word' id='word_1_429' title='bbox 602 3287 879 3343; x_wconf 86' lang='lat' dir='ltr'><strong>obtulistis</strong></span> <span class='ocrx_word' id='word_1_430' title='bbox 897 3328 913 3354; x_wconf 91' lang='lat'><strong>,</strong></span> <span class='ocrx_word' id='word_1_431' title='bbox 943 3287 1267 3358; x_wconf 88' lang='lat' dir='ltr'><strong>multiplices</strong></span> <span class='ocrx_word' id='word_1_432' title='bbox 1290 3287 1588 3359; x_wconf 81' lang='lat' dir='ltr'><strong>gratiarum</strong></span> <span class='ocrx_word' id='word_1_433' title='bbox 1616 3287 1797 3343; x_wconf 82' lang='lat' dir='ltr'><strong>refero</strong></span> 
     </span>
    </p>
   </div>
   <div class='ocr_carea' id='block_1_49' title="bbox 210 3379 1796 3450">
    <p class='ocr_par' dir='ltr' id='par_1_49' title="bbox 210 3379 1796 3450">
     <span class='ocr_line' id='line_1_49' title="bbox 210 3379 1796 3450; baseline 0 -16"><span class='ocrx_word' id='word_1_434' title='bbox 210 3382 462 3437; x_wconf 80' lang='lat' dir='ltr'><strong>actiones.</strong></span> <span class='ocrx_word' id='word_1_435' title='bbox 496 3380 630 3435; x_wconf 87' lang='lat' dir='ltr'><strong>Pius</strong></span> <span class='ocrx_word' id='word_1_436' title='bbox 655 3389 714 3435; x_wconf 87' lang='lat' dir='ltr'><strong>et</strong></span> <span class='ocrx_word' id='word_1_437' title='bbox 751 3380 964 3450; x_wconf 90' lang='lat' dir='ltr'><strong>patiens</strong></span> <span class='ocrx_word' id='word_1_438' title='bbox 1004 3379 1296 3445; x_wconf 87' lang='lat' dir='ltr'><strong>Dominus,</strong></span> <span class='ocrx_word' id='word_1_439' title='bbox 1339 3380 1496 3449; x_wconf 84' lang='lat' dir='ltr'><strong>cujus</strong></span> <span class='ocrx_word' id='word_1_440' title='bbox 1533 3379 1796 3450; x_wconf 86' lang='lat' dir='ltr'><strong>patientia</strong></span> 
     </span>
    </p>
   </div>
   <div class='ocr_carea' id='block_1_50' title="bbox 212 3468 1798 3542">
    <p class='ocr_par' dir='ltr' id='par_1_50' title="bbox 212 3468 1798 3542">
     <span class='ocr_line' id='line_1_50' title="bbox 212 3468 1798 3542; baseline -0.001 -16"><span class='ocrx_word' id='word_1_441' title='bbox 212 3487 296 3527; x_wconf 89' lang='lat' dir='ltr'><strong>me</strong></span> <span class='ocrx_word' id='word_1_442' title='bbox 321 3473 407 3528; x_wconf 90' lang='lat' dir='ltr'><strong>diu</strong></span> <span class='ocrx_word' id='word_1_443' title='bbox 433 3480 761 3542; x_wconf 84' lang='lat' dir='ltr'><strong>peccantem</strong></span> <span class='ocrx_word' id='word_1_444' title='bbox 786 3468 1061 3533; x_wconf 86' lang='lat' dir='ltr'><strong>sustinuit,</strong></span> <span class='ocrx_word' id='word_1_445' title='bbox 1100 3471 1301 3540; x_wconf 86' lang='lat' dir='ltr'><strong>pietate</strong></span> <span class='ocrx_word' id='word_1_446' title='bbox 1327 3485 1449 3535; x_wconf 86' lang='lat' dir='ltr'><strong>sua,</strong></span> <span class='ocrx_word' id='word_1_447' title='bbox 1478 3470 1678 3525; x_wconf 89' lang='lat' dir='ltr'><strong>vestris</strong></span> <span class='ocrx_word' id='word_1_448' title='bbox 1709 3468 1798 3524; x_wconf 85' lang='lat' dir='ltr'><strong>iu-</strong></span> 
     </span>
    </p>
   </div>
   <div class='ocr_carea' id='block_1_51' title="bbox 214 3562 1797 3630">
    <p class='ocr_par' dir='ltr' id='par_1_51' title="bbox 214 3562 1797 3630">
     <span class='ocr_line' id='line_1_51' title="bbox 214 3562 1797 3630; baseline -0.001 -10"><span class='ocrx_word' id='word_1_449' title='bbox 214 3564 614 3621; x_wconf 84' lang='lat' dir='ltr'><strong>tercedcntibus</strong></span> <span class='ocrx_word' id='word_1_450' title='bbox 643 3563 885 3630; x_wconf 90' lang='lat' dir='ltr'><strong>meritis,</strong></span> <span class='ocrx_word' id='word_1_451' title='bbox 933 3578 1068 3620; x_wconf 74' lang='lat' dir='ltr'><strong>mete</strong></span> <span class='ocrx_word' id='word_1_452' title='bbox 1096 3563 1430 3619; x_wconf 87' lang='lat' dir='ltr'><strong>inﬁrmitatis</strong></span> <span class='ocrx_word' id='word_1_453' title='bbox 1464 3571 1524 3618; x_wconf 89' lang='lat' dir='ltr'><strong>et</strong></span> <span class='ocrx_word' id='word_1_454' title='bbox 1558 3562 1797 3618; x_wconf 89' lang='lat' dir='ltr'><strong>vulneris</strong></span> 
     </span>
    </p>
   </div>
   <div class='ocr_carea' id='block_1_52' title="bbox 213 3651 1800 3724">
    <p class='ocr_par' dir='ltr' id='par_1_52' title="bbox 213 3651 1800 3724">
     <span class='ocr_line' id='line_1_52' title="bbox 213 3651 1800 3724; baseline 0.001 -17"><span class='ocrx_word' id='word_1_455' title='bbox 213 3654 452 3723; x_wconf 85' lang='lat' dir='ltr'><strong>specialis</strong></span> <span class='ocrx_word' id='word_1_456' title='bbox 478 3653 730 3711; x_wconf 86' lang='lat' dir='ltr'><strong>medicus</strong></span> <span class='ocrx_word' id='word_1_457' title='bbox 754 3651 877 3708; x_wconf 78' lang='lat' dir='ltr'><strong>fuit.</strong></span> <span class='ocrx_word' id='word_1_458' title='bbox 908 3651 1062 3709; x_wconf 88' lang='lat' dir='ltr'><strong>Unde</strong></span> <span class='ocrx_word' id='word_1_459' title='bbox 1091 3652 1400 3709; x_wconf 88' lang='lat' dir='ltr'><strong>nullatenus</strong></span> <span class='ocrx_word' id='word_1_460' title='bbox 1427 3651 1580 3708; x_wconf 87' lang='lat' dir='ltr'><strong>valeo</strong></span> <span class='ocrx_word' id='word_1_461' title='bbox 1606 3653 1800 3724; x_wconf 46' lang='lat' dir='ltr'><strong>despe‘</strong></span> 
     </span>
    </p>
   </div>
   <div class='ocr_carea' id='block_1_53' title="bbox 282 3763 1799 3849">
    <p class='ocr_par' dir='ltr' id='par_1_53' title="bbox 282 3763 1799 3849">
     <span class='ocr_line' id='line_1_53' title="bbox 282 3763 1799 3849; baseline 0.001 -29"><span class='ocrx_word' id='word_1_462' title='bbox 282 3765 423 3849; x_wconf 55' lang='grc' dir='ltr'><strong>(δῇ)</strong></span> <span class='ocrx_word' id='word_1_463' title='bbox 463 3764 1072 3849; x_wconf 50' lang='lat' dir='ltr'><strong>Sapctimonialiumnde</strong></span> <span class='ocrx_word' id='word_1_464' title='bbox 1112 3763 1281 3849; x_wconf 61' lang='lat' dir='ltr'><strong>Fonte</strong></span> <span class='ocrx_word' id='word_1_465' title='bbox 1323 3763 1799 3849; x_wconf 40' lang='lat' dir='ltr'><strong>EbraldiLFon‘tlis</strong></span> 
     </span>
    </p>
   </div>
   <div class='ocr_carea' id='block_1_54' title="bbox 217 3832 1796 3902">
    <p class='ocr_par' dir='ltr' id='par_1_54' title="bbox 217 3832 1796 3902">
     <span class='ocr_line' id='line_1_54' title="bbox 217 3832 1796 3902; baseline 0 -12"><span class='ocrx_word' id='word_1_466' title='bbox 217 3832 418 3891; x_wconf 76' lang='lat' dir='ltr'><strong>Ebraldi</strong></span> <span class='ocrx_word' id='word_1_467' title='bbox 446 3836 653 3891; x_wconf 82' lang='lat' dir='ltr'><strong>nudum</strong></span> <span class='ocrx_word' id='word_1_468' title='bbox 681 3851 874 3892; x_wconf 90' lang='lat' dir='ltr'><strong>nomen</strong></span> <span class='ocrx_word' id='word_1_469' title='bbox 901 3835 1134 3890; x_wconf 88' lang='lat' dir='ltr'><strong>vidimus</strong></span> <span class='ocrx_word' id='word_1_470' title='bbox 1160 3835 1252 3888; x_wconf 89' lang='lat' dir='ltr'><strong>lib.</strong></span> <span class='ocrx_word' id='word_1_471' title='bbox 1280 3850 1320 3898; x_wconf 81' lang='grc' dir='ltr'>ι,</span> <span class='ocrx_word' id='word_1_472' title='bbox 1346 3835 1506 3902; x_wconf 88' lang='lat' dir='ltr'><strong>epist.</strong></span> <span class='ocrx_word' id='word_1_473' title='bbox 1533 3833 1606 3887; x_wconf 70' lang='lat'><strong>24</strong></span> <span class='ocrx_word' id='word_1_474' title='bbox 1629 3843 1686 3889; x_wconf 88' lang='lat' dir='ltr'><strong>et</strong></span> <span class='ocrx_word' id='word_1_475' title='bbox 1702 3832 1796 3890; x_wconf 70' lang='lat'><strong>26.</strong></span> 
     </span>
    </p>
   </div>
   <div class='ocr_carea' id='block_1_55' title="bbox 218 3903 1798 3974">
    <p class='ocr_par' dir='ltr' id='par_1_55' title="bbox 218 3903 1798 3974">
     <span class='ocr_line' id='line_1_55' title="bbox 218 3903 1798 3974; baseline 0 -15"><span class='ocrx_word' id='word_1_476' title='bbox 218 3904 312 3960; x_wconf 86' lang='lat' dir='ltr'><strong>Hic</strong></span> <span class='ocrx_word' id='word_1_477' title='bbox 347 3906 785 3963; x_wconf 84' lang='lat' dir='ltr'><strong>sanctimoniales</strong></span> <span class='ocrx_word' id='word_1_478' title='bbox 822 3906 1103 3971; x_wconf 90' lang='lat' dir='ltr'><strong>nominat,</strong></span> <span class='ocrx_word' id='word_1_479' title='bbox 1149 3904 1346 3974; x_wconf 89' lang='lat' dir='ltr'><strong>quibus</strong></span> <span class='ocrx_word' id='word_1_480' title='bbox 1380 3903 1798 3974; x_wconf 85' lang='lat' dir='ltr'><strong>celeberrimum</strong></span> 
     </span>
    </p>
   </div>
   <div class='ocr_carea' id='block_1_56' title="bbox 217 3973 1799 4043">
    <p class='ocr_par' dir='ltr' id='par_1_56' title="bbox 217 3973 1799 4043">
     <span class='ocr_line' id='line_1_56' title="bbox 217 3973 1799 4043; baseline -0.001 -13"><span class='ocrx_word' id='word_1_481' title='bbox 217 3989 279 4030; x_wconf 88' lang='lat' dir='ltr'><strong>eo</strong></span> <span class='ocrx_word' id='word_1_482' title='bbox 309 3975 405 4031; x_wconf 89' lang='lat' dir='ltr'><strong>loci</strong></span> <span class='ocrx_word' id='word_1_483' title='bbox 437 3977 831 4031; x_wconf 87' lang='lat' dir='ltr'><strong>monasterium</strong></span> <span class='ocrx_word' id='word_1_484' title='bbox 854 3975 999 4031; x_wconf 89' lang='lat' dir='ltr'><strong>Petri</strong></span> <span class='ocrx_word' id='word_1_485' title='bbox 1040 3973 1277 4043; x_wconf 83' lang='lat' dir='ltr'><strong>episcopi</strong></span> <span class='ocrx_word' id='word_1_486' title='bbox 1313 3973 1707 4038; x_wconf 89' lang='lat' dir='ltr'><strong>Pictaviensis,</strong></span> <span class='ocrx_word' id='word_1_487' title='bbox 1743 3974 1799 4028; x_wconf 88' lang='lat' dir='ltr'><strong>in</strong></span> 
     </span>
    </p>
   </div>
   <div class='ocr_carea' id='block_1_57' title="bbox 218 4043 1798 4125">
    <p class='ocr_par' dir='ltr' id='par_1_57' title="bbox 218 4043 1798 4125">
     <span class='ocr_line' id='line_1_57' title="bbox 218 4043 1798 4125; baseline -0.002 -26"><span class='ocrx_word' id='word_1_488' title='bbox 218 4044 365 4113; x_wconf 83' lang='lat' dir='ltr'><strong>cujus</strong></span> <span class='ocrx_word' id='word_1_489' title='bbox 399 4046 625 4125; x_wconf 62' lang='lat' dir='ltr'><strong>ditecesi</strong></span> <span class='ocrx_word' id='word_1_490' title='bbox 667 4046 832 4125; x_wconf 65' lang='lat' dir='ltr'><strong>haud</strong></span> <span class='ocrx_word' id='word_1_491' title='bbox 857 4044 1045 4114; x_wconf 89' lang='lat' dir='ltr'><strong>procul</strong></span> <span class='ocrx_word' id='word_1_492' title='bbox 1087 4060 1121 4125; x_wconf 4' lang='lat' dir='ltr'><strong>ag</strong></span> <span class='ocrx_word' id='word_1_493' title='bbox 1153 4043 1431 4125; x_wconf 83' lang='lat' dir='ltr'><strong>Turonum</strong></span> <span class='ocrx_word' id='word_1_494' title='bbox 1474 4044 1798 4125; x_wconf 8' lang='lat' dir='ltr'><strong>{ingdcgavo-</strong></span> 
     </span>
    </p>
   </div>
   <div class='ocr_carea' id='block_1_58' title="bbox 222 4114 1801 4185">
    <p class='ocr_par' dir='ltr' id='par_1_58' title="bbox 222 4114 1801 4185">
     <span class='ocr_line' id='line_1_58' title="bbox 222 4114 1801 4185; baseline -0.001 -16"><span class='ocrx_word' id='word_1_495' title='bbox 222 4129 437 4185; x_wconf 89' lang='lat' dir='ltr'><strong>rumque</strong></span> <span class='ocrx_word' id='word_1_496' title='bbox 467 4117 672 4172; x_wconf 81' lang='lat' dir='ltr'><strong>linilnts</strong></span> <span class='ocrx_word' id='word_1_497' title='bbox 706 4126 793 4171; x_wconf 88' lang='lat' dir='ltr'><strong>est</strong></span> <span class='ocrx_word' id='word_1_498' title='bbox 819 4115 1001 4179; x_wconf 86' lang='lat' dir='ltr'><strong>locus,</strong></span> <span class='ocrx_word' id='word_1_499' title='bbox 1035 4123 1167 4169; x_wconf 90' lang='lat' dir='ltr'><strong>nutu</strong></span> <span class='ocrx_word' id='word_1_500' title='bbox 1197 4123 1252 4170; x_wconf 90' lang='lat' dir='ltr'><strong>et</strong></span> <span class='ocrx_word' id='word_1_501' title='bbox 1280 4114 1606 4185; x_wconf 86' lang='lat' dir='ltr'><strong>auctoritate</strong></span> <span class='ocrx_word' id='word_1_502' title='bbox 1643 4114 1801 4168; x_wconf 73' lang='lat' dir='ltr'><strong>insti—</strong></span> 
     </span>
    </p>
   </div>
   <div class='ocr_carea' id='block_1_59' title="bbox 222 4184 1802 4255">
    <p class='ocr_par' dir='ltr' id='par_1_59' title="bbox 222 4184 1802 4255">
     <span class='ocr_line' id='line_1_59' title="bbox 222 4184 1802 4255; baseline 0 -18"><span class='ocrx_word' id='word_1_503' title='bbox 222 4187 317 4239; x_wconf 86' lang='lat' dir='ltr'><strong>tuit</strong></span> <span class='ocrx_word' id='word_1_504' title='bbox 345 4184 618 4243; x_wconf 81' lang='lat' dir='ltr'><strong>Robertus</strong></span> <span class='ocrx_word' id='word_1_505' title='bbox 644 4188 713 4241; x_wconf 89' lang='lat' dir='ltr'><strong>de</strong></span> <span class='ocrx_word' id='word_1_506' title='bbox 745 4185 1073 4241; x_wconf 82' lang='lat' dir='ltr'><strong>Arbrissello</strong></span> <span class='ocrx_word' id='word_1_507' title='bbox 1101 4185 1147 4255; x_wconf 90' lang='lat' dir='ltr'><strong>is</strong></span> <span class='ocrx_word' id='word_1_508' title='bbox 1185 4185 1254 4239; x_wconf 89' lang='lat' dir='ltr'><strong>ad</strong></span> <span class='ocrx_word' id='word_1_509' title='bbox 1278 4199 1455 4255; x_wconf 79' lang='lat' dir='ltr'><strong>quem</strong></span> <span class='ocrx_word' id='word_1_510' title='bbox 1468 4184 1673 4255; x_wconf 87' lang='lat' dir='ltr'><strong>scripta</strong></span> <span class='ocrx_word' id='word_1_511' title='bbox 1716 4191 1802 4255; x_wconf 87' lang='lat' dir='ltr'><strong>est</strong></span> 
     </span>
    </p>
   </div>
   <div class='ocr_carea' id='block_1_60' title="bbox 221 4253 1801 4325">
    <p class='ocr_par' dir='ltr' id='par_1_60' title="bbox 221 4253 1801 4325">
     <span class='ocr_line' id='line_1_60' title="bbox 221 4253 1801 4325; baseline 0.001 -18"><span class='ocrx_word' id='word_1_512' title='bbox 221 4256 433 4323; x_wconf 78' lang='lat' dir='ltr'><strong>epismla</strong></span> <span class='ocrx_word' id='word_1_513' title='bbox 462 4259 531 4312; x_wconf 73' lang='grc'><strong>47</strong></span> <span class='ocrx_word' id='word_1_514' title='bbox 577 4256 737 4325; x_wconf 86' lang='lat' dir='ltr'><strong>hujus</strong></span> <span class='ocrx_word' id='word_1_515' title='bbox 765 4255 908 4310; x_wconf 84' lang='lat' dir='ltr'><strong>libri.</strong></span> <span class='ocrx_word' id='word_1_516' title='bbox 945 4254 1231 4325; x_wconf 83' lang='lat' dir='ltr'><strong>Conditum</strong></span> <span class='ocrx_word' id='word_1_517' title='bbox 1261 4253 1403 4325; x_wconf 82' lang='lat' dir='ltr'><strong>anno</strong></span> <span class='ocrx_word' id='word_1_518' title='bbox 1428 4253 1632 4310; x_wconf 83' lang='lat' dir='ltr'><strong>Christi</strong></span> <span class='ocrx_word' id='word_1_519' title='bbox 1661 4254 1801 4325; x_wconf 73' lang='lat' dir='ltr'><strong>IIOO</strong></span> 
     </span>
    </p>
   </div>
   <div class='ocr_carea' id='block_1_61' title="bbox 222 4324 1801 4382">
    <p class='ocr_par' dir='ltr' id='par_1_61' title="bbox 222 4324 1801 4382">
     <span class='ocr_line' id='line_1_61' title="bbox 222 4324 1801 4382; baseline 0.001 -6"><span class='ocrx_word' id='word_1_520' title='bbox 222 4335 361 4380; x_wconf 81' lang='lat' dir='ltr'><strong>notat</strong></span> <span class='ocrx_word' id='word_1_521' title='bbox 387 4324 720 4382; x_wconf 84' lang='lat' dir='ltr'><strong>Chronicum</strong></span> <span class='ocrx_word' id='word_1_522' title='bbox 759 4325 1074 4380; x_wconf 82' lang='lat' dir='ltr'><strong>Turonense</strong></span> <span class='ocrx_word' id='word_1_523' title='bbox 1113 4324 1198 4378; x_wconf 88' lang='lat' dir='ltr'><strong>his</strong></span> <span class='ocrx_word' id='word_1_524' title='bbox 1232 4324 1410 4378; x_wconf 83' lang='lat' dir='ltr'><strong>verbis</strong></span> <span class='ocrx_word' id='word_1_525' title='bbox 1450 4338 1465 4377; x_wconf 89' lang='lat'><strong>:</strong></span> <span class='ocrx_word' id='word_1_526' title='bbox 1504 4325 1655 4377; x_wconf 84' lang='lat' dir='ltr'><strong>Auno</strong></span> <span class='ocrx_word' id='word_1_527' title='bbox 1692 4324 1801 4377; x_wconf 71' lang='grc' dir='ltr'><strong>ι)ος</strong></span> 
     </span>
    </p>
   </div>
   <div class='ocr_carea' id='block_1_62' title="bbox 221 4391 1796 4463">
    <p class='ocr_par' dir='ltr' id='par_1_62' title="bbox 221 4391 1796 4463">
     <span class='ocr_line' id='line_1_62' title="bbox 221 4391 1796 4463; baseline 0.003 -19"><span class='ocrx_word' id='word_1_528' title='bbox 221 4395 340 4448; x_wconf 83' lang='lat' dir='ltr'><strong>mini</strong></span> <span class='ocrx_word' id='word_1_529' title='bbox 374 4397 507 4452; x_wconf 73' lang='lat' dir='ltr'><strong>IIOO</strong></span> <span class='ocrx_word' id='word_1_530' title='bbox 566 4395 781 4450; x_wconf 85' lang='lat' dir='ltr'><strong>llenrici</strong></span> <span class='ocrx_word' id='word_1_531' title='bbox 805 4397 1005 4462; x_wconf 61' lang='lat' dir='ltr'><strong>,intper.</strong></span> <span class='ocrx_word' id='word_1_532' title='bbox 1047 4409 1205 4460; x_wconf 76' lang='lat' dir='ltr'><strong>xuv,</strong></span> <span class='ocrx_word' id='word_1_533' title='bbox 1250 4391 1481 4463; x_wconf 81' lang='lat' dir='ltr'><strong>Philippi</strong></span> <span class='ocrx_word' id='word_1_534' title='bbox 1522 4395 1657 4463; x_wconf 88' lang='lat' dir='ltr'><strong>regis</strong></span> <span class='ocrx_word' id='word_1_535' title='bbox 1691 4408 1796 4459; x_wconf 64' lang='lat' dir='ltr'><strong>xc,</strong></span> 
     </span>
    </p>
   </div>
   <div class='ocr_carea' id='block_1_63' title="bbox 220 4462 1798 4531">
    <p class='ocr_par' dir='ltr' id='par_1_63' title="bbox 220 4462 1798 4531">
     <span class='ocr_line' id='line_1_63' title="bbox 220 4462 1798 4531; baseline 0 -14"><span class='ocrx_word' id='word_1_536' title='bbox 220 4465 483 4531; x_wconf 58' lang='lat' dir='ltr'><strong>gentilium</strong></span> <span class='ocrx_word' id='word_1_537' title='bbox 514 4466 755 4522; x_wconf 76' lang='lat' dir='ltr'><strong>Pictavis</strong></span> <span class='ocrx_word' id='word_1_538' title='bbox 781 4465 1091 4527; x_wconf 81' lang='lat' dir='ltr'><strong>celebratur,</strong></span> <span class='ocrx_word' id='word_1_539' title='bbox 1125 4480 1218 4517; x_wconf 84' lang='lat' dir='ltr'><strong>nec</strong></span> <span class='ocrx_word' id='word_1_540' title='bbox 1243 4462 1408 4516; x_wconf 82' lang='lat' dir='ltr'><strong>multo</strong></span> <span class='ocrx_word' id='word_1_541' title='bbox 1432 4462 1556 4531; x_wconf 84' lang='lat' dir='ltr'><strong>post</strong></span> <span class='ocrx_word' id='word_1_542' title='bbox 1583 4462 1798 4517; x_wconf 82' lang='lat' dir='ltr'><strong>abbatia</strong></span> 
     </span>
    </p>
   </div>
   <div class='ocr_carea' id='block_1_64' title="bbox 222 4528 1801 4599">
    <p class='ocr_par' dir='ltr' id='par_1_64' title="bbox 222 4528 1801 4599">
     <span class='ocr_line' id='line_1_64' title="bbox 222 4528 1801 4599; baseline 0 -13"><span class='ocrx_word' id='word_1_543' title='bbox 222 4528 397 4590; x_wconf 76' lang='lat' dir='ltr'><strong>Fontis</strong></span> <span class='ocrx_word' id='word_1_544' title='bbox 430 4536 656 4591; x_wconf 82' lang='lat' dir='ltr'><strong>Ebraldi</strong></span> <span class='ocrx_word' id='word_1_545' title='bbox 684 4537 739 4590; x_wconf 81' lang='lat' dir='ltr'><strong>in</strong></span> <span class='ocrx_word' id='word_1_546' title='bbox 764 4532 1080 4589; x_wconf 73' lang='lat' dir='ltr'><strong>Pictaviensi</strong></span> <span class='ocrx_word' id='word_1_547' title='bbox 1108 4532 1317 4588; x_wconf 73' lang='lat' dir='ltr'><strong>dioecesi</strong></span> <span class='ocrx_word' id='word_1_548' title='bbox 1350 4528 1663 4599; x_wconf 77' lang='lat' dir='ltr'><strong>fabricatur.</strong></span> <span class='ocrx_word' id='word_1_549' title='bbox 1706 4532 1801 4586; x_wconf 79' lang='lat' dir='ltr'><strong>Mi-</strong></span> 
     </span>
    </p>
   </div>
   <div class='ocr_carea' id='block_1_65' title="bbox 225 4601 1795 4676">
    <p class='ocr_par' dir='ltr' id='par_1_65' title="bbox 225 4601 1795 4676">
     <span class='ocr_line' id='line_1_65' title="bbox 225 4601 1795 4676; baseline 0.001 -22"><span class='ocrx_word' id='word_1_550' title='bbox 225 4615 336 4656; x_wconf 87' lang='lat' dir='ltr'><strong>rum</strong></span> <span class='ocrx_word' id='word_1_551' title='bbox 371 4616 451 4660; x_wconf 89' lang='lat' dir='ltr'><strong>est</strong></span> <span class='ocrx_word' id='word_1_552' title='bbox 484 4607 630 4676; x_wconf 89' lang='lat' dir='ltr'><strong>quod</strong></span> <span class='ocrx_word' id='word_1_553' title='bbox 673 4606 741 4676; x_wconf 83' lang='lat' dir='ltr'><strong>de</strong></span> <span class='ocrx_word' id='word_1_554' title='bbox 772 4605 970 4675; x_wconf 79' lang='lat' dir='ltr'><strong>ingenti</strong></span> <span class='ocrx_word' id='word_1_555' title='bbox 1006 4601 1499 4676; x_wconf 79' lang='lat' dir='ltr'><strong>sanctimonialium</strong></span> <span class='ocrx_word' id='word_1_556' title='bbox 1534 4603 1652 4669; x_wconf 83' lang='lat' dir='ltr'><strong>ejus</strong></span> <span class='ocrx_word' id='word_1_557' title='bbox 1692 4601 1795 4676; x_wconf 82' lang='lat' dir='ltr'><strong>loci</strong></span> 
     </span>
    </p>
   </div>
   <div class='ocr_carea' id='block_1_66' title="bbox 226 4672 1797 4747">
    <p class='ocr_par' dir='ltr' id='par_1_66' title="bbox 226 4672 1797 4747">
     <span class='ocr_line' id='line_1_66' title="bbox 226 4672 1797 4747; baseline 0.002 -24"><span class='ocrx_word' id='word_1_558' title='bbox 226 4685 439 4747; x_wconf 87' lang='lat' dir='ltr'><strong>numero</strong></span> <span class='ocrx_word' id='word_1_559' title='bbox 464 4672 645 4747; x_wconf 77' lang='lat' dir='ltr'><strong>prodit</strong></span> <span class='ocrx_word' id='word_1_560' title='bbox 673 4672 934 4747; x_wconf 79' lang='lat' dir='ltr'><strong>Sugerius</strong></span> <span class='ocrx_word' id='word_1_561' title='bbox 968 4674 1332 4747; x_wconf 79' lang='lat' dir='ltr'><strong>abhas,_cum</strong></span> <span class='ocrx_word' id='word_1_562' title='bbox 1358 4672 1661 4747; x_wconf 75' lang='lat' dir='ltr'><strong>scriberet,</strong></span> <span class='ocrx_word' id='word_1_563' title='bbox 1692 4672 1797 4747; x_wconf 79' lang='lat' dir='ltr'><strong>hoc</strong></span> 
     </span>
    </p>
   </div>
   <div class='ocr_carea' id='block_1_67' title="bbox 224 4741 1798 4812">
    <p class='ocr_par' dir='ltr' id='par_1_67' title="bbox 224 4741 1798 4812">
     <span class='ocr_line' id='line_1_67' title="bbox 224 4741 1798 4812; baseline 0.001 -18"><span class='ocrx_word' id='word_1_564' title='bbox 224 4751 303 4795; x_wconf 83' lang='lat' dir='ltr'><strong>est</strong></span> <span class='ocrx_word' id='word_1_565' title='bbox 327 4741 481 4800; x_wconf 76' lang='lat' dir='ltr'><strong>annis</strong></span> <span class='ocrx_word' id='word_1_566' title='bbox 502 4741 840 4801; x_wconf 60' lang='lat' dir='ltr'><strong>nondum&#39;ab</strong></span> <span class='ocrx_word' id='word_1_567' title='bbox 868 4752 991 4798; x_wconf 90' lang='lat' dir='ltr'><strong>ortu</strong></span> <span class='ocrx_word' id='word_1_568' title='bbox 1022 4742 1252 4799; x_wconf 71' lang='lat' dir='ltr'><strong>rtenobii</strong></span> <span class='ocrx_word' id='word_1_569' title='bbox 1281 4741 1695 4812; x_wconf 80' lang='lat' dir='ltr'><strong>quinquaginta,</strong></span> <span class='ocrx_word' id='word_1_570' title='bbox 1728 4742 1798 4796; x_wconf 88' lang='lat' dir='ltr'><strong>ad</strong></span> 
     </span>
    </p>
   </div>
   <div class='ocr_carea' id='block_1_68' title="bbox 226 4812 1797 4893">
    <p class='ocr_par' dir='ltr' id='par_1_68' title="bbox 226 4812 1797 4893">
     <span class='ocr_line' id='line_1_68' title="bbox 226 4812 1797 4893; baseline 0.002 -31"><span class='ocrx_word' id='word_1_571' title='bbox 226 4822 443 4893; x_wconf 35' lang='lat' dir='ltr'><strong>quattuor</strong></span> <span class='ocrx_word' id='word_1_572' title='bbox 457 4814 569 4893; x_wconf 75' lang='lat' dir='ltr'><strong>fere</strong></span> <span class='ocrx_word' id='word_1_573' title='bbox 592 4824 687 4893; x_wconf 77' lang='lat' dir='ltr'><strong>aut</strong></span> <span class='ocrx_word' id='word_1_574' title='bbox 708 4815 947 4893; x_wconf 72' lang='lat' dir='ltr'><strong>quinque</strong></span> <span class='ocrx_word' id='word_1_575' title='bbox 969 4814 1134 4868; x_wconf 83' lang='lat' dir='ltr'><strong>millia</strong></span> <span class='ocrx_word' id='word_1_576' title='bbox 1155 4812 1497 4878; x_wconf 89' lang='lat' dir='ltr'><strong>excrevisse;</strong></span> <span class='ocrx_word' id='word_1_577' title='bbox 1521 4813 1616 4893; x_wconf 83' lang='lat' dir='ltr'><strong>sed</strong></span> <span class='ocrx_word' id='word_1_578' title='bbox 1636 4812 1797 4893; x_wconf 78' lang='lat' dir='ltr'><strong>digna</strong></span> 
     </span>
    </p>
   </div>
   <div class='ocr_carea' id='block_1_69' title="bbox 228 4882 1797 4956">
    <p class='ocr_par' dir='ltr' id='par_1_69' title="bbox 228 4882 1797 4956">
     <span class='ocr_line' id='line_1_69' title="bbox 228 4882 1797 4956; baseline 0.003 -25"><span class='ocrx_word' id='word_1_579' title='bbox 228 4890 307 4934; x_wconf 89' lang='lat' dir='ltr'><strong>est</strong></span> <span class='ocrx_word' id='word_1_580' title='bbox 335 4882 536 4956; x_wconf 82' lang='lat' dir='ltr'><strong>Sugerii</strong></span> <span class='ocrx_word' id='word_1_581' title='bbox 573 4882 832 4956; x_wconf 87' lang='lat' dir='ltr'><strong>epistola,</strong></span> <span class='ocrx_word' id='word_1_582' title='bbox 858 4882 992 4953; x_wconf 59' lang='lat' dir='ltr'><strong>&#39;qme</strong></span> <span class='ocrx_word' id='word_1_583' title='bbox 1031 4892 1251 4956; x_wconf 79' lang='lat' dir='ltr'><strong>propter</strong></span> <span class='ocrx_word' id='word_1_584' title='bbox 1280 4891 1670 4956; x_wconf 60' lang='lat' dir='ltr'><strong>argumentum</strong></span> <span class='ocrx_word' id='word_1_585' title='bbox 1711 4882 1797 4936; x_wconf 91' lang='lat' dir='ltr'><strong>in-</strong></span> 
     </span>
    </p>
   </div>
   <div class='ocr_carea' id='block_1_70' title="bbox 229 4949 1801 5086">
    <p class='ocr_par' dir='ltr' id='par_1_70' title="bbox 229 4949 1801 5086">
     <span class='ocr_line' id='line_1_70' title="bbox 229 4949 1801 5086; baseline 0 -81"><span class='ocrx_word' id='word_1_586' title='bbox 229 4949 625 5086; x_wconf 37' lang='lat' dir='ltr'><strong>;egizaolegatuﬂ</strong></span> <span class='ocrx_word' id='word_1_587' title='bbox 663 4955 758 5012; x_wconf 79' lang='lat' dir='ltr'><strong>Sic</strong></span> <span class='ocrx_word' id='word_1_588' title='bbox 796 4949 927 5025; x_wconf 73' lang='lat' dir='ltr'><strong>ergo</strong></span> <span class='ocrx_word' id='word_1_589' title='bbox 963 4949 1154 5009; x_wconf 79' lang='lat' dir='ltr'><strong>scribit</strong></span> <span class='ocrx_word' id='word_1_590' title='bbox 1182 4952 1250 5009; x_wconf 89' lang='lat' dir='ltr'><strong>ad</strong></span> <span class='ocrx_word' id='word_1_591' title='bbox 1278 4949 1575 5024; x_wconf 77' lang='lat' dir='ltr'><strong>Eugenium</strong></span> <span class='ocrx_word' id='word_1_592' title='bbox 1607 4949 1669 5006; x_wconf 88' lang='lat' dir='ltr'><strong>III</strong></span> <span class='ocrx_word' id='word_1_593' title='bbox 1701 4965 1801 5021; x_wconf 87' lang='lat' dir='ltr'><strong>pa-</strong></span> 
     </span>
    </p>
   </div>
   <div class='ocr_carea' id='block_1_71' title="bbox 231 5108 1795 5190">
    <p class='ocr_par' dir='ltr' id='par_1_71' title="bbox 231 5108 1795 5190">
     <span class='ocr_line' id='line_1_71' title="bbox 231 5108 1795 5190; baseline 0.001 -22"><span class='ocrx_word' id='word_1_594' title='bbox 231 5108 428 5183; x_wconf 69' lang='lat' dir='ltr'><strong>SMgerii</strong></span> <span class='ocrx_word' id='word_1_595' title='bbox 452 5118 653 5174; x_wconf 83' lang='lat' dir='ltr'><strong>abbatis</strong></span> <span class='ocrx_word' id='word_1_596' title='bbox 680 5116 899 5190; x_wconf 79' lang='lat' dir='ltr'><strong>epistola</strong></span> <span class='ocrx_word' id='word_1_597' title='bbox 923 5118 994 5190; x_wconf 63' lang='lat' dir='ltr'><strong>ad</strong></span> <span class='ocrx_word' id='word_1_598' title='bbox 1024 5114 1327 5190; x_wconf 35' lang='lat' dir='ltr'><strong>Eugenium.</strong></span> <span class='ocrx_word' id='word_1_599' title='bbox 1350 5113 1445 5190; x_wconf 58' lang='lat' dir='ltr'><strong>ll!</strong></span> <span class='ocrx_word' id='word_1_600' title='bbox 1470 5130 1566 5186; x_wconf 78' lang='lat' dir='ltr'><strong>pro</strong></span> <span class='ocrx_word' id='word_1_601' title='bbox 1595 5114 1795 5172; x_wconf 77' lang='lat' dir='ltr'><strong>sancti-</strong></span> 
     </span>
    </p>
   </div>
   <div class='ocr_carea' id='block_1_72' title="bbox 598 5184 1402 5247">
    <p class='ocr_par' dir='ltr' id='par_1_72' title="bbox 598 5184 1402 5247">
     <span class='ocr_line' id='line_1_72' title="bbox 598 5184 1402 5247; baseline -0.007 -3"><span class='ocrx_word' id='word_1_602' title='bbox 598 5184 914 5247; x_wconf 68' lang='lat' dir='ltr'><strong>monialibus</strong></span> <span class='ocrx_word' id='word_1_603' title='bbox 943 5184 1132 5242; x_wconf 79' lang='lat' dir='ltr'><strong>Fontis</strong></span> <span class='ocrx_word' id='word_1_604' title='bbox 1162 5184 1402 5241; x_wconf 87' lang='lat' dir='ltr'><strong>Ebraldi.</strong></span> 
     </span>
    </p>
   </div>
   <div class='ocr_carea' id='block_1_73' title="bbox 302 5272 1794 5347">
    <p class='ocr_par' dir='ltr' id='par_1_73' title="bbox 302 5272 1794 5347">
     <span class='ocr_line' id='line_1_73' title="bbox 302 5272 1794 5347; baseline 0.001 -18"><span class='ocrx_word' id='word_1_605' title='bbox 302 5288 322 5321; x_wconf 68' lang='grc' dir='ltr'><strong><em>ε</em></strong></span> <span class='ocrx_word' id='word_1_606' title='bbox 355 5272 685 5347; x_wconf 70' lang='lat' dir='ltr'><strong>Charissimo</strong></span> <span class='ocrx_word' id='word_1_607' title='bbox 709 5279 929 5335; x_wconf 88' lang='lat' dir='ltr'><strong>domino</strong></span> <span class='ocrx_word' id='word_1_608' title='bbox 962 5285 1016 5333; x_wconf 88' lang='lat' dir='ltr'><strong>et</strong></span> <span class='ocrx_word' id='word_1_609' title='bbox 1045 5277 1213 5332; x_wconf 88' lang='lat' dir='ltr'><strong>Patri.</strong></span> <span class='ocrx_word' id='word_1_610' title='bbox 1254 5275 1353 5347; x_wconf 85' lang='lat' dir='ltr'><strong>Dei</strong></span> <span class='ocrx_word' id='word_1_611' title='bbox 1379 5275 1556 5347; x_wconf 86' lang='lat' dir='ltr'><strong>gratia</strong></span> <span class='ocrx_word' id='word_1_612' title='bbox 1582 5289 1794 5347; x_wconf 83' lang='lat' dir='ltr'><strong>summo</strong></span> 
     </span>
    </p>
   </div>
   <div class='ocr_carea' id='block_1_74' title="bbox 233 5344 1794 5419">
    <p class='ocr_par' dir='ltr' id='par_1_74' title="bbox 233 5344 1794 5419">
     <span class='ocr_line' id='line_1_74' title="bbox 233 5344 1794 5419; baseline 0.001 -22"><span class='ocrx_word' id='word_1_613' title='bbox 233 5347 286 5393; x_wconf 74' lang='grc' dir='ltr'>ει</span> <span class='ocrx_word' id='word_1_614' title='bbox 307 5344 585 5419; x_wconf 70' lang='lat' dir='ltr'><strong>universali</strong></span> <span class='ocrx_word' id='word_1_615' title='bbox 617 5349 855 5419; x_wconf 88' lang='lat' dir='ltr'><strong>pontiﬁci</strong></span> <span class='ocrx_word' id='word_1_616' title='bbox 891 5344 1630 5419; x_wconf 75' lang='lat' dir='ltr'><strong>Eugenio_$ttgerius,beati</strong></span> <span class='ocrx_word' id='word_1_617' title='bbox 1670 5345 1794 5419; x_wconf 64' lang='lat' dir='ltr'><strong>Dio-</strong></span> 
     </span>
    </p>
   </div>
   <div class='ocr_carea' id='block_1_75' title="bbox 234 5410 1795 5484">
    <p class='ocr_par' dir='ltr' id='par_1_75' title="bbox 234 5410 1795 5484">
     <span class='ocr_line' id='line_1_75' title="bbox 234 5410 1795 5484; baseline 0.003 -19"><span class='ocrx_word' id='word_1_618' title='bbox 234 5410 361 5479; x_wconf 78' lang='lat' dir='ltr'><strong>nysii</strong></span> <span class='ocrx_word' id='word_1_619' title='bbox 384 5415 567 5483; x_wconf 86' lang='lat' dir='ltr'><strong>abbas,</strong></span> <span class='ocrx_word' id='word_1_620' title='bbox 591 5410 915 5474; x_wconf 69' lang='lat' dir='ltr'><strong>obedientia:</strong></span> <span class='ocrx_word' id='word_1_621' title='bbox 936 5410 1002 5473; x_wconf 71' lang='grc' dir='ltr'><strong>οῖ</strong></span> <span class='ocrx_word' id='word_1_622' title='bbox 1015 5416 1220 5472; x_wconf 87' lang='lat' dir='ltr'><strong>servitii</strong></span> <span class='ocrx_word' id='word_1_623' title='bbox 1249 5410 1656 5484; x_wconf 79' lang='lat' dir='ltr'><strong>plenitudinem.</strong></span> <span class='ocrx_word' id='word_1_624' title='bbox 1686 5413 1795 5470; x_wconf 89' lang='lat' dir='ltr'><strong>Pro</strong></span> 
     </span>
    </p>
   </div>
   <div class='ocr_carea' id='block_1_76' title="bbox 235 5484 1794 5555">
    <p class='ocr_par' dir='ltr' id='par_1_76' title="bbox 235 5484 1794 5555">
     <span class='ocr_line' id='line_1_76' title="bbox 235 5484 1794 5555; baseline 0.003 -20"><span class='ocrx_word' id='word_1_625' title='bbox 235 5484 496 5555; x_wconf 81' lang='lat' dir='ltr'><strong>sororibus</strong></span> <span class='ocrx_word' id='word_1_626' title='bbox 517 5489 657 5555; x_wconf 88' lang='lat' dir='ltr'><strong>apud</strong></span> <span class='ocrx_word' id='word_1_627' title='bbox 684 5488 911 5545; x_wconf 82' lang='lat' dir='ltr'><strong>Fontem</strong></span> <span class='ocrx_word' id='word_1_628' title='bbox 948 5486 1238 5542; x_wconf 85' lang='lat' dir='ltr'><strong>Ebraldum</strong></span> <span class='ocrx_word' id='word_1_629' title='bbox 1268 5495 1453 5541; x_wconf 85' lang='lat' dir='ltr'><strong>sancta</strong></span> <span class='ocrx_word' id='word_1_630' title='bbox 1482 5496 1540 5539; x_wconf 91' lang='lat' dir='ltr'><strong>et</strong></span> <span class='ocrx_word' id='word_1_631' title='bbox 1566 5486 1675 5555; x_wconf 78' lang='lat' dir='ltr'><strong>Deo</strong></span> <span class='ocrx_word' id='word_1_632' title='bbox 1701 5499 1794 5539; x_wconf 86' lang='lat' dir='ltr'><strong>ae-</strong></span> 
     </span>
    </p>
   </div>
   <div class='ocr_carea' id='block_1_77' title="bbox 236 5552 1793 5629">
    <p class='ocr_par' dir='ltr' id='par_1_77' title="bbox 236 5552 1793 5629">
     <span class='ocr_line' id='line_1_77' title="bbox 236 5552 1793 5629; baseline -0.008 -9"><span class='ocrx_word' id='word_1_633' title='bbox 236 5552 470 5629; x_wconf 61' lang='grc' dir='ltr'>θὲτριψίιί</span> <span class='ocrx_word' id='word_1_634' title='bbox 493 5552 748 5629; x_wconf 77' lang='lat' dir='ltr'><strong>religione</strong></span> <span class='ocrx_word' id='word_1_635' title='bbox 778 5558 1125 5629; x_wconf 77' lang='lat' dir='ltr'><strong>degentibus,</strong></span> <span class='ocrx_word' id='word_1_636' title='bbox 1152 5570 1288 5629; x_wconf 84' lang='lat' dir='ltr'><strong>quas</strong></span> <span class='ocrx_word' id='word_1_637' title='bbox 1312 5555 1595 5625; x_wconf 86' lang='lat' dir='ltr'><strong>episcopus</strong></span> <span class='ocrx_word' id='word_1_638' title='bbox 1619 5553 1793 5609; x_wconf 88' lang='lat' dir='ltr'><strong>Pieta-</strong></span> 
     </span>
    </p>
   </div>
   <div class='ocr_carea' id='block_1_78' title="bbox 237 5622 1791 5695">
    <p class='ocr_par' dir='ltr' id='par_1_78' title="bbox 237 5622 1791 5695">
     <span class='ocr_line' id='line_1_78' title="bbox 237 5622 1791 5695; baseline 0.003 -21"><span class='ocrx_word' id='word_1_639' title='bbox 237 5622 424 5695; x_wconf 68' lang='lat' dir='ltr'><strong>Viensis</strong></span> <span class='ocrx_word' id='word_1_640' title='bbox 446 5664 462 5687; x_wconf 90' lang='lat'><strong>,</strong></span> <span class='ocrx_word' id='word_1_641' title='bbox 490 5622 877 5695; x_wconf 61' lang='lat' dir='ltr'><strong>subiectionem</strong></span> <span class='ocrx_word' id='word_1_642' title='bbox 910 5628 979 5682; x_wconf 91' lang='lat' dir='ltr'><strong>ab</strong></span> <span class='ocrx_word' id='word_1_643' title='bbox 1016 5622 1416 5695; x_wconf 34' lang='lat' dir='ltr'><strong>eis&#39;réquirens</strong></span> <span class='ocrx_word' id='word_1_644' title='bbox 1439 5663 1456 5689; x_wconf 88' lang='lat'><strong>,</strong></span> <span class='ocrx_word' id='word_1_645' title='bbox 1495 5622 1791 5695; x_wconf 78' lang='lat' dir='ltr'><strong>earumque</strong></span> 
     </span>
    </p>
   </div>
   <div class='ocr_carea' id='block_1_79' title="bbox 237 5686 1788 5766">
    <p class='ocr_par' dir='ltr' id='par_1_79' title="bbox 237 5686 1788 5766">
     <span class='ocr_line' id='line_1_79' title="bbox 237 5686 1788 5766; baseline 0.005 -26"><span class='ocrx_word' id='word_1_646' title='bbox 237 5686 547 5766; x_wconf 77' lang='lat' dir='ltr'><strong>abbatissam</strong></span> <span class='ocrx_word' id='word_1_647' title='bbox 577 5686 895 5753; x_wconf 74' lang='lat' dir='ltr'><strong>benedicere</strong></span> <span class='ocrx_word' id='word_1_648' title='bbox 925 5695 1112 5752; x_wconf 87' lang='lat' dir='ltr'><strong>nolens</strong></span> <span class='ocrx_word' id='word_1_649' title='bbox 1142 5686 1632 5766; x_wconf 37' lang='lat' dir='ltr'><strong>defatigat,&#39;sancti</strong></span> <span class='ocrx_word' id='word_1_650' title='bbox 1660 5686 1788 5763; x_wconf 80' lang='lat' dir='ltr'><strong>apo-</strong></span> 
     </span>
    </p>
   </div>
   <div class='ocr_carea' id='block_1_80' title="bbox 235 5755 1786 5834">
    <p class='ocr_par' dir='ltr' id='par_1_80' title="bbox 235 5755 1786 5834">
     <span class='ocr_line' id='line_1_80' title="bbox 235 5755 1786 5834; baseline 0.017 -25"><span class='ocrx_word' id='word_1_651' title='bbox 235 5755 449 5834; x_wconf 73' lang='lat' dir='ltr'><strong>stolatas</strong></span> <span class='ocrx_word' id='word_1_652' title='bbox 488 5766 653 5819; x_wconf 84' lang='lat' dir='ltr'><strong>vestri</strong></span> <span class='ocrx_word' id='word_1_653' title='bbox 694 5766 1063 5824; x_wconf 87' lang='lat' dir='ltr'><strong>celsitudinem</strong></span> <span class='ocrx_word' id='word_1_654' title='bbox 1089 5805 1106 5832; x_wconf 91' lang='lat'><strong>,</strong></span> <span class='ocrx_word' id='word_1_655' title='bbox 1146 5779 1252 5834; x_wconf 81' lang='lat' dir='ltr'><strong>qua</strong></span> <span class='ocrx_word' id='word_1_656' title='bbox 1295 5755 1580 5834; x_wconf 63' lang='lat' dir='ltr'><strong>possumus</strong></span> <span class='ocrx_word' id='word_1_657' title='bbox 1604 5755 1786 5834; x_wconf 66' lang='grc' dir='ltr'>Ριῗδθθ</span> 
     </span>
    </p>
   </div>
   <div class='ocr_carea' id='block_1_81' title="bbox 235 5824 1781 5902">
    <p class='ocr_par' dir='ltr' id='par_1_81' title="bbox 235 5824 1781 5902">
     <span class='ocr_line' id='line_1_81' title="bbox 235 5824 1781 5902; baseline 0.001 -12"><span class='ocrx_word' id='word_1_658' title='bbox 235 5824 523 5901; x_wconf 65' lang='lat' dir='ltr'><strong>Nasutus,</strong></span> <span class='ocrx_word' id='word_1_659' title='bbox 548 5841 607 5889; x_wconf 89' lang='lat' dir='ltr'><strong>ut</strong></span> <span class='ocrx_word' id='word_1_660' title='bbox 632 5838 775 5894; x_wconf 87' lang='lat' dir='ltr'><strong>sicut</strong></span> <span class='ocrx_word' id='word_1_661' title='bbox 799 5845 993 5892; x_wconf 78' lang='lat' dir='ltr'><strong>vestrae</strong></span> <span class='ocrx_word' id='word_1_662' title='bbox 1023 5824 1647 5902; x_wconf 65' lang='lat' dir='ltr'><strong>incumbit&#39;discretionl&#39;,</strong></span> <span class='ocrx_word' id='word_1_663' title='bbox 1679 5832 1781 5890; x_wconf 88' lang='lat' dir='ltr'><strong>im-</strong></span> 
     </span>
    </p>
   </div>
   <div class='ocr_carea' id='block_1_82' title="bbox 1900 3382 3495 3455">
    <p class='ocr_par' dir='ltr' id='par_1_82' title="bbox 1900 3382 3495 3455">
     <span class='ocr_line' id='line_1_82' title="bbox 1900 3382 3495 3455; baseline 0.001 -15"><span class='ocrx_word' id='word_1_664' title='bbox 1900 3387 2027 3441; x_wconf 90' lang='lat' dir='ltr'><strong>dum</strong></span> <span class='ocrx_word' id='word_1_665' title='bbox 2059 3385 2272 3441; x_wconf 88' lang='lat' dir='ltr'><strong>Domini</strong></span> <span class='ocrx_word' id='word_1_666' title='bbox 2297 3385 2646 3449; x_wconf 88' lang='lat' dir='ltr'><strong>sententiam,</strong></span> <span class='ocrx_word' id='word_1_667' title='bbox 2676 3382 2900 3438; x_wconf 87' lang='lat' dir='ltr'><strong>alterius</strong></span> <span class='ocrx_word' id='word_1_668' title='bbox 2933 3382 3153 3438; x_wconf 83' lang='lat' dir='ltr'><strong>obedire</strong></span> <span class='ocrx_word' id='word_1_669' title='bbox 3196 3384 3495 3455; x_wconf 79' lang='lat' dir='ltr'><strong>voluntati,</strong></span> 
     </span>
    </p>
   </div>
   <div class='ocr_carea' id='block_1_83' title="bbox 1900 3471 3498 3544">
    <p class='ocr_par' dir='ltr' id='par_1_83' title="bbox 1900 3471 3498 3544">
     <span class='ocr_line' id='line_1_83' title="bbox 1900 3471 3498 3544; baseline 0.003 -15"><span class='ocrx_word' id='word_1_670' title='bbox 1900 3489 2009 3529; x_wconf 90' lang='lat' dir='ltr'><strong>non</strong></span> <span class='ocrx_word' id='word_1_671' title='bbox 2040 3482 2276 3529; x_wconf 89' lang='lat' dir='ltr'><strong>vestram</strong></span> <span class='ocrx_word' id='word_1_672' title='bbox 2324 3473 2499 3542; x_wconf 88' lang='lat' dir='ltr'><strong>sequi.</strong></span> <span class='ocrx_word' id='word_1_673' title='bbox 2544 3472 2653 3529; x_wconf 90' lang='lat' dir='ltr'><strong>Sed</strong></span> <span class='ocrx_word' id='word_1_674' title='bbox 2689 3487 2846 3544; x_wconf 77' lang='lat' dir='ltr'><strong>quae,</strong></span> <span class='ocrx_word' id='word_1_675' title='bbox 2888 3471 2973 3529; x_wconf 86' lang='lat' dir='ltr'><strong>vel</strong></span> <span class='ocrx_word' id='word_1_676' title='bbox 3006 3482 3212 3543; x_wconf 88' lang='lat' dir='ltr'><strong>quanta</strong></span> <span class='ocrx_word' id='word_1_677' title='bbox 3243 3474 3398 3531; x_wconf 89' lang='lat' dir='ltr'><strong>vobis</strong></span> <span class='ocrx_word' id='word_1_678' title='bbox 3424 3477 3498 3532; x_wconf 77' lang='lat' dir='ltr'><strong>ob</strong></span> 
     </span>
    </p>
   </div>
   <div class='ocr_carea' id='block_1_84' title="bbox 1900 3564 3500 3637">
    <p class='ocr_par' dir='ltr' id='par_1_84' title="bbox 1900 3564 3500 3637">
     <span class='ocr_line' id='line_1_84' title="bbox 1900 3564 3500 3637; baseline 0.003 -17"><span class='ocrx_word' id='word_1_679' title='bbox 1900 3564 2085 3621; x_wconf 89' lang='lat' dir='ltr'><strong>hocin</strong></span> <span class='ocrx_word' id='word_1_680' title='bbox 2130 3564 2313 3620; x_wconf 89' lang='lat' dir='ltr'><strong>futuro</strong></span> <span class='ocrx_word' id='word_1_681' title='bbox 2341 3580 2551 3621; x_wconf 88' lang='lat' dir='ltr'><strong>merces</strong></span> <span class='ocrx_word' id='word_1_682' title='bbox 2588 3565 3009 3637; x_wconf 84' lang='lat' dir='ltr'><strong>repromittitur,</strong></span> <span class='ocrx_word' id='word_1_683' title='bbox 3054 3565 3100 3621; x_wconf 91' lang='lat' dir='ltr'><strong>si</strong></span> <span class='ocrx_word' id='word_1_684' title='bbox 3145 3565 3287 3624; x_wconf 86' lang='lat' dir='ltr'><strong>bene</strong></span> <span class='ocrx_word' id='word_1_685' title='bbox 3314 3568 3500 3627; x_wconf 87' lang='lat' dir='ltr'><strong>cousi-</strong></span> 
     </span>
    </p>
   </div>
   <div class='ocr_carea' id='block_1_85' title="bbox 1898 3658 3495 3733">
    <p class='ocr_par' dir='ltr' id='par_1_85' title="bbox 1898 3658 3495 3733">
     <span class='ocr_line' id='line_1_85' title="bbox 1898 3658 3495 3733; baseline 0.003 -19"><span class='ocrx_word' id='word_1_686' title='bbox 1898 3658 2142 3726; x_wconf 87' lang='lat' dir='ltr'><strong>deratis,</strong></span> <span class='ocrx_word' id='word_1_687' title='bbox 2186 3674 2356 3715; x_wconf 87' lang='lat' dir='ltr'><strong>suave</strong></span> <span class='ocrx_word' id='word_1_688' title='bbox 2384 3660 2611 3732; x_wconf 87' lang='lat' dir='ltr'><strong>leveque</strong></span> <span class='ocrx_word' id='word_1_689' title='bbox 2636 3660 2789 3716; x_wconf 89' lang='lat' dir='ltr'><strong>vobis</strong></span> <span class='ocrx_word' id='word_1_690' title='bbox 2829 3659 2937 3715; x_wconf 87' lang='lat' dir='ltr'><strong>erit</strong></span> <span class='ocrx_word' id='word_1_691' title='bbox 2961 3660 3221 3731; x_wconf 84' lang='lat' dir='ltr'><strong>quidquid</strong></span> <span class='ocrx_word' id='word_1_692' title='bbox 3261 3660 3317 3717; x_wconf 87' lang='lat' dir='ltr'><strong>in</strong></span> <span class='ocrx_word' id='word_1_693' title='bbox 3348 3676 3495 3733; x_wconf 72' lang='lat' dir='ltr'><strong>pm-</strong></span> 
     </span>
    </p>
   </div>
   <div class='ocr_carea' id='block_1_86' title="bbox 1899 3775 3496 3848">
    <p class='ocr_par' dir='ltr' id='par_1_86' title="bbox 1899 3775 3496 3848">
     <span class='ocr_line' id='line_1_86' title="bbox 1899 3775 3496 3848; baseline 0.001 -17"><span class='ocrx_word' id='word_1_694' title='bbox 1899 3775 2253 3848; x_wconf 82' lang='lat' dir='ltr'><strong>becillitatem</strong></span> <span class='ocrx_word' id='word_1_695' title='bbox 2275 3775 2532 3848; x_wconf 85' lang='lat' dir='ltr'><strong>debilium</strong></span> <span class='ocrx_word' id='word_1_696' title='bbox 2549 3776 3192 3848; x_wconf 80' lang='lat' dir='ltr'><strong>confovendosustinere,</strong></span> <span class='ocrx_word' id='word_1_697' title='bbox 3216 3776 3345 3848; x_wconf 88' lang='lat' dir='ltr'><strong>quid</strong></span> <span class='ocrx_word' id='word_1_698' title='bbox 3374 3776 3496 3848; x_wconf 81' lang='lat' dir='ltr'><strong>uni-</strong></span> 
     </span>
    </p>
   </div>
   <div class='ocr_carea' id='block_1_87' title="bbox 1901 3845 3493 3916">
    <p class='ocr_par' dir='ltr' id='par_1_87' title="bbox 1901 3845 3493 3916">
     <span class='ocr_line' id='line_1_87' title="bbox 1901 3845 3493 3916; baseline 0.002 -15"><span class='ocrx_word' id='word_1_699' title='bbox 1901 3845 2101 3916; x_wconf 82' lang='lat' dir='ltr'><strong>cuique</strong></span> <span class='ocrx_word' id='word_1_700' title='bbox 2133 3846 2393 3916; x_wconf 79' lang='lat' dir='ltr'><strong>expediat</strong></span> <span class='ocrx_word' id='word_1_701' title='bbox 2423 3848 2737 3916; x_wconf 87' lang='lat' dir='ltr'><strong>providere,</strong></span> <span class='ocrx_word' id='word_1_702' title='bbox 2767 3846 3045 3913; x_wconf 75' lang='lat' dir='ltr'><strong>fragilitati</strong></span> <span class='ocrx_word' id='word_1_703' title='bbox 3091 3845 3254 3904; x_wconf 74' lang='lat' dir='ltr'><strong>sexus</strong></span> <span class='ocrx_word' id='word_1_704' title='bbox 3286 3847 3493 3904; x_wconf 85' lang='lat' dir='ltr'><strong>conde-</strong></span> 
     </span>
    </p>
   </div>
   <div class='ocr_carea' id='block_1_88' title="bbox 1901 3915 3495 3985">
    <p class='ocr_par' dir='ltr' id='par_1_88' title="bbox 1901 3915 3495 3985">
     <span class='ocr_line' id='line_1_88' title="bbox 1901 3915 3495 3985; baseline 0.003 -15"><span class='ocrx_word' id='word_1_705' title='bbox 1901 3915 2204 3985; x_wconf 82' lang='lat' dir='ltr'><strong>scendatis,</strong></span> <span class='ocrx_word' id='word_1_706' title='bbox 2233 3924 2289 3969; x_wconf 89' lang='lat' dir='ltr'><strong>et</strong></span> <span class='ocrx_word' id='word_1_707' title='bbox 2317 3931 2437 3985; x_wconf 68' lang='lat' dir='ltr'><strong>qua:</strong></span> <span class='ocrx_word' id='word_1_708' title='bbox 2462 3925 2646 3971; x_wconf 90' lang='lat' dir='ltr'><strong>vestra</strong></span> <span class='ocrx_word' id='word_1_709' title='bbox 2673 3916 2997 3971; x_wconf 88' lang='lat' dir='ltr'><strong>auctoritate</strong></span> <span class='ocrx_word' id='word_1_710' title='bbox 3024 3918 3361 3981; x_wconf 89' lang='lat' dir='ltr'><strong>innituntur,</strong></span> <span class='ocrx_word' id='word_1_711' title='bbox 3391 3931 3495 3985; x_wconf 80' lang='lat' dir='ltr'><strong>eas</strong></span> 
     </span>
    </p>
   </div>
   <div class='ocr_carea' id='block_1_89' title="bbox 1900 3983 3492 4052">
    <p class='ocr_par' dir='ltr' id='par_1_89' title="bbox 1900 3983 3492 4052">
     <span class='ocr_line' id='line_1_89' title="bbox 1900 3983 3492 4052; baseline 0.001 -12"><span class='ocrx_word' id='word_1_712' title='bbox 1900 3984 2004 4040; x_wconf 89' lang='lat' dir='ltr'><strong>sub</strong></span> <span class='ocrx_word' id='word_1_713' title='bbox 2041 3993 2218 4039; x_wconf 89' lang='lat' dir='ltr'><strong>vestra</strong></span> <span class='ocrx_word' id='word_1_714' title='bbox 2249 3983 2585 4052; x_wconf 84' lang='lat' dir='ltr'><strong>protectione</strong></span> <span class='ocrx_word' id='word_1_715' title='bbox 2619 3985 2926 4046; x_wconf 86' lang='lat' dir='ltr'><strong>retineatis.</strong></span> <span class='ocrx_word' id='word_1_716' title='bbox 2964 4000 3067 4040; x_wconf 90' lang='lat' dir='ltr'><strong>nec</strong></span> <span class='ocrx_word' id='word_1_717' title='bbox 3092 3986 3247 4041; x_wconf 88' lang='lat' dir='ltr'><strong>alteri</strong></span> <span class='ocrx_word' id='word_1_718' title='bbox 3291 3983 3492 4052; x_wconf 84' lang='lat' dir='ltr'><strong>subjici</strong></span> 
     </span>
    </p>
   </div>
   <div class='ocr_carea' id='block_1_90' title="bbox 1900 4052 3491 4122">
    <p class='ocr_par' dir='ltr' id='par_1_90' title="bbox 1900 4052 3491 4122">
     <span class='ocr_line' id='line_1_90' title="bbox 1900 4052 3491 4122; baseline 0.003 -16"><span class='ocrx_word' id='word_1_719' title='bbox 1900 4052 2122 4118; x_wconf 90' lang='lat' dir='ltr'><strong>velitis,</strong></span> <span class='ocrx_word' id='word_1_720' title='bbox 2170 4062 2227 4107; x_wconf 91' lang='lat' dir='ltr'><strong>et</strong></span> <span class='ocrx_word' id='word_1_721' title='bbox 2263 4054 2332 4108; x_wconf 91' lang='lat' dir='ltr'><strong>ab</strong></span> <span class='ocrx_word' id='word_1_722' title='bbox 2372 4055 2474 4109; x_wconf 87' lang='lat' dir='ltr'><strong>hac</strong></span> <span class='ocrx_word' id='word_1_723' title='bbox 2521 4052 2907 4122; x_wconf 82' lang='lat' dir='ltr'><strong>defatigatione</strong></span> <span class='ocrx_word' id='word_1_724' title='bbox 2947 4052 3005 4122; x_wconf 85' lang='lat' dir='ltr'><strong>in</strong></span> <span class='ocrx_word' id='word_1_725' title='bbox 3050 4068 3183 4122; x_wconf 89' lang='lat' dir='ltr'><strong>pace</strong></span> <span class='ocrx_word' id='word_1_726' title='bbox 3225 4069 3321 4109; x_wconf 87' lang='lat' dir='ltr'><strong>eas</strong></span> <span class='ocrx_word' id='word_1_727' title='bbox 3363 4068 3491 4111; x_wconf 76' lang='lat' dir='ltr'><strong>esse</strong></span> 
     </span>
    </p>
   </div>
   <div class='ocr_carea' id='block_1_91' title="bbox 1903 4120 3488 4190">
    <p class='ocr_par' dir='ltr' id='par_1_91' title="bbox 1903 4120 3488 4190">
     <span class='ocr_line' id='line_1_91' title="bbox 1903 4120 3488 4190; baseline 0.002 -12"><span class='ocrx_word' id='word_1_728' title='bbox 1903 4123 2139 4179; x_wconf 79' lang='lat' dir='ltr'><strong>faciatis.</strong></span> <span class='ocrx_word' id='word_1_729' title='bbox 2169 4122 2327 4177; x_wconf 89' lang='lat' dir='ltr'><strong>Novit</strong></span> <span class='ocrx_word' id='word_1_730' title='bbox 2357 4124 2501 4177; x_wconf 87' lang='lat' dir='ltr'><strong>enim</strong></span> <span class='ocrx_word' id='word_1_731' title='bbox 2530 4120 2709 4176; x_wconf 80' lang='lat' dir='ltr'><strong>vestra</strong></span> <span class='ocrx_word' id='word_1_732' title='bbox 2739 4120 2996 4175; x_wconf 87' lang='lat' dir='ltr'><strong>discretio</strong></span> <span class='ocrx_word' id='word_1_733' title='bbox 3016 4120 3162 4190; x_wconf 80' lang='lat' dir='ltr'><strong>quod</strong></span> <span class='ocrx_word' id='word_1_734' title='bbox 3198 4123 3488 4181; x_wconf 78' lang='lat' dir='ltr'><strong>animabus</strong></span> 
     </span>
    </p>
   </div>
   <div class='ocr_carea' id='block_1_92' title="bbox 1900 4189 3484 4261">
    <p class='ocr_par' dir='ltr' id='par_1_92' title="bbox 1900 4189 3484 4261">
     <span class='ocr_line' id='line_1_92' title="bbox 1900 4189 3484 4261; baseline 0.001 -13"><span class='ocrx_word' id='word_1_735' title='bbox 1900 4207 2089 4248; x_wconf 91' lang='lat' dir='ltr'><strong>earum</strong></span> <span class='ocrx_word' id='word_1_736' title='bbox 2131 4208 2237 4246; x_wconf 88' lang='lat' dir='ltr'><strong>non</strong></span> <span class='ocrx_word' id='word_1_737' title='bbox 2280 4190 2497 4259; x_wconf 78' lang='lat' dir='ltr'><strong>expedit</strong></span> <span class='ocrx_word' id='word_1_738' title='bbox 2538 4189 2776 4261; x_wconf 80' lang='lat' dir='ltr'><strong>claustra</strong></span> <span class='ocrx_word' id='word_1_739' title='bbox 2821 4189 3134 4261; x_wconf 80' lang='lat' dir='ltr'><strong>monasterii</strong></span> <span class='ocrx_word' id='word_1_740' title='bbox 3176 4192 3262 4248; x_wconf 90' lang='lat' dir='ltr'><strong>sui</strong></span> <span class='ocrx_word' id='word_1_741' title='bbox 3298 4193 3484 4261; x_wconf 77' lang='lat' dir='ltr'><strong>exire,</strong></span> 
     </span>
    </p>
   </div>
   <div class='ocr_carea' id='block_1_93' title="bbox 1902 4258 3486 4331">
    <p class='ocr_par' dir='ltr' id='par_1_93' title="bbox 1902 4258 3486 4331">
     <span class='ocr_line' id='line_1_93' title="bbox 1902 4258 3486 4331; baseline 0.001 -14"><span class='ocrx_word' id='word_1_742' title='bbox 1902 4278 2002 4317; x_wconf 91' lang='lat' dir='ltr'><strong>nec</strong></span> <span class='ocrx_word' id='word_1_743' title='bbox 2023 4263 2125 4317; x_wconf 90' lang='lat' dir='ltr'><strong>hac</strong></span> <span class='ocrx_word' id='word_1_744' title='bbox 2150 4258 2459 4323; x_wconf 80' lang='lat' dir='ltr'><strong>occasiune,</strong></span> <span class='ocrx_word' id='word_1_745' title='bbox 2487 4259 2571 4314; x_wconf 88' lang='lat' dir='ltr'><strong>vel</strong></span> <span class='ocrx_word' id='word_1_746' title='bbox 2598 4258 2703 4313; x_wconf 89' lang='lat' dir='ltr'><strong>alia</strong></span> <span class='ocrx_word' id='word_1_747' title='bbox 2726 4258 2924 4331; x_wconf 73' lang='lat' dir='ltr'><strong>szceulo</strong></span> <span class='ocrx_word' id='word_1_748' title='bbox 2948 4259 3268 4331; x_wconf 81' lang='lat' dir='ltr'><strong>sejungere.</strong></span> <span class='ocrx_word' id='word_1_749' title='bbox 3300 4258 3486 4319; x_wconf 75' lang='lat' dir='ltr'><strong>Nostis</strong></span> 
     </span>
    </p>
   </div>
   <div class='ocr_carea' id='block_1_94' title="bbox 1901 4329 3486 4401">
    <p class='ocr_par' dir='ltr' id='par_1_94' title="bbox 1901 4329 3486 4401">
     <span class='ocr_line' id='line_1_94' title="bbox 1901 4329 3486 4401; baseline 0 -13"><span class='ocrx_word' id='word_1_750' title='bbox 1901 4332 2078 4397; x_wconf 89' lang='lat' dir='ltr'><strong>enim,</strong></span> <span class='ocrx_word' id='word_1_751' title='bbox 2116 4332 2161 4387; x_wconf 91' lang='lat' dir='ltr'><strong>si</strong></span> <span class='ocrx_word' id='word_1_752' title='bbox 2207 4341 2399 4401; x_wconf 70' lang='lat' dir='ltr'><strong>vestra:</strong></span> <span class='ocrx_word' id='word_1_753' title='bbox 2433 4330 2608 4401; x_wconf 88' lang='lat' dir='ltr'><strong>placet</strong></span> <span class='ocrx_word' id='word_1_754' title='bbox 2649 4329 2961 4401; x_wconf 86' lang='lat' dir='ltr'><strong>paternitati</strong></span> <span class='ocrx_word' id='word_1_755' title='bbox 2985 4369 3015 4401; x_wconf 80' lang='lat'><strong>,_</strong></span> <span class='ocrx_word' id='word_1_756' title='bbox 3040 4329 3183 4399; x_wconf 80' lang='lat' dir='ltr'><strong>quod</strong></span> <span class='ocrx_word' id='word_1_757' title='bbox 3225 4331 3486 4401; x_wconf 63' lang='lat' dir='ltr'><strong>praefatus</strong></span> 
     </span>
    </p>
   </div>
   <div class='ocr_carea' id='block_1_95' title="bbox 1902 4399 3483 4472">
    <p class='ocr_par' dir='ltr' id='par_1_95' title="bbox 1902 4399 3483 4472">
     <span class='ocr_line' id='line_1_95' title="bbox 1902 4399 3483 4472; baseline 0.001 -16"><span class='ocrx_word' id='word_1_758' title='bbox 1902 4403 2185 4472; x_wconf 87' lang='lat' dir='ltr'><strong>episcopos</strong></span> <span class='ocrx_word' id='word_1_759' title='bbox 2212 4399 2483 4468; x_wconf 82' lang='lat' dir='ltr'><strong>subjectos</strong></span> <span class='ocrx_word' id='word_1_760' title='bbox 2522 4414 2650 4472; x_wconf 87' lang='lat' dir='ltr'><strong>suos</strong></span> <span class='ocrx_word' id='word_1_761' title='bbox 2675 4399 3328 4472; x_wconf 28' lang='lat' dir='ltr'><strong>consuevituinquietare.</strong></span> <span class='ocrx_word' id='word_1_762' title='bbox 3356 4400 3483 4457; x_wconf 82' lang='lat' dir='ltr'><strong>Pla-</strong></span> 
     </span>
    </p>
   </div>
   <div class='ocr_carea' id='block_1_96' title="bbox 1901 4468 3483 4542">
    <p class='ocr_par' dir='ltr' id='par_1_96' title="bbox 1901 4468 3483 4542">
     <span class='ocr_line' id='line_1_96' title="bbox 1901 4468 3483 4542; baseline 0.001 -15"><span class='ocrx_word' id='word_1_763' title='bbox 1901 4468 2022 4542; x_wconf 77' lang='lat' dir='ltr'><strong>ceat</strong></span> <span class='ocrx_word' id='word_1_764' title='bbox 2058 4468 2224 4542; x_wconf 81' lang='lat' dir='ltr'><strong>igitur</strong></span> <span class='ocrx_word' id='word_1_765' title='bbox 2257 4470 2589 4542; x_wconf 71' lang='lat' dir='ltr'><strong>excellentiae</strong></span> <span class='ocrx_word' id='word_1_766' title='bbox 2629 4479 2823 4542; x_wconf 61' lang='lat' dir='ltr'><strong>vestrae</strong></span> <span class='ocrx_word' id='word_1_767' title='bbox 2858 4468 2927 4542; x_wconf 89' lang='lat' dir='ltr'><strong>ab</strong></span> <span class='ocrx_word' id='word_1_768' title='bbox 2971 4469 3038 4524; x_wconf 91' lang='lat' dir='ltr'><strong>iis</strong></span> <span class='ocrx_word' id='word_1_769' title='bbox 3080 4468 3344 4542; x_wconf 78' lang='lat' dir='ltr'><strong>molestiis</strong></span> <span class='ocrx_word' id='word_1_770' title='bbox 3376 4485 3483 4542; x_wconf 82' lang='lat' dir='ltr'><strong>eas</strong></span> 
     </span>
    </p>
   </div>
   <div class='ocr_carea' id='block_1_97' title="bbox 1902 4539 3482 4611">
    <p class='ocr_par' dir='ltr' id='par_1_97' title="bbox 1902 4539 3482 4611">
     <span class='ocr_line' id='line_1_97' title="bbox 1902 4539 3482 4611; baseline 0 -15"><span class='ocrx_word' id='word_1_771' title='bbox 1902 4539 2144 4611; x_wconf 80' lang='lat' dir='ltr'><strong>eripere,</strong></span> <span class='ocrx_word' id='word_1_772' title='bbox 2168 4549 2224 4596; x_wconf 88' lang='lat' dir='ltr'><strong>et</strong></span> <span class='ocrx_word' id='word_1_773' title='bbox 2251 4551 2308 4593; x_wconf 89' lang='lat' dir='ltr'><strong>ut</strong></span> <span class='ocrx_word' id='word_1_774' title='bbox 2332 4541 2383 4595; x_wconf 91' lang='lat' dir='ltr'><strong>in</strong></span> <span class='ocrx_word' id='word_1_775' title='bbox 2410 4555 2539 4610; x_wconf 90' lang='lat' dir='ltr'><strong>pace</strong></span> <span class='ocrx_word' id='word_1_776' title='bbox 2562 4539 2670 4593; x_wconf 90' lang='lat' dir='ltr'><strong>Deo</strong></span> <span class='ocrx_word' id='word_1_777' title='bbox 2688 4539 3022 4611; x_wconf 81' lang='lat' dir='ltr'><strong>deserviant,</strong></span> <span class='ocrx_word' id='word_1_778' title='bbox 3048 4540 3127 4596; x_wconf 91' lang='lat' dir='ltr'><strong>eis</strong></span> <span class='ocrx_word' id='word_1_779' title='bbox 3153 4540 3207 4595; x_wconf 92' lang='lat' dir='ltr'><strong>in</strong></span> <span class='ocrx_word' id='word_1_780' title='bbox 3233 4540 3482 4596; x_wconf 81' lang='lat' dir='ltr'><strong>multitu—</strong></span> 
     </span>
    </p>
   </div>
   <div class='ocr_carea' id='block_1_98' title="bbox 1901 4609 3481 4680">
    <p class='ocr_par' dir='ltr' id='par_1_98' title="bbox 1901 4609 3481 4680">
     <span class='ocr_line' id='line_1_98' title="bbox 1901 4609 3481 4680; baseline 0.002 -15"><span class='ocrx_word' id='word_1_781' title='bbox 1901 4609 2027 4667; x_wconf 82' lang='lat' dir='ltr'><strong>dine</strong></span> <span class='ocrx_word' id='word_1_782' title='bbox 2057 4609 2438 4680; x_wconf 71' lang='lat' dir='ltr'><strong>misericordia:</strong></span> <span class='ocrx_word' id='word_1_783' title='bbox 2463 4618 2655 4665; x_wconf 67' lang='lat' dir='ltr'><strong>vestrae</strong></span> <span class='ocrx_word' id='word_1_784' title='bbox 2681 4609 2986 4680; x_wconf 89' lang='lat' dir='ltr'><strong>providere,</strong></span> <span class='ocrx_word' id='word_1_785' title='bbox 3015 4611 3116 4664; x_wconf 90' lang='lat' dir='ltr'><strong>sub</strong></span> <span class='ocrx_word' id='word_1_786' title='bbox 3144 4611 3481 4680; x_wconf 86' lang='lat' dir='ltr'><strong>protectione</strong></span> 
     </span>
    </p>
   </div>
   <div class='ocr_carea' id='block_1_99' title="bbox 1900 4624 3473 4748">
    <p class='ocr_par' dir='ltr' id='par_1_99' title="bbox 1900 4624 3473 4748">
     <span class='ocr_line' id='line_1_99' title="bbox 1901 4624 3473 4732; baseline 0.002 -67"><span class='ocrx_word' id='word_1_787' title='bbox 1901 4624 2027 4667; x_wconf 78' lang='lat' dir='ltr'><strong>utne</strong></span> <span class='ocrx_word' id='word_1_788' title='bbox 2057 4624 2438 4665; x_wconf 73' lang='lat' dir='ltr'><strong>misericordia:</strong></span> <span class='ocrx_word' id='word_1_789' title='bbox 2463 4624 2655 4665; x_wconf 78' lang='lat' dir='ltr'><strong>vestra:</strong></span> <span class='ocrx_word' id='word_1_790' title='bbox 2680 4624 2986 4732; x_wconf 71' lang='lat' dir='ltr'><strong>providere,</strong></span> <span class='ocrx_word' id='word_1_791' title='bbox 3015 4624 3116 4664; x_wconf 90' lang='lat' dir='ltr'><strong>suo</strong></span> <span class='ocrx_word' id='word_1_792' title='bbox 3144 4624 3473 4680; x_wconf 86' lang='lat' dir='ltr'><strong>pr0tecuone</strong></span> 
     </span>
     <span class='ocr_line' id='line_1_100' title="bbox 1900 4679 3473 4748; baseline 0 -12"><span class='ocrx_word' id='word_1_793' title='bbox 1900 4681 1993 4736; x_wconf 84' lang='lat' dir='ltr'><strong>Dei</strong></span> <span class='ocrx_word' id='word_1_794' title='bbox 2026 4679 2177 4743; x_wconf 87' lang='lat' dir='ltr'><strong>coeli,</strong></span> <span class='ocrx_word' id='word_1_795' title='bbox 2204 4688 2260 4735; x_wconf 89' lang='lat' dir='ltr'><strong>et</strong></span> <span class='ocrx_word' id='word_1_796' title='bbox 2288 4688 2467 4734; x_wconf 83' lang='lat' dir='ltr'><strong>vestra</strong></span> <span class='ocrx_word' id='word_1_797' title='bbox 2489 4688 2677 4748; x_wconf 88' lang='lat' dir='ltr'><strong>aposto</strong></span> <span class='ocrx_word' id='word_1_798' title='bbox 2702 4680 2783 4734; x_wconf 91' lang='lat' dir='ltr'><strong>ica</strong></span> <span class='ocrx_word' id='word_1_799' title='bbox 2818 4680 3139 4736; x_wconf 88' lang='lat' dir='ltr'><strong>auctoritate</strong></span> <span class='ocrx_word' id='word_1_800' title='bbox 3167 4680 3473 4746; x_wconf 88' lang='lat' dir='ltr'><strong>confovere,</strong></span> 
     </span>
    </p>
   </div>
   <div class='ocr_carea' id='block_1_100' title="bbox 1895 4749 3476 4820">
    <p class='ocr_par' dir='ltr' id='par_1_100' title="bbox 1895 4749 3476 4820">
     <span class='ocr_line' id='line_1_101' title="bbox 1895 4749 3476 4820; baseline -0.001 -15"><span class='ocrx_word' id='word_1_801' title='bbox 1895 4758 1953 4805; x_wconf 91' lang='lat' dir='ltr'><strong>et</strong></span> <span class='ocrx_word' id='word_1_802' title='bbox 1976 4760 2289 4820; x_wconf 74' lang='lat' dir='ltr'><strong>protegere,</strong></span> <span class='ocrx_word' id='word_1_803' title='bbox 2330 4758 2516 4818; x_wconf 89' lang='lat' dir='ltr'><strong>utpote</strong></span> <span class='ocrx_word' id='word_1_804' title='bbox 2544 4758 2750 4820; x_wconf 65' lang='lat' dir='ltr'><strong>Lautum</strong></span> <span class='ocrx_word' id='word_1_805' title='bbox 2782 4756 2945 4820; x_wconf 64' lang='lat' dir='ltr'><strong>tantte</strong></span> <span class='ocrx_word' id='word_1_806' title='bbox 2967 4749 3244 4819; x_wconf 82' lang='lat' dir='ltr'><strong>religionis</strong></span> <span class='ocrx_word' id='word_1_807' title='bbox 3273 4749 3476 4817; x_wconf 87' lang='lat' dir='ltr'><strong>locum,</strong></span> 
     </span>
    </p>
   </div>
   <div class='ocr_carea' id='block_1_101' title="bbox 1899 4817 3477 4889">
    <p class='ocr_par' dir='ltr' id='par_1_101' title="bbox 1899 4817 3477 4889">
     <span class='ocr_line' id='line_1_102' title="bbox 1899 4817 3477 4889; baseline 0.004 -19"><span class='ocrx_word' id='word_1_808' title='bbox 1899 4817 2059 4889; x_wconf 80' lang='lat' dir='ltr'><strong>quem</strong></span> <span class='ocrx_word' id='word_1_809' title='bbox 2085 4817 2208 4873; x_wconf 77' lang='lat' dir='ltr'><strong>cum</strong></span> <span class='ocrx_word' id='word_1_810' title='bbox 2230 4819 2282 4872; x_wconf 92' lang='lat' dir='ltr'><strong>iu</strong></span> <span class='ocrx_word' id='word_1_811' title='bbox 2307 4817 2549 4889; x_wconf 84' lang='lat' dir='ltr'><strong>partibus</strong></span> <span class='ocrx_word' id='word_1_812' title='bbox 2569 4818 2642 4873; x_wconf 90' lang='lat' dir='ltr'><strong>illi</strong></span> <span class='ocrx_word' id='word_1_813' title='bbox 2666 4819 2721 4873; x_wconf 90' lang='lat' dir='ltr'><strong>in</strong></span> <span class='ocrx_word' id='word_1_814' title='bbox 2745 4817 2947 4874; x_wconf 89' lang='lat' dir='ltr'><strong>scholis</strong></span> <span class='ocrx_word' id='word_1_815' title='bbox 2974 4817 3237 4884; x_wconf 76' lang='lat' dir='ltr'><strong>essemus,</strong></span> <span class='ocrx_word' id='word_1_816' title='bbox 3261 4819 3477 4876; x_wconf 87' lang='lat' dir='ltr'><strong>noviter</strong></span> 
     </span>
    </p>
   </div>
   <div class='ocr_carea' id='block_1_102' title="bbox 1900 4887 3478 4957">
    <p class='ocr_par' dir='ltr' id='par_1_102' title="bbox 1900 4887 3478 4957">
     <span class='ocr_line' id='line_1_103' title="bbox 1900 4887 3478 4957; baseline 0.003 -14"><span class='ocrx_word' id='word_1_817' title='bbox 1900 4887 2170 4957; x_wconf 83' lang='lat' dir='ltr'><strong>inceptum</strong></span> <span class='ocrx_word' id='word_1_818' title='bbox 2217 4901 2338 4942; x_wconf 89' lang='lat' dir='ltr'><strong>esse</strong></span> <span class='ocrx_word' id='word_1_819' title='bbox 2375 4887 2640 4950; x_wconf 88' lang='lat' dir='ltr'><strong>vidimus,</strong></span> <span class='ocrx_word' id='word_1_820' title='bbox 2673 4897 2727 4942; x_wconf 90' lang='lat' dir='ltr'><strong>et</strong></span> <span class='ocrx_word' id='word_1_821' title='bbox 2769 4902 2868 4957; x_wconf 85' lang='lat' dir='ltr'><strong>pro</strong></span> <span class='ocrx_word' id='word_1_822' title='bbox 2915 4888 3007 4957; x_wconf 88' lang='lat' dir='ltr'><strong>Dei</strong></span> <span class='ocrx_word' id='word_1_823' title='bbox 3045 4888 3318 4946; x_wconf 90' lang='lat' dir='ltr'><strong>voluntate</strong></span> <span class='ocrx_word' id='word_1_824' title='bbox 3362 4889 3478 4946; x_wconf 84' lang='lat' dir='ltr'><strong>fere</strong></span> 
     </span>
    </p>
   </div>
   <div class='ocr_carea' id='block_1_103' title="bbox 1901 4956 3476 5026">
    <p class='ocr_par' dir='ltr' id='par_1_103' title="bbox 1901 4956 3476 5026">
     <span class='ocr_line' id='line_1_104' title="bbox 1901 4956 3476 5026; baseline 0.004 -15"><span class='ocrx_word' id='word_1_825' title='bbox 1901 4956 2072 5026; x_wconf 87' lang='lat' dir='ltr'><strong>usque</strong></span> <span class='ocrx_word' id='word_1_826' title='bbox 2106 4956 2173 5011; x_wconf 87' lang='lat' dir='ltr'><strong>ad</strong></span> <span class='ocrx_word' id='word_1_827' title='bbox 2215 4967 2447 5025; x_wconf 80' lang='lat' dir='ltr'><strong>quatuor</strong></span> <span class='ocrx_word' id='word_1_828' title='bbox 2480 4965 2575 5012; x_wconf 89' lang='lat' dir='ltr'><strong>aut</strong></span> <span class='ocrx_word' id='word_1_829' title='bbox 2601 4956 2839 5026; x_wconf 83' lang='lat' dir='ltr'><strong>quinque</strong></span> <span class='ocrx_word' id='word_1_830' title='bbox 2880 4956 3049 5013; x_wconf 85' lang='lat' dir='ltr'><strong>millia</strong></span> <span class='ocrx_word' id='word_1_831' title='bbox 3092 4960 3476 5018; x_wconf 78' lang='lat' dir='ltr'><strong>sanctimonia-</strong></span> 
     </span>
    </p>
   </div>
   <div class='ocr_carea' id='block_1_104' title="bbox 1899 5025 3339 5096">
    <p class='ocr_par' dir='ltr' id='par_1_104' title="bbox 1899 5025 3339 5096">
     <span class='ocr_line' id='line_1_105' title="bbox 1899 5025 3339 5096; baseline 0.001 -14"><span class='ocrx_word' id='word_1_832' title='bbox 1899 5025 2030 5082; x_wconf 85' lang='lat' dir='ltr'><strong>liuin</strong></span> <span class='ocrx_word' id='word_1_833' title='bbox 2049 5025 2492 5096; x_wconf 69' lang='lat' dir='ltr'><strong>jam_excrevisse</strong></span> <span class='ocrx_word' id='word_1_834' title='bbox 2521 5025 2852 5096; x_wconf 71' lang='lat' dir='ltr'><strong>audivimus,</strong></span> <span class='ocrx_word' id='word_1_835' title='bbox 2876 5035 2943 5096; x_wconf 91' lang='lat' dir='ltr'><strong>et</strong></span> <span class='ocrx_word' id='word_1_836' title='bbox 2971 5030 3284 5096; x_wconf 75' lang='lat' dir='ltr'><strong>gaudemus.</strong></span> <span class='ocrx_word' id='word_1_837' title='bbox 3317 5050 3339 5084; x_wconf 75' lang='grc' dir='ltr'><strong>ι</strong></span> 
     </span>
    </p>
   </div>
   <div class='ocr_carea' id='block_1_105' title="bbox 1970 5093 3474 5169">
    <p class='ocr_par' dir='ltr' id='par_1_105' title="bbox 1970 5093 3474 5169">
     <span class='ocr_line' id='line_1_106' title="bbox 1970 5093 3474 5169; baseline 0.004 -18"><span class='ocrx_word' id='word_1_838' title='bbox 1970 5096 2120 5169; x_wconf 69' lang='lat'><strong>(525)</strong></span> <span class='ocrx_word' id='word_1_839' title='bbox 2154 5093 2395 5169; x_wconf 72' lang='lat' dir='ltr'><strong>Gojfrido</strong></span> <span class='ocrx_word' id='word_1_840' title='bbox 2425 5097 2489 5152; x_wconf 85' lang='lat' dir='ltr'><strong>de</strong></span> <span class='ocrx_word' id='word_1_841' title='bbox 2514 5093 3095 5169; x_wconf 31' lang='lat' dir='ltr'><strong>Surge‘riierlenehtts</strong></span> <span class='ocrx_word' id='word_1_842' title='bbox 3121 5100 3474 5169; x_wconf 88' lang='lat' dir='ltr'><strong>epistolarum</strong></span> 
     </span>
    </p>
   </div>
   <div class='ocr_carea' id='block_1_106' title="bbox 1898 5165 3470 5229">
    <p class='ocr_par' dir='ltr' id='par_1_106' title="bbox 1898 5165 3470 5229">
     <span class='ocr_line' id='line_1_107' title="bbox 1898 5165 3470 5229; baseline 0 -6"><span class='ocrx_word' id='word_1_843' title='bbox 1898 5168 1955 5223; x_wconf 92' lang='lat' dir='ltr'><strong>in</strong></span> <span class='ocrx_word' id='word_1_844' title='bbox 1982 5165 2172 5223; x_wconf 84' lang='lat' dir='ltr'><strong>codice</strong></span> <span class='ocrx_word' id='word_1_845' title='bbox 2199 5165 2589 5223; x_wconf 74' lang='lat' dir='ltr'><strong>Cenomanensi</strong></span> <span class='ocrx_word' id='word_1_846' title='bbox 2607 5165 2631 5229; x_wconf 43' lang='lat'><strong>,’</strong></span> <span class='ocrx_word' id='word_1_847' title='bbox 2666 5165 2922 5222; x_wconf 85' lang='lat' dir='ltr'><strong>fratribus</strong></span> <span class='ocrx_word' id='word_1_848' title='bbox 2946 5167 3014 5222; x_wconf 89' lang='lat' dir='ltr'><strong>de</strong></span> <span class='ocrx_word' id='word_1_849' title='bbox 3041 5165 3303 5225; x_wconf 82' lang='lat' dir='ltr'><strong>Santonis</strong></span> <span class='ocrx_word' id='word_1_850' title='bbox 3329 5170 3470 5223; x_wconf 89' lang='lat' dir='ltr'><strong>scri-</strong></span> 
     </span>
    </p>
   </div>
   <div class='ocr_carea' id='block_1_107' title="bbox 1896 5235 3471 5309">
    <p class='ocr_par' dir='ltr' id='par_1_107' title="bbox 1896 5235 3471 5309">
     <span class='ocr_line' id='line_1_108' title="bbox 1896 5235 3471 5309; baseline 0.001 -18"><span class='ocrx_word' id='word_1_851' title='bbox 1896 5246 2043 5309; x_wconf 89' lang='lat' dir='ltr'><strong>ptam</strong></span> <span class='ocrx_word' id='word_1_852' title='bbox 2083 5246 2295 5309; x_wconf 75' lang='lat' dir='ltr'><strong>monet;</strong></span> <span class='ocrx_word' id='word_1_853' title='bbox 2340 5236 2483 5309; x_wconf 86' lang='lat' dir='ltr'><strong>quod</strong></span> <span class='ocrx_word' id='word_1_854' title='bbox 2516 5235 2706 5303; x_wconf 88' lang='lat' dir='ltr'><strong>majori</strong></span> <span class='ocrx_word' id='word_1_855' title='bbox 2745 5252 2812 5309; x_wconf 77' lang='lat' dir='ltr'><strong>ex</strong></span> <span class='ocrx_word' id='word_1_856' title='bbox 2837 5243 2993 5309; x_wconf 72' lang='lat' dir='ltr'><strong>parte</strong></span> <span class='ocrx_word' id='word_1_857' title='bbox 3023 5252 3214 5309; x_wconf 88' lang='lat' dir='ltr'><strong>verum</strong></span> <span class='ocrx_word' id='word_1_858' title='bbox 3260 5245 3363 5292; x_wconf 87' lang='lat' dir='ltr'><strong>est.</strong></span> <span class='ocrx_word' id='word_1_859' title='bbox 3406 5236 3471 5309; x_wconf 73' lang='lat' dir='ltr'><strong>In</strong></span> 
     </span>
    </p>
   </div>
   <div class='ocr_carea' id='block_1_108' title="bbox 1896 5305 3474 5378">
    <p class='ocr_par' dir='ltr' id='par_1_108' title="bbox 1896 5305 3474 5378">
     <span class='ocr_line' id='line_1_109' title="bbox 1896 5305 3474 5378; baseline -0.001 -17"><span class='ocrx_word' id='word_1_860' title='bbox 1896 5305 2034 5378; x_wconf 79' lang='lat' dir='ltr'><strong>pago</strong></span> <span class='ocrx_word' id='word_1_861' title='bbox 2050 5307 2205 5378; x_wconf 77' lang='lat' dir='ltr'><strong>enim</strong></span> <span class='ocrx_word' id='word_1_862' title='bbox 2240 5305 2532 5378; x_wconf 83' lang='lat' dir='ltr'><strong>Santonico</strong></span> <span class='ocrx_word' id='word_1_863' title='bbox 2565 5314 2650 5378; x_wconf 86' lang='lat' dir='ltr'><strong>est</strong></span> <span class='ocrx_word' id='word_1_864' title='bbox 2681 5305 2911 5378; x_wconf 79' lang='lat' dir='ltr'><strong>ecclesia</strong></span> <span class='ocrx_word' id='word_1_865' title='bbox 2944 5305 3355 5378; x_wconf 82' lang='lat' dir='ltr'><strong>Surger&#39;iarum_,</strong></span> <span class='ocrx_word' id='word_1_866' title='bbox 3398 5305 3474 5378; x_wconf 77' lang='lat' dir='ltr'><strong>de</strong></span> 
     </span>
    </p>
   </div>
   <div class='ocr_carea' id='block_1_109' title="bbox 1894 5372 3471 5444">
    <p class='ocr_par' dir='ltr' id='par_1_109' title="bbox 1894 5372 3471 5444">
     <span class='ocr_line' id='line_1_110' title="bbox 1894 5372 3471 5444; baseline -0.001 -13"><span class='ocrx_word' id='word_1_867' title='bbox 1894 5372 2000 5444; x_wconf 57' lang='lat' dir='ltr'><strong>qua</strong></span> <span class='ocrx_word' id='word_1_868' title='bbox 2030 5376 2232 5431; x_wconf 89' lang='lat' dir='ltr'><strong>dictum</strong></span> <span class='ocrx_word' id='word_1_869' title='bbox 2270 5377 2368 5433; x_wconf 87' lang='lat' dir='ltr'><strong>lib.</strong></span> <span class='ocrx_word' id='word_1_870' title='bbox 2392 5392 2453 5431; x_wconf 86' lang='lat' dir='ltr'><strong>ut</strong></span> <span class='ocrx_word' id='word_1_871' title='bbox 2474 5416 2489 5442; x_wconf 88' lang='lat'><strong>,</strong></span> <span class='ocrx_word' id='word_1_872' title='bbox 2524 5376 2682 5444; x_wconf 88' lang='lat' dir='ltr'><strong>epist.</strong></span> <span class='ocrx_word' id='word_1_873' title='bbox 2716 5375 2821 5443; x_wconf 69' lang='lat'><strong>40;</strong></span> <span class='ocrx_word' id='word_1_874' title='bbox 2870 5372 3110 5444; x_wconf 71' lang='lat' dir='ltr'><strong>itemque</strong></span> <span class='ocrx_word' id='word_1_875' title='bbox 3141 5373 3369 5431; x_wconf 88' lang='lat' dir='ltr'><strong>ecclesia</strong></span> <span class='ocrx_word' id='word_1_876' title='bbox 3397 5372 3471 5430; x_wconf 74' lang='lat' dir='ltr'><strong>de</strong></span> 
     </span>
    </p>
   </div>
   <div class='ocr_carea' id='block_1_110' title="bbox 1893 5444 3560 5517">
    <p class='ocr_par' dir='ltr' id='par_1_110' title="bbox 1893 5444 3560 5517">
     <span class='ocr_line' id='line_1_111' title="bbox 1893 5444 3560 5517; baseline -0.003 -17"><span class='ocrx_word' id='word_1_877' title='bbox 1893 5445 2062 5500; x_wconf 86' lang='lat' dir='ltr'><strong>Podio</strong></span> <span class='ocrx_word' id='word_1_878' title='bbox 2092 5444 2276 5517; x_wconf 65' lang='lat' dir='ltr'><strong>rebelli</strong></span> <span class='ocrx_word' id='word_1_879' title='bbox 2301 5460 2486 5517; x_wconf 61' lang='lat' dir='ltr'><strong>quam</strong></span> <span class='ocrx_word' id='word_1_880' title='bbox 2526 5444 2909 5517; x_wconf 72' lang='lat' dir='ltr'><strong>Vindocinensi</strong></span> <span class='ocrx_word' id='word_1_881' title='bbox 2933 5444 3237 5517; x_wconf 52' lang='lat' dir='ltr'><strong>coenobio,</strong></span> <span class='ocrx_word' id='word_1_882' title='bbox 3265 5456 3466 5517; x_wconf 85' lang='lat' dir='ltr'><strong>appro-</strong></span> <span class='ocrx_word' id='word_1_883' title='bbox 3551 5481 3560 5517; x_wconf 67' lang='lat'><strong>,</strong></span> 
     </span>
    </p>
   </div>
   <div class='ocr_carea' id='block_1_111' title="bbox 1893 5511 3467 5582">
    <p class='ocr_par' dir='ltr' id='par_1_111' title="bbox 1893 5511 3467 5582">
     <span class='ocr_line' id='line_1_112' title="bbox 1893 5511 3467 5582; baseline -0.001 -11"><span class='ocrx_word' id='word_1_884' title='bbox 1893 5517 2059 5571; x_wconf 81' lang='lat' dir='ltr'><strong>hante</strong></span> <span class='ocrx_word' id='word_1_885' title='bbox 2084 5514 2194 5569; x_wconf 90' lang='lat' dir='ltr'><strong>ﬁlio</strong></span> <span class='ocrx_word' id='word_1_886' title='bbox 2214 5511 2500 5570; x_wconf 83' lang='lat' dir='ltr'><strong>Guillelmo</strong></span> <span class='ocrx_word' id='word_1_887' title='bbox 2519 5515 2716 5571; x_wconf 90' lang='lat' dir='ltr'><strong>comite</strong></span> <span class='ocrx_word' id='word_1_888' title='bbox 2740 5513 3088 5580; x_wconf 89' lang='lat' dir='ltr'><strong>Pictaviensi,</strong></span> <span class='ocrx_word' id='word_1_889' title='bbox 3118 5511 3267 5582; x_wconf 89' lang='lat' dir='ltr'><strong>dedit</strong></span> <span class='ocrx_word' id='word_1_890' title='bbox 3284 5511 3467 5582; x_wconf 77' lang='lat' dir='ltr'><strong>Agnes</strong></span> 
     </span>
    </p>
   </div>
   <div class='ocr_carea' id='block_1_112' title="bbox 1892 5581 3470 5647">
    <p class='ocr_par' dir='ltr' id='par_1_112' title="bbox 1892 5581 3470 5647">
     <span class='ocr_line' id='line_1_113' title="bbox 1892 5581 3470 5647; baseline -0.003 -6"><span class='ocrx_word' id='word_1_891' title='bbox 1892 5585 2187 5641; x_wconf 87' lang='lat' dir='ltr'><strong>comitissa.</strong></span> <span class='ocrx_word' id='word_1_892' title='bbox 2214 5584 2285 5639; x_wconf 79' lang='lat' dir='ltr'><strong>At</strong></span> <span class='ocrx_word' id='word_1_893' title='bbox 2306 5583 2477 5640; x_wconf 90' lang='lat' dir='ltr'><strong>Olona</strong></span> <span class='ocrx_word' id='word_1_894' title='bbox 2506 5584 2558 5638; x_wconf 91' lang='lat' dir='ltr'><strong>in</strong></span> <span class='ocrx_word' id='word_1_895' title='bbox 2591 5585 2773 5640; x_wconf 88' lang='lat' dir='ltr'><strong>littore</strong></span> <span class='ocrx_word' id='word_1_896' title='bbox 2796 5584 3100 5647; x_wconf 86' lang='lat' dir='ltr'><strong>Pietavico,</strong></span> <span class='ocrx_word' id='word_1_897' title='bbox 3129 5581 3322 5636; x_wconf 66' lang='lat' dir='ltr'><strong>tabulae</strong></span> <span class='ocrx_word' id='word_1_898' title='bbox 3345 5581 3470 5637; x_wconf 77' lang='lat' dir='ltr'><strong>lun-</strong></span> 
     </span>
    </p>
   </div>
   <div class='ocr_carea' id='block_1_113' title="bbox 1888 5650 3467 5725">
    <p class='ocr_par' dir='ltr' id='par_1_113' title="bbox 1888 5650 3467 5725">
     <span class='ocr_line' id='line_1_114' title="bbox 1888 5650 3467 5725; baseline -0.001 -17"><span class='ocrx_word' id='word_1_899' title='bbox 1888 5653 2124 5725; x_wconf 82' lang='lat' dir='ltr'><strong>dationis</strong></span> <span class='ocrx_word' id='word_1_900' title='bbox 2155 5670 2169 5706; x_wconf 91' lang='lat'><strong>:</strong></span> <span class='ocrx_word' id='word_1_901' title='bbox 2198 5651 2265 5707; x_wconf 83' lang='lat' dir='ltr'><strong>In</strong></span> <span class='ocrx_word' id='word_1_902' title='bbox 2285 5669 2427 5725; x_wconf 85' lang='lat' dir='ltr'><strong>pago</strong></span> <span class='ocrx_word' id='word_1_903' title='bbox 2446 5650 2761 5725; x_wconf 74' lang='lat' dir='ltr'><strong>Pictaviensi</strong></span> <span class='ocrx_word' id='word_1_904' title='bbox 2779 5654 3104 5725; x_wconf 78' lang='lat' dir='ltr'><strong>medietatem</strong></span> <span class='ocrx_word' id='word_1_905' title='bbox 3127 5650 3467 5707; x_wconf 80' lang='lat' dir='ltr'><strong>ecclesiarum</strong></span> 
     </span>
    </p>
   </div>
   <div class='ocr_carea' id='block_1_114' title="bbox 1885 5721 3477 5795">
    <p class='ocr_par' dir='ltr' id='par_1_114' title="bbox 1885 5721 3477 5795">
     <span class='ocr_line' id='line_1_115' title="bbox 1885 5721 3477 5795; baseline 0.001 -18"><span class='ocrx_word' id='word_1_906' title='bbox 1885 5724 1953 5778; x_wconf 83' lang='lat' dir='ltr'><strong>de</strong></span> <span class='ocrx_word' id='word_1_907' title='bbox 1980 5723 2153 5795; x_wconf 80' lang='lat' dir='ltr'><strong>Olona</strong></span> <span class='ocrx_word' id='word_1_908' title='bbox 2179 5721 2294 5777; x_wconf 79' lang='lat' dir='ltr'><strong>cuni</strong></span> <span class='ocrx_word' id='word_1_909' title='bbox 2320 5721 2556 5795; x_wconf 69' lang='lat' dir='ltr'><strong>decimis,</strong></span> <span class='ocrx_word' id='word_1_910' title='bbox 2579 5723 2892 5792; x_wconf 71' lang='lat' dir='ltr'><strong>salinarum,</strong></span> <span class='ocrx_word' id='word_1_911' title='bbox 2918 5730 2966 5779; x_wconf 78' lang='lat' dir='ltr'><strong>et</strong></span> <span class='ocrx_word' id='word_1_912' title='bbox 2991 5721 3259 5779; x_wconf 73' lang='lat' dir='ltr'><strong>vinearum</strong></span> <span class='ocrx_word' id='word_1_913' title='bbox 3282 5731 3331 5795; x_wconf 69' lang='grc' dir='ltr'>ει</span> <span class='ocrx_word' id='word_1_914' title='bbox 3356 5736 3477 5785; x_wconf 56' lang='grc' dir='ltr'>οιιιδ,</span> 
     </span>
    </p>
   </div>
   <div class='ocr_carea' id='block_1_115' title="bbox 1887 5792 3465 5851">
    <p class='ocr_par' dir='ltr' id='par_1_115' title="bbox 1887 5792 3465 5851">
     <span class='ocr_line' id='line_1_116' title="bbox 1887 5792 3465 5851; baseline 0 -2"><span class='ocrx_word' id='word_1_915' title='bbox 1887 5795 2033 5849; x_wconf 68' lang='lat' dir='ltr'><strong>nium</strong></span> <span class='ocrx_word' id='word_1_916' title='bbox 2062 5792 2184 5850; x_wconf 71' lang='lat' dir='ltr'><strong>inde</strong></span> <span class='ocrx_word' id='word_1_917' title='bbox 2209 5793 2524 5851; x_wconf 59' lang='lat' dir='ltr'><strong>exeuntium.</strong></span> <span class='ocrx_word' id='word_1_918' title='bbox 2827 5798 2852 5807; x_wconf 83' lang='grc'><em>’</em></span> <span class='ocrx_word' id='word_1_919' title='bbox 3288 5792 3303 5795; x_wconf 69' lang='grc'>⁷</span> <span class='ocrx_word' id='word_1_920' title='bbox 3456 5796 3465 5803; x_wconf 79' lang='grc'><em>“</em></span> 
     </span>
    </p>
   </div>
  </div>
