3986 6484
475 452 586 514 623

468 569 617 630 ωειιὶ
671 581 773 638 pro
819 564 1043 621 Domino
1088 558 1471 616 sustinueritis.
1525 557 1938 625 Repromittitur
1981 556 2055 611 si-
2084 562 2133 617 Α

472 662 694 734 quidem
754 658 907 711 vobis
956 655 1059 707 vita
1107 653 1227 706 sine
1286 651 1471 714 senio,
1530 652 1756 704 satietas
1809 650 2062 704 continua

480 752 600 807 sine
642 748 888 809 fastidio,
930 744 1162 799 societas
1207 741 1556 808 angelorum,
1607 750 1661 794 et
1719 740 1861 810 quod
1902 755 2065 809 super

471 852 632 898 omne
661 840 857 892 bonum
893 843 1009 899 est,
1063 833 1201 889 faeie
1250 834 1316 886 ad
1367 832 1561 888 faciem
1607 834 1824 888 assidue
1872 833 2064 887 videre

474 934 663 987 Deum.
698 929 760 982 Et
793 926 917 995 quia
956 925 1022 979 de
1049 924 1357 978 obedientia
1388 924 1642 979 charitati
1678 935 1871 977 vestra:
1917 922 2063 992 loqui

452 1020 769 1090 ιεαιρὶιιιιιδ,
803 1015 904 1070 sub
928 1015 1096 1085 ipsius
1120 1014 1442 1069 obedientizn
1466 1013 1681 1068 nomine
1710 1013 1902 1083 210,
1931 1022 1984 1067 et
2010 1012 2064 1066 in

471 1109 847 1169 remissionem
896 1107 1138 1164 omnium
1180 1115 1523 1176 peccatorum
1564 1115 1872 1160 vestrorum
1914 1119 2066 1157 man-

469 1207 662 1261 damus
686 1204 867 1265 vobis,
891 1211 1158 1271 quatenus
1186 1199 1363 1269 pisces
1395 1206 1647 1271 nostros‘,
1684 1197 1889 1251 cibaria
1912 1195 2065 1251 vide-

468 1294 596 1349 licet
628 1293 857 1346 fratrum
891 1302 1226 1352 vestrorum,
1265 1302 1435 1355 usque
1466 1287 1799 1355 Andegavim
1828 1285 2064 1340 adduca-

471 1388 559 1441 tis.
589 1386 794 1450 Valete,
818 1384 864 1439 si
892 1383 1207 1438 obedientes
1237 1378 1469 1433 fueritis.

959 1490 1294 1548 EPISTULA
1331 1487 1576 1544 XXXVI.

471 1582 776 1663 Coﬁ'ridus,
825 1588 914 1659 qui
951 1586 1122 1654 gratia
1160 1582 1256 1636 Dei
1280 1591 1353 1635 est
1378 1581 1432 1633 id
1461 1579 1601 1649 quod
1639 1587 1735 1640 est,
1770 1576 1976 1630 dilectis
2007 1577 2061 1629 in

454 1676 457 1689 ‘
543 1686 752 1742 Christo
795 1680 1085 1750 fratribus,
1129 1673 1410 1728 Hamelino
1445 1672 1613 1740 priori
1653 1669 1827 1741 (est),
1857 1669 2061 1723 Briccio

546 1775 846 1852 cellamrio,
869 1770 1111 1825 salutem.

543 1886 678 1942 Volo
707 1898 802 1938 vos
825 1898 930 1936 non
967 1880 1247 1947 ignorare,
1283 1875 1376 1929 sed
1413 1862 1640 1928 firmiter
1676 1871 1931 1935 credere,
1975 1886 2059 1925 me

471 1992 595 2033 cum
641 1988 835 2040 magno
865 1952 1123 2024 comitatu
1154 1982 1250 2034 pro
1281 1979 1471 2029 causa,
1520 1978 1680 2032 quam
1726 1961 1875 2017 scitis
1896 2001 1910 2025 ,
1939 1961 2053 2013 An-

472 2067 717 2137 degavim
750 2071 1031 2117 venturum
1063 2058 1239 2126 vigilia
1280 2056 1660 2119 Ascensionis,
1715 2055 1759 2109 si
1806 2055 2056 2109 detentus

469 2178 574 2216 non
610 2159 791 2225 fuero,
822 2154 963 2223 quod
993 2152 1131 2205 Deus
1162 2149 1404 2204 abnuat!
1438 2148 1686 2217 corporis
1719 2146 2055 2202 inﬁrmitate.

470 2252 584 2307 Hoc
608 2249 762 2303 vobis
800 2243 985 2299 curavi
1014 2241 1334 2311 praedicere,
1376 2254 1514 2308 quos
1546 2238 1611 2291 ad
1657 2252 1927 2306 expensas
1976 2236 2056 2289 fa-

470 2343 690 2399 ciendas
719 2347 937 2407 paratos
961 2331 1228 2388 desiderio
1257 2331 1506 2385 desidero
1537 2330 1802 2383 invenire.
1839 2328 1895 2383 Si
1931 2342 2059 2381 vero

469 2433 652 2488 verbis
679 2437 772 2483 aut
800 2427 1036 2481 clamore
1063 2423 1243 2477 cordis
1271 2421 1507 2489 objicitis
1552 2427 1924 2489 paupertatem
1964 2434 2058 2472 ve-

474 2540 646 2584 stram
680 2522 746 2575 ad
777 2508 1146 2574 hmcminime
1172 2528 1331 2584 posse
1357 2513 1603 2567 sullicere
1623 2552 1637 2575 ,
1669 2512 1755 2565 hic
1786 2510 1927 2564 nulla
1966 2525 2060 2564 ne-

471 2615 701 2671 cessitas
738 2610 881 2678 cogit
922 2621 1008 2661 me
1056 2604 1420 2674 respondere,
1458 2602 1552 2656 sed
1585 2601 1815 2670 imperat
1863 2600 2062 2655 veritas

471 2724 569 2762 vos
601 2720 707 2760 non
756 2701 954 2756 debere
983 2697 1062 2751 sic
1087 2695 1262 2764 loqui,
1298 2708 1397 2748 nec
1426 2694 1504 2747 sic
1530 2693 1801 2763 cogitare.
1846 2692 1936 2761 qui
1976 2693 2059 2745 di-

471 2800 581 2852 vite
615 2788 830 2851 Christo
875 2798 981 2844 nun
1022 2786 1229 2842 debetis
1274 2785 1580 2855 pauperiem
1633 2784 1960 2844 formidare,
2007 2790 2061 2839 et

473 2890 667 2959 quibus
718 2884 861 2954 quod
894 2881 1183 2940 habemus,
1242 2875 1546 2930 nullatenus
1578 2885 1755 2944 potest
1805 2876 2057 2929 deficere.

471 2980 752 3036 Mallemns
786 2974 947 3043 quide
971 2988 1001 3022 ιι
1040 2968 1303 3039 quidquid
1336 2967 1599 3021 Credonis
1626 2967 1905 3037 possidere
1939 2982 2058 3020 cer-

471 3071 654 3125 nimur
682 3062 1080 3120 honorabiliter
1104 3058 1409 3128 expendere
1435 3072 1596 3126 quam
1626 3059 1788 3112 rebus
1819 3057 2062 3113 ecclesiae

470 3162 568 3217 Dei
611 3157 835 3226 injustas
868 3152 1154 3223 ac‘pr‘avas
1194 3149 1617 3203 consuetudines
1656 3149 1820 3203 homo
1854 3150 2062 3203 incom-

470 3253 678 3323 positus
703 3255 755 3303 οι
784 3246 970 3301 fatuus
997 3244 1201 3312 absque
1229 3240 1620 3296 reclamatione
1646 3240 1911 3295 violenter
1938 3257 2064 3312 pos-
2091 3267 2132 3324 ρ

473 3353 556 3400 set
592 3328 922 3410 imprimere.
970 3334 1183 3397 Valete,
1237 3343 1291 3387 et
1335 3333 1422 3388 cui
1480 3328 1727 3400 servitis,
1779 3333 1844 3387 de
1887 3334 2058 3387 sancti

464 3437 766 3494 Clementis
806 3449 995 3501 magna
1042 3431 1329 3485 clementia
1377 3427 1668 3491 confidite,
1717 3426 1783 3480 de
1836 3424 2058 3479 victoria

473 3528 603 3583 n~hil
635 3520 847 3597 penitus
879 3524 1208 3579 haesitantes.

464 3698 515 3711 ._
638 3702 662 3715 ,α
850 3620 1009 3711 211
1053 3634 1383 3713 Ertsroca
1422 3633 1687 3689 xxxvn.
1774 3616 1777 3619 λ

478 3735 752 3810 Coﬂ'ridus
801 3718 1201 3785 Vindocinensis
1255 3727 1558 3781 monasterii
1593 3723 1807 3779 humilis
1852 3739 2057 3787 serens,

466 3816 473 3888 ί
553 3827 744 3881 dilecto
772 3823 924 3891 fratri
960 3819 1269 3882 IIomelino,
1306 3814 1382 3872 sic
1417 3816 1645 3883 obedire,
1676 3826 1730 3869 ut
1757 3814 2061 3869 obedientia:

464 3956 471 3965 ι
544 3917 774 3990 fructum
801 3913 958 3985 possit
988 3898 1231 3978 recipere.

544 4027 848 4101 Infirmitati
883 4018 1013 4101 tnaé,
1043 4039 1181 4101 qua,
1216 4030 1275 4078 ut
1306 4021 1609 4087 mandasti,
1649 4019 2061 4090 ingravescente

478 4121 545 4177 ad
569 4135 666 4175 nos
693 4096 874 4175 venire
903 4100 1006 4173 non
1038 4096 1299 4187 potuisti,
1353 4115 1448 4177 sed
1480 4114 1699 4168 domum
1746 4110 1922 4163 redire
1962 4123 2060 4175 po-

472 4211 655 4275 tuisti,
687 4219 889 4279 qttanto
922 4223 1209 4277 possumus
1229 4245 1245 4270 ,
1281 4215 1336 4260 et
1364 4205 1621 4260 debemus
1651 4200 1830 4256 cordis
1864 4196 2062 4251 alfccm

474 4302 851 4372 compatimur.
890 4299 1034 4375 illam
1079 4309 1256 4352 tamen
1297 4296 1666 4350 infirmitatem
1708 4290 2063 4344 vehementer

475 4396 754 4459 miramur,
787 4406 906 4460 qua:
937 4390 1028 4442 tibi
1067 4389 1450 4457 impedimento
1477 4386 1598 4453 fuit,
1639 4402 1708 4442 ne
1731 4389 1796 4440 ad
1835 4402 1935 4443 nos
1967 4399 2063 4437 ve-

474 4484 648 4545 nires,
689 4490 744 4534 et
774 4480 1157 4548 impedimento
1200 4495 1319 4534 esse
1347 4496 1451 4533 non
1483 4481 1684 4548 potuit,
1729 4495 1797 4534 ne
1834 4481 2058 4535 redires.

473 4571 632 4629 Certe
662 4571 704 4625 si
737 4582 840 4623 non
875 4570 1140 4642 potuisses
1166 4569 1379 4634 venire,
1423 4571 1563 4624 sicut
1601 4571 1817 4639 potuisti
1852 4571 2058 4637 redire,

476 4665 693 4720 mittere
737 4661 1014 4724 debuisses
1053 4676 1150 4729 per
1190 4676 1351 4730 quem
1392 4662 1833 4717 constitutionem
1879 4662 1970 4716 Dei
2003 4673 2057 4717 et.

477 4765 717 4811 nostram
734 4753 1084 4823 complesses.
1109 4751 1455 4807 Firmissime
1474 4753 1665 4820 crede,
1679 4760 1734 4807 et
1755 4752 2055 4809 nullatenus

479 4844 719 4904 dubites,
769 4842 839 4896 fili
870 4843 921 4896 in
950 4841 1167 4907 Christo
1196 4840 1540 4904 charissime,
1580 4840 1722 4908 quod
1762 4842 2055 4897 umnachus

478 4932 569 5001 qui
601 4930 776 5009 verbis
795 4926 1157 4987 obedienti'am
1178 4930 1338 5001 sapit,
1367 4939 1421 5007 et
1450 4930 1771 4986 obedientiae
1791 4946 1926 5002 opus
1948 4948 2053 4988 non

475 5019 627 5085 facit,
653 5010 825 5074 vcrbis
841 5022 1055 5092 quidem
1075 5022 1368 5076 monachus
1384 5022 1617 5086 videtur,
1638 5023 1731 5077 sed
1754 5037 1918 5091 opere
1941 5038 2053 5078 mo-

474 5111 680 5166 nachus
701 5124 820 5165 esse
846 5120 1091 5180 negatur.
1126 5112 1279 5188 Unde
1306 5113 1423 5183 ejus
1449 5114 1612 5168 verba
1633 5114 1855 5168 verbera
1880 5115 2060 5188 potius

473 5217 635 5272 quam
666 5202 894 5273 gratiam
922 5186 1331 5273 promerentur;
1354 5204 1512 5265 Vale,
1546 5212 1600 5257 et
1632 5202 1865 5259 formosa
1895 5186 2059 5261 verba

471 5284 792 5349 obedientite
817 5306 1143 5370 prosequere
1165 5292 1484 5359 obedientiae
1516 5294 1758 5348 formoso
1787 5310 1973 5365 opere.

566 5398 695 5469 524)
738 5396 1015 5469 Homelino
1042 5400 1228 5468 priori.
1257 5399 1609 5455 Credonensi.
1668 5399 1919 5457 Urbanus
1972 5401 2049 5469 ll,

474 5468 756 5524 Golfrido:
800 5468 1033 5522 Ecclesia
1057 5470 1372 5537 paroeltialis
1408 5470 1465 5524 S.
1498 5471 1778 5525 Clementis
1816 5472 1880 5524 de
1923 5469 2053 5525 Cre-

471 5539 629 5611 tione,
659 5549 703 5592 et
731 5540 983 5611 uniuersa:
1012 5539 1269 5605 ecclesiae,
1301 5557 1417 5611 qun:
1445 5541 1601 5611 infra
1624 5542 1870 5611 terminos
1903 5541 2052 5611 ejus-

472 5609 592 5663 dem
635 5609 897 5676 parocliice
943 5610 1293 5664 continentur.
1332 5610 1439 5665 Sed
1480 5609 1544 5665 de
1572 5610 1834 5665 Credonis
1868 5609 2053 5666 rastro

472 5686 673 5804 ἤρυξε
705 5680 758 5759 in
782 5692 848 5799 εἷο
862 5688 963 5801 2eisi
980 5678 1209 5734 ecclesia
1244 5679 1301 5734 S.
1334 5681 1649 5745 Clementis,
1673 5683 1834 5751 epist.
1862 5679 1932 5733 44
1953 5720 1966 5746 ,
2000 5691 2056 5736 et

555 5785 571 5801 .
595 5761 648 5804 v,
675 5762 790 5804 eois
818 5770 855 5798 ,ν
932 5776 952 5801 ι.

555 5785 571 5801 .
595 5761 648 5809 ν,
675 5757 952 5809 epist.'27~.

543 5764 973 5885 233533322132.
1004 5816 1211 5884 Priori,
1241 5829 1299 5874 ut
1329 5827 1476 5889 patet
1497 5834 1561 5875 es
1584 5819 1810 5892 epistola
1838 5820 1931 5888 b0,
1959 5821 2053 5875 sed

1509 443 1826 499 GOFFiilDI
1866 440 2154 497 ABBATIS
2194 442 2722 501 V'INDOCINENSIS

3651 439 3751 501 ΙἹὈ

2624 556 2955 612 EPISTOLA
3001 557 3276 613 XXXVI".

2168 648 2209 704 ϐ
2219 651 2439 719 οῙῙνὶάιιδ
2455 649 2853 704 i’indocinensis
2869 653 3170 705 monasterii
3183 652 3587 717 serrus,dilecto
3598 652 3749 723 [τοιιὶ

2238 741 2462 793 Ant/rea:
2492 740 2663 806 (5‘25).
2695 739 2879 793 salutis
2906 742 3104 794 monita
3126 741 3370 796 oblivioni
3403 759 3509 797 non
3528 746 3743 803 tradere.

2151 857 2156 861 -
2241 829 2313 883 De
2345 837 2395 882 te
2417 829 2572 883 nobis
2595 828 2821 882 relatum
2853 831 2996 884 scias
3021 832 3163 898 quod
3186 833 3493 901 generalem
3523 834 3743 890 refecto-

2169 921 2232 973 rii
2283 936 2472 989 panem
2519 930 2571 975 et
2616 921 2797 975 vinum
2856 922 3141 990 respuisti,
3182 933 3237 978 et
3280 934 3340 978 ut
3382 926 3546 994 212
3594 926 3744 984 alium

2168 1029 2393 1082 panem,
2439 1013 2730 1082 vinumque
2778 1014 2923 1067 aliud
2966 1014 3059 1068 tibi
3109 1028 3411 1084 qnazreret,
3464 1018 3740 1073 cellarario

2166 1102 2491 1173 prtecepiSti.
2520 1102 2575 1156 Si
2601 1117 2697 1172 per
2720 1102 2980 1159 invidiam
3001 1112 3059 1159 et
3080 1120 3187 1159 non
3208 1122 3275 1160 ex
3303 1108 3531 1161 veritate
3552 1108 3741 1164 dictum

2167 1205 2272 1257 est,
2308 1196 2574 1251 dicentem
2603 1211 2708 1251 non
2742 1197 2956 1252 dubites
2981 1210 3196 1268 pronam
3227 1200 3523 1268 acquisisse
3544 1201 3661 1257 sibi.
3690 1204 3741 1258 Si

2168 1302 2295 1340 vero
2325 1302 2354 1341 a
2382 1297 2433 1343 te
2466 1297 2644 1343 actum
2675 1298 2789 1354 est,
2824 1289 3100 1359 sapienter
3123 1292 3336 1361 corrige
3373 1293 3516 1361 quod
3557 1292 3740 1350 fecisti.

2166 1375 2391 1447 Oportet
2412 1380 2555 1434 enim
2592 1389 2672 1444 te,
2703 1381 2902 1447 frater,
2945 1381 3026 1439 sic
3059 1384 3109 1437 in
3142 1384 3396 1439 omnibus
3428 1390 3741 1456 temperari,

2166 1483 2233 1520 ne
2274 1469 2428 1537 quasi
2481 1468 2649 1523 libera
2694 1478 2848 1524 utens
2900 1480 3169 1539 potestate
3207 1474 3508 1544 quidquam
3555 1475 3740 1540 facias,

2166 1558 2309 1612 unde
2335 1558 2530 1612 merito
2561 1557 2852 1625 fratribus,
2886 1574 3023 1629 quos
3056 1569 3159 1615 tua:
3179 1562 3455 1618 dilectioni
3484 1566 3743 1621 commisi-

2164 1662 2314 1714 mus,
2345 1647 2657 1703 scandalnm
2690 1650 2864 1703 valeat
2889 1650 2973 1703 vel
3002 1667 3248 1706 murmur
3273 1655 3541 1718 generari.

2663 1740 2994 1796 EPISTOLA
3032 1741 3277 1797 XXXIX.

2164 1829 2433 1896 Co/fridus
2479 1827 2878 1884 Vinrlocinensis
2922 1835 3227 1886 monasterii
3273 1835 3492 1890 humilis
3532 1853 3739 1904 servus,

2230 1920 2418 1974 dilecto
2448 1921 2502 1973 in
2543 1920 2751 1975 Christo
2783 1922 2895 1990 ﬁlio
2929 1923 3154 1977 Andrerc
3175 1967 3190 1991 ,
3221 1926 3511 1992 prudenter
3547 1938 3595 1982 et
3624 1929 3741 1984 sint-

2231 2013 2434 2081 pliciter
2465 2011 2516 2065 in
2548 2012 2789 2067 omnibus
2824 2015 3146 2070 ministrare.

2231 2103 2388 2158 Circa
2420 2102 2648 2167 fratres,
2684 2120 2820 2173 quos
2852 2115 2954 2160 tum
2991 2107 3112 2161 fidei
3143 2108 3549 2176 commisimus,
3590 2113 3665 2169 sic
3694 2120 3742 2168 te

2161 2196 2315 2251 decet
2345 2209 2465 2249 esse
2491 2195 2807 2261 sollicitum,
2841 2208 2900 2252 ut
2920 2199 3045 2252 dum
3075 2200 3282 2254 animas
3310 2217 3498 2256 eorum
3530 2203 3739 2259 salvare

2168 2288 2476 2351 desideras,
2509 2303 2695 2342 curam
2735 2304 3021 2359 corporum
3050 2292 3307 2349 exhibere
3339 2310 3442 2348 non
3490 2296 3740 2366 negligas.

2165 2379 2276 2432 Non
2322 2379 2465 2433 enim
2497 2377 2634 2435 bene
2662 2379 2714 2434 in
2766 2382 2984 2437 homine
3012 2383 3247 2437 animam
3275 2386 3481 2458 diligit,
3513 2390 3603 2457 qui
3634 2405 3745 2444 cor-

2163 2468 2277 2536 pori
2306 2469 2358 2523 in
2390 2484 2487 2524 sua
2518 2471 2843 2525 necessitate
2873 2470 3072 2543 refugit
3100 2473 3407 2530 subvenire.
3452 2478 3748 2549 Utrumque

2166 2560 2303 2613 Dens
2329 2560 2591 2625 condidit,
2621 2570 2675 2616 et
2714 2571 2771 2616 ut
2802 2570 3092 2633 utrumque
3121 2575 3427 2635 repararet,
3466 2578 3749 2639 utrumque

2164 2653 2432 2720 suscepit;
2505 2668 2668 2708 carne
2719 2653 2933 2722 quidem
2988 2667 3235 2711 mortuus
3276 2667 3390 2723 est,
3457 2668 3514 2714 et
3561 2662 3753 2715 anima:

2162 2748 2363 2807 vitam,
2409 2760 2573 2814 quam
2616 2756 2838 2814 peccato
2886 2762 2986 2801 suo
3020 2748 3367 2816 perdiderat,
3418 2749 3612 2804 iterum
3659 2753 3749 2806 dc-

2164 2836 2262 2891 dit.
2291 2835 2407 2889 Non
2458 2851 2521 2889 ex
2561 2839 2741 2892 carnis
2790 2839 3166 2908 corruptione,
3216 2841 3356 2896 sicut
3383 2842 3601 2911 quidam
3652 2859 3748 2912 pu-

2165 2936 2278 2981 tant
2300 2927 2469 2999 (32(5),
2495 2928 2689 2983 animm
2716 2946 2862 2984 mors
2886 2932 3183 3000 processit;
3209 2949 3307 2987 nec
3332 2934 3580 2989 diabolus
3605 2938 3753 3006 prius

2163 3034 2382 3073 carnem
2429 3028 2669 3073 nostram
2720 3020 2906 3076 infecit
2945 3038 3107 3092 quam
3155 3025 3414 3081 animam.
3458 3024 3618 3081 Unde
3662 3029 3751 3098 qui

2164 3120 2310 3163 recte
2336 3108 2540 3171 credit,
2588 3108 2843 3180 intelligit
2870 3114 3013 3181 quod
3060 3114 3431 3184 corruptibilis
3475 3131 3604 3171 caro
3646 3134 3752 3172 non

2165 3202 2401 3256 animam
2429 3203 2820 3272 peccatricem,
2856 3204 2949 3257 sed
2998 3204 3179 3259 anima
3217 3207 3491 3274 peccatrix
3534 3224 3755 3264 carnem

2165 3296 2572 3363 corruptibilem
2604 3295 2752 3351 fecit.
2794 3294 2852 3350 in
2900 3297 3095 3366 quibus
3140 3295 3469 3354 fraternitati
3511 3308 3616 3356 tua:
3648 3316 3755 3356 nou

2162 3385 2423 3451 dicimus,
2461 3394 2524 3442 ut
2572 3400 2636 3442 ea
2681 3386 2883 3451 facias,
2920 3387 3004 3442 vel
3049 3388 3364 3443 consentias
3416 3389 3580 3460 213
3638 3406 3757 3461 qua:

2163 3478 2467 3534 inordinate
2499 3479 2833 3547 concupiscit
2863 3479 3139 3550 voluptas,
3178 3480 3272 3536 sed
3301 3495 3422 3552 qua)
3444 3482 3592 3551 juste
3638 3482 3753 3538 fieri

2162 3570 2305 3638 cogit
2328 3570 2641 3625 necessitas.
2677 3569 2824 3624 Vale.

2712 3657 3042 3717 EPISTULA
3087 3658 3201 3715 XL.

2156 3746 2445 3822 Coﬂ'ridus
2478 3747 2879 3812 Vindocittensis
2930 3752 3235 3804 ntonasterii
3283 3751 3497 3830 humilis
3540 3769 3752 3815 servus,

2233 3838 2515 3893 venerabili
2565 3841 2722 3910 fratri
2765 3858 2862 3895 suo
2908 3841 3153 3897 Andreae.
3198 3859 3216 3893 ι
3261 3840 3385 3897 Νοη
3419 3845 3532 3898 verti
3584 3842 3757 3913 facere

2230 3932 2548 3987 voluntatem
2580 3949 2750 3987 meam
2774 3974 2787 3998 ,
2830 3932 2922 3988 sed
2959 3934 3073 4004 ejus
3104 3935 3194 4004 qui
3235 3936 3375 3987 misit
3422 3951 3503 3990 me
3539 3935 3749 4002 (Joan.,

2231 4039 2307 4091 vi,
2337 4026 2449 4097 58),
2485 4047 2503 4077 ι
2537 4027 2834 4080 memoriter
2860 4026 3100 4080 retinere.

2233 4117 2314 4171 Ad
2340 4126 2411 4183 te,
2442 4118 2798 4173 dilectissime
2818 4157 2834 4181 ,
2865 4117 3120 4172 dilectum
3150 4117 3315 4171 filium
3350 4127 3597 4173 nostrum
3633 4118 3761 4179 lle'.

2164 4206 2376 4261 bertum
2410 4208 2688 4271 misimus,
2734 4222 2894 4277 quem
2944 4208 2998 4261 in
3047 4209 3209 4262 rebus
3248 4208 3432 4262 saeculi
3474 4211 3760 4278 providum

2164 4311 2284 4352 esse
2306 4298 2705 4366 cognoscimus,
2732 4308 2789 4352 et
2824 4305 2882 4349 ut
2910 4311 2973 4351 ea
3014 4313 3132 4367 quae
3170 4297 3304 4352 foris
3345 4299 3552 4367 agenda
3600 4309 3765 4364 sunt,

2165 4388 2440 4458 sapienter
2460 4397 2509 4442 et
2541 4398 2631 4441 tuo
2659 4389 2886 4442 consilio
2913 4397 3073 4459 agat,
3101 4390 3469 4458 prmeipinms,
3505 4390 3611 4444 hoc
3656 4392 3761 4445 sibi

2168 4479 2479 4546 specialiter
2507 4478 2879 4550 injungentes,
2906 4489 3172 4549 quatenus
3215 4489 3266 4534 te
3298 4489 3408 4534 toto
3434 4482 3600 4534 corde
3639 4481 3764 4535 dili-

2168 4579 2278 4641 gat,
2302 4580 2357 4626 et
2380 4572 2472 4624 tibi
2507 4580 2760 4640 tanquam
2793 4570 2956 4640 priori
2980 4584 3078 4624 suo
3109 4570 3392 4640 diligenter
3412 4571 3649 4623 ohediat.
3682 4571 3764 4626 Tu

2168 4675 2296 4714 vero
2324 4669 2373 4715 te
2401 4659 2559 4715 talem
2589 4662 2732 4715 circa
2769 4661 2941 4730 ipsum
2974 4669 3028 4714 et
3066 4671 3290 4715 caeteros
3335 4670 3439 4714 tua:
3481 4661 3765 4718 dilectioni

2164 4750 2482 4805 commissos
2531 4750 2726 4806 fratres
2763 4768 2892 4807 cura
2936 4752 3191 4821 pastorali
3237 4752 3459 4812 exhibe,
3511 4769 3581 4809 ne
3631 4756 3770 4823 quid

2164 4843 2342 4897 minus
2368 4842 2716 4912 perfectionis
2744 4844 2796 4897 in
2825 4843 2904 4897 eis
2925 4842 3116 4898 Pastor
3135 4852 3371 4899 :etcrnus
3394 4844 3570 4898 valeat
3604 4846 3768 4902 inve-

2146 4934 2301 5001 .nire.
2336 4934 2489 5013 Quod
2522 4936 2566 4989 si
2598 4937 2743 5016 circa
2780 4937 2990 5007 animas
3021 4944 3123 4991 tute
3153 4936 3276 4991 fidei
3305 4938 3576 5003 creditas,
3602 4939 3771 5008 juxta

2162 5027 2584 5083 admonitionem
2642 5037 2911 5093 nostram,
2966 5037 3017 5083 te
3069 5028 3355 5084 sollicitum
3405 5030 3770 5097 exhibueris,

2150 5117 2471 5172 ﬁrmissime
2493 5119 2684 5184 crede,
2716 5126 2771 5172 et
2801 5121 3107 5174 nullatenus
3136 5121 3386 5189 dubites,
3411 5122 3679 5190 quoniam
3704 5125 3774 5178 de

2167 5207 2360 5261 minori
2397 5208 2696 5262 substantia
2731 5210 2926 5264 merito
2952 5213 3162 5264 causari
3198 5225 3302 5265 non
3346 5211 3570 5279 poteris.
3619 5211 3781 5269 Deus

2154 5297 2307 5353 enim
2337 5310 2434 5367 per
2463 5316 2548 5355 me
2574 5300 2851 5371 indignum
2882 5302 3143 5356 famulum
3170 5318 3327 5357 suum
3352 5302 3503 5358 tuam
3542 5306 3775 5376 supple-

2164 5410 2318 5486 Cttjns
2338 5411 2455 5486 loci
2462 5412 2622 5486 prior
2647 5411 2808 5469 fuerit
2832 5430 2938 5469 non
2968 5414 3251 5486 significat.

2234 5480 2382 5556 (32g)
2424 5480 2548 5556 Non
2580 5498 2650 5556 ea;
2675 5486 2848 5556 carnis
2877 5480 3206 5556 corrdptione
3241 5486 3375 5539 sicut
3414 5486 3635 5554 quidam
3671 5503 3779 5556 pn—

2161 5558 2296 5624 tgnt.
2320 5551 2403 5624 Ex‘
2428 5552 2747 5619 Augustino,
2779 5554 2870 5608 lib.
2897 5570 3007 5608 xw.
3034 5551 3117 5608 De
3141 5554 3372 5610 Civitate
3398 5551 3513 5622 Dei,
3536 5551 3773 5624 capIS:

2161 5618 2696 5694 Corru;.'tio_corporis
2733 5618 2849 5694 quae
2895 5629 3140 5692 oggrrivat
3174 5626 3437 5686 animam,
3486 5618 3778 5693 non-pec-

2159 5689 2262 5763 cati
2301 5690 2455 5754 primi
2483 5699 2557 5741 est
2584 5689 2769 5763 causa,
2796 5694 2885 5746 sed
2920 5689 3070 5763 paena
3086 5709 3104 5755 ;
3130 5710 3220 5746 nec
3244 5710 3369 5747 caro
3395 5689 3780 5763 corruptibilis

2159 5758 2782 5833 animanrpeceatricem,
2830 5758 3130 5816 sed'anima
3163 5764 3434 5832 peccatrix
3479 5758 3607 5833 [edit
3649 5766 3782 5822 ait

2159 5827 2547 5896 corruptibilem
2568 5843 2798 5884 carnem.
