3992 6352
1550 333 1932 392 ΕΡΙΞΪΟιιᾸι.
1965 369 2034 379 -—-
2067 337 2193 392 LIB.
2239 337 2320 394 IV.

3481 344 3596 405 {83‘

289 464 327 505 ιι
349 467 393 504 σε
427 447 588 503 rebus
612 447 722 503 suis
743 446 1025 518 presbyter
1051 446 1366 516 exspoliari,
1413 447 1495 502 vel
1533 447 1602 502 ab
1648 447 1890 503 Ecclesia
1920 452 1969 510 Α
1997 465 2117 517 quae
2149 451 2192 505 si
2220 466 2344 504 vera
2383 461 2531 516 sunt,
2563 461 2620 506 ut
2650 454 2789 508 nulia
2813 451 3161 510 excusatione
3189 455 3280 510 illa
3302 455 3582 524 defendas,

288 538 482 612 projiei
505 537 683 603 debet,
715 538 886 592 donec
908 545 1002 591 aut
1030 537 1389 592 convincatur
1418 551 1560 604 rcus,
1589 546 1682 590 aut
1701 537 1898 593 libere—

293 640 384 684 tur
419 631 692 685 innoxius.
734 628 844 684 Nec
880 630 982 684 ista
1011 644 1040 682 a
1077 629 1259 696 nobis,
1290 627 1381 683 sed
1412 629 1480 684 ab
1506 629 1760 699 episcopo
1797 645 1896 685 suo

292 730 420 775 situt
464 719 846 774 examinanda.
892 718 1202 784 Scripsistis
1249 718 1404 773 nobis
1437 720 1579 786 quod
1611 720 1896 791 presbyter

291 826 394 881 pro
425 810 862 879 veritate,qnam
909 811 1137 882 populus
1190 809 1256 863 de
1309 827 1375 866 eo
1429 813 1577 880 dicit,
1637 814 1892 884 populum

289 903 426 956 ojit.
463 901 526 956 Et
553 915 654 971 ego
677 903 857 957 scribo
885 905 1038 958 vobis
1070 913 1358 976 utrumque
1381 920 1566 959 verum
1599 920 1743 970 esse,
1768 907 1892 975 quia

286 1001 346 1048 et
378 993 576 1048 veritas
606 1009 747 1063 satpc
769 993 974 1060 odium,
1018 1007 1072 1050 et
1121 997 1303 1051 odium
1361 1011 1502 1065 stepe
1554 998 1892 1052 mendaciqu

288 1082 452 1150 parit.
486 1081 669 1137 Potuit
697 1082 882 1153 itaque
902 1092 957 1138 et
985 1086 1270 1157 presbyter
1297 1101 1394 1156 pro
1438 1087 1663 1141 veritate
1711 1087 1894 1142 odisse

289 1171 575 1242 populum,
607 1183 661 1228 et
697 1173 925 1244 pepulus
956 1189 1052 1244 pm
1073 1176 1197 1230 odio
1220 1178 1479 1230 adversus
1517 1178 1890 1247 presbyterum

290 1263 585 1317 incurrisse
607 1264 970 1322 mendacium.
1004 1265 1286 1321 Ducendus
1314 1276 1418 1331 est,
1451 1265 1667 1330 fratres,
1723 1282 1892 1336 popu-

290 1351 395 1419 lus,
435 1367 538 1407 non
565 1355 890 1422 sequendus,
926 1370 1026 1410 nec
1069 1356 1408 1425 recipiendus
1461 1357 1511 1410 in
1545 1357 1890 1411 accusatione

287 1443 630 1498 clericorum.
659 1443 723 1498 Et
750 1460 934 1499 verum
963 1454 1047 1501 est
1097 1447 1442 1515 proverbium
1475 1446 1604 1501 illud
1634 1466 1646 1502 :
1675 1445 1886 1502 Prisce-

287 1539 413 1588 dere
435 1537 581 1590 debet
617 1538 708 1606 qui
759 1537 902 1592 ducit
953 1539 1196 1594 asellum.
1236 1539 1472 1610 Pepulus
1525 1551 1609 1595 est
1655 1540 1884 1604 asellus.

285 1643 449 1696 quem
488 1644 582 1684 vos
613 1629 918 1698 prazcedcre
962 1641 1018 1686 et
1065 1631 1265 1688 ducere
1305 1633 1533 1698 debetis,
1591 1649 1694 1689 non
1733 1633 1884 1702 sequi

288 1733 440 1771 f‘Ulﬂ.

799 1812 1133 1870 EPISTOLA
1173 1814 1378 1870 XLVII.

283 1899 562 1969 (in/[riclus
614 1899 1010 1958 Viudocinensis
1064 1905 1365 1959 monasterii
1403 1906 1617 1960 humilis
1665 1923 1884 1974 servus,

353 2007 452 2046 suo
475 1993 530 2046 iu
559 1991 767 2047 Christo
793 1994 1014 2048 multum
1063 1997 1251 2050 dilecto
1283 1997 1441 2067 fratri
1465 1996 1686 2052 Roberto
1712 1997 1882 2070 (352),

357 2097 566 2136 seruare
591 2082 805 2136 modum
835 2083 1188 2149 discretionis,
1222 2095 1268 2139 et
1304 2085 1541 2140 terminis
1593 2101 1722 2154 quos
1774 2085 1886 2140 Pa-

356 2185 464 2227 ινεε
498 2183 784 2242 posuerunt
805 2190 915 2228 8888
937 2185 1255 2229 contentum.

358 2261 539 2329 Novit,
579 2265 925 2332 charissime,
963 2276 1018 2322 et
1043 2267 1180 2321 bene
1208 2267 1470 2323 novittua
1501 2267 1738 2334 dilectio,
1784 2267 1886 2324 ali-

279 2355 414 2426 quid
448 2356 609 2410 aliter
663 2372 824 2428 agere
859 2371 979 2412 esse
1025 2358 1275 2414 humana:
1324 2359 1750 2430 imperfectionis
1776 2404 1790 2429 ,
1833 2372 1886 2418 et

276 2447 427 2517 quod
461 2445 618 2501 aliter
638 2457 818 2500 actum
854 2457 937 2502 est
960 2448 1102 2503 nolle
1133 2449 1408 2520 corrigere
1437 2451 1721 2508 diabolica:
1744 2470 1884 2524 pne-

279 2539 630 2610 oumptionis.
655 2539 713 2595 in
744 2540 890 2596 nullo
921 2555 1102 2610 agere,
1128 2553 1325 2613 praeter
1346 2547 1398 2600 id
1435 2548 1577 2615 quod
1609 2556 1693 2602 est
1719 2563 1887 2617 agen-

282 2635 544 2699 dnm,est
572 2634 811 2703 angelica
869 2634 1150 2704 perfectio,
1202 2653 1364 2708 quam
1415 2639 1614 2694 habere
1660 2641 1883 2695 minime

282 2733 485 2794 potest,
513 2724 752 2793 quandin
773 2724 864 2780 hic
915 2740 1123 2794 smnus,
1175 2737 1356 2782 nostra
1409 2729 1647 2784 conditio
1693 2730 1875 2800 219.

283 2812 425 2868 bum
455 2814 617 2883 igitur
637 2830 743 2870 non
771 2814 1034 2871 habemus
1067 2817 1449 2886 perfectionem
1481 2820 1685 2888 angeli,
1709 2820 1884 2875 nulla-

281 2913 446 2958 tenus
461 2904 754 2960 habeamus
771 2907 1246 2976 prtesnmptionem
1271 2907 1490 2962 diaboli.
1513 2907 1637 2963 llazc
1653 2907 1876 2974 idcirco,

281 2995 611 3051 venerabilis
641 2994 828 3060 frater,
860 2997 1260 3066 proposuimus,
1291 2998 1418 3068 quia
1449 3008 1502 3053 te
1531 2999 1656 3053 talia
1681 3001 1873 3070 egisse,

2000 541 2093 596 sed
2116 530 2236 596 cum
2259 544 2405 596 omni
2436 543 2782 602 festinatione
2831 549 3098 618 corrigas,
3133 557 3278 603 tuam
3322 549 3583 619 simplici-

2001 641 2164 686 tatem
2190 649 2462 703 germana‘.
2489 637 2774 694 charitatis
2831 641 3126 699 visceribus
3157 658 3580 699 commonemus.

1996 723 2316 778 Audivimus
2339 725 2482 780 enim
2540 731 2796 796 quoniam
2830 731 2976 786 circa
3035 749 3221 788 sexum
3269 733 3582 797 femineum.

1997 828 2156 880 quem
2189 817 2480 884 regendum
2506 822 2742 889 cmpisli,
2767 824 2976 878 duobus
3014 827 3188 881 modis
3218 826 3386 880 altero
3427 826 3582 881 alteri

1997 919 2220 974 prorsus
2248 908 2522 962 contrario
2554 922 2602 964 te
2625 911 2695 964 ita
2722 913 3008 967 sollicitum
3031 917 3228 981 reddis,
3259 920 3401 986 quod
3428 919 3586 990 modo

1999 995 2049 1048 in
2102 1005 2332 1066 utroque
2389 998 2609 1053 modum
2676 1003 3020 1059 discretionis
3076 1008 3290 1076 penitus
3347 1007 3582 1062 excedis.

1995 1085 2338 1142 Feminarum
2367 1091 2653 1158 quasdam,
2689 1103 2740 1144 ut
2773 1092 2996 1159 dicitur,
3031 1095 3194 1150 nimis
3247 1096 3587 1153 familiariter

1995 1185 2167 1232 tecmn
2197 1179 2443 1234 habitare
2463 1183 2754 1250 permittis,
2795 1183 2993 1252 quibus
3034 1186 3244 1253 privata
3276 1187 3442 1242 verba
3489 1203 3598 1260 833-,

1991 1269 2112 1336 pius
2142 1269 2400 1338 loqueris,
2429 1280 2482 1326 et
2512 1287 2634 1326 cum
2667 1273 2802 1342 ipsis
2830 1275 3020 1340 etiam,
3045 1285 3100 1330 et
3127 1277 3269 1331 inter
3299 1278 3443 1346 ipsas
3489 1295 3588 1332 no-

1991 1367 2080 1412 ctu
2106 1358 2423 1430 frequenter
2448 1362 2650 1416 cubare
2679 1378 2784 1417 non
2818 1365 3122 1420 erubescis.
3151 1365 3287 1420 Hinc
3314 1367 3407 1421 tibi
3434 1367 3586 1421 vide-

1993 1447 2087 1510 ris,
2121 1455 2176 1500 ut
2207 1449 2426 1514 asseris,
2462 1449 2671 1504 Domini
2705 1450 3004 1507 Salvatoris
3025 1452 3186 1518 digne
3208 1453 3445 1522 bajulare
3461 1471 3586 1509 cru-

1990 1551 2126 1599 cem,
2161 1552 2282 1590 cum
2319 1539 2662 1609 exstinguere
2689 1541 2905 1596 conaris
2932 1541 3072 1597 male
3096 1557 3386 1597 accensum
3401 1545 3588 1599 carnis

1988 1627 2258 1681 ardorem.
2286 1627 2399 1682 Hoc
2423 1629 2467 1682 si
2500 1631 2663 1698 modo
2692 1631 2829 1702 agis,
2854 1631 2938 1686 vel
2963 1632 3255 1701 aliquando
3281 1633 3459 1703 egisti,
3485 1648 3585 1688 no-

1989 1733 2114 1771 vum
2150 1727 2201 1772 et
2239 1719 2562 1788 inauditum,
2596 1723 2689 1776 sed
2721 1721 3112 1778 infructuosum
3136 1738 3306 1794 genus
3334 1725 3588 1794 martyrii

1923 1788 1965 1842 Β
1994 1807 2266 1862 invenisti.
2303 1807 2464 1863 Certe
2495 1825 2593 1865 nec
2643 1811 2771 1866 utile
2821 1810 2938 1866 ﬁeri
2996 1788 3194 1882 potest,
3256 1829 3355 1869 nec
3403 1788 3593 1882 alique.

1993 1900 2153 1954 modo
2181 1902 2544 1967 fructuosum,
2592 1903 2735 1973 quod
2786 1915 2977 1958 contra
3031 1911 3295 1961 rationem
3344 1908 3586 1963 noscitur

1991 2003 2110 2044 esse
2138 2001 2546 2062 praesumptum.
2581 1993 2659 2048 Tu
2713 2003 2892 2048 autem
2927 2005 3115 2049 contra
3170 1997 3436 2050 rationem
3476 2013 3588 2054 non

1992 2080 2336 2136 mediocriter
2359 2084 2776 2153 praesumpsisti,
2803 2085 2848 2138 si
2882 2085 3125 2154 qualibet
3177 2088 3461 2142 occasione
3490 2104 3585 2144 cu-

1990 2171 2132 2226 basti
2160 2173 2646 2240 cnmmnlieribus,
2698 2190 2834 2244 quas
2871 2174 3072 2229 mundo
3125 2174 3338 2231 furatus
3386 2177 3594 2234 lucrari

1993 2263 2222 2319 Domino
2245 2265 2534 2320 debueras.
2577 2266 2886 2320 Praesertim
2923 2283 3047 2322 cum
3081 2269 3411 2338 prohibitum
3457 2269 3526 2324 sit
3551 2286 3588 2324 a.

1991 2354 2303 2416 Salomone,
2335 2354 2385 2407 in
2418 2355 2556 2423 ipso,
2593 2363 2648 2409 et
2677 2371 2773 2424 per
2798 2355 2969 2423 ipsum
3004 2355 3209 2426 Spiritu
3257 2366 3446 2412 sancto
3503 2358 3587 2412 itt-

1993 2453 2208 2498 tonante
2238 2461 2250 2496 :
2287 2442 2415 2496 Cum
2447 2445 2681 2507 muliere,
2708 2445 2899 2514 inquit,
2923 2462 3025 2500 nou
3067 2446 3364 2512 accumbas,
3391 2465 3483 2502 nec
3512 2450 3592 2507 sis

1988 2536 2236 2590 assiduus
2253 2552 2370 2588 cum
2410 2551 2494 2601 ea,
2519 2552 2610 2589 nec
2638 2537 2802 2606 220
2825 2537 2973 2590 illaut
3001 2538 3317 2607 conspicias,
3367 2556 3428 2592 ue
3449 2541 3593 2607 forte.

1986 2623 2360 2680 scaudalizeris
2390 2626 2444 2680 in
2473 2626 2864 2694 pulchritudine
2895 2626 3058 2692 illius,
3082 2640 3130 2682 et
3173 2647 3354 2698 pereas
3386 2629 3582 2702 (Eccli.

1986 2737 2066 2786 Ix,
2095 2723 2237 2793 5-5).
2270 2723 2330 2777 Et
2357 2723 2483 2776 item
2519 2739 2531 2775 :
2559 2719 2757 2774 Mulier
2775 2721 3030 2789 pretiosas
3054 2722 3260 2776 animas
3283 2724 3452 2792 capit;
3494 2740 3585 2777 cu-

1976 2813 2070 2881 jus
2101 2811 2416 2882 colloquium
2445 2810 2580 2866 velut
2608 2811 2740 2880 ignis
2770 2826 2860 2864 cor
2885 2810 3110 2864 hominis
3137 2812 3371 2865 accendit
3405 2813 3600 2882 (ibid...

1987 2904 2073 2966 ll,
2104 2903 2213 2974 12).
2243 2902 2552 2972 Nunquam,
2584 2901 2776 2966 frater,
2813 2902 2880 2956 de
2917 2911 3006 2955 tua
3060 2901 3319 2972 religione
3369 2911 3593 2960 tantum.

1982 2994 2246 3060 confidas,
2271 2993 2543 3048 utcredas
2574 3001 2624 3046 te
2655 3008 2760 3046 non
2792 3006 2950 3061 posse
2999 2991 3126 3056 labi,
3171 2992 3213 3046 si
3265 3003 3423 3048 caute
3473 3008 3582 3048 non

277 3095 339 3139 ct
373 3085 550 3142 adhuc
581 3101 740 3158 agere
772 3085 914 3142 fama
945 3087 1285 3144 discurrente
1306 3090 1525 3146 sinistra
1553 3089 1875 3158 audivimus,

1986 3087 2251 3142 ambulas.
2294 3085 2496 3141 Labilis
2518 3093 2601 3140 est
2627 3085 2880 3151 numdus,
2907 3083 3096 3154 plenus
3123 3083 3276 3151 limo,
3302 3085 3391 3140 diu
3425 3085 3481 3140 in
3514 3099 3590 3141 eo

359 3240 507 3309 (552)
533 3239 716 3296 Fratri
747 3241 988 3297 Roberto.
1031 3243 1301 3301 Elenchus
1327 3247 1534 3302 codicis
1576 3247 1882 3304 Cenoman-

281 3313 394 3388 uiei
426 3328 438 3364 :
464 3311 849 3388 dduliobertupt
875 3313 938 3366 de
982 3315 1315 3388 ﬁi'lirttssello
1341 3329 1734 3388 procuratorem
1756 3337 1881 3374 san-

277 3383 667 3456 Ctimonialium
693 3386 757 3456 de
780 3381 949 3436 Fonte
973 3383 1216 3456 Eltraldi,
1257 3386 1312 3439 in
1341 3381 1461 3456 'qua
1507 3389 1747 3444 hortatus
1804 3401 1878 3444 est

277 3467 403 3504 cum
435 3461 489 3504 ut
492 3453 676 3528 _magis
704 3453 923 3508 discrete
963 3471 1018 3508 se
1043 3454 1252 3509 habere!
1303 3453 1440 3528 circa
1490 3474 1673 3528 sexum
1729 3459 1880 3528 femi-

281 3521 904 3594 neumeprocm-atoretn
935 3535 1114 3589 vocat,
1171 3541 1330 3594 quem
1380 3527 1468 3581 alii
1512 3521 1874 3586 fundatorem.

279 3592 613 3660 Cbronicnm
640 3590 697 3647 S.
723 3593 920 3646 Albini.
948 3594 1096 3648 Anno
1122 3590 1258 3651 11⁷16
1280 3638 1294 3660 ,
1342 3598 1468 3650 obiit
1513 3597 1767 3652 Robertus
1813 3600 1879 3655 de

280 3659 669 3734 Arrbrissellisjr
695 3661 820 3734 Kal.
849 3662 1051 3717 Martii.
1078 3663 1186 3720 Iste
1213 3659 1311 3734 {uit
1340 3667 1591 3733 fundator
1617 3679 1877 3724 monaste-

282 3733 353 3783 rii
383 3729 571 3786 Fontis
604 3731 848 3786 Ebraldi.
885 3759 959 3777 —-
995 3734 1147 3788 llanc
1204 3729 1488 3803 epistolam
1543 3737 1874 3794 subdilitiam

275 3816 406 3855 ease
436 3811 596 3871 atque
627 3803 766 3857 haud
804 3803 964 3860 dubie
996 3821 1024 3857 a
1052 3805 1338 3860 Bosceliuo
1367 3806 1623 3860 hrnretico
1649 3818 1738 3860 aut
1771 3809 1877 3865 alio

277 3872 538 3940 quopiam
568 3873 788 3926 homine
813 3873 1056 3940 improbo
1081 3876 1389 3937 confictam,
1427 3875 1876 3932 existimaverunt

279 3941 572 4012 Bollantlus
594 3952 645 3996 et
679 3942 1049 3998 Hettsldtettitls
1089 3945 1181 4003 (ad
1218 3946 1354 3999 diem
1388 3961 1514 3998 XXIV
1559 3943 1871 4012 Februarii,

279 4011 580 4085 pag._litl(i),
608 4013 939 4085 Theophilus
970 4015 1298 4085 liaynaudus
1329 4015 1407 4084 (In
1444 4015 1635 4069 Triade
1659 4015 1874 4082 fortium

281 4081 481 4156 David,
517 4081 782 4156 βδεῖ-μὶ),
807 4081 1064 4156 Joannes
1091 4085 1239 4156 Bona
1289 4081 1600 4149 cardinalis,
1641 4081 1872 4156 aliique,

279 4165 321 4226 ξε
338 4153 419 4226 leo
443 4151 760 4226 incredibile
791 4153 966 4226 visum
989 4163 1073 4209 est
1120 4155 1173 4209 id
1212 4157 1352 4226 quod
1389 4156 1442 4210 in
1474 4171 1534 4212 ea
1566 4151 1790 4226 epistola
1809 4157 1875 4212 de

281 4220 521 4295 liaberto
546 4223 966 4295 Arbrussellcnsi
993 4220 1264 4279 narratur.
1292 4225 1437 4280 Illam
1463 4220 1660 4287 tamen,
1685 4242 1874 4295 quam-

279 4294 367 4346 v's
398 4293 769 4360 praestantium
813 4294 1127 4349 criticornm
1168 4311 1484 4359 censuram,
1545 4293 1870 4353 hand‘satis

281 4361 457 4416 lis-'1';
485 4363 579 4416 niti
608 4365 875 4417 rationum
901 4366 1188 4420 momentis
1236 4366 1324 4420 alii
1384 4366 1568 4436 plures
1600 4378 1824 4422 censent
1852 4385 1867 4434 ;

1985 3245 2292 3325 mittimus,
2341 3258 2464 3316 qua!
2509 3246 2598 3301 alii
2653 3244 3004 3325 collegerunt,
3059 3243 3321 3325 ejusdem
3352 3241 3578 3325 Robertl

1984 3317 2180 3394 elogia.
2215 3317 2380 3394 C_erte_
2404 3325 2669 3394 quotquot
2695 3332 2777 3394 ea_
2802 3323 2961 3394 aetate
3001 3317 3328 3394 egisti-terunt
3378 3317 3580 3394 virtute

1985 3382 2339 3441 vel‘doctrina
2368 3382 2690 3456 insigniores
2731 3386 2853 3448 viri,
2886 3393 2998 3456 tum
3045 3382 3341 3456 llobertum
3398 3383 3575 3452 ipsum

1984 3457 2192 3525 magnis
2221 3453 2506 3526 przeconiis
2525 3458 2787 3519 extulere,
2815 3463 2925 3526 tum
2951 3453 3192 3526 impense
3221 3453 3579 3509 laudavernnt

1983 3522 2283 3598 institutam
2308 3531 2381 3598 ab
2415 3527 2532 3596 ipso
2555 3527 2859 3598 religiosam
2895 3522 3185 3598 familiam;
3231 3538 3393 3592 quam
3442 3526 3566 3592 qui-

1981 3598 2102 3650 dem
2138 3597 2189 3650 in
2221 3596 2351 3664 ipsis
2371 3595 2626 3660 exerdiis,
2655 3595 2865 3652 vivente
2886 3595 3063 3648 adhuc
3110 3605 3337 3648 auctore
3385 3601 3439 3648 et
3484 3610 3577 3664 pa-

1982 3676 2156 3730 rente,
2186 3682 2465 3720 sacrarum
2497 3669 2767 3735 virginum
2814 3665 3056 3735 quinque
3105 3665 3269 3719 millia
3321 3681 3575 3720 numera-

1979 3738 2165 3806 visse,
2201 3740 2354 3790 testis
2401 3746 2484 3791 est
2516 3753 2648 3792 sane
2699 3737 2937 3806 locuples
2966 3735 3247 3806 rSngerius
3301 3735 3469 3788 abbas
3519 3737 3574 3792 in

1977 3805 2200 3874 epistola
2233 3808 2298 3860 ad
2325 3807 2618 3874 Eugenium
2649 3805 3048 3877 papamrhujus
3077 3805 3570 3877 noministertium.

1978 3892 2042 3928 ac
2065 3877 2485 3930 sanctintouiales
2513 3875 2659 3931 illas‘
2686 3875 2798 3946 ipse
2845 3876 3118 3946 Goll'ridus
3167 3887 3423 3943 tanquam
3460 3875 3572 3931 Deo

1976 3946 2194 3998 dilectas
2217 3947 2268 3998 in
2301 3946 2530 4014 quadam
2556 3945 2783 4015 cpistola
2816 3946 2986 4011 (epist.
3012 3945 3102 4009 32)
3141 3947 3423 4015 rprteuicat.

2049 4015 2179 4080 Quis
2207 4015 2368 4085 igitur
2393 4032 2497 4068 non
2529 4014 2727 4070 sentiat
2773 4015 3082 4082 neutiquam
3138 4014 3434 4085 insimulari
3477 4023 3571 4068 ant

1976 4083 2297 4154 reprehendi
2330 4085 2631 4154 aGoll‘rido
2689 4085 3006 4154 ltobcrtutn,
3059 4083 3151 4136 sed
3205 4083 3272 4154 de
3333 4084 3397 4136 iis
3445 4098 3567 4152 quae

1975 4151 2224 4210 homines
2262 4153 2508 4208 maledici
2543 4154 2890 4222 Spargebant,
2924 4152 3094 4205 libere
3123 4166 3192 4222 ac?
3227 4151 3475 4212 sincere,
3508 4163 3568 4208 ut

1976 4226 2028 4278 ﬁ!
2059 4227 2200 4278 inter
2225 4223 2449 4286 amicos,
2475 4221 2773 4277 admoneri.
2797 4223 2975 4291 Atque
3001 4222 3052 4275 id
3076 4221 3157 4275 vel
3183 4221 3297 4290 ipsa
3329 4223 3570 4291 epistola:

1976 4295 2138 4349 verba
2173 4293 2304 4349 satis
2330 4294 2706 4348 demonstrant
2749 4311 2763 4346 :
2821 4289 2899 4344 Uti
2942 4292 3137 4346 dicitur
3185 4289 3215 4345 :7
3247 4289 3380 4344 sicut
3425 4294 3570 4360 fama

1973 4365 2172 4432 spargit
2209 4383 2226 4418 :
2251 4364 2439 4417 diceris
2467 4366 2577 4418 hau:
2598 4364 2770 4432 facere
2804 4361 3049 4432 :teita/ia
3088 4362 3252 4430 egisse
3271 4362 3416 4428 fama
3454 4363 3565 4415 dis-

279 4447 389 4512 μου
421 4447 538 4516 quo
564 4447 688 4514 vera
713 4448 842 4516 esse
861 4444 1051 4502 putent
1097 4451 1216 4502 quas
1251 4437 1318 4490 de
1365 4431 1483 4516 viro
1523 4431 1870 4516 sanctissimo
1902 4461 1946 4516 ο
1973 4431 2213 4516 ctu-rente
2263 4433 2478 4486 sinistra
2523 4431 2840 4516 audivimus.
3024 4433 3233 4502 quidem
3277 4434 3332 4516 in
3373 4432 3568 4516 mundo

272 4501 482 4573 jactata
512 4501 676 4558 fuisse
693 4505 1078 4573 perbibenteae
1100 4501 1310 4570 ljtterte,
1351 4507 1443 4561 sed
1471 4523 1668 4562 novum
1708 4506 1864 4561 vide-

279 4571 410 4646 licet
439 4571 930 4646 sanctimonialium
962 4577 1286 4640 institutum,
1309 4580 1463 4646 cujus
1488 4578 1574 4632 ille
1619 4578 1866 4632 conditor

278 4641 406 4704 fuit,
432 4652 594 4710 atque
622 4643 757 4696 adeo
784 4645 1072 4712 colloquia,
1102 4648 1177 4700 uti
1202 4641 1422 4702 necesse
1466 4648 1585 4712 fuit,
1614 4663 1736 4702 cum
1788 4646 1862 4702 fe-

277 4712 448 4784 minis
482 4713 586 4767 illis
613 4714 803 4784 crebra
830 4715 1091 4784 improbis
1121 4731 1186 4771 ac
1216 4716 1497 4772 malevolis
1552 4717 1864 4773 hominibus

279 4782 646 4858 calumniandi
709 4782 1262 4858 ansam’prmbuisse;
1329 4787 1381 4842 id
1449 4789 1591 4858 quod
1637 4788 1865 4844 summis

277 4853 445 4928 etiam
468 4867 531 4907 ac
559 4855 918 4910 sanctissimis
940 4853 1096 4928 viris.
1124 4853 1479 4928 Hieronymo'
1497 4858 1724 4925 aliisque
1772 4873 1866 4928 ac:

278 4922 480 4995 cidisse
505 4938 663 4977 nemo
697 4928 891 4988 nescit,
933 4925 1058 4980 dum
1086 4927 1121 4980 ii
1155 4922 1479 4995 peculiarem
1533 4922 1748 4982 feminis
1795 4926 1863 4982 ad

281 4993 541 5066 pietatem
565 4995 912 5066 instituendis
931 4993 1571 5066 operamimpenderent.

352 5062 586 5137 Omnino
609 5064 902 5137 Robertum
935 5062 1002 5121 de
1025 5062 1365 5122 Arbruss'ello
1410 5083 1731 5137 quacunque
1765 5086 1860 5124 ne-

278 5133 488 5201 quioris
516 5132 642 5188 facti
674 5137 981 5204 SttSpiCiOlle
1034 5138 1168 5192 satis
1199 5132 1441 5191 liberant
1475 5132 1754 5192 innumera
1811 5147 1867 5192 et

279 5204 511 5278 illustria
544 5204 698 5273 plane
728 5208 1031 5278 testimonia
1060 5224 1178 5278 quze
1203 5209 1368 5277 ipsius
1399 5209 1606 5270 virtuti,
1653 5210 1862 5277 pietati,

277 5274 586 5348 sapientiae,
611 5277 868 5341 prtcclare
896 5274 1093 5345 gestis;
1140 5274 1350 5348 plurimi
1401 5274 1673 5333 antistites
1701 5280 1862 5345 sacri,

277 5345 382 5414 viri
418 5343 708 5412 principes.
755 5343 949 5400 suuuni
983 5343 1152 5400 etiam
1196 5350 1478 5414 pontiﬁces
1537 5343 1862 5403 tribuerunt.

277 5413 434 5486 [llum
456 5414 734 5469 Paschalis
763 5417 800 5470 ll
838 5434 1039 5486 magna!
1068 5413 1326 5486 religionis
1353 5421 1517 5472 virum
1545 5419 1862 5482 nominavit,

278 5485 564 5556 Rohertus
585 5487 650 5540 dc
677 5489 865 5550 alente.
906 5489 1072 5540 uirum
1099 5485 1274 5556 aptum
1317 5490 1383 5541 ad
1416 5489 1698 5543 lucraudas
1749 5491 1866 5542 aui-

278 5571 428 5619 mus;
453 5555 512 5609 Β.
541 5555 733 5612 Petrus
756 5559 1038 5626 episcopus
1071 5555 1426 5622 Pictavorum,
1464 5561 1629 5613 virum
1659 5568 1866 5626 aposto-

279 5627 463 5698 licum.
524 5627 674 5698 uerbo
725 5627 912 5682 dicitur
950 5629 1336 5697 praedicationis
1377 5631 1636 5698 sagaciter
1681 5630 1866 5698 invigi-

279 5696 496 5762 lantem,
520 5707 568 5751 et
607 5696 835 5751 tonitrua
887 5708 1080 5751 sanctis
1121 5696 1496 5752 exhortationis
1535 5697 1710 5768 plures
1757 5696 1864 5752 tam

281 5774 421 5822 t'tros
452 5784 607 5838 quam
645 5767 885 5824 mulieres
911 5786 939 5822 a
972 5768 1211 5823 sa'culari
1237 5769 1360 5824 luxu
1391 5767 1864 5827 rerocdummdlia

2011 4506 2124 4558 nasi
2156 4505 2673 4582 montcmexcelsum
2699 4503 3019 4582 ascendistia
3057 4518 3119 4582 ac
3144 4517 3235 4582 per
3274 4503 3370 4554 hoc
3416 4503 3472 4582 in
3519 4511 3568 4582 te

1992 4577 2181 4643 iuguas
2205 4585 2251 4628 et
2289 4573 2470 4640 oculos
2493 4575 2763 4629 hominum
2791 4572 3106 4643 convenisti.
3143 4571 3240 4643 AEt,
3286 4571 3560 4643 quodmi-

1971 4640 2117 4700 nime
2144 4645 2686 4714 prtetermittendum,
2720 4645 2771 4696 in
2820 4642 3058 4710 cpislolm
3108 4640 3364 4703 clausula,
3406 4640 3564 4714 γωδ,

1972 4711 2166 4784 inquit,
2199 4726 2245 4769 et
2271 4731 2364 4767 nos
2395 4725 2606 4788 tuarum
2639 4725 2946 4788 sanctarum
2973 4727 3209 4788 precum,
3264 4711 3567 4788 suppliciter

1967 4783 2269 4852 precamur,
2303 4785 2581 4851 participes
2609 4785 2765 4852 efﬁce.
2807 4784 2937 4848 Quae
2981 4783 3161 4852 omnia
3197 4783 3332 4852 satis
3363 4791 3566 4852 Austen-

1969 4849 2104 4908 tlnnt
2127 4849 2721 4924 quanihonou‘ilicede
2752 4852 2986 4924 Rotterto
3019 4851 3244 4924 sentiret
3269 4849 3562 4924 Goffridns,

1969 4936 2023 4977 et
2053 4920 2215 4992 quam
2237 4938 2426 4991 parum
2472 4923 2708 4978 sinistris
2762 4922 2868 4974 illis
2931 4920 3237 4975 rumoribus
3279 4923 3559 4988 tribueret,

1969 4995 2050 5047 vel
2072 5008 2199 5048 tunc
2219 5010 2342 5048 cum
2365 4994 2647 5063 epistolam
2671 4993 2814 5046 illam
2841 4993 3132 5044 scribebat.

2043 5068 2118 5119 Ac
2149 5062 2406 5132 plurimis
2445 5064 2707 5131 ejusmodi
2763 5063 3158 5132 luculentisque
3212 5062 3559 5129 testimoniis,

1971 5136 2201 5204 aliisque
2235 5136 2569 5204 argumentis
2587 5133 2942 5201 gravissimis,
2967 5133 3312 5186 sanctitatem
3341 5133 3562 5204 lioberti

1971 5203 2371 5261 Arbrussella’ui
2423 5203 2890 5271 comprobavisse,
2919 5205 3053 5257 satis
3069 5217 3188 5256 esse
3213 5210 3423 5271 poterat
3447 5203 3562 5257 viro

1969 5275 2150 5340 docto,
2182 5275 2271 5351 qui
2302 5275 2503 5351 abhinc
2527 5274 2732 5351 aliquot
2754 5289 2922 5351 apntis
2953 5273 3140 5343 grandi
3163 5271 3561 5351 couitnentario

1971 5341 2210 5400 oausam
2227 5345 2364 5398 hanc
2388 5345 2500 5416 egit
2525 5341 2656 5416 sane
2673 5341 3028 5416 iustissimam
3043 5359 3071 5416 _;_
3092 5341 3246 5416 cujus
3261 5341 3560 5416 scriptoris

1972 5416 2258 5470 consilium
2288 5407 3128 5490 certe'studiumquclaudabile.
3319 5407 3558 5490 profecto

1969 5501 2182 5558 {equum
2232 5499 2337 5539 non
2362 5484 2499 5547 fuit,
2531 5498 2704 5558 neque
2728 5481 2742 5483 “
2769 5484 3058 5558 ad_va_nat_n
3110 5481 3555 5558 criminationem

1969 5548 2278 5630 diluendam
2331 5548 3054 5630 necessarimn._nt_Goll'ridi
3105 5548 3351 5630 Operum-
3385 5549 3556 5630 edito-

1971 5642 2108 5690 rem,
2134 5627 2305 5681 virum
2329 5625 2578 5680 omnibus
2626 5622 3092 5692 probatissimum,
3135 5627 3358 5692 vocaret
3389 5622 3440 5671 in
3468 5622 3550 5692 in-

1972 5689 2194 5761 vidiam,
2237 5711 2300 5750 ac
2345 5695 2476 5749 nihil
2510 5689 2747 5762 unquam
2794 5692 2903 5762 t_ale
2956 5689 3310 5762 promeritam
3361 5689 3606 5759 acerbe.~

1981 5759 2245 5840 carperet.
2277 5766 2485 5823 EDITOR
2515 5759 2765 5822 Vinctos
2787 5760 2917 5832 Opp.
2945 5759 3236 5815 Sirmomli.
