3986 6492
352 344 460 402 183

1389 343 1711 401 COFFRIDI
1751 341 2046 398 ABBATIS
2080 339 2604 400 VINDOCINENSIS

3562 329 3684 390 188

353 469 501 512 stare
530 456 720 513 llrmus
749 459 909 514 homo
937 475 1040 515 non
1068 457 1466 529 potuit;subito
1497 459 1676 527 lapsus
1711 468 1824 523 est;
1851 459 1938 512 vix
1968 461 2012 517 A
2042 459 2305 514 delicatus
2341 473 2514 526 sexus.
2532 456 2820 524 femineus,
2867 465 2922 512 et
2950 456 3150 512 idcirco
3182 466 3410 510 necesse
3461 458 3566 504 est
3619 452 3687 506 ιι

353 559 448 608 aut
479 565 755 620 nunquam
785 553 1036 606 surrexit.
1063 550 1140 603 Tu
1165 549 1381 618 quidem
1427 547 1482 601 in
1538 549 1741 604 mundo
1792 548 1947 619 quasi

352 654 596 698 montem
625 645 897 698 excelsum
925 641 1234 705 ascendisti,
1271 656 1334 694 ac
1355 655 1452 710 per
1506 642 1610 696 hoc
1656 641 1708 695 in
1759 649 1812 694 te
1847 640 1951 694 Iin-

353 749 492 804 guas
518 744 572 789 et
593 736 778 800 oculos
803 735 1076 786 hominum
1131 732 1470 786 convertisti.
1523 731 1669 800 Ergo
1705 740 1856 786 stans
1897 733 1948 786 in

352 833 562 888 monte,
594 824 716 878 vide
743 838 812 878 ne
828 838 1070 886 corruas,
1099 837 1197 877 nec
1226 837 1323 892 per
1344 823 1668 893 martyrium
1697 823 1952 893 martyri-

293 895 302 962 ί
353 918 463 972 lius
489 916 690 971 sanctis
711 915 926 984 penitus
947 915 1216 983 ignotum,
1241 913 1506 984 religiosae
1527 915 1653 968 vitae
1682 913 1952 983 principio

354 1016 540 1061 notam
564 1004 798 1058 infamia:
822 1005 1186 1074 derelinquas.
1218 1005 1372 1060 Nulla
1413 1007 1577 1061 etiam
1613 1015 1701 1060 tua
1739 1005 1952 1059 actione

353 1093 580 1157 mundo,
602 1093 693 1160 qui
723 1107 860 1162 pene
886 1103 1026 1149 totus
1057 1103 1109 1149 te
1135 1096 1403 1164 sequitur,
1456 1095 1688 1150 suscites
1717 1095 1949 1148 scanda-

351 1185 486 1240 lum.
525 1182 659 1238 Nam
697 1185 852 1240 tieret
877 1187 971 1240 tibi
1001 1186 1279 1242 damnatio
1305 1187 1526 1258 gravior
1577 1187 1732 1240 ruina
1779 1185 1950 1256 pluri-

351 1290 592 1335 morum.
619 1275 904 1332 Mulierum
930 1278 1276 1348 quibusdam,
1301 1278 1444 1334 sicut
1487 1277 1628 1332 fama
1653 1279 1876 1348 sparsit,
1901 1285 1957 1332 ct

351 1381 454 1423 nos
493 1377 620 1424 ante
646 1369 904 1434 diximus,
941 1386 1083 1440 saepe
1118 1371 1370 1440 privatim
1397 1370 1654 1440 loqueris,
1687 1380 1741 1426 et
1766 1385 1954 1424 earum

353 1461 612 1514 accubitu
641 1477 780 1516 novo
832 1462 1068 1530 quodam
1127 1463 1378 1535 martyrii
1433 1477 1634 1532 genere
1669 1463 1952 1518 cruciaris.

352 1551 470 1607 lllis
494 1553 763 1622 siquidem
791 1562 842 1608 te
880 1569 1097 1624 semper
1119 1570 1374 1610 sermone
1419 1553 1721 1624 jucundum
1773 1563 1958 1608 osten-

357 1643 464 1708 dis,
503 1653 556 1700 et
581 1645 817 1699 alacrem
839 1645 1071 1709 actione,
1098 1661 1370 1716 omneque
1401 1660 1570 1716 genus
1602 1644 1957 1700 humanitatis

358 1735 608 1801 exhibes,
637 1735 782 1791 nulla
816 1749 1028 1791 servata
1053 1737 1338 1806 parcitate.
1377 1736 1514 1792 Aliis
1543 1749 1692 1800 vero,
1718 1734 1762 1789 si
1786 1751 1957 1803 quan-

359 1825 429 1878 do
450 1840 573 1880 cum
611 1826 740 1895 ipsis
770 1825 1031 1894 loqueris,
1053 1840 1266 1896 semper
1295 1826 1567 1883 locutione
1610 1824 1772 1878 nimis
1793 1824 1960 1879 durus
1992 1801 2036 1858 Β

361 1933 624 1989 appares,
683 1919 846 1972 nimis
892 1919 1172 1974 districtus
1227 1918 1586 1984 correctione,
1628 1915 1747 1972 illas
1794 1917 1958 1971 etiam

359 2005 508 2062 fame
531 2017 586 2062 et
607 2008 717 2070 siti,
753 2023 818 2062 ac
843 2009 1086 2063 nuditate
1116 2008 1351 2074 crucias,
1401 2008 1550 2062 omni
1607 2007 1798 2062 relicta
1847 2007 1963 2075 pie-

361 2108 494 2155 tate.
532 2098 687 2166 Quod
711 2100 756 2154 si
779 2100 852 2154 ita
875 2108 979 2164 est,
1031 2099 1085 2154 in
1117 2108 1347 2170 utroque
1391 2101 1743 2155 vehementer
1792 2098 1964 2154 offen-

361 2191 470 2254 dis.
535 2198 593 2246 et
643 2190 861 2245 modum
919 2191 1088 2245 totius
1140 2191 1486 2247 discretionis
1545 2193 1958 2262 transgrederis.

359 2284 582 2360 Namet
608 2300 738 2356 erga
787 2285 907 2341 illas
935 2285 1164 2340 nimium
1217 2286 1640 2350 remissibiliter,
1675 2296 1731 2340 et
1773 2295 1961 2342 contra

359 2373 496 2440 Istas
521 2375 746 2430 nimium
778 2376 1063 2446 poenaliter
1114 2379 1252 2448 agis.
1306 2379 1508 2432 Duram
1558 2379 1711 2432 valde
1745 2377 1964 2448 provin-

362 2469 506 2524 ciam
545 2483 736 2538 regere
763 2469 996 2539 coepisti,
1023 2479 1220 2540 etquae
1259 2485 1414 2526 suum
1465 2479 1733 2525 rectorem
1778 2469 1966 2538 saepis-

360 2558 501 2616 sime
521 2557 680 2627 221
719 2559 884 2612 traxit
906 2559 973 2613 ad
997 2568 1262 2612 mortem:
1282 2559 1328 2612 Α
1350 2557 1567 2612 muliere
1582 2558 1727 2612 enim
1751 2558 1962 2611 initium

363 2648 566 2718 [actum
595 2659 669 2702 est
694 2651 916 2718 peccati,
965 2660 1012 2703 et
1045 2667 1140 2718 per
1167 2649 1315 2703 illam
1377 2650 1681 2703 moriuntur
1729 2649 1965 2703 homines

362 2739 592 2796 tmircrsi
622 2736 810 2807 (Eccli.
845 2757 973 2804 xxv,
1004 2741 1118 2810 55).
1156 2741 1308 2797 Unde
1341 2740 1438 2795 tibi
1470 2741 1545 2794 ita
1575 2738 1870 2809 prudenter
1897 2753 1964 2794 ac

364 2829 690 2898 simpliciter
713 2832 984 2902 agendum
1013 2840 1097 2887 est
1149 2840 1209 2886 ut
1259 2839 1311 2885 te
1359 2840 1415 2886 et
1460 2839 1692 2885 matrem
1747 2828 1968 2900 pietatis

365 2924 564 2994 gratia,
597 2932 651 2978 et
677 2932 886 2993 patrem
926 2925 1072 2980 circa
1105 2923 1359 2979 mulieres
1387 2922 1965 2993 exbibeatdisciplina,

364 3025 422 3070 et
447 3031 566 3086 qua:
593 3016 772 3072 minus
800 3033 904 3070 non
935 3017 1212 3072 habebunt
1235 3014 1606 3085 perfectionis,
1658 3015 1837 3070 minus
1863 3032 1966 3068 Itutt

364 3103 604 3161 habeant
630 3117 734 3161 tute
759 3105 1083 3162 dilectionis.
1145 3105 1263 3161 Non
1321 3121 1427 3160 una
1459 3123 1490 3160 a
1537 3115 1589 3159 te
1634 3107 1756 3174 plus
1809 3107 1960 3178 diligi

367 3197 534 3254 debet
585 3214 747 3268 quam
791 3199 916 3266 alia,
952 3201 1056 3254 nisi
1106 3216 1226 3269 qua:
1269 3199 1460 3256 melior
1501 3201 1664 3254 fuerit
1719 3201 1963 3258 inventa.

365 3288 530 3346 Juxta
565 3291 782 3344 modum
805 3291 981 3346 meriti
1007 3291 1088 3344 vel
1113 3291 1302 3360 culpae,
1325 3293 1559 3348 extende
1583 3292 1801 3348 modum
1839 3309 1964 3348 cor-

367 3381 630 3438 rectionis
653 3382 736 3436 vel
761 3383 969 3450 gratim.
1005 3383 1139 3436 Illud
1179 3394 1360 3439 tamen
1395 3385 1664 3454 praecipue
1701 3386 1752 3440 in
1785 3396 1966 3442 mente

365 3481 460 3526 tua
493 3471 656 3524 fixum
689 3480 961 3540 teneatur,
996 3473 1140 3542 quod
1183 3473 1235 3526 in
1264 3473 1556 3544 Evangelio
1584 3474 1844 3531 Dominus
1887 3477 1966 3531 di-

367 3560 444 3614 cit
473 3578 487 3614 :
521 3559 671 3614 Beati
699 3561 1084 3626 misericordes,
1121 3563 1370 3632 quoniam
1401 3566 1500 3633 ipsi
1547 3566 1963 3622 misericordiam

369 3652 986 3725 consequentarwtzttlt.
1019 3669 1074 3719 v,
1097 3655 1177 3725 7).
1229 3655 1460 3726 Fragilis
1507 3666 1592 3714 est
1639 3658 1868 3713 multum
1913 3667 1968 3714 et

441 3763 592 3835 (555)
626 3761 828 3835 Heraea
865 3773 913 3818 et
945 3764 1070 3818 Eva:
1097 3764 1546 3824 inclusis.IncIusi
1575 3770 1962 3826 monachorum

371 3834 580 3902 genus,
629 3834 725 3888 sed
782 3834 974 3888 horum
1029 3835 1226 3904 duplex
1273 3838 1488 3892 classis.
1542 3838 1771 3904 Quidam
1819 3843 1962 3895 enim

375 3904 742 3978 monasticam
809 3904 1163 3978 disciplinam
1220 3923 1496 3978 nunquam
1551 3910 1756 3978 experti
1823 3911 1964 3967 hanc

370 3971 772 4045 professionem
821 3971 1004 4045 statim
1057 3971 1442 4045 arripiuntfac
1468 3971 1797 4034 subui'banis
1847 3979 1964 4038 fere

369 4043 508 4114 locis
534 4043 586 4096 in
609 4041 832 4098 cellulas
863 4044 1054 4102 inclusi
1084 4041 1432 4102 solitudinem
1463 4049 1811 4114 :Blllllillllllll',
1849 4070 1964 4106 ιιιυ-

373 4112 681 4186 nachorum
709 4115 888 4186 potius
917 4117 1124 4170 umbrte
1167 4132 1330 4186 quam
1366 4120 1639 4174 monachi.
1687 4112 1962 4178 Ereinitas

373 4182 927 4260 etreclnsos'vulgus
975 4182 1272 4256 nuncupat,
1317 4201 1548 4256 quorum
1596 4191 1853 4260 frequens
1907 4193 1960 4246 iu

375 4251 544 4327 Gallia
567 4251 679 4322 jam
703 4251 855 4327 _olini
901 4251 1194 4327 numerus,
1214 4251 1387 4327 eoque
1419 4275 1486 4312 ex
1515 4251 1742 4314 ntnnero
1795 4263 1844 4315 hi
1876 4263 1960 4316 vi-

374 4323 718 4398 dentur,_ad
755 4341 902 4398 quos
939 4327 1126 4398 scribit
1167 4323 1460 4398 Goffridils.
1491 4329 1594 4383 Alii
1643 4331 1756 4398 vel)
1803 4342 1964 4388 erant

374 4394 627 4474 monachi
676 4395 792 4474 qui,
831 4395 1094 4474 ctenobiis
1120 4396 1343 4474 relictis,
1380 4397 1432 4474 in
1477 4401 1675 4474 quibus
1705 4394 1957 4474 aliquan-

377 4463 469 4543 diu
499 4479 625 4543 cum
652 4463 790 4543 _aliis
815 4467 1094 4543 vixerant,
1123 4463 1759 4543 sublimiorisprofectus
1781 4463 1962 4543 studio
1998 4485 2046 4543 ο

375 4533 924 4606 ἱιι-εοιίιριιὶειείεειιαδ
953 4550 1012 4589 se
1036 4533 1341 4606 eliciebant;
1377 4533 1686 4606 ἐγκλείσσυς,
1714 4540 1966 4603 inclusos,

375 4603 540 4658 etiam
573 4603 748 4676 Grzeci
785 4605 1073 4676 vocabant.
1115 4601 1284 4676 Iiujus
1324 4601 1541 4676 generis
1593 4605 1699 4676 illi,
1729 4609 1796 4661 ad
1831 4601 1970 4676 (μιυὲ

376 4687 487 4728 non
526 4671 696 4728 semel
722 4673 911 4743 scribit
963 4671 1308 4743 Theodorus
1333 4675 1572 4728 Studita.
1605 4675 1774 4743 Cujus
1804 4671 1968 4732 etiam

377 4753 592 4868 existant
651 4758 760 4798 non
815 4742 1146 4814 inelegantes
1188 4742 1352 4798 iambi
1405 4747 1487 4800 εἰσ
1527 4742 1800 4804 animm
1833 4764 1972 4819 quos

377 4827 442 4866 su
485 4828 665 4868 nerant
694 4830 708 4868 :

377 4827 665 4886 suppetant
694 4830 708 4868 :

821 4937 826 4942 -
911 4913 1006 4964 ΕΙΣ
1035 4913 1422 4960 ΕΓΚΛΕΙΣΤΟΝ.

516 5017 822 5086 ενκλειστός
845 5020 1008 5080 ἔστιν,
1033 5015 1088 5076 ὅς
1114 5020 1286 5071 παθῶν
1315 5015 1414 5072 ἔξω
1437 5037 1616 5086 μείων.

517 5085 672 5162 ’φλην
709 5089 938 5162 καθεῖρξε
970 5093 1098 5162 πρὸς
1137 5088 1248 5142 οεὸν
1273 5092 1364 5146 τήν
1395 5086 1610 5157 napum-1

520 5159 701 5212 κλείων
731 5159 1158 5228 λογιόμοὺέτούς
1187 5165 1441 5230 γνρξυτὰς
1471 5180 1563 5218 της
1596 5160 1800 5218 πὶαιης.

519 5234 652 5284 Νοῦν
679 5225 1006 5294 ἀντιᾶτέμπων
1037 5230 1112 5294 (α)
1137 5225 1379 5288 τεᾶς-’ἅνω
1401 5231 1660 5298 Gramina,

523 5313 677 5372 εχων
699 5302 1010 5372 προσευχὴν
1051 5305 1332 5358 καυστικὴν
1359 5307 1459 5372 τῶν
1490 5301 1758 5370 δαιμόνων,

521 5371 686 5444 stipant
713 5370 915 5444 citamur:
940 5376 1402 5444 epotavere/0900a
1430 5370 1586 5444 ﬁéfm.

517 5436 702 5507 Ψύχήν
725 5436 962 5511 ialm-rga
993 5441 1042 5493 ἐν
1068 5436 1214 5511 χά.οᾷ
1239 5447 1338 5493 τῶν
1370 5436 1603 5502 Elaﬁum

519 5505 664 5581 εργξρ
692 5529 748 5581 ῖς
779 5505 992 5578 χειρῶν,
1025 5505 1112 5564 noti.
1135 5505 1294 5564 θὶόπου
1319 5511 1467 5577 λιμοῦ
1508 5511 1656 5580 τόνῳ.

523 5577 656 5639 nasi.
683 5577 978 5644 ἆπάὺσιτον,
1006 5585 1207 5652 πνεῦμα
1235 5577 1684 5656 συντετριμμένὸν.

543 5691 662 5761 C_od_.
686 5689 822 5761 Reg.
847 5699 978 5761 Νοῦν
1009 5689 1171 5761 aii-ron
1193 5694 1430 5761 πέμπων.

451 5751 527 5818 (Ol
559 5749 1079 5826 Schedtc'si‘rmondi,
1121 5761 1229 5814 Non
1260 5749 1361 5824 ‘spe
1399 5760 1645 5822 fatiscens),
1687 5771 1783 5810 non
1826 5762 1978 5812 inerti

2049 549 2268 620 pietatis
2295 547 2577 602 dulcedine
2605 545 2782 616 potius
2815 562 2976 616 quam
3028 547 3190 602 nimia
3226 543 3545 600 severitate
3593 551 3683 592 re-

2051 650 2232 708 gatur,
2276 656 2340 694 ne
2374 639 2508 708 forte
2527 637 2903 692 abundantiori
2931 638 3148 691 tristitia
3177 635 3545 690 absorbeatur
3587 625 3682 700 (II

2054 729 2177 784 Cor.
2207 747 2268 795 ιι.
2307 731 2384 800 7),
2411 740 2464 786 et
2491 729 2582 800 qui
2627 745 2750 783 cum
2797 744 2986 800 regere
3028 729 3209 793 debet,
3249 716 3340 784 sic
3365 743 3397 782 a
3450 726 3681 780 Satana

2053 823 2536 878 circumveniatur.
2576 822 2618 875 A
2648 821 2851 876 Satana
2884 832 3064 876 rector
3116 819 3590 883 circumvenitur,
3627 815 3682 872 ei

2053 929 2150 984 per
2173 914 2396 968 nimiam
2431 914 2709 968 tristitiam
2769 915 3063 982 regendum
3113 913 3290 980 perire
3345 909 3681 977 contingat,

2053 1004 2145 1073 qui
2177 1004 2352 1074 potuit
2387 1003 2606 1058 liberari
2635 1018 2731 1072 per
2763 1002 3175 1073 indulgentiam.
3199 1001 3334 1057 Cum
3360 1002 3432 1055 de
3457 1000 3682 1068 pietate

2057 1104 2202 1148 luant
2230 1095 2315 1150 hic
2347 1095 2632 1150 hortamur
2658 1093 2978 1160 bonitatem,
3005 1093 3102 1147 tibi
3146 1091 3366 1149 auferre
3397 1089 3684 1145 nolumus

2051 1185 2278 1256 jnstitite
2319 1186 2622 1252 actionem,
2650 1193 2706 1240 te
2728 1184 2934 1253 justum
2975 1198 3100 1239 esse
3128 1185 3337 1255 pariter
3369 1181 3680 1237 desidera-

2057 1294 2178 1333 mus
2214 1287 2268 1332 ct
2293 1277 2462 1346 pium.
2497 1275 2582 1332 Sit
2604 1277 2770 1348 igitur
2801 1277 2895 1331 tibi
2924 1277 3099 1347 pietas
3133 1290 3398 1345 respuens
3449 1272 3682 1328 inordi-

2057 1384 2239 1428 natam
2269 1373 2676 1438 remissionem;
2705 1371 2778 1426 sit
2805 1371 3101 1442 ibijustitia
3130 1370 3276 1440 piam
3307 1383 3542 1438 semper
3577 1366 3683 1420 lia-

2055 1468 2193 1521 bens
2221 1464 2670 1534 compassionem.
2708 1463 2862 1531 Vale,
2885 1472 2941 1516 et
2965 1477 3064 1517 nos
3093 1471 3307 1516 tuarum
3340 1469 3684 1516 sanctaruu

2058 1573 2296 1630 precum,
2322 1557 2638 1627 suppliciter
2659 1571 2970 1626 precamur,
3000 1554 3294 1625 participes
3339 1549 3525 1608 efﬁce.

2451 1657 2615 1727 222
2652 1653 2990 1722 EPISTOLA
3028 1654 3258 1710 XLVIII.

2064 1746 2348 1818 Coﬁ'ridus
2395 1746 2794 1804 Vindocincnsis
2841 1748 3150 1802 monasterii
3195 1747 3418 1800 humilis
3459 1760 3681 1807 servus,

2134 1853 2284 1891 servo
2315 1847 2362 1891 et
2390 1837 2603 1892 ancilla:
2638 1835 2760 1901 Dei,
2786 1835 2988 1892 Heraea
3013 1846 3060 1890 et
3093 1835 3220 1891 Este
3244 1835 3469 1890 inclusis
3489 1833 3681 1906 (353),

2135 1927 2270 1981 bona
2309 1927 2463 1982 initia
2487 1927 2594 1996 [ine
2614 1927 2822 1982 meliori
2844 1927 3150 1982 terminare.

2133 2018 2488 2073 Admonendo
2539 2034 2642 2074 nos
2685 2019 2902 2082 docent,
2951 2028 3010 2074 ct
3061 2017 3307 2074 docendo
3341 2017 3683 2081 admonent,

2063 2110 2262 2178 quibus
2298 2108 2531 2164 feliciter
2556 2108 2778 2165 obedire
2827 2109 3208 2180 proposuistis,
3239 2124 3398 2163 sacra
3423 2108 3682 2177 eloquia,

2064 2211 2124 2256 ut
2147 2201 2198 2256 id
2229 2215 2402 2270 usque
2437 2202 2490 2255 in
2518 2201 2680 2256 linem
2707 2216 3018 2270 operemur,
3045 2201 3188 2255 unde
3235 2201 3358 2255 sine
3387 2199 3502 2254 line
3533 2214 3686 2270 gan-

2065 2292 2193 2347 dere
2247 2306 2580 2346 mereamur.
2622 2291 2776 2348 Ultra
2826 2292 2971 2346 enim
3017 2305 3234 2346 omnem
3287 2291 3684 2346 infelicitatem

2067 2391 2174 2449 cst,
2205 2397 2303 2453 pro
2333 2383 2615 2454 temporali
2648 2382 2758 2438 vita
2785 2381 3062 2437 doloribus
3087 2397 3152 2437 ac
3181 2381 3461 2438 laboribus
3486 2382 3682 2452 plena,

2068 2489 2188 2544 qua:
2211 2476 2397 2546 utique
2419 2476 2599 2530 brevis
2617 2483 2725 2540 est,
2743 2485 2798 2529 et
2827 2473 2944 2542 ejus
2975 2474 3214 2528 brevitas
3235 2474 3470 2540 incerta,
3502 2475 3686 2528 vitam

2068 2564 2316 2634 perdere,
2347 2580 2467 2634 qua:
2496 2579 2596 2620 nec
2622 2565 2781 2621 oculo
2807 2564 2981 2628 cerni,
3014 2578 3114 2618 nec
3137 2564 3299 2618 tacita
3335 2563 3556 2620 mentis
3585 2579 3694 2618 co-

2069 2653 2332 2722 gitatione
2355 2662 2535 2723 potest
2557 2653 2945 2725 comprehendi
2965 2669 3157 2723 ;quam
3183 2667 3371 2708 revera
3394 2654 3684 2724 consequi

2069 2755 2154 2801 ert
2184 2746 2399 2802 facilius
2441 2761 2605 2816 quam
2632 2747 2901 2801 enarrari.
2927 2746 3002 2800 Ibi
3040 2759 3274 2814 namque
3315 2745 3528 2799 vivitur
3559 2747 3688 2802 sine

2076 2839 2332 2903 termino,
2360 2839 2479 2892 sine
2505 2837 2692 2892 dolore
2722 2847 2776 2892 et
2808 2837 2984 2900 senio,
3016 2836 3221 2906 absque
3247 2836 3446 2891 timore
3485 2845 3547 2892 et
3585 2853 3689 2907 pe—

2073 2928 2279 2992 riculo,
2312 2931 2400 2983 ubi
2430 2928 2653 2984 refectio
2680 2929 2799 2983 sine
2825 2927 3066 2990 fastidio,
3098 2943 3218 2997 quae
3267 2927 3415 2982 nullo
3441 2927 3557 2982 cibi
3595 2929 3686 2980 vel

2072 3029 2230 3088 potus
2256 3019 2464 3087 indiget
2494 3018 2787 3087 adiutorio.
2814 3017 2870 3072 In
2910 3017 2998 3072 illa
3028 3018 3296 3088 siquidem
3327 3017 3692 3079 beatitudim

1993 3145 2036 3202 ε
2075 3106 2248 3171 reﬁci,
2274 3105 2410 3160 nihil
2443 3115 2530 3161 est
2579 3105 2724 3160 aliud
2760 3121 2921 3175 quam
2962 3105 3421 3176 contemplatione
3470 3105 3686 3160 divinae

2070 3193 2370 3264 maiestatis
2399 3195 2610 3250 satiari.
2645 3195 2796 3250 lianc
2849 3195 3022 3250 sancti
3073 3194 3246 3265 angeli
3294 3194 3686 3262 considerant,

2069 3298 2124 3344 et
2152 3287 2564 3343 considerantes
2607 3302 2726 3343 eam
2770 3302 2988 3356 semper
3037 3287 3388 3342 considerare
3448 3285 3683 3340 deside-

2076 3388 2224 3434 rant.
2291 3377 2429 3432 lluic
2493 3378 2668 3432 beatae
2731 3376 2928 3432 visioni
2992 3376 3218 3446 perfecti
3293 3377 3501 3445 quique
3566 3391 3684 3432 non

2077 3470 2333 3536 deerunt,
2363 3468 2454 3538 qui
2480 3468 2532 3522 in
2561 3468 2760 3523 mundo
2787 3483 2885 3537 pro
2909 3467 3114 3522 Christi
3162 3466 3376 3520 nomine
3401 3481 3462 3520 se
3493 3476 3552 3521 et
3579 3481 3683 3522 sua

2070 3565 2278 3634 pariter
2321 3569 2790 3630 contempserunt.
2821 3561 2898 3617 Ad
2928 3560 3072 3614 illam
3103 3561 3290 3631 igitur,
3329 3561 3679 3628 charissimi,

2068 3657 2197 3712 dum
2251 3665 2464 3726 tempus
2506 3654 2793 3732 habemus,
2841 3653 3048 3709 sanctis
3097 3652 3354 3722 operibus
3407 3655 3682 3708 accedere

2211 3767 2394 3826 οὕτως
2430 3767 2640 3836 ἀνοίγων
2669 3763 3029 3837 ἀῆιγγιλοπρεπῆ
3055 3764 3199 3837 θέαν,

2209 3839 2730 3909 Δκτινολαμπεῐ-τοὺς
2757 3836 2984 3909 ὁρῶντας
3012 3836 3206 3909 ἐνθέως.

2211 3913 2393 3979 Λέγωῖ
2415 3911 2506 3979 μέν
2533 3905 2671 3960 οὐδὲν
2696 3905 2797 3979 una:
2825 3907 3208 3979 axonarmvri;
3233 3905 3412 3978 γέλως,

2211 3975 2324 4038 ΔλῩ
2355 3975 2493 4052 ᾦτξέρ
2518 3980 2655 4052 ἐστιν
2687 3977 2986 4052 ὠφεὴῖσθξαἒ
3009 3976 3092 4029 τὸν
3116 3975 3275 4052 ξένρύ·

2211 4054 2306 4106 καὶ
2329 4045 2501 4122 {aut}:
2529 4045 3006 4122 φεύγωνμακρορῥι
3027 4053 3136 4116 μεῖν
3166 4048 3234 4104 εἷς
3262 4045 3433 4122 κρρον.

2209 4119 2298 4178 “Aa
2321 4114 2558 4190 obsonari
2583 4114 2715 4190 apo;
2750 4114 2938 4190 ταῦςξαξ
2957 4114 3239 4190 ⁷σῴα-τικῷς
3276 4114 3454 4184 ἔχεις.

2211 4195 2265 4244 Εἰ
2397 4188 2476 4260 δέ’
2508 4186 2710 4260 patr/ot;
2734 4190 2804 4248 εἰς
2831 4187 2942 4258 βίον
2963 4190 3160 4260 ζώντων
3181 4186 3313 4260 ἅμα,

2207 4275 2270 4316 Eu
2301 4258 2340 4334 ᾦ
2367 4258 2612 4318 «lateam;
2650 4261 2774 4319 τοὺς
2801 4260 2998 4327 ἀγῶνας
3027 4258 3354 4331 λαμπρύνῃς,

2675 4348 2742 4403 In
2769 4349 3048 4402 inclusum.

2249 4437 2498 4497 Inclusus
2530 4441 2620 4495 ille
2646 4449 2749 4505 est,
2785 4439 2876 4508 qui
2904 4439 3089 4508 procul
3115 4439 3181 4493 ab
3205 4437 3495 4494 allectibus

2253 4511 2393 4566 Toto
2416 4511 2640 4566 reclusit
2670 4513 2724 4565 in
2750 4511 2922 4564 Demu
2953 4525 3012 4564 se
3038 4519 3279 4578 pectore.

2259 4581 2441 4636 Freno
2465 4597 2725 4636 coercens
2753 4580 2951 4634 mentis
2989 4595 3207 4634 errores
3238 4595 3402 4649 vagos
3422 4619 3440 4646 ,

2251 4651 2616 4718 Animumque
2640 4651 2786 4706 curis
2824 4651 3040 4720 erigens
3067 4649 3402 4712 cmlestibus,

2257 4721 2517 4776 Precibus
2540 4721 2831 4780 inhaerens.
2856 4719 2976 4789 qua.
3001 4728 3266 4788 perurunt
3303 4719 3601 4785 daemones,

2257 4791 2345 4855 Et,
2375 4807 2484 4861 quo
2521 4802 2748 4846 retrusa:
2774 4806 2860 4845 res
2887 4789 3349 4861 patent,silentio.

2257 4861 2366 4931 Spe
2392 4858 2468 4931 (ὁ)
2489 4902 2504 4926 ,
2537 4861 2842 4931 gandioque
2870 4858 3088 4914 nescius
3115 4858 3388 4913 fatiscere.

2257 4929 2467 5000 Labore
2498 4929 2696 5000 corpus
2723 4944 2776 4983 ct
2798 4929 2943 5000 fante
2970 4943 3233 5000 exercens
3264 4929 3438 5000 gravi.

2255 4999 2498 5082 Ilymnos
2524 5009 2771 5082 gemente
2803 4999 2995 5067 spiritu
3019 4999 3172 5081 iuges
3205 5015 3429 5082 canens.

2258 5068 2358 5140 I‘Iic
2386 5068 2561 5140 angeli
2597 5070 2723 5131 ritu,
2756 5084 2852 5124 ore
2873 5068 3168 5137 conspicuo
3199 5071 3397 5140 nitens,
3441 5123 3444 5128 ,

2261 5139 2356 5208 Dia
2391 5139 2692 5196 intuentum
2715 5140 2876 5192 corda
2904 5140 2974 5208 (ο)
3017 5139 3298 5194 collustrat
3329 5139 3468 5203 face.

2261 5207 2345 5279 Nil
2377 5225 2612 5279 unquam
2637 5209 2798 5263 inane
2829 5207 3017 5264 suetus
3055 5210 3122 5262 ad
3153 5210 3320 5264 risum
3352 5210 3498 5279 loqui
3535 5228 3550 5264 :

2261 5278 2368 5348 Sed
2392 5277 2697 5348 quojuvari
2731 5281 2971 5334 sentiant
2997 5295 3076 5344 se,
3117 5280 3209 5346 qui
3235 5277 3496 5348 audiunt;

2260 5346 2373 5418 Nec
2398 5346 2478 5404 sic
2503 5347 2740 5416 profusas
2775 5348 2893 5402 vela
2917 5349 3056 5403 dans
3080 5349 3387 5418 loquentiae.

2261 5417 2387 5472 Haec
2409 5418 2626 5486 assequi
2651 5419 2692 5471 si
2731 5420 2873 5488 potis
2893 5432 2974 5482 es,
3006 5420 3057 5472 in
3086 5417 3200 5472 tuto
3225 5429 3307 5473 est
3329 5420 3497 5474 salus.

2262 5488 2395 5558 Sin;
2429 5490 2495 5541 ad
2525 5488 2796 5556 gregalem
2829 5490 3076 5558 protinus
3107 5489 3271 5542 vitam
3300 5491 3437 5554 redi,

2268 5557 2368 5613 Ubi
2400 5572 2563 5628 porro
2591 5573 2796 5627 agonas
2819 5557 3038 5614 excolas
3069 5559 3354 5614 asceticos.

2078 5697 2272 5758 gaudio.

2147 5758 2216 5821 (c)
2243 5756 2422 5811 Sclted.
2451 5759 2752 5824 perstringit.
