3986 6458
254 348 335 409 "5
1058 392 1063 397 .
1504 341 1824 401 [εριδτοω

1933 364 1993 374 —-
2029 333 2158 390 LIB.
2200 339 2283 389 ιν.

3427 338 3530 392 ise
3582 304 3605 341 ’“

257 464 606 534 festinemus;
642 485 823 539 quam
868 470 955 539 qui
1005 464 1400 529 semelvideril,
1439 461 1581 517 nullo
1617 456 1836 512 inimico
1867 451 1914 506 Α
1940 448 2531 539 desierit,periturum
2587 467 2694 505 non
2749 451 2956 505 dubito.
2984 451 3037 504 lu
3071 460 3330 519 quantum
3385 455 3527 506 cnim

265 557 537 611 insidiante
569 559 731 613 ultra
772 561 1015 613 amittere
1052 555 1265 625 poterit.
1313 553 1375 607 Et
1405 560 1552 606 certe
1583 548 1843 603 festinare

270 647 506 703 debemus
530 649 669 701 dum
702 650 871 720 223
894 657 1079 713 vocat,
1105 646 1236 700 certi
1270 644 1336 697 de
1389 651 1535 696 tanta
1568 628 1838 703 mercede,

275 740 348 810 qui
389 738 580 794 incerti
625 756 826 794 sumus
869 740 934 793 de
986 738 1089 791 die.
1120 734 1413 805 Vigilautes
1451 748 1549 786 nos
1604 730 1842 784 inveniat

279 841 489 885 extrema
522 831 859 892 necchitas,
879 845 998 898 qua:
1030 841 1169 895 saepe
1191 824 1451 896 praevenit
1484 822 1838 876 dormientes.

282 921 432 975 Tarde
450 920 649 974 etenim
683 936 787 974 nos
809 919 947 972 male
972 918 1145 988 egisse
1177 915 1459 985 pmnitebit
1478 958 1493 982 ,
1526 924 1579 968 et
1607 928 1728 967 cum
1753 912 1841 967 die

285 1016 444 1068 ultimo
464 1013 885 1082 superveniente
910 1025 968 1065 se
992 1011 1363 1078 unusquisque
1393 1006 1636 1076 separari
1666 1022 1694 1059 a
1736 1018 1839 1059 suo

289 1118 483 1174 corpore
536 1102 755 1164 viderit,
783 1117 906 1155 cum
934 1100 1033 1154 sibi
1081 1099 1135 1152 in
1180 1100 1286 1152 line
1340 1097 1527 1152 oculus
1567 1094 1838 1149 claudcnti

290 1200 554 1265 nigrescere
621 1204 679 1248 et
738 1194 1057 1248 horrescere
1103 1207 1208 1244 nox
1258 1202 1518 1261 ρεννυίυει
1581 1190 1832 1258 ωῚθθνίί·

291 1288 438 1352 Tunc,
462 1300 639 1340 verum
692 1294 800 1348 est,
851 1283 1055 1338 malitia
1104 1291 1289 1337 nostra
1338 1282 1595 1346 cessabit,
1650 1279 1835 1333 iuuudi

292 1381 471 1434 vanitas
518 1378 662 1433 velut
709 1378 901 1432 umbra
944 1376 1191 1439 detieiet,
1249 1376 1487 1430 carnalis
1548 1374 1836 1428 delectatio

296 1470 423 1541 quasi
448 1469 612 1523 fumus
635 1476 945 1534 evanescet,
979 1482 1073 1537 pro
1098 1465 1295 1535 quibus
1321 1466 1611 1535 opprobria
1640 1464 1753 1520 sola
1782 1475 1836 1520 et

299 1563 489 1617 crimina
519 1561 892 1623 remanebunt,
925 1569 980 1613 et
1005 1567 1273 1614 tormenta
1295 1559 1413 1614 sine
1434 1558 1539 1612 line
1556 1573 1831 1614 mansura.

296 1654 336 1711 0
358 1670 494 1723 quam
516 1652 689 1707 infelix
714 1653 824 1706 erit
852 1652 1031 1706 anima
1057 1650 1166 1715 illa,
1194 1650 1283 1704 cui
1335 1664 1462 1704 mox
1521 1664 1736 1721 egressa
1769 1651 1834 1705 de

290 1764 488 1815 corpore
518 1747 770 1801 insultare
814 1755 870 1800 et
898 1745 1151 1799 insistere
1182 1746 1449 1813 cceperint
1480 1743 1830 1800 infernalimn

289 1838 404 1890 dira:
433 1835 581 1890 facies
608 1835 980 1889 ministrorum
1006 1838 1018 1889 !
1049 1852 1172 1891 cum
1220 1836 1382 1891 rebus
1434 1835 1689 1891 humanis
1713 1836 1832 1891 vale

289 1928 509 1979 uttiuunn
537 1926 728 1989 dicens,
790 1938 1020 1981 mortem
1058 1939 1182 1983 ante
1216 1943 1275 1983 se
1304 1928 1530 1995 habens,
1580 1937 1635 1984 et
1663 1930 1829 1984 vitam

292 2026 404 2085 post
431 2033 483 2071 se
502 2016 817 2087 relinquens,
852 2019 902 2072 in
928 2019 1058 2073 illttd
1094 2016 1448 2085 horrendum,
1471 2032 1527 2076 et
1548 2004 1636 2075 vix
1658 2020 1828 2077 oculis

291 2109 622 2176 attingendutn
646 2110 989 2178 perirahetur
1016 2110 1364 2180 profundum.
1402 2110 1510 2166 lien
1531 2113 1544 2166 !
1565 2121 1826 2182 quantum

287 2200 507 2267 perdidit
558 2200 796 2270 gaudium
869 2210 1080 2256 tantum
1132 2213 1426 2273 exceptura
1478 2204 1823 2273 supplicium.

286 2290 412 2355 Quid
446 2299 559 2345 tunc
576 2291 732 2346 animi
766 2292 1010 2359 habebit,
1044 2308 1167 2349 cum
1191 2310 1391 2365 corpus
1418 2310 1575 2349 suum
1603 2295 1828 2365 recipiet

285 2385 345 2439 ad
371 2395 569 2440 aeternae
587 2385 951 2443 damnationis
978 2388 1470 2458 augmentumﬂllo
1492 2389 1579 2443 die
1593 2404 1827 2456 praesen-

286 2478 462 2531 labitur
494 2486 609 2533 ante
659 2479 863 2549 Regem
895 2482 1217 2535 szrculorum
1238 2523 1252 2546 ,
1283 2497 1471 2537 eorum
1509 2498 1630 2551 qua:
1656 2482 1826 2553 gessit

285 2569 334 2624 in
372 2586 575 2641 corpore
618 2573 884 2627 rationem
938 2572 1237 2628 redditura.
1290 2575 1396 2629 Sed
1418 2578 1544 2646 quia
1585 2576 1729 2632 nulla
1757 2577 1825 2632 ad

288 2666 704 2733 comparationem
728 2665 994 2720 malorum
1024 2667 1164 2721 bona
1195 2676 1474 2721 ostentare
1504 2669 1725 2737 poterit,
1756 2669 1824 2724 ab

287 2754 383 2823 ipsa
406 2766 587 2812 sancta:
614 2757 874 2831 Ecclesia:
906 2759 1087 2813 radice
1108 2761 1450 2827 prwcidetur,
1467 2769 1520 2815 et
1544 2776 1821 2831 nunquam

287 2846 561 2918 ctl'ugiendis
593 2851 855 2920 gehennae
895 2852 1110 2920 ignibus
1137 2851 1381 2907 tradetur
1404 2862 1666 2923 perpetuo
1698 2869 1823 2909 cru-

286 2937 710 3010 cianda.0qnam
744 2941 925 3006 triste,
949 2958 1111 3010 quam
1166 2943 1395 3011 lugubre
1438 2945 1543 2999 crit
1593 2960 1622 2998 a
1680 2942 1822 2999 dulci

284 3028 450 3083 intuitu
476 3042 778 3087 sanctorum
835 3035 1099 3104 separari,
1145 3045 1200 3089 et
1224 3051 1384 3104 quam
1427 3036 1670 3091 terribile
1722 3038 1823 3090 im-

282 3122 565 3176 nmndorum
594 3125 884 3192 spirituum
915 3126 1223 3195 agminibus
1254 3127 1450 3182 sociari
1473 3128 1485 3182 !
1507 3128 1702 3196 quibus
1728 3129 1819 3196 qui
1849 3157 1893 3217 ε

281 3212 557 3277 sociabitur,
586 3214 751 3287 224Ι
774 3217 987 3270 beatum
1035 3231 1094 3269 se
1123 3217 1349 3281 diceret,
1374 3218 1440 3282 si,
1465 3228 1522 3271 ut
1546 3219 1822 3289 quodlibet

279 3299 462 3355 brutum
487 3306 703 3370 animal,
729 3308 783 3359 in
830 3308 1010 3359 anima
1064 3316 1117 3361 et
1152 3308 1205 3361 in
1240 3323 1470 3379 corpore
1508 3311 1641 3364 mori
1677 3311 1818 3365 valc-

281 3400 366 3445 ret.
402 3391 495 3447 Sed
525 3396 645 3463 quia
696 3412 846 3451 mors
896 3397 983 3450 illa
1030 3398 1192 3451 tinem
1242 3415 1346 3453 non
1401 3401 1582 3467 habet,
1614 3403 1693 3457 sic
1746 3403 1818 3458 ibi

278 3496 463 3552 semper
489 3490 712 3541 moritur
755 3489 938 3553 homo,
966 3498 1026 3542 ut
1071 3505 1292 3559 semper
1323 3504 1593 3562 resurgat,
1626 3496 1719 3548 sed
1751 3496 1818 3549 ad

278 3573 363 3629 hoc
387 3580 681 3647 resurgitut
704 3590 914 3649 pereat,
948 3596 1048 3635 nec
1085 3591 1264 3636 tamen
1298 3587 1570 3653 pereundo
1598 3588 1820 3644 omnino

274 3680 373 3720 esse
411 3669 636 3737 desinat;
684 3674 780 3728 sed
820 3689 1037 3742 semper
1078 3674 1316 3731 moriens
1371 3680 1563 3734 mortis
1609 3681 1817 3735 exitum

273 3772 509 3828 nunquam
543 3763 800 3819 inveniat.
836 3766 889 3819 lu
917 3768 1019 3822 hoc
1071 3779 1251 3824 autem
1290 3771 1531 3825 damnati
1582 3771 1820 3826 hominis

273 3849 460 3904 miseria
492 3868 709 3922 prorsus
760 3859 1064 3928 augebitur,
1097 3863 1238 3931 quod
1265 3864 1432 3917 Deum
1463 3864 1685 3930 videbit,
1718 3879 1819 3919 nec

270 3938 495 4008 habebit,
528 3956 579 4000 et
609 3957 737 4002 ante
764 3949 846 4002 sui
881 3950 1264 4022 Redemptoris
1311 3964 1663 4025 conspectum
1693 3971 1818 4024 per-

268 4031 370 4084 ibit.
407 4033 485 4089 Va:
514 4036 636 4103 illis,
670 4041 763 4107 qui
789 4042 904 4094 haec
928 4042 981 4096 in
1013 4055 1289 4110 posterum
1319 4045 1594 4101 toleranda
1628 4046 1818 4103 timere

267 4137 389 4179 nunc
428 4140 707 4196 recusant;
757 4148 877 4201 quae
929 4135 974 4189 si
1024 4137 1186 4192 modo
1218 4138 1502 4202 timerent,
1537 4155 1817 4208 nunquam

268 4216 374 4270 talia
399 4220 703 4278 tolerarent.
736 4224 956 4280 Timere
1006 4228 1127 4282 dico
1160 4243 1264 4283 non
1310 4230 1505 4284 timore
1550 4229 1814 4298 quolibet,

265 4314 344 4362 sed
365 4311 464 4380 illo,
488 4330 643 4384 quem
675 4332 802 4371 vera
838 4319 970 4374 fides
1021 4320 1260 4385 adducit,
1316 4322 1406 4391 qui
1432 4336 1497 4375 cx
1546 4321 1818 4376 charitate

263 4414 355 4455 non
381 4404 489 4461 cta
525 4410 791 4477 procedit.
820 4409 1072 4466 Charitas
1100 4413 1248 4466 enim
1279 4414 1529 4467 timorem
1564 4415 1725 4483 parit,
1758 4423 1816 4469 et

261 4491 480 4549 timorem
508 4499 736 4567 repellit.
762 4500 912 4555 Parit
950 4503 1220 4568 timorem,
1251 4512 1308 4557 ut
1340 4503 1622 4575 Scriptura
1650 4507 1809 4560 dicit:
1848 4516 1893 4570 ι)

260 4578 585 4642 Beatushomo
609 4591 701 4660 qui
723 4607 926 4661 semper
943 4603 1018 4646 est
1038 4594 1463 4666 paridus(Prov.
1490 4612 1683 4659 xxviii,
1700 4596 1809 4665 H).

263 4668 501 4731 Timorem
534 4680 776 4749 repellit,
807 4691 867 4735 ut
931 4683 1007 4737 ait
1056 4685 1372 4752 apostolus:
1415 4686 1519 4751 Qui
1551 4688 1811 4757 perfectus

261 4772 323 4813 ut
351 4764 395 4817 in
420 4769 692 4838 cltaritate,
720 4788 822 4825 non
853 4774 995 4827 timet
1029 4773 1077 4831 (ι
1111 4775 1274 4829 Joan.
1297 4792 1370 4841 tv,
1403 4778 1489 4845 18)
1521 4797 1533 4831 :
1568 4778 1809 4845 Quorum

260 4867 380 4910 unus
407 4857 573 4915 filialis
596 4876 719 4917 esse
755 4864 1110 4933 dignoscitur,
1168 4866 1307 4922 alter
1336 4870 1564 4925 servilis.
1608 4869 1711 4924 Iste
1747 4873 1810 4922 ti-

257 4939 379 5001 lialis
405 4949 639 5007 videlicet
690 4970 812 5008 cum
843 4954 1135 5011 dilectione
1164 4967 1217 5012 ct
1271 4959 1559 5024 desiderio,
1592 4961 1684 5015 sed
1722 4961 1810 5014 ille

256 5048 361 5090 cum
397 5041 602 5099 fastidio
628 5045 920 5100 exhibetur
961 5057 1015 5102 et
1042 5048 1187 5103 odio.
1231 5048 1376 5103 [uter
1426 5051 1541 5105 bzec
1579 5050 1806 5105 torsiiau

254 5126 425 5197 aliquis
449 5134 619 5190 dicit:
649 5135 762 5190 Cur
788 5138 991 5192 homini
1040 5148 1119 5194 tot
1167 5150 1223 5195 et
1272 5150 1419 5194 tanta
1473 5142 1701 5196 minaris
1743 5145 1808 5198 de

252 5217 380 5276 Deo?
398 5222 674 5297 Nunquam
706 5230 901 5300 perdet
930 5231 1044 5300 ipse
1068 5247 1229 5301 quem
1252 5248 1349 5287 sua
1383 5226 1554 5302 gratia
1576 5235 1809 5299 creavit,

249 5326 392 5376 quem
425 5330 664 5376 creatum
704 5331 760 5377 et
792 5324 1008 5393 propria
1047 5324 1204 5394 culpa
1231 5324 1504 5394 perditura
1548 5326 1806 5382 ineffabili

248 5400 531 5475 dilectione,
556 5412 688 5468 dato
714 5427 773 5469 se
805 5414 1004 5483 pretio,
1037 5430 1067 5469 a
1093 5414 1307 5471 diabolo
1343 5415 1613 5471 liberavit.
1652 5417 1805 5474 lluuc

246 5498 385 5560 Quasi
412 5516 513 5557 non
549 5507 930 5576 desperantem
984 5508 1275 5578 pr05picio,
1300 5510 1394 5563 sed
1449 5510 1587 5565 ultra
1642 5528 1802 5582 quam

246 5582 385 5645 debet
418 5606 749 5666 sperantem,
801 5596 907 5655 nisi
932 5606 1059 5654 ante
1102 5598 1262 5653 finem
1312 5600 1435 5653 vita:
1474 5601 1555 5655 sic
1586 5616 1805 5671 sperare

1946 537 2080 591 mihi
2126 537 2453 605 videtur,'et
2490 539 2603 610 ipsa
2652 540 2818 609 exigit
2865 541 3026 604 ratio,
3081 548 3229 593 tanto
3280 541 3528 609 graviora

1945 628 2087 697 apud
2109 628 2275 683 Deum
2301 638 2428 684 sunt
2459 639 2644 685 nostra
2678 630 2872 685 delicta
2901 641 3103 701 quanto
3138 630 3300 701 225
3326 630 3530 699 majora

1945 736 2075 789 erga
2126 736 2225 775 nos
2267 736 2325 776 se
2371 724 2663 777 ostendunt
2709 725 2830 795 ejus
2882 724 3165 779 beneﬁcia.
3226 723 3527 780 Verendum

1942 819 2029 866 est
2078 811 2245 865 etiam
2292 828 2362 866 ne
2395 828 2581 867 vocem
2627 813 2772 867 illam
2826 814 3071 883 gloriosae
3116 816 3532 870 resurrectionis

1945 903 2185 974 pretiosa
2213 904 2392 960 crucis
2419 904 2647 975 vestigia
2682 915 3094 975 protestantem,
3132 907 3409 977 injudicio
3430 924 3530 961 suo

1942 994 2008 1046 ad
2040 1009 2170 1048 vasa
2209 993 2518 1064 iniquitatis
2558 995 2865 1063 prolaturus
2897 998 2968 1051 sit
3019 1007 3183 1067 atque
3233 999 3478 1054 dicturus
3511 1018 3525 1053 :

1941 1083 2094 1153 Infer
2123 1085 2346 1155 digitum
2380 1096 2528 1139 tuum
2550 1086 2674 1150 huc,
2698 1096 2745 1140 et
2773 1087 2888 1141 vide
2912 1106 3098 1142 mamts
3124 1106 3301 1155 meas;
3331 1102 3377 1144 ct
3396 1078 3529 1159 umi-

1940 1193 2152 1228 monmu
2197 1187 2368 1241 tuam,
2390 1189 2437 1231 et
2465 1180 2611 1232 mitte
2642 1179 2694 1230 in
2720 1178 2858 1231 latus
2878 1195 3050 1232 meum
3084 1178 3266 1249 (Ioan.
3294 1198 3385 1246 xx,
3409 1182 3524 1246 9.7),

1938 1281 1989 1322 ct
2014 1287 2245 1337 agnosce
2270 1287 2389 1340 qua}
2421 1289 2517 1342 pro
2545 1282 2595 1325 te
2621 1282 2671 1325 et
2697 1287 2724 1324 a
2753 1279 2824 1329 lc,
2843 1271 3092 1339 impietas
3115 1274 3370 1340 humana,
3400 1292 3525 1344 per-

1940 1363 2184 1415 tub-nim.
2218 1361 2544 1417 Iloc‘contra
2581 1363 2701 1417 illos
2728 1364 2934 1418 dictum
2966 1365 3056 1427 sit,
3091 1365 3179 1433 qui
3210 1365 3311 1420 sibi
3363 1368 3525 1422 nimis

1939 1454 2291 1509 blandiuntur
2342 1456 2408 1508 de
2469 1454 2921 1523 promissionilms
2982 1455 3413 1521 misericordia),
3470 1467 3526 1511 ct

1939 1555 2295 1601 contemnunt
2322 1546 2464 1600 vires
2489 1546 2733 1617 justitite.
2769 1544 2884 1598 Non
2907 1554 2989 1599 est
3034 1544 3170 1600 Deus
3203 1546 3324 1600 talis
3350 1548 3437 1616 qui
3469 1549 3525 1604 in

1941 1651 2048 1691 uno
2075 1652 2263 1692 verum
2296 1637 2472 1701 dicat,
2502 1648 2555 1691 et
2606 1637 2658 1691 in
2704 1636 2810 1690 alio
2861 1638 3172 1690 mentiatur.
3233 1636 3339 1691 Sed
3382 1637 3524 1692 sicut

1938 1738 2145 1783 certum
2174 1740 2256 1783 est
2291 1730 2432 1799 quod
2464 1729 2767 1798 promittit,
2818 1728 2887 1781 ita
2936 1738 3143 1782 certum
3192 1740 3275 1783 est
3298 1739 3353 1784 et
3381 1731 3522 1798 quod

1938 1819 2056 1890 ipse
2095 1821 2358 1875 minatur.
2387 1820 2449 1874 Et
2484 1821 2625 1883 ideo,
2655 1819 3020 1883 dilectissimi,
3048 1820 3214 1873 Deum
3240 1836 3303 1874 ac
3334 1808 3523 1876 Domi-'-

1934 1928 2067 1967 uum
2103 1922 2349 1968 nostrum
2373 1911 2556 1967 Jusqu
2584 1912 2857 1966 Christum
2892 1913 3037 1980 pium
3065 1910 3345 1978 etjustum
3378 1915 3523 1981 pari-

1934 2012 2015 2060 ter
2064 2004 2335 2058 credendo
2366 2005 2707 2067 conlizeutcs,
2742 2012 2794 2055 et
2852 2002 3160 2056 coulitendo
3208 2004 3517 2064 credentes,

1930 2111 2053 2152 cum
2081 2096 2367 2151 Psalmista
2400 2079 2647 2148 dicamds
2683 2111 2695 2147 :
2734 2090 3001 2147 Universa:
3024 2097 3120 2148 vite
3154 2093 3382 2158 Domini,
3415 2095 3518 2147 mi-

1927 2190 2217 2245 sericordia
2240 2198 2289 2242 et
2320 2190 2507 2243 veritas
2533 2185 2709 2256 (Psai.
2768 2200 2919 2249 xxiv,
2968 2185 3081 2253 20).
3119 2186 3395 2242 Universre
3417 2188 3517 2240 viae

1931 2282 2140 2336 Domini
2190 2288 2317 2335 sunt
2365 2280 2472 2335 duo
2500 2281 2765 2333 adventus
2802 2276 2923 2330 Filii
2967 2280 3099 2350 ejus.
3125 2280 3226 2346 Qui
3256 2283 3308 2333 in
3342 2280 3517 2350 primo

1928 2376 2250 2445 prauogavit
2282 2374 2742 2441 misericordiam;
2772 2376 2826 2429 in
2869 2374 3105 2429 secundo
3132 2388 3256 2426 vero
3310 2387 3517 2441 praero-

1927 2480 2154 2540 gaturns
2176 2479 2258 2523 est
2300 2466 2592 2536 justitiam.
2629 2466 2692 2520 Et
2719 2481 2787 2520 ne
2837 2475 2966 2520 tunc
3015 2464 3225 2534 justitia
3279 2464 3517 2519 dictante

1925 2577 2233 2632 pereamus,
2282 2576 2423 2615 nunc
2471 2558 2846 2628 confugiamus
2876 2560 2944 2613 ad
2980 2559 3176 2629 ipsum,
3227 2557 3318 2626 qui
3345 2559 3517 2626 magis

1924 2664 2123 2725 praesto
2169 2664 2255 2708 est
2285 2656 2415 2709 dare
2444 2655 2654 2708 veniam
2701 2668 2862 2723 quam
2892 2662 3149 2722 peccator
3173 2651 3416 2706 converti
3449 2651 3517 2703 ad

1924 2746 2487 2815 pteoitentiam;satis
2517 2745 2820 2815 promptior
2849 2745 2916 2799 ad
2948 2742 3335 2812 ignoscendum
3352 2756 3515 2810 quam

1924 2837 2153 2908 quilibet
2192 2839 2353 2893 homo
2379 2838 2444 2891 ad
2479 2836 2835 2906 peccaudmn.
2872 2833 2997 2889 [hcc
3045 2834 3163 2888 ideo
3188 2832 3297 2887 dixi
3325 2841 3382 2885 ut
3423 2831 3516 2899 qui

1925 2931 2170 2985 converti
2204 2929 2494 2992 voluerint,
2516 2944 2665 2997 spem
2697 2927 2954 2993 habeant,
2992 2935 3044 2980 et
3073 2941 3223 2995 spem
3253 2925 3517 2979 habentes

1923 3022 2140 3091 penitus
2172 3021 2516 3091 rcsipiscant.
2555 3020 2711 3086 Quod
2744 3018 2862 3086 ejus
2913 3017 3086 3087 pietas
3116 3025 3380 3084 praestare
3430 3015 3513 3067 di-

1925 3122 2143 3183 gnetur,
2177 3112 2267 3181 qui
2325 3112 2396 3165 ita
2441 3111 2777 3180 dispensavit
2826 3118 3115 3177 utramque
3162 3108 3325 3161 vitam
3359 3115 3419 3159 nt
3462 3107 3514 3159 in

1928 3206 2179 3277 praesenti
2209 3205 2407 3260 sa-culo
2437 3205 2650 3258 labores
2670 3220 2735 3257 ac
2775 3203 2990 3257 dolores
3020 3203 3129 3257 cito
3161 3201 3324 3255 finem
3347 3200 3515 3254 habe-

1925 3307 2078 3363 rent;
2113 3299 2165 3351 iu
2196 3300 2380 3352 futuro
2403 3311 2532 3352 vero
2558 3297 2824 3351 honorum
2851 3305 2899 3349 et
2942 3295 3287 3365 praemiorum
3318 3292 3513 3362 gaudia

1922 3393 2041 3447 siue
2066 3394 2172 3447 liue
2200 3398 2507 3446 manerent.

2346 3504 2510 3576 226
2561 3500 2894 3558 EPISTOLA
2935 3498 3122 3555 XLIX.

1920 3617 2192 3690 Cof/"ridae
2243 3618 2640 3674 Vindociuensis
2684 3618 2992 3671 monasterii
3021 3616 3268 3686 indiguus
3308 3630 3510 3699 servus,

1997 3717 2200 3771 llerreo
2222 3715 2427 3770 incluso
2465 3717 2634 3769 amico
2656 3730 2775 3781 suo,
2801 3712 2970 3767 sancti
2997 3711 3254 3783 propositi
3279 3727 3514 3780 perure-

1992 3818 2241 3860 multum.

1992 3916 2056 3971 ll.
2082 3918 2408 3971 secretarius
2449 3915 2510 3969 Β.
2561 3915 2744 3969 Mariae
2775 3914 2947 3986 (554),
2974 3913 3018 3967 si
3052 3913 3354 3968 monachus
3396 3910 3512 3965 vult

1920 4008 2060 4071 fieri,
2091 4007 2230 4062 sicut
2279 4008 2434 4061 nobis
2487 4006 2806 4069 mandastis,
2841 4019 2947 4058 non
3000 4012 3085 4057 est
3136 4001 3494 4072 respnendus.

1920 4100 2152 4167 \‘igilate
2196 4100 2379 4170 itaque
2424 4108 2485 4153 ut
2525 4100 2687 4154 citius
2729 4104 3104 4161 convertatur,
3156 4104 3213 4149 et
3248 4094 3506 4148 mundum

1920 4191 2254 4254 deserat,cui
2286 4191 2511 4245 forsitan
2545 4190 2728 4245 illicite
2754 4186 3327 4241 famulatur.Alterum
3353 4200 3508 4250 vero,

1920 4280 2010 4349 qui
2041 4280 2253 4335 noverit
2294 4281 2580 4350 presbyter
2607 4276 2783 4333 factus
2813 4285 2916 4341 est,
2962 4277 3029 4331 de
3058 4292 3165 4345 quo
3207 4276 3405 4331 iterum
3433 4277 3511 4328 si-

1921 4372 2243 4440 gnificastis,
2281 4373 2327 4427 si
2356 4372 2508 4427 vobis
2551 4372 2709 4435 bona:
2745 4372 2868 4425 vita:
2915 4384 3038 4425 esse
3090 4370 3325 4432 videtur,
3354 4368 3510 4424 nobis

1921 4467 2133 4518 mittere
2163 4464 2462 4527 curetis;et
2485 4478 2834 4533 quoscunque
2858 4463 3099 4517 honestae
3131 4462 3254 4516 vita:
3280 4462 3508 4517 clericos

1924 4556 2277 4615 inveneritis.
2328 4556 2484 4610 nobis
2526 4556 2893 4609 transmittere
2927 4570 3033 4610 non
3074 4552 3352 4609 dili‘eratis.
3383 4553 3509 4608 Plus

1924 4651 2107 4720 itaque
2152 4649 2205 4704 in
2234 4649 2543 4705 hominibus
2574 4648 2848 4719 diligimus
2877 4648 3163 4702 honestam
3214 4654 3505 4714 pauperta-

1924 4752 2051 4806 tem,
2089 4757 2251 4812 quam
2290 4741 2551 4810 superbas
2598 4754 2787 4794 eorum
2840 4738 3078 4802 divitias,
3132 4751 3272 4805 quas
3325 4736 3368 4790 si
3406 4735 3506 4788 ha-

1923 4832 2157 4897 buerint,
2181 4830 2496 4900 respuendae
2529 4845 2635 4884 non
2668 4844 2824 4894 sunt;
2874 4828 3075 4883 habent
3118 4827 3263 4882 enim
3299 4834 3355 4882 et
3404 4826 3507 4879 ille

1922 4920 2098 4975 locum
2148 4936 2328 4985 suum,
2357 4920 2490 4974 nihil
2537 4928 2715 4974 tamen
2770 4936 2869 4990 pro
2922 4919 3183 4973 faciendis
3228 4917 3507 4972 monachis

1920 5012 2231 5079 quzerimns,
2259 5012 2352 5066 sed
2379 5012 2424 5065 si
2450 5013 2577 5080 quid
2604 5012 2842 5063 oblatum
2876 5009 3057 5077 fuerit,
3086 5010 3210 5080 quia
3238 5009 3365 5064 illud
3398 5008 3507 5063 Rc-

1922 5102 2043 5169 gula
2070 5101 2267 5172 suscipi
2290 5101 2463 5168 jubet,
2490 5102 2834 5170 suscipimus.
2852 5099 2997 5156 Ordo
3028 5099 3296 5170 siquidem
3323 5108 3508 5154 noster

1921 5194 2087 5264 exigit
2116 5203 2172 5247 ut
2206 5195 2340 5249 tales
2368 5195 2558 5257 simus,
2611 5192 2700 5262 qui
2749 5208 2856 5246 non
2890 5192 3056 5247 lucris
3094 5190 3480 5261 temporalibus

1918 5288 2012 5342 sed
2034 5286 2308 5343 lucrandis
2328 5287 2608 5341 animabus
2639 5300 2859 5355 operam
2885 5286 3093 5339 domus.

2390 5401 2552 5471 227
2591 5398 2927 5456 EPISTOLA
2967 5397 3028 5452 L.

1921 5513 2198 5583 Goﬁ'n'dus
2245 5511 2649 5567 Vindocinensis
2694 5510 3005 5567 monasterii
3057 5508 3256 5563 inutilis
3296 5519 3495 5569 servus,

1991 5605 2183 5657 dilecto
2212 5621 2308 5659 suo
2335 5603 2538 5660 Heraea
2568 5604 2799 5667 incluso,
2827 5604 2961 5655 inler
2997 5601 3219 5669 parietes
3259 5594 3497 5663 lapidum

303 5706 792 5793 §§34)”Secretaritts
816 5714 879 5769 Β.
917 5711 1393 5778 βιατὶω.Ειῖοῗρέὶῑρ
1421 5712 1789 5771 Carttotensis.
1832 5717 1995 5777 Libro
2038 5735 2113 5785 tt,
2144 5717 2371 5791 epistola
2438 5722 2519 5774 li.
2570 5720 2780 5775 Sancta:
2831 5714 3019 5770 Mat-ire
3083 5711 3383 5785 Capitulum
3441 5716 3499 5793 et

242 5775 383 5850 trist.
410 5775 490 5839 15.
