3986 6496
276 376 389 443 ,ί

1560 364 1833 422 EPISTCI
1861 364 1949 419 Αἰ.
1994 397 2063 407 -
2106 365 2233 422 LIB.
2280 367 2345 421 Υ.

3468 368 3569 424 rso
3620 440 3625 445 ξ

288 490 379 545 inti
469 488 487 543 ι
515 503 575 540 as
598 488 959 543 vehezncnte‘
985 480 1876 554 231formidaturbemRamam,
1911 484 1955 541 Α
1984 481 2133 550 prius
2164 480 2495 548 dilexerant,
2524 478 2749 536 obedire
2778 487 3049 534 recursant.
3085 477 3150 531 Et
3190 476 3309 532 ideo
3344 478 3481 533 sicut
3514 482 3566 534 in

289 582 654 639 referentibus
682 582 989 652 peregrinis
1016 578 1135 632 inde
1166 577 1376 632 noviter
1413 575 1773 641 venientibus,
1806 575 1880 628 ita

291 671 464 729 audivi
486 672 880 742 perturbatam
907 668 1037 740 quod
1066 667 1313 721 dominus
1331 680 1462 735 papa
1486 663 1634 735 (559)
1669 664 1737 718 ibi
1772 679 1877 717 non

289 773 388 828 est,
432 770 488 816 et
529 759 787 815 Sutrium
830 761 985 816 Petro
1036 757 1232 812 Leonis
1268 757 1505 811 ablatum
1549 764 1651 810 est.
1696 755 1878 809 Domi-

289 869 387 908 nus
406 851 678 921 siquidem
710 866 852 921 papa
882 850 1014 919 apud
1034 849 1466 902 Beneventanam
1491 847 1678 901 urbem
1706 862 1878 900 mora-

290 955 403 1010 tur;
428 942 524 998 sed
552 943 870 997 revertendi
898 941 1116 994 Romam
1150 954 1254 992 non
1278 939 1439 992 habet
1470 936 1797 991 facultatem.
1816 935 1872 991 Si

287 1051 411 1092 vero
437 1049 679 1106 persona
716 1033 971 1104 quaelibet
1012 1031 1077 1086 ad
1121 1046 1243 1085 eum
1279 1030 1545 1084 transiens
1577 1028 1871 1095 invenitur,

278 1140 391 1184 non
418 1125 469 1182 ei
505 1124 764 1180 aufertur
792 1125 939 1195 (540)
981 1137 1170 1192 cappa,
1199 1121 1292 1176 sed
1338 1120 1404 1174 de
1451 1121 1559 1172 vita
1608 1121 1789 1173 statim
1820 1129 1874 1174 et

284 1216 541 1281 membris
567 1218 773 1287 agitur.
802 1215 954 1272 Unde
975 1224 1187 1285 oportet
1212 1230 1297 1269 me
1320 1213 1603 1269 consilium
1633 1223 1871 1269 vestrum

289 1309 459 1364 adhuc
486 1310 706 1373 audire,
730 1320 785 1365 et
808 1310 851 1365 si
875 1325 972 1379 pro
999 1319 1149 1365 certo
1172 1310 1294 1364 vita:
1322 1312 1559 1381 periculo
1591 1327 1684 1364 vos
1712 1325 1875 1379 expo-

288 1415 409 1455 nere
440 1399 604 1454 vultis
635 1409 928 1470 antequam
955 1400 1117 1470 legati
1142 1401 1303 1454 vestri
1341 1410 1703 1465 revertantur,
1725 1400 1869 1469 quod

288 1491 501 1547 laudare
526 1506 639 1545 non
668 1507 889 1561 possum
920 1506 1021 1546 nec
1041 1492 1233 1556 debeo,
1269 1493 1399 1547 mihi
1435 1494 1734 1547 notilicate.
1759 1493 1871 1564 Ego

288 1592 458 1638 autem
512 1582 636 1637 sine
693 1581 850 1637 vobis
902 1595 1120 1635 movere
1174 1597 1280 1635 non
1339 1581 1531 1648 audeo,
1590 1583 1868 1638 vobiscum

289 1684 483 1738 tanien,
534 1673 634 1728 sed
693 1689 801 1744 pro
859 1683 1037 1728 vestra
1088 1673 1340 1741 utilitate,
1384 1677 1427 1729 si
1483 1690 1648 1729 sanus
1696 1675 1867 1739 fuero,

287 1772 504 1836 paratus
535 1780 658 1819 sum
687 1776 740 1819 et
772 1765 825 1818 in
856 1779 1130 1821 carcerem
1159 1774 1214 1821 ct
1245 1766 1297 1819 in
1329 1775 1558 1819 mortem
1586 1766 1682 1819 ire.
1715 1764 1865 1832 Vale,

287 1854 499 1925 etquod
525 1854 577 1909 in
606 1868 741 1909 aure
762 1854 918 1909 vobis
948 1856 1088 1917 dico,
1112 1855 1239 1910 nulli
1270 1856 1580 1925 praalicate.

840 1944 1173 1999 EPISTOLA
1213 1944 1299 2000 IV.

290 2036 557 2106 Coﬂ'ridus
596 2037 994 2092 Vindocinensis
1040 2040 1348 2093 monasterii
1400 2040 1613 2093 humilis
1660 2056 1864 2103 servus,

359 2131 470 2184 suis
514 2130 568 2183 in
617 2129 821 2185 Christo
867 2131 1090 2197 dilectis,
1142 2128 1406 2200 Stephano
1439 2130 1637 2184 decano
1692 2130 1863 2200 (541),

361 2219 595 2274 Huberto
642 2222 866 2287 cantari,
914 2221 1209 2276 Guarnerio
1268 2222 1662 2290 archidiacouo,
1716 2238 1865 2292 pura:

353 2311 646 2368 dilectionis
675 2314 1002 2384 obsequium.

350 2402 481 2470 Quia
531 2420 622 2460 me
676 2406 954 2478 indignum
1002 2415 1057 2461 et
1104 2416 1444 2477 peecatorem
1498 2411 1734 2466 vocastis
1797 2412 1862 2467 ad

284 2495 508 2566 episcopi
574 2498 748 2552 vestri
819 2498 1164 2563 electionem,
1232 2501 1430 2555 multas
1485 2502 1635 2556 vobis
1686 2502 1863 2559 refero

286 2586 498 2655 gratias.
530 2585 651 2658 Ego
673 2589 893 2659 quidem
926 2598 1122 2645 vestra:
1148 2591 1418 2646 vocationi
1463 2593 1595 2647 satis
1634 2593 1863 2650 libenter

285 2678 690 2747 acquievissem,
724 2680 827 2735 nisi
872 2681 973 2735 sub
1017 2681 1118 2736 hae
1156 2684 1464 2747 occasione,
1497 2686 1639 2753 quod
1678 2686 1861 2742 dicere

284 2767 418 2831 nolo,
448 2768 636 2824 subire
665 2770 985 2826 timuissem.
1020 2772 1085 2826 Et
1107 2772 1386 2842 quoniam,
1415 2783 1473 2829 ut
1514 2776 1852 2845 postulastis,

284 2869 366 2909 me
391 2868 713 2925 praesentem
741 2876 886 2915 nunc
918 2861 1119 2917 habere
1145 2863 1365 2918 minime
1393 2865 1639 2933 potestis,
1663 2867 1860 2923 absens

282 2945 433 3018 232
458 2948 622 3005 laudo
643 2950 788 3022 quod
810 2953 1104 3007 secundum
1135 2954 1302 3008 Deum
1325 2953 1587 3010 feceritis.

836 3046 1169 3101 EPISTULA
1214 3047 1277 3102 γ.

281 3133 539 3206 Goﬂ'ridus
562 3136 970 3194 Vindocineasis
1002 3142 1308 3197 monasterii
1324 3142 1562 3196 minister
1584 3143 1851 3213 indignus,

343 3229 609 3299 Stephano
664 3235 892 3299 decano,
968 3234 1201 3291 "uberto
1264 3238 1491 3302 cantari,
1560 3236 1853 3295 Cum‘nrrio

342 3321 733 3383 archidiacono.
762 3323 1009 3378 salutem.

344 3409 632 3467 Subdolmn
665 3414 840 3477 illum,
875 3430 1033 3482 quem
1067 3415 1237 3471 nmlta
1269 3415 1476 3471 falsitas
1519 3413 1649 3472 facit
1687 3419 1851 3474 eti.un

279 3499 329 3553 in
353 3503 576 3558 veritate
591 3514 924 3573 suspectum,
952 3522 1092 3561 mtuc
1112 3509 1381 3562 veraciter
1406 3524 1434 3562 a
1461 3509 1729 3563 desiderio
1752 3526 1851 3565 suo

279 3586 589 3645 frustratum
648 3595 1045 3663 cognoscimus.
1105 3595 1259 3652 Unde
1298 3598 1652 3668 omnipotenti
1717 3600 1849 3666 Deo,

275 3680 422 3750 Cujus
438 3684 825 3742 misericordia:
845 3689 987 3743 dono
1010 3690 1111 3744 hoc
1138 3698 1317 3744 actum
1343 3704 1466 3744 esse
1491 3689 1849 3760 dignoscitur,

278 3775 472 3840 gratias
501 3776 703 3833 referre
729 3781 1057 3836 unanimiter
1079 3784 1358 3840 debemus.
1382 3786 1444 3840 Et
1465 3788 1587 3856 quia
1610 3786 1848 3855 ejus-lem

277 3860 364 3917 Dei
386 3876 439 3920 et
460 3865 671 3923 Domini
704 3870 876 3925 nostri
907 3870 1031 3927 Jesn
1050 3874 1248 3929 Christi
1268 3887 1533 3944 operante
1561 3877 1847 3933 clementia

276 3967 482 4010 causam
509 3969 753 4014 nostram
785 3962 1005 4017 omnino
1029 3967 1081 4019 in
1106 3981 1365 4038 prospero
1384 3977 1528 4023 statu
1552 3970 1849 4024 consistere

276 4045 559 4114 cernimus,
597 4064 945 4121 summopere
976 4058 1272 4109 cavendum
1300 4066 1382 4111 est
1427 4074 1495 4112 ne
1518 4059 1848 4127 prosperita~

277 4143 397 4202 tem,
448 4154 612 4209 quam
671 4142 787 4211 ipse
843 4146 999 4199 nobis
1058 4148 1479 4205 misericorditer
1528 4152 1735 4217 tribuit,
1791 4152 1844 4207 in

256 4243 502 4286 errorem
526 4242 822 4291 vertamus.
847 4236 1001 4308 Sirpe
1022 4239 1167 4294 enim
1195 4241 1414 4311 quidam
1443 4244 1493 4296 in
1518 4245 1846 4301 adversitste

275 4323 424 4388 positi
454 4324 563 4380 Deo
605 4328 812 4383 servire
846 4339 901 4383 et
942 4345 1064 4384 eum
1112 4346 1353 4401 quaerere
1388 4332 1718 4401 desiderant,
1749 4337 1842 4392 sed

276 4413 506 4482 ciunjam
533 4420 950 4489 presperitatem
975 4421 1152 4491 adepti
1173 4421 1394 4489 fuerint,
1424 4424 1472 4480 ei
1502 4442 1662 4496 quem
1687 4429 1841 4497 quasi

339 4546 481 4629 (559)
510 4551 777 4629 Dominus
802 4570 960 4623 papa.
990 4555 1252 4629 Callistus
1277 4557 1329 4629 ᾈΙΙ
1361 4573 1470 4629 quo
1509 4559 1732 4615 Romam
1773 4579 1837 4618 cx
1879 4545 1918 4599 θ

274 4614 823 4702 Galliis-adventante
871 4614 1226 4702 annodlil).
1275 4614 1836 4702 linr'diuusiautipapa

275 4689 397 4769 urbe
417 4691 600 4769 relicta
634 4691 876 4748 Sutrium
903 4695 1262 4769 propinquum
1298 4699 1529 4769 Etrurire
1556 4689 1837 4769 oppidum,

271 4757 437 4841 pulso,
460 4762 673 4841 nt‘hin‘c
702 4757 946 4841 apparet,
973 4757 1132 4820 Petro
1145 4767 1358 4841 bennis,
1385 4770 1456 4825 ibi
1481 4787 1539 4827 se
1563 4757 1839 4829 ιὺίιιιιιιθιιιξ

272 4832 473 4912 ipvasit.
504 4832 577 4887 At
622 4833 910 4900 Callistus,
964 4847 1021 4912 ut
1068 4835 1254 4912 copias
1302 4841 1369 4893 ad
1420 4846 1837 4912 expugnandum

276 4898 498 4979 Sutrium
548 4898 1018 4979 compar-prendit
1062 4898 1194 4963 urbe
1241 4909 1383 4979 haud
1429 4898 1518 4966 (ιίἶι
1564 4898 1836 4979 3.0mm,

274 4961 620 5050 Beneventum
637 4961 722 5050 ad
751 4961 1098 5050 Guillehnum
1121 4961 1540 5048 Apulueduc‘cm

275 5040 650 5124 eslt.nSequenti
689 5060 834 5099 anno
877 5045 1142 5124 Sutrium
1169 5040 1393 5124 recepit,
1434 5040 1840 5124 Burdinumque

277 5109 597 5191 adflavénse
626 5118 1014 5191 monasterium
1069 5109 1348 5190 relegavit,
1380 5109 1500 5189 qua:
1550 5109 1765 5191 singula
1811 5144 1839 5179 ιι

276 5176 593 5254 Pandulpho,
622 5186 856 5255 aliisque
898 5188 1112 5243 illorum
1145 5176 1447 5258 temporum
1480 5176 1841 5261 scripi’oribus

271 5262 770 5311 commemorantur.

340 5320 631 5399 (540)391:
675 5329 724 5381 ei
766 5328 1009 5397 aufertur
1050 5346 1233 5399 cappa.
1267 5328 1381 5384 Non
1436 5330 1717 5399 Spoliatur,
1748 5335 1841 5389 sed

275 5380 499 5470 abeant}.
531 5380 1171 5470 Negotiatoiunneappss
1196 5380 1423 5470 agnatis
1438 5380 1601 5469 ἐἴριά
1615 5380 1838 5469 {ubi};

273 5458 474 5546 Ferrar,
516 5458 771 5546 abbatem
813 5471 974 5546 epist.
1011 5458 1157 5546 1.2-5)
1191 5458 1284 5546 sed
1328 5458 1573 5546 analogia
1609 5458 1837 5527 Goliridi

274 5528 536 5613 lectionem
578 5528 886 5613 continuat.
919 5538 1010 5594 Sic
1041 5528 1353 5613 enimrdieta
1384 5528 1600 5596 videtur
1644 5556 1837 5613 cappa,

272 5612 325 5653 οι
352 5607 529 5681 cappis
546 5608 723 5679 poculi
752 5622 943 5681 genus,
968 5620 1020 5663 et
1045 5612 1320 5679 capulum,
1344 5627 1438 5665 seu
1463 5607 1831 5681 nianubriu'm,

276 5673 658 5752 8eu_f_er_etri_tm,
693 5695 721 5733 a
752 5673 1030 5749 capiendo.
1074 5673 1212 5735 unde
1242 5673 1545 5752 et'capella.
1582 5726 1593 5731 -

338 5745 477 5819 (541)
536 5745 1084 5819 Stephano-decano.
1147 5745 1400 5805 Ecclesiae
1468 5753 1527 5805 S.
1593 5752 1832 5808 Mauricii

274 5812 676 5890 Atidegavensis,
707 5828 767 5875 ut
801 5819 1005 5878 dicuun
1041 5832 1122 5878 est
1154 5822 1243 5876 lib.
1289 5838 1371 5890 in,
1404 5824 1558 5893 epist.
1592 5824 1676 5890 ll,
1701 5841 1822 5881 cum

1985 571 2337 634 adversitate,
2396 570 2638 625 bonitate
2692 571 2809 641 ejus
2859 568 3210 641 sulfragante,
3252 569 3404 623 fracti
3464 588 3567 625 non

1984 659 2207 729 luimus,
2251 662 2303 716 in
2337 662 2702 733 prosperitate
2754 660 3061 715 nullatenus
3109 660 3453 722 cxtollamur.
3503 679 3569 716 ne

1986 766 2084 805 nos
2126 766 2264 821 quos
2314 753 2615 807 adversitas
2664 767 2859 805 nocere
2903 766 3008 805 non
3062 752 3235 820 potuit
3293 753 3566 817 terrendo,

1980 843 2201 911 gravius
2251 853 2445 897 noceat
2495 843 2827 912 prosperitas
2871 842 3173 896 seductoris
3217 841 3564 896 blandiendo.

1981 930 2037 984 in
2068 930 2297 986 Domino
2348 948 2566 1002 semper
2604 931 2851 999 valeatis,
2880 942 2931 986 et
2972 933 3036 988 de
3080 933 3351 1003 adiutorio
3382 944 3567 988 nostro

1982 1024 2203 1078 tuinimc
2236 1023 2512 1078 tlillidatis.

2438 1113 2599 1184 233
2640 1111 2973 1169 EPISTOLA
3016 1113 3103 1168 vr.

1976 1210 2252 1284 Coﬂ'ridus
2279 1214 2681 1270 Vindocincnsis
2709 1217 3011 1269 nzorrasterii
3039 1217 3273 1271 minister
3295 1218 3560 1287 ind'gnus,

2049 1308 2337 1359 venerabili
2380 1308 2689 1376 pra'ccn‘ori
2732 1305 2963 1359 llubcrto
2992 1308 3136 1377 (542)
3166 1309 3381 1378 diligere
3422 1310 3561 1380 quod

2051 1398 2191 1451 Dens
2222 1400 2415 1467 diligit,
2452 1410 2498 1452 ct
2527 1392 2647 1451 odio
2679 1397 2869 1451 habere
2903 1397 3042 1468 quod
3070 1399 3198 1450 odit.

2043 1492 2264 1545 Amicus
2284 1502 2459 1545 vester
2489 1506 2609 1544 sum
2639 1505 2758 1560 ego,
2778 1506 2881 1543 non
2916 1489 3326 1560 qualiscunque,
3354 1492 3445 1545 sed
3467 1494 3558 1560 qui

1974 1583 2214 1636 animum
2244 1599 2400 1635 suum
2432 1596 2461 1634 a
2498 1582 2804 1643 dilectione,
2857 1596 2961 1650 qua
3005 1597 3099 1635 vos
3128 1581 3351 1652 diligere
3372 1583 3558 1651 capit,

1972 1674 2119 1727 nullo
2145 1684 2385 1741 tempore
2420 1673 2617 1739 poterit
2656 1687 2930 1726 revocare.
2963 1671 3068 1727 Vos
3110 1682 3309 1735 tamen,
3342 1681 3396 1726 ιιι
3430 1674 3559 1727 mihi

1971 1763 2213 1827 videtur,
2241 1778 2326 1816 me
2358 1762 2534 1815 minus
2563 1760 2721 1815 solito
2750 1760 2989 1832 diligitis,
3016 1772 3065 1817 et
3092 1763 3234 1831 quod
3260 1776 3353 1816 vos
3374 1763 3560 1832 diligo,

1901 1840 1945 1895 Β
1970 1869 2158 1925 parum
2200 1853 2283 1907 vel
2334 1853 2465 1907 nihil
2516 1852 2731 1923 penitus
2761 1853 2985 1908 curatis.
3022 1851 3077 1907 Si
3117 1862 3409 1923 utrumque
3459 1864 3554 1909 aut

1968 1961 2135 2001 unum
2164 1946 2355 2000 horum
2402 1961 2588 1999 verum
2630 1954 2735 2011 est,
2783 1944 2978 2000 vellem
3029 1947 3246 2016 quidem
3281 1956 3557 2012 neutrum,

1968 2054 2072 2094 non
2122 2038 2243 2093 ideo
2291 2053 2385 2092 vos
2433 2039 2637 2109 pigrius
2676 2037 2919 2108 diligam,
2964 2038 3052 2107 qui
3101 2054 3197 2109 per
3242 2056 3558 2109 germanam

1967 2132 2296 2187 charilatem
2327 2146 2514 2185 amare
2545 2130 3018 2200 compelloretiam
3052 2146 3157 2186 non
3190 2143 3479 2188 amantem.
3499 2133 3556 2189 Si

1965 2237 2186 2277 causam
2226 2221 2573 2288 habuissetis,
2612 2236 2720 2291 qua
2774 2235 2861 2275 me
2914 2222 3094 2277 minus
3139 2222 3363 2294 diligere
3407 2225 3558 2296 juste

1964 2312 2217 2382 possetis,
2246 2312 2460 2382 culpam
2494 2323 2642 2367 certe
2673 2312 2896 2367 minime
2922 2326 3300 2380 excusasscm;
3338 2316 3431 2371 sed
3457 2317 3552 2372 Dei

1964 2402 2138 2472 gratia
2174 2401 2321 2471 quod
2352 2417 2415 2455 ex
2446 2415 2531 2455 me
2554 2411 2747 2455 actum
2772 2402 3241 2471 foret-perperam,
3276 2418 3380 2458 non
3409 2405 3556 2461 inve-

1965 2494 2141 2548 nistis.
2171 2491 2282 2547 [loc
2312 2500 2519 2546 tantum
2555 2491 2813 2561 objicitis,
2849 2493 2992 2562 quod
3032 2494 3174 2548 inter
3201 2510 3284 2548 me
3314 2505 3368 2549 ct
3394 2497 3553 2551 dom-

1961 2598 2090 2638 uum
2128 2582 2501 2638 Redonensem
2533 2584 2843 2654 episcopum
2870 2582 3023 2656 (545)
3056 2599 3244 2653 pacem
3289 2584 3553 2642 reforma-

1963 2684 2072 2729 tam
2101 2674 2320 2730 videtis.
2354 2674 2431 2729 Ex
2474 2675 2577 2729 hoc
2609 2674 2762 2740 nulli,
2792 2673 2884 2745 qui
2939 2674 3108 2729 Deum
3150 2675 3346 2746 diligit,
3389 2692 3550 2755 scan-

1960 2763 2140 2820 dalum
2188 2767 2450 2831 nascitur,
2482 2772 2537 2819 et
2582 2765 2741 2819 vobis
2772 2766 3113 2835 gaudendum
3157 2777 3326 2832 esset,
3361 2767 3406 2821 si
3451 2783 3550 2823 cor

1958 2867 2198 2913 vestrum
2250 2856 2634 2927 quoquomodo
2693 2863 2994 2927 pateretur.
3056 2855 3192 2911 Nam
3261 2857 3307 2912 si
3358 2857 3547 2912 odium

1957 2947 2234 3018 declinare
2280 2949 2438 3017 culpa
2493 2948 2690 3003 merito
2734 2957 3097 3019 nuncupatur,
3129 2947 3401 3017 diabolus,
3453 2951 3547 3020 qui

1957 3050 2199 3095 sectatur
2221 3038 2351 3093 illud
2376 3039 2614 3101 assidue,
2632 3039 2905 3093 immerito
2927 3039 3214 3109 deputatus
3237 3040 3304 3095 ad
3328 3054 3546 3108 poenam

1957 3134 2305 3203 praulicatur.
2338 3130 2445 3186 Sed
2478 3146 2584 3184 non
2617 3132 2687 3184 ita
2720 3139 2825 3197 est,
2855 3130 3058 3199 optime
3087 3139 3299 3195 cantor,
3333 3130 3539 3184 nullum

1957 3224 2326 3280 Christianum
2354 3223 2530 3287 decet,
2563 3221 2731 3275 multo
2767 3225 2944 3276 minus
2968 3223 3138 3293 igitur
3179 3223 3544 3289 sacerdotem,

1955 3315 2254 3370 fraternum
2282 3317 2464 3370 odium
2494 3329 2774 3378 exercere,
2820 3329 2921 3370 nec
2969 3314 3219 3385 proprias
3263 3314 3545 3368 vindicare

1956 3406 2204 3474 iniurias,
2254 3408 2348 3461 sed
2405 3418 2518 3462 toto
2556 3405 2740 3460 animo
2793 3406 3126 3461 condonare.
3156 3405 3543 3461 Condenandaz

1953 3497 2150 3567 quippe
2210 3495 2421 3564 injuria:
2472 3511 2575 3551 non
2630 3504 2835 3560 essent,
2888 3495 2933 3549 si
2997 3494 3319 3550 remittenda
3388 3496 3543 3550 nobis

1952 3599 2172 3659 peccata
2212 3590 2493 3651 deessent;
2517 3588 2609 3642 sed
2625 3587 2752 3657 quia
2778 3586 2914 3642 tales
2935 3602 3145 3651 sumus,
3164 3584 3329 3659 234
3346 3587 3543 3656 quibus

1949 3682 2192 3744 debetur,
2225 3690 2280 3734 et
2310 3682 2400 3751 qui
2431 3682 2694 3735 debemus
2729 3694 2952 3735 necesse
2978 3680 3133 3734 valde
3158 3690 3242 3734 est
3273 3691 3331 3734 ut
3354 3681 3539 3736 diruit--

1953 3780 2128 3825 tamus
2156 3770 2464 3824 hominibus
2511 3786 2631 3840 qua:
2680 3770 2880 3823 dehcnt
2921 3769 3097 3835 nobis,
3131 3770 3173 3824 si
3222 3783 3310 3834 ea,
3340 3786 3459 3841 qua:
3507 3789 3537 3826 a

1949 3866 2104 3919 nobis
2139 3867 2424 3931 debentur,
2455 3866 2653 3920 dimitti
2686 3866 3084 3921 desideramus.
3123 3866 3279 3922 hunc
3308 3867 3538 3922 forsitan

1950 3958 2131 4013 dicitis
2161 3958 2314 4011 vobis
2358 3973 2461 4011 non
2503 3959 2813 4028 displicere,
2843 3958 2984 4027 quod
3015 3973 3113 4012 nos
3147 3961 3297 4028 prius
3324 3960 3532 4016 discor-

1950 4051 2032 4104 di
2060 4061 2161 4115 tes,
2216 4051 2595 4106 reconciliatos
2654 4051 2872 4105 tandem
2925 4052 3273 4120 conspicitis;
3316 4060 3373 4106 at
3412 4054 3536 4121 quia

1948 4148 2064 4201 sine
2114 4155 2297 4201 vestro
2348 4146 2577 4200 consilio
2631 4146 2733 4199 hoc
2779 4147 3005 4216 egerim,
3055 4147 3187 4200 mihi
3235 4146 3391 4216 quasi
3435 4162 3537 4218 pro

1947 4242 2174 4296 crimine
2220 4241 2519 4310 imputatis.
2544 4240 2910 4307 Quaerendum
2939 4240 3204 4307 siquidem
3236 4250 3318 4296 est
3352 4243 3536 4299 consi-

1947 4334 2100 4395 lium,
2130 4341 2186 4387 et
2230 4333 2467 4387 maxime
2500 4331 2552 4385 in
2588 4331 2765 4385 dubiis
2796 4333 2992 4399 rebus;
3024 4333 3074 4387 in
3105 4351 3163 4389 re
3197 4347 3378 4391 autem
3424 4347 3533 4393 tam

1946 4422 2237 4478 tn.-.nifesta
2277 4437 2414 4492 opus
2452 4421 2621 4477 fuisse
2645 4421 2871 4477 consilio
2898 4438 3004 4477 non
3028 4425 3293 4481 videmus.
3326 4427 3370 4483 0
3412 4429 3533 4483 vita:

1946 4560 2010 4612 de
2042 4557 2287 4612 Rainaldi
2318 4556 2554 4629 episcopi
2584 4554 2852 4629 electione
2882 4565 3158 4629 ageretur,
3186 4558 3253 4613 de
3284 4574 3389 4629 qua
3439 4559 3529 4614 hic

1944 4631 2107 4683 etiam
2138 4642 2340 4697 sermo,
2372 4636 2427 4682 et
2463 4628 2514 4679 in
2542 4627 2787 4697 epistolis
2822 4628 3194 4697 sequentibus:

2017 4699 2166 4768 (542)
2200 4696 2529 4753 Prmceatori
2557 4695 2814 4768 lfuberto.
2843 4695 3002 4768 Nunc
3031 4708 3309 4768 cautorem
3346 4709 3526 4764 vocat,

1946 4786 2090 4824 nunc
2117 4765 2529 4839 p'rxecentorem,
2563 4775 2621 4820 ut
2661 4768 2712 4820 in
2750 4765 3094 4839 dedicatione
3128 4766 3526 4828 Vindocinensi.

1944 4841 1984 4893 Α
2037 4837 2267 4894 Carnoto
2331 4837 2587 4904 Arnuf/‘us
2645 4837 3050 4889 archidiaconus
3105 4847 3153 4890 et
3211 4854 3524 4904 pra'centor.

1943 4910 2230 4964 Proximus
2257 4907 2497 4963 Huberto
2527 4908 2717 4976 gradu,
2739 4921 2802 4960 ac
2827 4915 3069 4978 tempore
3092 4906 3193 4961 fuit
3220 4905 3529 4978 Stephanus

1945 4992 2136 5035 cantor
2163 4981 2288 5050 item
2319 4988 2379 5050 et_
2388 4978 2814 5050 archidiaconus
2848 4975 3275 5050 Andegavensis,
3308 4975 3382 5050 fle
3422 4997 3529 5050 quo

1948 5051 1998 5102 in
2027 5053 2141 5105 luce
2169 5049 2329 5104 verba
2361 5046 2743 5101 Kalendarium
2777 5045 2834 5101 S.
2873 5045 3153 5102 Mauricii:
3196 5064 3265 5102 xv
3298 5045 3521 5105 Kalend.

1950 5118 2260 5174 Novembris
2302 5119 2426 5171 obiit
2460 5117 2761 5185 Stephanus
2800 5126 2986 5170 cantor
3029 5129 3076 5172 et
3123 5120 3529 5175 archidiaconus

1945 5202 2157 5257 propter
2202 5189 2467 5243 seruitium
2497 5187 2657 5256 hujus
2705 5186 2954 5241 Ecclesia:
2986 5188 3051 5241 ab
3084 5189 3319 5244 hostibus
3366 5191 3528 5245 inter-

1947 5270 2167 5327 emptus,
2193 5275 2330 5312 anno
2355 5258 2564 5311 Donuni
2598 5257 2753 5312 1116.

2022 5330 2169 5397 (545)
2200 5328 2552 5381 Redoncnscm
2581 5330 2897 5398 episcopum.
2929 5329 3269 5395 Marbodum,
3293 5327 3381 5395 qui
3429 5343 3527 5395 pro

1950 5397 2195 5452 Rainaldi
2230 5398 2501 5469 electione
2524 5398 2754 5465 primmn
2787 5400 2956 5463 stetit,
2986 5415 3085 5469 pro
3113 5414 3217 5466 qua
3254 5407 3527 5469 etCaptns

1948 5480 2050 5534 est,
2098 5478 2157 5521 ιιι
2204 5469 2405 5522 dictum
2449 5466 2542 5520 lib.
2574 5483 2662 5531 tu,
2703 5469 2861 5536 epist.
2895 5466 3195 5538 “(pestea
3243 5468 3437 5538 cidem,
3466 5477 3528 5520 ut

1949 5538 2162 5602 ingrato
2187 5539 2461 5591 adversari
2496 5538 2683 5606 cmpit,
2715 5534 2772 5589 ut
2807 5534 3045 5592 declarat
3081 5537 3246 5605 ipsius
3282 5534 3522 5606 Marbodi

1946 5608 2170 5678 cpistola
2203 5610 2344 5678 inter
2371 5604 2724 5678 lldcberi_inas
2758 5607 2849 5678 80.
2880 5607 3058 5678 Quare
3099 5604 3275 5659 facilis
3308 5604 3381 5657 illi
3411 5615 3522 5678 tum

1947 5674 2044 5734 fuit
2062 5696 2181 5734 cum
2199 5677 2458 5740 Coﬂ'rido,
2475 5679 2567 5747 qui
2583 5675 2829 5731 Rainaldi
2846 5676 3159 5733 electionem
3184 5690 3294 5742 pra:
3313 5674 3524 5729 ueteris

1952 5749 2310 5821 improbabat,
2342 5746 2726 5803 reconciliatio.
