3986 6460
461 392 558 448 Illi

1484 383 1806 443 comunt
1847 346 2136 436 ABBA'FIS
2179 374 2697 432 VINDOCINENSIS

3630 370 3733 433 199

460 503 789 559 venerabilis
820 504 1045 557 cantor:
1092 502 1136 556 si
1183 507 1440 570 quantum
1494 506 1545 550 te
1587 495 1750 563 diligo
1779 492 2041 547 veraciter
2069 489 2118 547 Α
2150 488 2347 542 absens
2379 503 2608 557 corpore
2628 487 2840 556 loquor,
2867 489 3011 543 hunc
3042 496 3219 541 tamen
3247 476 3576 556 praisentctn
3612 490 3730 543 reti-

462 592 659 656 scires,
686 592 939 647 crederes
967 590 1151 658 utique
1187 596 1370 641 nostro
1397 583 1646 648 com-ilio,
1675 593 1724 637 et
1754 582 2041 651 quemdam

463 682 565 736 tibi
589 681 744 737 valde
769 679 1096 736 contrarium
1127 679 1408 732 humorem
1435 684 1653 744 accepta
1682 676 1897 743 potione
1914 688 2043 740 pur-

463 787 641 842 gares,
670 772 856 839 sicque
878 769 1113 822 futuram
1134 768 1336 821 vitares
1365 765 1693 835 passionem.
1718 763 1775 818 Si
1807 762 2043 816 nondum

461 864 603 916 nosti
625 863 782 916 istum
803 862 1108 924 htnnorem,
1127 874 1227 913 nec
1254 858 1411 911 istius
1427 857 1671 911 humoris
1693 855 2042 925 passionem;

458 953 615 1016 vade,
633 951 849 1006 consule
862 951 1178 1016 medicos,et
1192 951 1312 1019 quis
1330 950 1398 1003 sit
1414 949 1513 1001 iste
1527 944 2042 1013 lmmoragnoveris,

456 1056 562 1096 nec
621 1042 687 1095 de
742 1040 862 1107 ejus
908 1040 1162 1110 passione
1208 1041 1439 1109 amplius
1501 1039 1703 1112 poteris
1767 1038 2041 1090 dubitare.

459 1131 702 1186 Medicas
724 1130 869 1197 dico,
903 1120 1007 1184 non
1040 1131 1131 1199 qui
1158 1139 1413 1200 reparant
1441 1130 1665 1183 salrtem
1704 1128 1946 1196 corporis
1977 1127 2045 1180 ad

458 1225 674 1289 horam,
692 1224 784 1279 sed
802 1224 917 1294 qui,
935 1225 979 1279 si
1004 1224 1141 1277 bene
1167 1224 1556 1294 intelligantur,
1576 1223 1739 1276 vitam
1762 1221 2049 1275 conlerunt

457 1316 879 1384 sempiternam.
911 1313 1104 1369 Medici
1145 1314 1232 1369 isti
1262 1326 1386 1368 sunt
1410 1314 1528 1368 libri
1561 1313 1748 1377 divini,
1782 1313 1979 1381 quibus
2001 1311 2046 1365 si

461 1407 693 1461 ﬁrmiter
740 1408 999 1472 creditur,
1052 1408 1361 1461 contrarius
1416 1406 1610 1461 humor
1659 1405 1844 1459 Slz‘liltt
1882 1418 2050 1474 agno-

464 1497 662 1564 scitur;
710 1499 823 1569 jam
872 1498 1057 1569 passio
1117 1499 1232 1569 ipsa
1288 1500 1542 1557 timetur,
1592 1496 2048 1559 medicamentum

462 1587 652 1655 etiam,
684 1604 792 1658 quo
831 1590 1026 1643 humor
1054 1590 1261 1654 sanari,
1295 1606 1359 1643 ac
1411 1589 1592 1658 passio
1641 1586 1801 1641 vitari
1847 1582 2045 1650 valeat,

463 1678 757 1735 invenitur.
791 1681 940 1737 Licet
964 1683 1015 1759 in
1048 1682 1265 1752 homine
1296 1682 1450 1751 quasi
1500 1680 1809 1736 contrarius
1859 1680 2051 1739 humor
2085 1741 2096 1751 .

462 1773 744 1841 peccando
791 1785 1064 1834 nascatur,
1112 1786 1318 1828 certum
1358 1784 1461 1838 ρει,
1498 1772 1631 1826 nihil
1681 1772 1783 1827 hoc
1824 1773 2071 1834 certius,

2146 590 2249 630 nco
2281 588 2482 643 mente,
2514 586 2566 632 et
2597 577 2759 631 ﬁxum
2788 577 2961 632 habeo
2990 578 3042 631 in
3070 578 3253 632 corde.

2698 667 3031 723 EPISTULA
3069 668 3197 723 VIII.

2140 758 2419 828 ‘Co/fridns
2452 759 2851 815 Vindocinensis
2888 764 3192 815 monasterii
3215 764 3508 816 aulicorum
3539 756 3726 827 serens,

2216 857 2553 911 dilectissimo
2576 875 2673 911 suo
2709 856 2965 923 llnberto,
2996 858 3225 911 nondum
3263 859 3504 923 dissolvi,
3528 871 3574 913 et
3605 877 3732 915 sent-

2217 966 2308 1017 per
2328 966 2438 1003 esse
2466 966 2583 1002 cum
2612 948 2838 1002 Christo.

2220 1040 2439 1094 Fratres
2467 1040 2660 1101 nostri,
2706 1026 2968 1094 benclicia
3002 1054 3119 1107 qua)
3150 1039 3231 1095 eis
3270 1039 3478 1096 fecistis
3521 1048 3575 1094 et
3602 1057 3730 1111 quo-

2152 1128 2280 1183 tidie
2304 1128 2485 1183 facitis
2514 1140 2930 1199 cognoscentes,
2967 1131 3122 1183 nobis
3151 1130 3432 1184 humiliter
3470 1132 3729 1201 supplica-

2150 1232 2297 1289 rant,
2328 1231 2385 1276 ut
2409 1223 2551 1292 quod
2580 1222 2678 1291 ipsi
2707 1222 2887 1277 verbis
2918 1232 3209 1291 nequeunt,
3238 1222 3429 1277 saltem
3456 1222 3649 1277 litteris
3669 1240 3728 1279 ex

2118 1330 2337 1370 ~eorum
2380 1324 2535 1382 parte
2570 1324 2769 1368 vestrae
2802 1316 3051 1369 charitati
3085 1325 3265 1383 grates
3309 1324 3415 1370 non
3453 1317 3729 1387 pigritare-

2151 1420 2275 1458 nutr
2299 1402 2649 1473 referre..Sed
2674 1405 2718 1458 si
2749 1404 2941 1458 millies
2966 1404 3109 1458 mille
3131 1405 3371 1460 membra
3395 1405 3728 1470 haberemus,

2151 1504 2205 1547 ct
2231 1491 2762 1560 ontninmjuncturm
2790 1495 3158 1547 membrorum
3192 1496 3244 1549 in
3278 1494 3524 1565 singulas
3566 1507 3731 1551 verte-

2155 1596 2340 1641 rentur
2366 1585 2608 1656 linguas,
2649 1584 2911 1639 benelicia
2940 1601 3061 1654 qua:
3103 1586 3260 1640 nobis
3291 1587 3603 1657 impenditis
3632 1603 3730 1641 non

2155 1692 2437 1747 possemus
2468 1676 2633 1745 loqui,
2675 1692 2777 1731 nec
2805 1676 2985 1746 aliquo
3012 1677 3170 1731 modo
3193 1678 3514 1747 condignam
3543 1679 3731 1747 gratia.

2156 1783 2274 1822 rum
2322 1770 2596 1823 actionem
2648 1768 2947 1836 rependere
2990 1779 3189 1823 vesme
3241 1770 3539 1823 dilectioni.
3590 1771 3731 1837 Quod

464 1866 607 1930 quod
635 1864 797 1919 nimis
825 1864 1166 1920 abundanter
1191 1864 1262 1918 illi
1288 1865 1622 1929 dominatur;
1652 1864 1740 1933 qui
1772 1865 2049 1917 bimoaem
2083 1842 2126 1899 Β
2160 1867 2337 1912 tamen
2371 1875 2465 1926 per
2490 1873 2588 1912 nos
2624 1857 2846 1912 minime
2891 1858 3132 1912 valemus
3155 1900 3169 1920 ,
3199 1858 3406 1924 Deum,
3446 1860 3537 1929 qui
3562 1862 3728 1914 omnia

470 1952 682 2023 Magum
720 1969 749 2008 a
781 1954 840 2007 Β.
875 1954 1038 2009 Petro
1065 1955 1191 2009 olim
1219 1957 1545 2009 exstinctum
1583 1963 1771 2009 contra
1805 1965 2049 2009 sumtum

463 2044 763 2099 Ecclesiam
804 2047 999 2099 iterum
1034 2047 1260 2101 suscitat
1301 2047 1451 2117 t5”)
1484 2046 1563 2100 vel
1594 2048 1914 2101 suscitatam
1956 2064 2054 2113 cx-

472 2137 748 2205 stingucre
776 2137 1010 2205 qualibet
1040 2139 1324 2192 occasione
1351 2138 1670 2191 dissimulat.
1708 2137 1803 2192 llic
1829 2152 1893 2191 ex
1919 2146 2050 2193 eon-

466 2230 635 2282 trario
676 2231 900 2284 humore
927 2231 1104 2284 subito
1144 2231 1340 2285 Sentiet
1370 2230 1532 2301 235
1567 2235 1897 2301 passionem,
1926 2232 2049 2299 quia

469 2323 572 2376 nisi
636 2332 764 2377 ante
809 2322 969 2378 linem
1028 2326 1151 2379 vitae
1201 2325 1518 2394 paenitendo
1588 2324 1897 2393 resipucrit,
1958 2340 2053 2393 pro

463 2426 773 2484 perpetrata
826 2418 1109 2486 iniquitate
1160 2418 1278 2472 sine
1328 2420 1432 2472 line
1496 2418 1730 2486 patietur
1781 2417 2047 2472 dolorem.

474 2504 624 2573 Vale,
658 2515 713 2561 et
741 2508 869 2577 quid
897 2508 1125 2562 dixerim
1157 2509 1430 2577 sapienter
1453 2510 1694 2563 adverte.

1026 2598 1360 2654 EPISTOLA
1392 2599 1498 2653 VII.

471 2686 745 2758 Goﬂ'ritlns
791 2688 1190 2744 Vintlocinensis
1239 2690 1547 2742 monasterii
1588 2689 1803 2743 humilis
1851 2707 2052 2757 seri-ns,

542 2781 853 2834 charissima
882 2797 977 2833 suo
1022 2777 1261 2833 Iluberto
1292 2781 1411 2833 vita:
1459 2779 1747 2832 laudabilis
1788 2781 2055 2834 archidia-

540 2888 672 2924 cono
701 2871 881 2940 (555),
914 2888 946 2924 a
978 2870 1087 2924 Deo
1128 2883 1339 2924 aitermv
1371 2872 1745 2925 benedictionis
1786 2872 2052 2941 e/fectnm,

540 2974 589 3017 et
611 2981 640 3016 a
664 2980 718 3017 se
748 2981 1009 3033 germanw
1029 2964 1275 3032 affectum
1301 2963 1614 3017 dilectionis.

545 3052 697 3107 Felix
726 3054 959 3106 amicitia
983 3062 1162 3107 vestra
1190 3053 1332 3107 circa
1359 3068 1444 3106 me
1470 3053 1556 3107 diu
1582 3053 1784 3107 utiliter
1804 3053 1931 3124 egit,
1959 3069 2059 3109 nec

474 3145 744 3199 defectum
785 3145 993 3209 habuit,
1028 3159 1127 3197 nec
1165 3153 1249 3197 est
1304 3159 1459 3212 passa
1509 3144 1802 3198 fastidium.
1846 3145 1935 3198 Illa
1972 3160 2055 3198 me

477 3238 746 3308 quaesivit,
774 3237 883 3291 imo
908 3236 1213 3307 acquisivit,
1240 3236 1525 3305 qtnesitum
1556 3234 1781 3295 invenit.
1814 3236 2052 3299 invento,

479 3329 602 3384 licet
630 3328 933 3395 immerito,
965 3343 1023 3382 se
1053 3326 1301 3382 contulit.
1335 3326 1513 3381 Semel
1542 3327 1737 3395 cmpit,
1783 3342 2057 3395 nunquam

481 3420 673 3483 desiit;
705 3419 965 3488 quidquid
997 3418 1248 3472 utilitatis
1282 3417 1363 3471 vel
1394 3417 1617 3471 honoris
1645 3414 1811 3468 valuit
1836 3425 1891 3471 et
1916 3416 2058 3470 valet

472 3511 615 3566 mihi
645 3509 918 3575 conferre,
956 3525 1055 3565 nec
1097 3508 1278 3564 dill‘ert
1307 3523 1407 3564 nec
1431 3510 1660 3565 distulit.
1709 3509 1764 3565 Si
1794 3511 1916 3580 quis
1945 3512 2059 3564 haec

479 3620 600 3658 mea
630 3605 790 3658 verba
835 3602 1155 3667 adulatorie,
1193 3602 1306 3656 sive
1354 3602 1558 3656 irouice
1593 3602 1736 3657 dicta
1768 3603 2056 3672 intelligit,

479 3712 585 3749 non
631 3696 678 3749 ei
728 3693 1022 3763 sophistica
1070 3693 1388 3763 garrulitate
1439 3694 1731 3758 resistitur,
1778 3694 1873 3749 sed
1922 3708 2057 3762 pura

384 3820 396 3833 ι
480 3787 717 3842 veritate
765 3801 993 3856 pravum
1043 3784 1379 3841 intellectum
1440 3785 1641 3840 habere
1693 3785 2056 3840 convincitur.

479 3877 619 3943 Quid
673 3877 817 3930 enim
862 3876 1092 3946 amplius
1136 3877 1344 3930 amicus
1393 3873 1572 3930 facere
1610 3879 1811 3945 potuit,
1857 3878 1949 3947 qui
2000 3890 2060 3931 se

476 3981 685 4037 suaque
708 3969 888 4022 omnia
911 3977 966 4023 et
996 3968 1126 4022 mihi
1154 3968 1349 4024 obtulit
1375 3982 1516 4037 saepe
1535 4008 1549 4032 ,
1578 3978 1631 4021 et
1656 3969 1852 4038 saepius
1877 3969 2059 4023 dedit?

474 4058 672 4113 Coram
706 4059 836 4123 Deo,
876 4059 961 4112 cui
996 4059 1211 4112 mentiri
1261 4059 1394 4113 nihil
1419 4067 1500 4113 est
1531 4058 1673 4112 aliud
1719 4076 1879 4129 qttam
1912 4059 2060 4113 dant-

471 4149 616 4214 nari,
657 4149 892 4203 ﬁrmiter
920 4164 1136 4214 assero,
1162 4149 1207 4203 si
1239 4149 1400 4203 talem
1438 4164 1498 4204 se
1527 4150 1776 4204 omnibus
1804 4150 2055 4216 exhibet,

472 4240 612 4295 creto
661 4240 858 4311 dignus
902 4253 986 4296 cst
1031 4242 1211 4311 potius
1262 4258 1421 4312 quam
1468 4244 1702 4310 mundo;
1752 4244 1805 4298 in
1859 4244 2058 4299 mundo

478 4342 658 4389 tamen
693 4336 920 4388 multum
971 4337 1314 4390 necessarius
1369 4337 1631 4403 habetur,
1696 4337 1823 4406 quia
1873 4337 2058 4393 multis

471 4425 686 4482 vivendi
732 4426 905 4481 forma
957 4427 1293 4496 proponitur.
1351 4428 1450 4483 llic
1499 4429 1725 4497 loqucns
1781 4430 2054 4483 silentium

473 4523 646 4581 tenet,
680 4517 906 4571 honesto
935 4516 1151 4571 silentio
1178 4518 1340 4571 etiam
1384 4518 1641 4586 loquitur.
1685 4518 1849 4589 236
1883 4519 2055 4573 Yet-ba

467 4607 586 4662 oris
616 4605 733 4675 ejus
758 4605 1012 4673 aequitate
1056 4606 1211 4674 plena
1239 4616 1386 4670 sunt,
1418 4617 1472 4661 et
1504 4608 1912 4675 tranquillitate.
1955 4610 2060 4664 llo-

472 4705 633 4751 nesto
658 4694 876 4750 silentio
906 4695 1166 4763 loquitur,
1212 4697 1337 4765 quia
1368 4698 1618 4753 videlicet
1660 4698 1785 4752 dum
1817 4701 2059 4755 rationa-

474 4786 660 4841 biliter
680 4785 824 4849 SlIci,
854 4786 1089 4855 qualiter
1106 4788 1287 4841 caeteri
1311 4803 1369 4843 sc
1395 4789 1593 4844 habere
1617 4790 1848 4844 debeant
1868 4807 2060 4847 serena

474 4878 678 4933 silentii
709 4892 839 4931 voce
871 4890 1057 4947 aperte
1098 4889 1452 4936 monstratur.
1508 4881 1812 4936 Prudenter
1848 4899 1909 4939 ea
1941 4900 2062 4954 qua:

476 4982 602 5029 sunt
630 4978 814 5032 mundi
867 4974 1142 5048 possidere
1171 4972 1342 5033 novit,
1383 4982 1436 5027 et
1463 4973 1784 5043 simpliciter
1810 4989 1930 5044 quae
1968 4976 2059 5031 Dei

475 5079 604 5124 sunt
627 5084 872 5139 quaerere
906 5084 1013 5122 non
1040 5067 1271 5122 desistit.
1308 5065 1532 5132 Quoties
1571 5066 1850 5121 hominum
1881 5083 2059 5123 mores

456 5162 589 5215 'vnlt
623 5174 875 5215 sermone
923 5172 1275 5229 c0tnponere,
1317 5158 1384 5212 de
1424 5172 1483 5212 se
1526 5158 1773 5226 protinus
1818 5157 2058 5215 invenire

481 5263 661 5324 potest
693 5254 822 5323 quid
856 5253 1023 5317 dicat,
1057 5261 1112 5306 et
1139 5250 1279 5306 unde
1324 5249 1516 5306 melius
1564 5250 1830 5306 instruere
1859 5252 2054 5307 valeat.

475 5347 647 5417 Hujus
671 5363 904 5416 natnque
929 5346 1091 5399 vitam
1115 5345 1419 5399 doctrinam
1448 5346 1644 5399 merito
1666 5346 1845 5400 dicere
1874 5362 2061 5415 possu-

473 5458 595 5500 mus
626 5449 678 5498 et
715 5440 1076 5511 disciplinam.
1118 5438 1275 5493 Vivat
1314 5437 1544 5492 dilectus
1600 5452 1784 5503 meus,
1834 5440 1918 5492 cui
1958 5439 2058 5493 etsi

544 5598 696 5668 (δη)
722 5598 923 5654 Iterum
944 5599 1180 5654 suscitat.
1215 5595 1267 5649 In
1298 5594 1585 5668 Rainaltlo.

544 5664 692 5730 (5453
723 5669 958 5724 Ilitlrerto
994 5668 1386 5721 archidiacono.
1426 5665 1821 5729 Andegavcnsi,
1853 5664 1944 5717 lib.
1977 5679 2060 5724 nt.

474 5743 630 5806 ervist.
659 5742 713 5802 5,
741 5742 806 5791 ad
841 5738 1159 5792 Rainaldum
1182 5736 1533 5806 episcopum;
1572 5731 1670 5806 l'rir
1700 5736 1814 5806 rita:
1845 5751 2061 5806 venera-

477 5804 592 5866 bilis
628 5810 1027 5866 archidiaconus
1058 5804 1227 5861 vester
1247 5804 1536 5859 "ubertas.
1567 5805 1836 5860 Elenchus
1859 5804 2061 5862 codicis

2157 1960 2357 2018 potest,
2385 1961 2442 2003 ut
2483 1965 2578 2005 sua
2614 1949 2869 2004 ineli'abili
2913 1951 3074 2020 237
3108 1952 3310 2021 pietate
3350 1951 3505 2005 vobis
3538 1967 3730 2006 recom-

2156 2055 2390 2110 pensare
2422 2042 2695 2111 dignetur,
2722 2042 2904 2095 cordis
2932 2042 3217 2097 allectibas
3249 2041 3626 2112 imploramus.

2716 2134 3050 2189 EPISTOLA
3082 2133 3172 2188 IX.

2157 2220 2428 2291 Coﬂ'ritlns
2491 2220 2893 2278 Vindocinensis
2935 2223 3240 2277 monasterii
3277 2223 3494 2277 humilis
3544 2241 3731 2288 serens,

2231 2311 2465 2365 Ilnt'erto
2512 2313 2743 2367 honesta:
2791 2315 2908 2368 rita:
2958 2315 3372 2377 archidiacono,
3428 2316 3598 2367 antica
3647 2333 3732 2369 suo

2142 2432 2147 2433 ί
2225 2404 2743 2473 pra’cordialissima,
2777 2407 3015 2460 inimicos
3050 2416 3262 2476 propter
3291 2405 3461 2459 Deum
3506 2406 3732 2477 diligere,

2226 2508 2273 2549 et
2302 2496 2474 2549 nullas
2499 2513 2677 2551 eorum
2706 2498 2927 2551 insidias
2950 2498 3257 2567 formidare.

2226 2589 2356 2642 Abel
2376 2589 2667 2657 justitiam,
2693 2591 3065 2654 dilectissime.
3090 2592 3133 2646 si
3162 2591 3322 2645 vultis
3340 2589 3611 2656 obtinere,
3639 2608 3735 2645 non

2158 2682 2227 2734 sit
2256 2682 2407 2735 vobis
2433 2684 2768 2749 contrarium
2799 2683 2930 2739 Cain
2958 2683 3225 2743 malitiam
3266 2685 3561 2740 sustinere.
3594 2684 3735 2737 Alter

2156 2770 2354 2840 .loseph
2391 2773 2507 2827 lieri
2542 2790 2645 2828 non
2673 2776 2918 2844 potestis,
2945 2775 3047 2830 nisi
3077 2778 3491 2845 persecutiones
3523 2795 3551 2830 a
3594 2776 3734 2831 falsis

2158 2863 2414 2919 f;atribus
2460 2866 2611 2920 vobis
2671 2866 2848 2920 illatas
2900 2878 3161 2933 exne-rtus
3210 2867 3446 2923 fueritis.
3497 2867 3647 2934 Quod
3688 2868 3735 2920 in

2160 2959 2442 3027 praisentia
2474 2958 2655 3011 domui
2685 2958 2923 3028 epist-api
2960 2958 3107 3026 (Siti)
3139 2973 3380 3021 causam,
3420 2974 3584 3027 quam
3612 2958 3733 3011 mihi

2161 3048 2537 3116 signiﬁcastis,
2566 3051 2682 3107 sine
2704 3050 2932 3104 consilio
2976 3061 3162 3104 noslro
3194 3050 3439 3119 cwpistis
3487 3060 3744 3119 tractare,

2166 3140 2385 3194 laudare
2431 3158 2535 3196 non
2568 3141 2747 3207 valeo;
2776 3152 2830 3198 et
2858 3144 2982 3210 quia
3013 3142 3165 3197 vobis
3207 3157 3405 3211 parco,
3459 3143 3582 3196 nolo
3609 3142 3740 3195 vitu-

2164 3247 2374 3301 perare.
2405 3231 2593 3288 Solent
2617 3243 2798 3290 tamen
2831 3235 3056 3289 infirma!
3078 3244 3125 3289 et
3160 3234 3359 3289 vitiata:
3382 3249 3582 3300 causas,
3611 3235 3741 3289 azni-

2162 3341 2349 3379 corum
2394 3325 2675 3394 juvamine
2726 3328 3031 3382 etconsilio
3088 3328 3340 3394 relevari,
3376 3335 3430 3381 et
3470 3329 3584 3391 eis,
3626 3342 3741 3396 qua:

2164 3432 2311 3471 same
2357 3426 2408 3471 et
2459 3419 2626 3473 ﬁrmae
2657 3419 2930 3482 videntur,
2977 3433 3046 3472 ne
3090 3418 3407 3471 mutulorum
3462 3417 3741 3471 dolositate

2165 3506 2450 3569 inﬁrmari,
2491 3507 2574 3562 vel
2605 3508 2847 3576 qttalihet
2871 3522 2934 3562 ex
2970 3518 3121 3576 parte
3143 3506 3322 3562 vitiari
3358 3517 3600 3576 possent,
3625 3523 3742 3575 pro?

2165 3597 2355 3650 videri.
2408 3596 2516 3652 Vos
2565 3607 2745 3652 autem
2779 3600 2846 3653 de
2897 3598 3178 3653 altitudine
3235 3614 3431 3654 sensus
3472 3599 3661 3661 vestri,
3693 3608 3744 3652 et

2163 3687 2432 3757 suffragiis
2458 3703 2671 3755 eormn,
2705 3690 2794 3758 qui
2843 3705 2926 3744 me
2969 3699 3126 3743 aetate
3175 3698 3230 3744 et
3267 3690 3495 3744 scientia
3524 3688 3741 3759 [mecet-

2163 3779 2296 3841 luut,
2350 3780 2486 3834 adeo
2532 3782 2974 3851 praesnmpsistis,
3018 3782 3159 3850 quod
3207 3783 3259 3835 in
3311 3791 3463 3835 tanto
3512 3780 3743 3849 negotio,

2163 3869 2391 3924 consilio
2439 3879 2639 3925 nostra:
2687 3871 2983 3940 parvitatis,
3037 3886 3156 3940 qua:
3210 3870 3519 3938 Specialiter
3567 3881 3744 3924 vestra

2162 3970 2413 4030 est,opus
2444 3978 2550 4016 non
2579 3962 2865 4018 habuistis.
2887 3963 3038 4032 Satpe
3071 3972 3248 4017 tamen
3279 3963 3546 4028 contingit
3581 3962 3747 4015 mino-

2163 4064 2251 4105 res
2281 4052 2578 4118 majoribus
2605 4067 2960 4117 succurrere;
2999 4062 3053 4109 et
3081 4053 3225 4123 quod
3263 4068 3291 4105 a
3332 4053 3671 4121 sapientibus
3695 4061 3748 4104 et

2161 4144 2520 4214 prudentibus
2560 4145 2820 4199 Dominus
2842 4145 3150 4211 abscondit,
3189 4146 3471 4198 consuevit
3511 4142 3748 4211 parvulis

2161 4234 2408 4289 revelare
2436 4232 2588 4305 (Luc.
2640 4251 2695 4299 χ,
2736 4235 2853 4305 2t).
2885 4235 3160 4289 Advocate
3208 4251 3294 4290 me
3331 4233 3615 4303 parvulum
3661 4245 3748 4284 ve-

2161 4334 2335 4382 strum
2368 4326 2424 4380 in
2448 4328 2593 4381 omni
2628 4337 2811 4381 vestra
2858 4327 3208 4391 necessitate,
3236 4325 3389 4394 cujus
3419 4323 3751 4379 sinceritatis

2161 4420 2303 4475 oculi
2357 4420 2744 4489 providebant,
2784 4437 2850 4476 ne
2893 4423 3019 4492 quis
3047 4430 3243 4476 vestra:
3284 4419 3451 4490 238
3495 4415 3753 4486 simplici-

2165 4520 2260 4574 tati
2290 4529 2489 4574 statera
2518 4513 2860 4569 fraudulenta
2888 4514 3195 4583 appendere
3233 4511 3443 4576 valeat;
3492 4519 3549 4563 et
3573 4510 3664 4578 qui
3695 4521 3754 4562 se

2165 4611 2444 4682 Neptunus
2472 4618 2527 4664 et
2558 4606 2844 4675 IEtltiops,
2873 4604 2940 4660 de
2978 4621 3084 4674 quo
3122 4605 3252 4659 mihi
3301 4602 3629 4673 scripsistis,
3669 4599 3755 4654 vel

2165 4705 2218 4759 in
2245 4721 2397 4760 suam
2422 4704 2630 4758 foveam
2657 4713 2890 4763 mersus,
2912 4715 3017 4753 non
3038 4698 3239 4768 poterit
3255 4695 3554 4751 occultare.
3571 4690 3756 4745 Valete

2164 4813 2378 4868 semper
2402 4798 2453 4851 in
2481 4795 2730 4854 Domino,
2755 4798 2810 4844 et
2832 4791 2997 4844 vestri
3024 4791 3221 4860 negotii
3246 4788 3388 4843 diem
3412 4800 3518 4840 non
3550 4784 3755 4852 impero

2167 4890 2386 4959 quidem
2419 4883 2689 4942 notilicari
2726 4883 2878 4942 mihi,
2914 4883 3005 4933 sed
3037 4890 3185 4951 opto.

2738 4972 3075 5031 EPISTOLA
3109 4970 3178 5025 Χ.

2163 5069 2433 5140 Coﬂ‘ridns
2480 5068 2881 5123 Vindocinensis
2936 5060 3241 5118 monasterii
3271 5055 3485 5112 humilis
3540 5062 3767 5119 serens,

2233 5164 2403 5216 antica
2453 5178 2549 5216 suo
2587 5158 2923 5231 pra’cordiali
2968 5156 3205 5210 Huberto
3244 5146 3543 5204 honorabili
3582 5145 3757 5198 archi-

2233 5254 2455 5306 diacono
2477 5292 2491 5315 ,
2525 5251 2777 5304 mntnlnm
2816 5250 3137 5318 prwcipiteut
3181 5261 3283 5298 non
3316 5242 3490 5311 sequi,
3526 5254 3620 5292 nec
3642 5237 3755 5307 ejus

2234 5360 2417 5398 amara
2448 5342 2634 5396 dnlced
2641 5344 2722 5396 ine
2751 5342 2878 5394 velle
2901 5340 3106 5405 repleri.
3716 5406 3724 5419 ἡ

2237 5435 2579 5503 Praecipitem
2614 5434 2777 5496 hunc,
2808 5430 3177 5493 dilectissime,
3210 5428 3301 5497 qui
3342 5422 3612 5493 sequitur,
3645 5432 3767 5479 non.

2146 5589 2590 5647 Cenomanensis
2633 5587 2879 5641 eumdem
2912 5586 3042 5640 facit
3070 5600 3193 5639 cum
3222 5583 3465 5637 Iluberto
3505 5586 3753 5653 cantare.

2168 5671 2225 5714 ut
2262 5661 2401 5713 idem
2453 5658 2616 5713 fuerit
2644 5657 3056 5712 archidiaconus
3086 5664 3137 5709 ct
3168 5662 3382 5716 cantor,
3419 5647 3567 5718 quod
3619 5647 3757 5699 veri-

2168 5729 2342 5786 simile
2375 5728 2603 5784 videtur.

2238 5799 2387 5870 (546)
2428 5800 2614 5854 Domni
2640 5798 2880 5868 episcopi.
2921 5795 3169 5852 Rainaldi
3200 5789 3632 5864 Antlcgavensls.
