3986 6512
274 426 376 484 f9?-

1548 427 1924 484 EPISTOLE.
1982 460 2052 470 -—
2104 429 2228 484 HD.
2277 431 2333 485 V.

3464 446 3569 502 {9!

273 551 448 615 pateat
480 556 589 595 non
643 543 1012 615 praecipitari,
1049 552 1104 597 et
1132 541 1224 611 qui
1253 540 1369 610 ejus
1413 543 1652 609 repletur
1681 542 1869 596 dulee-
1903 547 1945 603 Α
1979 542 2177 595 iuveuti
2206 553 2362 607 sunt;
2394 553 2448 596 at
2474 558 2892 625 nemouuquam
2923 560 2982 602 se
3012 561 3112 616 pro
3138 547 3248 604 Deo
3278 566 3570 622 paupchm

1380 629 1391 651 Γ

272 636 416 698 diue,
453 650 559 686 non
612 643 806 703 potest
855 648 960 687 non
1009 632 1314 686 amaricari.
1354 630 1487 684 Vere
1536 636 1773 698 graviter
1816 640 1871 685 et

273 724 497 781 multum
551 725 812 795 graviter
868 725 1254 794 praecipitatur,
1304 724 1393 791 qui
1450 726 1708 777 mundum
1777 740 1873 793 per

274 815 423 872 devia
448 829 719 884 sequens,
760 814 905 869 illius
933 830 1117 869 amore
1139 815 1415 883 deceptus,
1443 815 1563 875 viae,
1589 829 1750 882 quam
1777 829 1874 885 per

274 904 627 972 semetipsam
664 904 885 958 veritas
908 902 1116 968 docuit,
1140 912 1401 957 caemento
1448 902 1730 957 eharitatis
1766 919 1871 958 non

267 994 528 1065 jungitur.
561 993 657 1048 Ille
681 995 857 1049 etiam
888 994 1236 1048 vehementer
1257 994 1611 1059 amaricatur,
1632 995 1715 1049 cui
1744 994 1871 1049 dum

271 1098 510 1154 prmscns
544 1082 823 1136 sarcidum
854 1083 1237 1154 prosperitatis
1268 1084 1550 1138 dulcedine
1579 1084 1872 1148 blanditur,

273 1176 325 1230 in
355 1175 793 1229 amaritudinem
822 1176 1056 1229 vertitur
1090 1174 1215 1229 vitis
1245 1174 1454 1239 alicam,
1489 1184 1543 1229 ct
1584 1175 1709 1244 quia
1736 1191 1877 1230 verte

272 1266 363 1318 viti
394 1264 623 1318 Christo
649 1265 825 1319 inseri
865 1265 1057 1326 noluit.
1096 1273 1154 1319 ut
1179 1264 1385 1335 palmes
1417 1265 1591 1330 ﬁeret,
1637 1266 1706 1320 ab
1736 1266 1874 1334 ipso,

274 1364 330 1406 ut
362 1364 710 1408 sarmentum
748 1355 870 1419 iiat,
899 1355 1231 1423 prmeiditur.
1266 1354 1446 1421 Viam,
1474 1370 1636 1424 quam
1666 1357 1874 1425 specia-

274 1445 391 1499 liter
431 1460 496 1499 ac
538 1446 910 1516 singulariter
942 1449 1228 1502 tcuemlam
1267 1449 1375 1501 vita
1427 1448 1611 1501 docuit
1641 1457 1868 1509 aatcrua,

276 1535 472 1589 utinam
496 1535 644 1589 sicut
676 1537 941 1607 ignorare
971 1552 1076 1591 non
1116 1551 1427 1607 possumus,
1470 1535 1545 1589 ita
1589 1550 1696 1589 non
1725 1535 1871 1589 acci-

276 1641 399 1695 pere
437 1642 543 1681 non
573 1642 895 1696 possemus,
925 1640 981 1684 et
1015 1641 1192 1685 tenere
1222 1630 1518 1684 vellemus!
1557 1630 1647 1683 \‘ia
1683 1630 1869 1699 utique

279 1719 359 1772 illa
386 1719 497 1774 lucc
540 1729 650 1784 est,
679 1737 793 1775 non
827 1722 1004 1776 solum
1033 1739 1151 1792 quae
1196 1739 1290 1777 sua
1333 1732 1459 1778 sunt
1489 1723 1691 1778 Christi
1735 1739 1869 1793 pau-

274 1810 491 1878 peribus
539 1824 803 1881 erogare,
854 1812 950 1865 sed
992 1828 1090 1881 pro
1135 1812 1355 1866 Christo
1405 1812 1571 1867 etiam
1626 1814 1863 1883 seipsqu

1977 634 2130 698 fecit,
2171 645 2225 688 et
2261 635 2426 689 Deum
2476 636 2680 691 habere
2727 637 2989 706 nequivit.
3038 637 3190 693 Unde
3237 638 3488 696 Salvator
3515 645 3567 699 iu

1972 724 2289 796 Evangelio,
2318 742 2440 780 eum
2473 726 2670 783 Petrus
2700 743 2762 784 se
2806 736 2862 782 et
2891 728 3026 783 alios
3056 729 3352 800 discipulos
3384 736 3567 788 omnia

1978 814 2287 884 reliquisse,
2336 826 2391 870 et
2424 815 2573 869 illum
2619 828 2835 872 secutos
2879 831 3000 873 esse
3053 818 3314 886 dixisset,
3361 838 3468 877 nou
3500 824 3569 878 ad

1975 906 2079 961 hoc
2124 909 2252 977 quia
2296 908 2479 962 omnia
2527 908 2893 978 reliquerant,
2939 910 3032 964 sed
3060 910 3128 963 ad
3158 913 3261 966 hoc
3286 913 3412 980 quia
3444 930 3566 968 eum

1975 998 2144 1052 secuti
2205 997 2440 1061 fuerant,
2490 1000 2803 1068 respondit,
2858 1008 2910 1053 et
2958 1000 3082 1054 inde
3133 999 3236 1055 illis
3284 1003 3567 1070 praauiunt

1976 1099 2194 1142 auertite
2223 1090 2593 1143 retributionis
2615 1090 2879 1159 promisit.
2904 1090 3057 1158 Quod
3087 1094 3272 1162 utique
3302 1093 3564 1151 Dominus

1980 1193 2085 1231 non
2133 1177 2383 1244 fecisset,
2418 1180 2461 1233 si
2510 1180 2671 1234 homo
2716 1195 2815 1249 pro
2856 1181 2970 1235 sola
3016 1197 3198 1238 rerum
3248 1184 3565 1241 dimissione

1982 1266 2147 1320 Deum
2180 1268 2380 1323 habere
2410 1270 2693 1337 potuisset.
2721 1270 2812 1326 lllc
2842 1280 3022 1326 tamen
3048 1288 3145 1341 pro
3164 1288 3222 1328 se.
3258 1276 3565 1347 relinquere

1976 1357 2160 1411 omnia
2190 1372 2297 1411 non
2338 1359 2679 1426 reprobavit;
2719 1361 2813 1415 sed
2844 1361 2998 1425 illud,
3037 1361 3126 1417 ubi
3156 1374 3360 1418 certam
3388 1367 3564 1422 homi—

1976 1448 2060 1502 nis
2088 1448 2320 1503 salutem
2354 1450 2580 1514 sciebat,
2625 1452 2959 1521 approbavit.
2996 1453 3059 1507 Et
3101 1438 3201 1508 nos
3242 1456 3425 1524 itaque
3463 1473 3564 1525 pro

1972 1540 2085 1595 Deo
2116 1541 2417 1612 relinquere
2456 1543 2660 1619 omnia,
2692 1555 2746 1598 et
2784 1558 3051 1614 pauperes
3081 1559 3356 1613 recreare,
3390 1546 3552 1619 241

1973 1631 2100 1700 quia
2131 1630 2330 1685 bonum
2359 1618 2477 1699 est,
2499 1648 2605 1687 non
2640 1633 3026 1700 reprobamus;
3059 1635 3153 1687 sed
3184 1636 3325 1703 quod
3366 1618 3561 1692 melius

1970 1730 2050 1775 est
2073 1764 2088 1785 ,
2114 1722 2353 1777 Veritate
2376 1724 2623 1788 docente,
2639 1724 3000 1794 approbamus
3019 1733 3072 1779 et
3094 1740 3283 1780 omnes
3311 1736 3365 1781 et
3389 1728 3563 1781 maxi-

1975 1827 2060 1866 me
2117 1814 2322 1868 amicos
2374 1825 2621 1880 nostros,
2676 1825 2734 1869 ut
2786 1814 2929 1868 viam
2997 1814 3321 1871 indubitata:
3364 1815 3557 1872 salutis

275 1901 557 1972 abnegare.
606 1901 958 1974 Pauperibus
999 1904 1163 1974 239
1201 1905 1343 1975 quod
1392 1921 1548 1960 suum
1580 1916 1666 1961 est
1708 1908 1861 1972 dare,
1900 1902 1942 1958 Β
1974 1910 2221 1969 teneant,
2260 1918 2517 1974 germana
2566 1904 2835 1959 charitate
2891 1920 3163 1975 rogamus,
3216 1913 3269 1961 et
3317 1907 3558 1975 rogando

275 1991 446 2045 virtus
490 2002 569 2047 est
612 1985 996 2063 perfectionis.
1044 1995 1196 2049 Licet
1245 1997 1389 2050 enim
1444 1998 1625 2052 omnia
1677 2008 1859 2053 nostra

274 2083 592 2153 pauperibus
619 2086 994 2150 coufcraums,
1022 2087 1176 2140 uobis
1201 2088 1461 2158 prodesse
1500 2104 1605 2143 non
1636 2092 1857 2160 pulerit,

274 2174 317 2228 si
344 2191 442 2230 nos
466 2176 571 2231 Deo
590 2178 913 2244 auferimus,
955 2180 1108 2249 cujus
1135 2195 1339 2235 sumus.
1369 2182 1597 2261 Quando
1628 2185 1768 2238 Deus
1793 2200 1858 2238 ex

272 2266 396 2319 limo
419 2278 575 2322 terra
603 2270 884 2325 hominem
914 2271 1062 2336 fecit,
1092 2272 1157 2325 ad
1184 2272 1285 2328 hoc
1312 2273 1485 2329 factus
1507 2285 1610 2340 est,
1640 2285 1699 2330 ut
1723 2277 1860 2330 divi-

274 2356 371 2410 tias
405 2358 522 2412 sine
553 2358 661 2412 line
714 2375 999 2416 mansuras
1030 2377 1152 2417 cum
1177 2363 1267 2418 illo
1294 2366 1596 2433 possideret
1619 2366 1670 2421 in
1695 2369 1855 2435 cwlo,

273 2462 368 2500 non
398 2456 452 2501 ut
479 2449 716 2505 divitias
748 2452 929 2506 subito
960 2456 1231 2524 perituras
1262 2458 1594 2525 pauperibus
1628 2461 1859 2515 donaret

271 2540 321 2595 in
365 2544 575 2597 sarculo.
646 2545 845 2601 Postea
893 2563 1023 2601 vero
1064 2564 1187 2604 cum
1237 2551 1425 2604 falsam
1468 2552 1853 2610 beatitudinem

268 2643 526 2701 appetens,
543 2644 598 2690 et
644 2652 829 2691 veram
855 2639 1133 2693 miseriam
1162 2640 1461 2707 inveniens,
1488 2643 1553 2698 de
1574 2644 1855 2702 altitudine

270 2740 394 2779 vene
414 2726 779 2784 beatitudinis
803 2731 965 2786 homo
984 2732 1293 2786 confractus
1334 2736 1563 2800 recidit,
1596 2737 1735 2791 Deus
1761 2741 1851 2808 qui

272 2830 380 2870 etim
396 2829 708 2885 creaverat,
724 2818 838 2887 ejus
861 2822 1092 2875 miserim
1118 2837 1455 2893 compassus,
1479 2826 1689 2897 collegit
1714 2828 1854 2883 frac-

277 2911 499 2971 turas,et
520 2908 659 2978 igne
681 2909 1253 2977 charitatiscouflavit,
1273 2922 1327 2966 et
1342 2915 1714 2982 qdbdomniiri
1728 2934 1851 2971 con-

274 2997 487 3053 fractum
509 2992 723 3068 fuerat,
756 3002 1025 3073 integrum
1053 3004 1197 3059 fecit.
1224 3004 1277 3058 In
1300 3021 1404 3075 qua
1428 3022 1539 3062 sum
1559 3008 1851 3063 inmstima-

274 3089 383 3146 bilis
407 3093 723 3150 dilectionis
755 3097 1076 3165 operatione
1101 3097 1221 3167 pius
1263 3098 1674 3165 llominus,~nou
1706 3104 1848 3171 quod

273 3179 416 3236 homo
437 3185 701 3252 habebat,
734 3187 825 3240 sed
854 3187 998 3256 quod
1025 3187 1185 3241 homo
1207 3198 1341 3252 erat,
1369 3204 1473 3243 non
1497 3192 1712 3262 quidem
1743 3209 1839 3247 sua

1971 2007 2275 2047 monemus.
2324 1993 2447 2047 [huc
2469 2003 2648 2049 autem
2679 1994 2989 2064 deprecatio
3021 2006 3203 2050 nostra
3232 1996 3317 2051 vel
3354 1999 3557 2053 exhor-

1971 2084 2101 2136 tatio
2123 2084 2166 2137 si
2198 2088 2588 2152 contemnitur,
2620 2089 2814 2141 merito
2841 2088 3046 2155 culpari
3077 2104 3182 2142 non
3236 2104 3552 2157 possumus,

1965 2174 2058 2228 sed
2090 2190 2185 2231 eos
2213 2178 2488 2247 plangere,
2522 2188 2577 2231 et
2606 2182 2670 2232 de
2702 2178 2832 2247 ipsis
2862 2195 2967 2232 non
2993 2180 3343 2235 mediocriter
3368 2182 3558 2237 dolere

1963 2265 2247 2335 debemus,
2274 2271 2369 2339 qui
2414 2271 2480 2324 de
2507 2278 2657 2323 tanto
2684 2278 2996 2339 contemptu
3037 2271 3282 2324 existunt
3312 2271 3554 2339 culpabi-

1963 2357 2065 2422 les,
2095 2368 2149 2414 et
2193 2362 2372 2415 minus
2403 2376 2634 2430 capaces
2662 2361 2889 2415 rationis
2917 2376 3037 2416 esse
3083 2362 3356 2425 videntur,
3388 2379 3552 2432 quam

1965 2453 2223 2519 pecudes.
2279 2452 2525 2508 Peeudes
2580 2454 2724 2507 enim
2775 2468 2973 2521 pascua
3034 2453 3258 2508 meliora
3317 2454 3555 2510 libenter

1964 2553 2245 2613 appetunt,
2263 2553 2316 2600 et
2336 2546 2402 2599 ad
2422 2544 2508 2599 illa
2532 2555 2805 2615 pastorem
2828 2562 2983 2599 sumn
3000 2544 3288 2617 diligenter
3312 2562 3552 2616 sequun-

1963 2644 2071 2700 tur,
2108 2647 2163 2691 et
2189 2638 2233 2690 si
2260 2638 2326 2690 ad
2352 2637 2452 2690 alia
2483 2637 2663 2692 minus
2707 2637 2843 2692 bona
2872 2637 3014 2692 forte
3041 2639 3329 2706 ducantur,
3354 2640 3553 2709 quibus

1960 2727 2142 2781 valent
2187 2728 2425 2782 motibus
2491 2730 2894 2784 contradicunt.
2948 2729 3082 2785 Cum
3140 2731 3303 2800 igitur
3356 2732 3545 2793 homo,

1957 2834 2117 2888 quem
2150 2817 2391 2874 formans
2412 2819 2673 2874 Dominus
2696 2835 2801 2874 nou
2833 2820 3005 2874 solum
3050 2820 3367 2875 rationalem
3393 2822 3549 2887 fecit,

1957 2924 2001 2962 γε
2025 2925 2143 2964 rum
2167 2910 2329 2964 etiam
2355 2910 2404 2964 ei
2432 2911 2664 2982 sigillmu
2690 2927 2799 2965 sua:
2823 2912 3079 2981 imaginis
3095 2920 3150 2966 et
3172 2909 3548 2967 similitudinis

1957 2997 2264 3069 impressit,
2314 3002 2494 3056 videat
2540 3002 2825 3067 animalia,
2877 3016 2996 3071 qua:
3045 3010 3263 3057 creator
3302 3005 3547 3057 omnium

1953 3099 2329 3145 creaturarum
2374 3091 2767 3146 irrationabilia
2816 3091 3053 3159 creavit,
3104 3091 3336 3161 propria:
3382 3091 3547 3146 saluti

1954 3183 2259 3251 providere,
2298 3191 2353 3236 et
2388 3182 2632 3237 melioris
2674 3183 2926 3237 utilitatis
2964 3198 3164 3247 causa,
3191 3182 3397 3253 pastori
3448 3197 3548 3238 suo

271 3274 607 3340 necessimlp,
632 3278 727 3331 sed
761 3254 995 3333 ιιοηίῖηίε
1018 3278 1270 3346 “mimo,
1298 3254 1568 3350 φιεέιξι.
1599 3282 1847 3354 samum
1877 3254 1922 3316 C
1954 3272 2117 3326 corde
2143 3282 2220 3354 ἐι
2266 3287 2495 3344 corpore
2544 3274 2796 3336 obedire,
2832 3274 3004 3328 vitare
3046 3275 3226 3329 minus
3261 3276 3436 3340 bona,
3486 3283 3551 3329 ut

272 3374 359 3429 pro
381 3363 602 3420 homine
626 3366 772 3421 dedit
797 3367 968 3433 Deus,
1007 3382 1105 3438 pro
1133 3369 1351 3424 homine
1374 3368 1550 3427 factus
1577 3372 1765 3435 homo,
1795 3383 1849 3429 et

273 3467 380 3508 cunt
404 3456 466 3511 de
486 3458 654 3529 plaga
681 3459 886 3527 lateris,
912 3461 1020 3515 imo
1056 3462 1237 3530 potius
1263 3462 1330 3515 de
1358 3477 1495 3517 vena
1517 3479 1627 3518 sua:
1650 3466 1850 3521 dulcis-

274 3549 408 3606 simae
424 3552 717 3607 charitatis
746 3569 843 3622 pro
870 3554 1088 3635 homine
1111 3556 1162 3609 in
1185 3572 1346 3610 crure
1367 3556 1616 3613 funderet
1638 3561 1849 3631 sangui-

274 3654 379 3719 nem
404 3644 709 3713 proprium,
730 3644 816 3698 tali
841 3646 1171 3700 commercio
1194 3648 1464 3701 hominem
1488 3652 1847 3719 comparavit,

274 3716 366 3801 non
386 3730 628 3787 hominis
651 3749 896 3788 ccnsmu.
930 3732 1137 3788 Reddat
1170 3736 1334 3806 igitur
1360 3738 1522 3791 homo
1542 3780 1555 3801 ,
1586 3754 1685 3793 nec
1723 3742 1844 3794 rcd«

274 3822 388 3878 dere
413 3824 633 3880 dierrat
666 3825 774 3881 Deo
818 3826 1090 3896 seipsum,
1122 3829 1309 3882 credat
1351 3844 1409 3883 se
1452 3829 1569 3898 ejus
1612 3833 1847 3900 pretioso

273 3916 518 3982 sanguine
545 3924 788 3986 emptum
821 3916 1246 3971 misericorditer
1271 3927 1325 3972 et
1359 3920 1715 3989 redemptum.
1747 3936 1846 3976 nec

274 4011 410 4066 acilii
436 4013 696 4082 prreferat
721 4013 812 4083 qui
843 4027 965 4066 eum
991 4013 1345 4076 redemit,sed
1369 4014 1419 4067 id
1442 4016 1621 4084 potius
1643 4017 1848 4071 tribuat

1955 3362 2180 3417 n.eliora
2220 3363 2436 3418 valeant
2462 3364 2741 3418 invenire:
2771 3364 2815 3417 si
2842 3363 2934 3418 Dei
2961 3372 3016 3418 et
3045 3365 3259 3419 Domini
3296 3368 3379 3420 sui
3410 3382 3543 3419 con-

1953 3453 2096 3519 silio,
2125 3455 2209 3508 vel
2242 3466 2510 3526 przccepto
2536 3456 2654 3509 duci
2694 3470 2799 3509 non
2829 3464 3055 3525 patitur,
3104 3456 3295 3511 Saltem
3320 3459 3546 3527 pecudis

1951 3546 2201 3617 exemplo
2247 3548 2314 3601 ad
2357 3547 2579 3602 meliora
2612 3558 2939 3615 provocetur
2975 3562 2991 3601 :
3024 3547 3298 3619 relinquat
3342 3550 3542 3603 transi-

1956 3639 2114 3706 toria,
2146 3655 2268 3693 cum
2299 3640 2496 3709 quibus
2522 3655 2619 3709 pro
2650 3650 2799 3695 certo
2826 3650 2881 3695 et
2918 3642 3034 3710 ipse
3072 3642 3371 3707 transierit,
3411 3658 3546 3712 qua-

1956 3736 2115 3782 tenus
2157 3738 2363 3784 teterna
2414 3731 2657 3785 invenire
2707 3740 2999 3787 mereatur.
3050 3732 3196 3788 Satis
3248 3741 3426 3788 tamen
3457 3744 3546 3790 est

1952 3818 2144 3873 melius
2171 3819 2446 3875 hominem
2493 3821 2812 3877 rationalem
2845 3824 3125 3877 rationalis
3152 3823 3429 3893 sapientiae
3450 3824 3543 3880 Dei

1955 3916 2084 3972 duci
2133 3916 2384 3982 consilio,
2426 3933 2588 3988 quam
2643 3919 2907 3973 inseusati
2954 3926 3009 3973 et
3056 3920 3392 3975 irrationalis
3426 3920 3543 3975 ani-

1953 4009 2113 4062 malis
2154 4010 2438 4079 provocari
2478 4009 2747 4080 exemplo.
2797 4011 3037 4064 Ducatur
3071 4011 3255 4081 itaque
3305 4013 3542 4068 consilio

1949 4102 2075 4168 Dei,
2106 4102 2344 4172 seipsum
2369 4118 2469 4173 pro
2500 4103 2615 4171 ejus
2640 4118 2824 4158 amore
2845 4117 3135 4171 pauperem
3166 4104 3411 4167 faciens;
3446 4105 3538 4172 qui

1950 4188 2058 4247 non
2084 4191 2294 4247 ideirco
2322 4192 2779 4253 reconciliationis
2798 4192 3003 4260 opibus
3020 4207 3117 4246 nos
3136 4191 3299 4264 242
3324 4194 3537 4260 ditavit,

1948 4286 2075 4356 quia
2129 4299 2391 4355 pauperes
2436 4288 2616 4354 pavit,
2666 4285 2914 4354 quamvis
2958 4283 3158 4338 bonum
3213 4296 3392 4350 esset;
3442 4287 3537 4341 sed

1946 4376 2069 4444 quia
2093 4391 2151 4430 se
2179 4390 2277 4445 pro
2303 4374 2458 4429 nobis
2491 4388 2784 4444 pauperem
2825 4373 2972 4429 fecit.
3005 4374 3061 4428 Si
3093 4375 3239 4429 enim
3275 4375 3537 4431 Dominus

1947 4466 2000 4522 in
2031 4469 2234 4523 mundo
2250 4468 2401 4522 dives
2429 4467 2543 4522 fieri
2574 4463 2857 4534 voluisset,
2892 4466 3086 4519 militia
3118 4466 3304 4536 utique
3336 4482 3434 4521 sua
3466 4481 3537 4522 ne

1943 4559 2144 4616 Iudaeis
2176 4548 2500 4626 traderetur,
2526 4544 2811 4630 sicutipse
2838 4560 2892 4613 in
2922 4557 3216 4637 Evangelio
3255 4558 3405 4623 dicit,
3438 4572 3538 4626 pr“

1948 4648 2038 4704 illo
2068 4637 2422 4715 decertasset,
2462 4665 2564 4705 nec
2606 4665 2705 4720 pro
2749 4649 2908 4705 nobis
2945 4649 3190 4718 cruciligi
3242 4650 3532 4719 potuisset,

1945 4755 2045 4796 nec
2096 4741 2262 4795 mori.
2306 4742 2372 4795 Et
2416 4742 2543 4811 quia
2598 4741 2835 4795 humana
2894 4741 3113 4794 miseria
3161 4738 3378 4793 aliunde
3427 4756 3535 4794 non

1945 4830 2244 4885 invenisset
2289 4829 2640 4901 sull‘ragium,
2698 4831 3021 4885 miserorum
3087 4828 3377 4883 caruisset.
3425 4827 3538 4883 line

1943 4921 2289 4989 supplicium.
2323 4922 2379 4975 Si
2411 4922 2485 4975 ita
2527 4930 2639 4984 est,
2685 4922 2794 4975 imo
2835 4919 2964 4989 quia
3004 4918 3273 4973 veraciter
3302 4919 3376 4973 ita
3414 4931 3539 4974 esse

1944 5012 2208 5079 creditur,
2234 5019 2357 5082 post
2396 5010 2808 5081 suSpensionem
2842 5009 3167 5074 Salvatoris,
3200 5018 3325 5079 post
3370 5024 3536 5081 pocu-

1946 5104 2059 5160 lum
2083 5104 2245 5171 fellis,
2266 5112 2395 5173 post
2425 5103 2636 5175 plagam
2689 5103 2892 5167 lateris,
2921 5113 3042 5170 post
3066 5111 3377 5172 perceptam
3406 5117 3534 5171 gra-
3572 5178 3581 5181 _

1944 5199 2073 5252 tiam
2123 5198 2494 5267 baptismatis,
2540 5197 2632 5266 qui
2685 5212 2713 5249 a
2746 5196 3008 5252 Creatore
3057 5211 3157 5250 suo
3192 5194 3533 5249 discordasse

1939 5291 2218 5360 peccando
2247 5304 2309 5344 se
2352 5289 2621 5353 meminit,
2662 5288 2794 5342 utile
2828 5298 2913 5343 est
2943 5298 3104 5356 atque
3140 5285 3530 5351 necessarium,

1940 5391 2001 5435 ut
2057 5380 2525 5450 peccatoriionio
2577 5379 2882 5433 voluntaria
2939 5384 3252 5447 paupertate
3301 5375 3534 5431 Domino

1945 5471 2360 5536 rcc0ucilielur,
2391 5471 2517 5540 quia
2543 5469 2722 5540 justus
2756 5470 3014 5524 Dominus
3046 5475 3386 5538 pcccatorem
3426 5464 3529 5519 ho-

1945 5566 2144 5631 minem
2169 5564 2269 5619 sibi
2299 5564 2678 5618 recouciliasse
2698 5563 3027 5633 agnoscitur,
3057 5558 3196 5613 unde
3217 5566 3272 5612 et
3299 5557 3526 5626 pauperi

1944 5657 2185 5729 paradisi
2210 5656 2377 5728 janua
2405 5664 2573 5725 patet,
2602 5657 2747 5710 etab
2780 5654 2865 5707 illa
2896 5654 3045 5708 dives
3078 5650 3411 5704 excluditur.

2498 5743 2832 5800 EPISTULA
2874 5742 2965 5797 ΧΙ.

1941 5837 2217 5910 (io/fruiti:
2261 5838 2507 5909 indignus
2546 5834 2942 5890 Vimio-:iuemis
2992 5830 3297 5889 monasterii
3342 5847 3528 5887 terra!

273 4107 401 4172 quod
430 4105 522 4161 ille
576 4106 815 4161 maxime
864 4105 1078 4175 quaerit.
1129 4103 1388 4174 lnjustum
1447 4115 1532 4160 est
1592 4107 1734 4160 enim
1788 4119 1846 4161 ut

275 4194 417 4252 homo
451 4213 513 4254 sc
544 4198 654 4253 Deo
682 4195 915 4273 auferat,
945 4212 1102 4267 quem
1138 4206 1286 4251 lauto
1310 4198 1485 4267 pretio
1521 4188 1843 4266 acquisivit;

272 4288 420 4362 2w
456 4292 555 4359 sed
599 4290 875 4346 Creatoris
929 4291 1010 4345 sui
1044 4299 1100 4345 et
1145 4289 1521 4360 Redemptoris
1560 4292 1846 4362 diligi-uter

274 4389 445 4436 tenens
485 4380 798 4447 consilium,
831 4396 926 4435 sua
966 4384 1146 4435 omnia
1190 4396 1289 4450 pro
1316 4380 1433 4445 ejus
1461 4397 1643 4436 amore
1678 4381 1842 4437 relin-

272 4468 409 4537 quat,
451 4479 506 4523 et
548 4469 812 4539 seipsum,
857 4470 983 4537 quia
1034 4469 1162 4524 licet
1203 4470 1387 4523 omnia
1439 4471 1733 4539 reliquerit,
1776 4472 1843 4526 ad

270 4561 682 4628 conquirendam
712 4560 941 4615 salutem
986 4571 1243 4615 aeternam
1291 4561 1392 4615 sibi
1431 4578 1536 4616 nou
1575 4564 1840 4632 proderit,

268 4651 361 4706 uisi
408 4653 612 4707 numdo
660 4654 981 4707 reuuutiaus
1023 4644 1319 4707 Christunt'
1364 4663 1643 4724 sequatur,
1700 4655 1841 4709 sicut

264 4748 590 4816 sequendum
619 4762 679 4801 se
709 4746 1206 4801 docuit.Christum
1240 4747 1390 4816 sequi
1417 4747 1573 4800 simul
1600 4757 1655 4801 et
1687 4764 1843 4802 inuu-

265 4839 383 4894 dnm
420 4848 507 4894 est
556 4839 907 4909 impossibile.
961 4839 1111 4895 Unde
1153 4840 1195 4893 si
1231 4840 1386 4893 nobis
1433 4855 1538 4893 nou
1576 4842 1837 4907 creditur,

268 4926 334 4980 illi
367 4929 555 4985 saltem
587 4930 866 4993 credatur,
893 4929 983 4997 qui
1011 4944 1117 4985 non
1147 4930 1423 4992 mentitur,
1456 4932 1545 5000 qui
1581 4930 1633 4983 in
1659 4931 1836 4985 Evan-

267 5020 395 5088 gelio
418 5022 582 5086 dicit;
618 5020 759 5087 Quia
790 5037 939 5074 nemo
963 5030 1129 5091 potest
1158 5021 1360 5074 duobus
1388 5021 1615 5074 domini:
1645 5023 1839 5076 servire

269 5109 467 5177 (Matth.
486 5128 561 5174 vi,
591 5111 708 5183 24).
730 5108 838 5167 Deo
856 5112 1173 5167 videlicetet
1198 5113 1417 5166 mundo.
1455 5110 1838 5169 Liberalitates

269 5199 717 5273 clecmosynarum
742 5202 1070 5272 pauperibus
1101 5201 1273 5256 factas
1303 5202 1442 5257 absit
1477 5211 1537 5257 ut
1567 5204 1838 5272 vitupere-

271 5296 400 5348 mus!
440 5296 533 5349 sed
566 5295 829 5349 divitibus
859 5295 1017 5364 hujus
1060 5295 1238 5349 szeculi
1282 5294 1385 5349 hoc
1415 5294 1668 5349 daremus
1706 5310 1835 5349 con-

270 5382 454 5450 silium,
486 5387 530 5440 si
559 5386 722 5441 nobis
758 5386 1104 5456 acquiescere
1136 5385 1352 5452 vellent,
1378 5393 1437 5438 ut
1461 5394 1680 5440 ventres
1704 5401 1836 5455 pau-

271 5488 439 5542 perum
476 5479 668 5531 horrca
706 5476 968 5539 facerent,
1009 5492 1077 5530 ne
1109 5489 1372 5545 pauperes
1410 5474 1571 5539 fame,
1612 5490 1709 5530 nec
1732 5475 1833 5553 ipsi

271 5569 542 5624 tenacitate
591 5569 851 5638 perirent.
881 5568 1040 5623 Certe
1083 5582 1349 5637 pauperes
1374 5580 1596 5636 pascere
1640 5568 1836 5637 proba-

270 5655 363 5712 bile
386 5669 493 5725 est;
526 5661 623 5716 sed
653 5660 810 5715 valde
834 5660 1163 5731 probabilius
1187 5675 1246 5714 se
1276 5675 1372 5729 pro
1408 5659 1515 5714 Deo
1542 5674 1833 5729 pauperem

273 5734 449 5806 lacere.
501 5751 652 5808 Multi
698 5755 843 5808 enim
884 5761 939 5807 et
973 5766 1242 5823 pauperes
1269 5760 1557 5821 paverunt,
1594 5752 1831 5823 relique-

278 5853 391 5899 runt
416 5834 615 5911 omnia,
658 5846 755 5901 sed
786 5844 911 5915 quia
950 5859 1007 5898 se
1039 5852 1409 5907 servaverunt,
1451 5843 1554 5897 sibi
1590 5843 1829 5899 tlaiiiuati
