3986 6476
277 454 372 509 illi

1544 434 1928 491 EPISTOL£.
1970 465 2041 477 --
2075 436 2203 493 LIB.
2264 438 2325 493 Υ.

3441 442 3544 503 198

276 562 440 633 ponit.
472 557 716 630 quidque
760 557 836 612 ibi
869 556 934 609 sit
971 553 1204 607 futurttm
1235 550 1392 605 oculo
1422 564 1567 617 pum:
1594 549 1842 602 intentio-
1874 551 1918 606 Α
1948 560 2220 603 venamur
2258 552 2321 603 ad
2356 550 2527 615 illum,
2559 551 2650 621 qui
2698 567 2795 607 nos
2825 552 2892 606 ad
2947 550 3237 623 imaginem
3277 563 3331 608 et
3374 559 3442 611 ad
3471 562 3545 611 si-

279 655 361 708 nis
381 650 725 713 consider..t,
764 646 838 702 nil
868 644 967 701 sibi
997 643 1141 696 aliud
1189 648 1354 696 restat
1392 639 1717 702 faciendum,
1753 639 1855 692 nisi

277 758 334 803 ut
358 744 594 816 deposita
632 742 790 795 omni
822 741 923 794 alia
966 734 1356 799 sollicitudine,
1388 741 1443 786 at
1485 732 1695 802 pondus
1726 731 1860 786 tanti

276 833 531 892 examinis
560 831 850 897 incitatus,
883 829 1011 884 totis
1043 823 1344 880 visceribus
1370 821 1774 885 contremiseat,
1804 828 1860 874 et

278 936 335 983 ut
347 926 572 997 justum,
599 938 668 978 ac
695 922 1043 977 vehementer
1066 915 1371 972 districtqu
1399 912 1631 983 jud;cem
1664 913 1715 966 itt
1764 912 1855 967 illa

275 1020 402 1073 hora
450 1012 756 1082 prepitium
812 1010 915 1064 sibi
962 1007 1133 1061 valeat
1170 1005 1436 1065 invenire,
1470 1001 1730 1071 quidquid
1770 1002 1858 1056 ltic

277 1105 637 1177 tetttporaliter
663 1102 938 1157 delectare
980 1107 1179 1168 potest,
1229 1113 1324 1166 pro
1358 1094 1476 1166 ejus
1505 1108 1694 1148 amere
1728 1108 1858 1147 cou-

276 1204 491 1255 tentuat.
525 1193 705 1261 Quis,
735 1192 981 1260 inquam,
1008 1190 1075 1243 de
1107 1187 1196 1242 die
1244 1187 1332 1240 illo
1357 1185 1596 1255 perfecte
1621 1183 1858 1253 cogitare

276 1288 482 1359 poterit,
512 1296 567 1340 et
597 1294 924 1355 prinseutem
958 1279 1216 1335 mundum
1250 1277 1495 1345 diligere,
1527 1277 1682 1346 cujus
1728 1283 1858 1329 tunc

279 1388 541 1436 amatores
565 1377 619 1430 in
648 1373 977 1430 horrendum
998 1370 1258 1440 gehenna:
1280 1377 1497 1439 puteum
1529 1362 1854 1421 intolerabili

277 1470 437 1524 fetore
459 1478 515 1521 et
538 1468 666 1535 igne
709 1458 1155 1531 iuesstinguibili,
1212 1472 1504 1525 vermeque
1558 1453 1855 1509 iutmortali

279 1559 441 1632 (Marc
468 1572 529 1621 tt,
554 1555 649 1619 42.
680 1554 796 1623 45),
822 1563 877 1608 et
903 1548 1115 1607 exteris
1172 1546 1535 1602 indieihilibus
1570 1544 1858 1599 tormentis

278 1649 481 1719 plenum
521 1643 886 1717 praecipitati,
937 1640 1056 1694 sine
1095 1636 1359 1704 remedio,
1390 1651 1454 1690 ac
1498 1649 1592 1706 spe
1632 1634 1854 1690 remedii

278 1735 691 1796 cruciabuntur'!
725 1734 853 1789 Haec
897 1732 988 1802 qui
1018 1738 1145 1785 ante
1196 1743 1302 1784 non
1356 1728 1554 1792 credit,
1580 1742 1745 1797 quam
1779 1725 1856 1780 vi-

279 1833 400 1887 deat
433 1845 551 1885 eum
583 1826 703 1897 jam
745 1825 931 1881 videre
972 1822 1229 1892 cmperit,
1256 1835 1375 1890 quae
1409 1820 1613 1875 utiliter
1637 1819 1858 1874 credere

1963 637 2318 693 utilitudinetu
2367 654 2521 693 suam
2563 641 2852 711 diligenter
2877 642 3117 706 creavit;
3149 657 3176 693 a
3222 659 3327 711 quo
3349 645 3548 714 Saepits

1961 731 2234 797 peccando
2265 731 2636 797 discessimus,
2672 743 2728 787 et
2762 741 2940 787 tamen
2973 733 3149 787 adhuc
3178 734 3548 793 misericordi-

1962 826 2044 872 ter
2068 830 2246 881 vocat,
2278 829 2335 873 ut
2362 836 2459 875 nos
2502 821 2670 875 multo
2699 822 2917 889 pulvere
2954 831 3324 892 peccatorum,
3354 834 3408 880 et
3434 826 3546 881 cri-

1961 908 2162 961 minum
2191 909 2419 963 ltedatos
2433 908 2656 963 mandet
2677 918 2732 962 et
2751 910 2927 978 pulclu
2942 925 3003 965 os
3019 909 3202 966 faciat.
3218 911 3547 981 Redeamus,

1959 998 2333 1063 dilectissime,
2381 1000 2449 1053 ad
2488 999 3050 1056 misericordissimam
3102 1002 3418 1059 Creatorem
3450 1021 3548 1059 no-

1959 1097 2150 1151 strum,
2179 1091 2305 1144 dum
2335 1099 2547 1160 tempus
2566 1090 2849 1156 habemus,
2872 1102 2927 1146 et
2954 1092 3102 1147 illum
3126 1095 3320 1150 anima:
3346 1104 3549 1151 nostra!

1960 1180 2199 1236 brachiis
2262 1196 2481 1250 semper
2527 1180 2955 1252 amplectentes,
3016 1184 3156 1239 illius
3202 1186 3547 1242 dilectionem

1961 1273 2183 1338 mundo,
2208 1283 2260 1327 et
2292 1270 2571 1328 fallacibus
2594 1273 2710 1341 ejus
2732 1275 2939 1329 divitiis
2962 1285 3377 1345 anteponamus,
3402 1279 3549 1335 nulla

1957 1365 2242 1420 occasione
2278 1381 2500 1421 corvum
2530 1365 2679 1418 illum
2705 1365 3103 1421 inobedientem
3135 1368 3431 1434 imitantes,
3454 1371 3549 1439 qui

1960 1458 2218 1513 aviditate
2270 1457 2485 1513 fetentis
2515 1458 2818 1522 cadavt:ris,
2852 1456 2966 1512 Noe
2994 1460 3168 1514 sancti
3226 1447 3549 1530 patriar'cbre

1958 1552 2283 1621 contempsit
2326 1550 2632 1622 imperium.
2663 1551 3092 1619 Acquiescantus
3127 1553 3308 1620 itaque
3336 1551 3553 1608 Domini

1959 1656 2024 1695 ac
2052 1639 2354 1698 Salvatoris
2382 1644 2553 1698 nostri
2580 1641 2828 1708 consilio,
2859 1649 2914 1695 et
2944 1651 3001 1694 ut
3025 1641 3139 1711 ipse
3163 1642 3431 1715 praecipit,
3457 1642 3552 1713 qui

1961 1734 2231 1790 neminem
2255 1735 2477 1806 decipit,
2511 1736 2709 1791 mundo
2754 1734 3147 1802 renuntio-mus,
3172 1734 3327 1805 cujus
3360 1736 3551 1794 falsam

1962 1822 2353 1879 beatitudinem
2397 1827 2645 1895 sequitur
2671 1841 2800 1881 vera
2845 1826 3085 1893 miseria,
3116 1828 3272 1897 cujus
3304 1828 3553 1900 voluptas

280 1931 335 1978 et
355 1922 519 1976 vitare
546 1918 842 1990 potuisset,
872 1913 1205 1969 reternalitcr
1226 1913 1484 1983 patietur.
1515 1910 1857 1966 lteminisca-
1893 1907 1935 1962 Β
1962 1912 2142 1968 brevis
2192 1924 2296 1982 est,
2328 1925 2384 1970 et
2412 1916 2701 1987 voluptatis
2751 1931 2909 1987 paena
2959 1928 3241 1988 perpetua.
3273 1920 3551 1992 Eligamus

282 2030 422 2079 mur,
441 2010 802 2075 dilectissime,
827 2009 952 2063 dum
1001 2005 1147 2072 licet,
1177 2016 1437 2064 extrema:
1474 2015 1529 2063 et
1570 2006 1860 2064 tremenda:

280 2106 428 2162 hora:
455 2103 611 2168 illius,
638 2111 698 2157 et
735 2101 788 2155 in
839 2099 1114 2153 memoriae
1157 2108 1355 2153 nostra:
1380 2099 1551 2154 oculis
1598 2113 1859 2169 pOIMItlllS

280 2197 424 2251 illum
448 2196 608 2259 diem,
626 2195 682 2249 in
706 2208 815 2264 quo
837 2192 1054 2262 quidem
1086 2192 1402 2260 pmatitetttia
1430 2190 1609 2245 futura
1633 2202 1737 2254 est,
1766 2194 1858 2247 sed

284 2302 417 2349 sera,
450 2287 698 2357 perpetui
735 2287 967 2357 gemitus
1003 2296 1186 2349 erunt,
1235 2285 1329 2340 sed
1378 2284 1737 2349 infructuosi;
1777 2285 1862 2338 in-

279 2378 582 2432 delieicntes
617 2377 886 2447 laet-3:2,
927 2378 1021 2431 sed
1050 2376 1293 2440 steriles;
1319 2375 1566 2444 planctus
1593 2383 1651 2429 et
1690 2376 1854 2429 lletus

282 2470 534 2533 assiduus,
571 2469 670 2523 sed
695 2468 901 2533 inanis;
933 2482 1033 2523 nec
1055 2468 1168 2538 jam
1202 2474 1331 2521 tunc
1353 2480 1382 2518 a
1412 2463 1574 2536 247
1606 2476 1859 2535 peCcato-

285 2560 419 2614 ribus
438 2559 604 2613 datur
622 2558 796 2613 hostia
819 2557 1069 2628 quarlibet
1086 2571 1185 2626 pro
1207 2555 1464 2625 peccatis.
1481 2553 1859 2625 liceogitemus

281 2652 429 2705 etiam
458 2660 669 2721 quanta
714 2649 820 2705 erit
866 2660 992 2704 tunc
1039 2647 1322 2703 retributio
1352 2645 1588 2710 illorum,
1616 2646 1706 2715 qui
1736 2661 1858 2715 pro-

281 2741 593 2812 pinquorum
623 2739 811 2795 dulces
839 2738 1087 2804 affectus,
1115 2746 1172 2793 et
1199 2737 1395 2792 cbaras
1438 2746 1722 2806 parentum
1781 2737 1859 2789 fa-

282 2834 400 2898 cies,
418 2832 576 2902 quasi
595 2833 858 2897 odissent,
884 2829 1175 2901 fugientes,
1200 2841 1436 2899 praesens
1457 2825 1711 2881 szecultun
1736 2843 1855 2880 cum

280 2924 383 2979 sitis
405 2924 861 2980 delectationibus
889 2923 1241 2992 reliquerunt,
1265 2930 1319 2974 et
1350 2930 1408 2975 ut
1442 2919 1610 2974 Deum
1642 2934 1774 2988 pure
1800 2927 1856 2972 et

280 3019 385 3071 sine
423 3017 822 3086 impedimento
874 3015 1188 3085 diligerent,
1231 3012 1447 3067 divitias
1496 3020 1588 3066 attt
1636 3010 1859 3065 omnino

281 3107 553 3162 uoluerunt
588 3107 815 3171 habere,
846 3114 940 3159 aut
989 3104 1202 3159 habitas
1230 3110 1695 3172 contempserunt.
1739 3100 1853 3166 illo,

279 3200 511 3269 inquam,
539 3200 626 3255 die
656 3200 889 3269 receptis
914 3197 1256 3267 corporibus,
1286 3197 1351 3250 de
1384 3196 1540 3250 beata
1574 3195 1852 3249 immorta-

278 3293 413 3349 litate
432 3300 495 3348 et
520 3291 868 3348 inenarrabili
898 3290 1069 3362 gloria
1092 3290 1203 3360 jam
1235 3292 1435 3354 securi,
1456 3302 1585 3341 aue
1608 3284 1852 3340 .Iudieem

276 3387 608 3449 saeculorum,
649 3401 685 3439 o
722 3398 884 3453 quam
937 3380 1169 3438 feliciter
1206 3380 1565 3449 apparebunt,
1595 3378 1855 3447 sedesque

280 3478 553 3535 duodecim
607 3476 941 3538 obtinentes,
971 3473 1115 3528 sicut
1158 3482 1349 3527 saneto
1397 3471 1686 3542 Evangelio
1720 3480 1856 3526 teste

279 3574 578 3637 didicimus,
591 3584 713 3626 eum
742 3566 831 3622 illo
845 3565 1182 3637 judicaltunt!
1212 3561 1430 3635 (Matth.
1451 3562 1691 3632 xtx,28.)
1718 3559 1854 3627 Quid

280 3663 663 3725 admirationis,
691 3657 889 3729 quidve
931 3655 1274 3712 exaltatiouis
1305 3663 1433 3709 tunc
1471 3669 1591 3709 esse
1638 3656 1853 3724 poterit,

279 3771 388 3811 cum
416 3756 789 3825 unusquisque
809 3765 997 3807 eorum
1019 3749 1219 3803 donum
1248 3746 1445 3800 divina:
1462 3748 1648 3816 gratia:
1670 3749 1856 3801 subse~

280 3845 559 3917 quentibus
589 3843 820 3907 meritis,
851 3842 904 3897 iu
929 3838 1241 3910 angelorum
1274 3846 1475 3890 statum
1508 3839 1852 3907 promotcbi-

284 3946 377 3997 tur,
400 3946 458 3991 et
496 3950 617 3989 eum
643 3942 861 3987 terreno
885 3928 1154 4000 quondam
1190 3940 1415 3995 corpore
1451 3940 1615 3993 super
1644 3928 1854 3980 cxtelsa

282 4029 421 4097 regni
475 4024 713 4082 etelestis
761 4022 1037 4087 elevatus,
1095 4028 1350 4087 tanquam
1408 4015 1636 4072 dilectus
1689 4017 1851 4083 illus,

282 4118 532 4188 pra-clara
562 4118 651 4172 Dei
688 4114 1004 4171 haereditate
1040 4109 1329 4167 dilabitur?
1357 4107 1482 4163 lude
1511 4108 1653 4179 loqui
1687 4113 1855 4167 multa

284 4215 402 4269 mihi
429 4214 633 4269 inesset
657 4211 924 4275 voluntas,
944 4208 1037 4263 scd
1059 4216 1220 4260 tanta!
1234 4204 1438 4275 gloriae,
1458 4212 1616 4259 tanta:
1633 4204 1852 4274 lzetitiat,

274 4319 555 4379 'tautazquze
585 4303 942 4360 beatitudinis
964 4309 1122 4371 negat
1150 4297 1508 4361 immensitas,
1542 4313 1662 4368 qua:
1689 4299 1853 4354 etiam

282 4411 581 4455 sanctorum
606 4398 890 4451 doctorum
921 4393 1130 4464 linguas
1159 4403 1377 4462 superat
1396 4403 1450 4449 et
1471 4403 1711 4447 sensum.
1738 4389 1854 4446 Non

280 4499 356 4545 est
380 4492 628 4544 humana:
659 4486 937 4543 facultatis
966 4485 1035 4540 ad
1061 4484 1563 4554 plenumdisserere
1591 4490 1853 4552 quantum

264 4569 343 4639 ’sit
375 4582 652 4653 przetnium
681 4579 825 4649 quod
852 4578 1173 4648 praeparavit
1205 4577 1344 4631 Deus
1380 4575 1464 4629 Itis
1492 4574 1583 4643 qui
1626 4573 1856 4643 diligunt
1883 4598 1932 4657 ο

282 4689 395 4729 eum
443 4674 497 4727 in
524 4673 771 4726 veritate.
823 4669 1118 4740 Diligamus
1167 4682 1313 4732 eum,
1355 4664 1695 4730 cbarissime,
1746 4679 1851 4719 non

281 4768 435 4821 verbo
458 4775 692 4828 tantum,
724 4778 821 4818 nec
842 4761 1046 4834 lingua,
1077 4762 1172 4817 sed
1207 4775 1369 4832 opere
1400 4767 1455 4816 et
1480 4759 1744 4822 veritate;
1778 4771 1857 4812 se.

282 4871 634 4927 quamurque,
664 4857 808 4911 sicut
831 4870 889 4910 se
912 4854 1070 4908 docet
1091 4853 1446 4922 sequendum,
1469 4850 1561 4921 qui
1594 4864 1693 4906 nec
1720 4848 1858 4904 fallit

284 4964 376 5004 nec
397 4948 620 5012 fallitur,
656 4961 754 5016 pro
781 4944 899 5014 ejus
940 4958 1125 4999 amore
1173 4943 1432 4997 mundum
1468 4942 1852 5010 relinquentes,

285 5039 367 5108 qui
396 5038 567 5109 magis
587 5036 790 5106 decipit
829 5036 956 5089 dum
985 5032 1275 5088 blanditur.
1307 5029 1474 5102 248
1495 5028 1851 5085 Consuetudi-

284 5147 396 5185 nem
432 5131 580 5186 illam
640 5142 953 5199 perversam
1006 5134 1168 5194 atque
1226 5121 1628 5184 damnabilem,
1690 5137 1851 5192 quam

284 5222 623 5293 intpoguante
673 5217 887 5274 diabolo
932 5218 984 5271 itt
1038 5215 1221 5271 saeculi
1250 5213 1661 5269 conversatione
1697 5212 1853 5281 quasi

286 5324 674 5371 monstruosum
700 5326 914 5383 partum
941 5311 1309 5379 concepimus,
1325 5306 1409 5362 vel
1440 5305 1671 5375 quadam
1697 5304 1855 5359 nobis

283 5406 420 5463 illata
440 5408 719 5474 violentia,
751 5416 812 5463 ut
842 5416 1072 5465 mortem
1120 5403 1312 5456 anima:
1362 5397 1648 5469 fugiamus,
1675 5404 1731 5451 ct
1770 5409 1853 5450 re-

346 5568 494 5640 (55i)
533 5566 601 5624 ϐ.
660 5568 883 5640 decano.
937 5562 1214 5640 Golfrido,
1263 5557 1536 5640 ιιι-,ἀρειῇ
1582 5552 1855 5640 Elenchus

284 5622 489 5695 codicis,
518 5622 890 5695 (ienomauiei.
949 5638 1057 5690 bed
1119 5622 1273 5699 cujus
1319 5624 1576 5684 Ecclesia:
1617 5622 1856 5699 deeanus

287 5692 440 5787 fuerit
454 5692 467 5695 ⁷
482 5692 592 5764 non
620 5692 877 5772 Vindicat;
898 5706 1156 5786 suspicor
1183 5692 1677 5787 :Cepptttatte_ttsctn,
1703 5692 1852 5748 illum

286 5778 765 5858 ipsutpﬁ‘adquent
802 5768 1230 5858 ex'stat-epistola
1263 5768 1553 5858 ieiunius.

352 5839 497 5922 (352)
540 5839 850 5905 Htiuritium
900 5849 963 5902 de
984 5839 1236 5902 credens.
1263 5839 1458 5895 Filium
1487 5846 1539 5892 ct
1577 5846 1863 5891 successo-

1958 2006 2138 2073 potius
2181 2021 2472 2078 pauperem
2516 2008 2681 2061 vitam
2732 2025 2852 2062 cutn
2892 2008 3101 2066 Laxaro
3147 2013 3335 2067 hutuili
3369 2023 3424 2068 et
3454 2013 3550 2067 de-

1958 2109 2144 2168 specto
2172 2116 2335 2171 quam
2361 2103 2579 2158 divitias
2604 2119 2727 2157 cum
2763 2104 2998 2174 glorioso
3027 2106 3191 2160 divite
3211 2116 3268 2162 et
3292 2111 3548 2180 superbo.

1959 2191 2256 2262 Paupcrem
2285 2194 2547 2247 Lazarum
2587 2193 2741 2248 sinus
2782 2192 3016 2250 Abrahae
3064 2198 3303 2268 suscepit
3345 2199 3553 2269 gloriti-

1959 2285 2188 2337 catulum
2232 2299 2356 2339 eum
2408 2285 2642 2350 sanctis;
2696 2285 2987 2354 superbam
3033 2286 3256 2343 divizetn
3305 2298 3545 2349 tartarus

1960 2375 2188 2430 horrens
2216 2376 2494 2432 absorbuit
2515 2377 2867 2432 cruciaudum
2895 2395 3017 2434 cum
3050 2383 3249 2451 impiis.
3283 2384 3381 2440 Hie
3404 2403 3539 2456 pau-

1958 2477 2166 2538 pertate
2205 2469 2417 2523 beatam
2465 2477 2666 2523 sortem
2720 2471 2950 2536 uteruit;
2987 2472 3075 2526 ille
3120 2474 3325 2530 divitiis
3359 2493 3551 2548 perpco

1961 2570 2106 2615 tuam
2139 2573 2390 2617 mortem.
2420 2560 2575 2618 Hunc
2612 2577 2709 2617 sua
2742 2575 3034 2633 paupertas
3073 2566 3201 2622 fecit
3234 2570 3546 2636 excelsum;

1961 2650 2109 2704 illum
2140 2667 2249 2705 sua:
2274 2652 2474 2706 divitiae
2500 2653 2678 2707 fecere
2695 2652 2987 2723 dejeettun.
3005 2655 3171 2728 249
3198 2658 3353 2714 Dives
3376 2659 3551 2717 factus

1956 2745 2178 2798 omnino
2200 2744 2448 2813 indigens
2467 2744 2708 2814 sepultus
2722 2754 2805 2799 est
2829 2745 2881 2799 in
2902 2745 3110 2801 inferno
3128 2746 3280 2819 (Luc.
3298 2765 3412 2819 xvt,
3432 2750 3548 2824 22),

1957 2844 2011 2890 et
2025 2836 2143 2890 sine
2157 2837 2261 2890 line
2274 2834 2578 2900 damnatus;
2595 2834 2857 2901 Lazarus,
2873 2837 2924 2889 in
2939 2837 3059 2891 sinu
3073 2839 3302 2894 Abrahae
3314 2841 3549 2898 colloca-

1962 2939 2045 2984 tus
2068 2927 2245 2999 (tbid),
2268 2937 2324 2982 et
2348 2927 2582 2998 paradisi
2621 2928 2837 2984 divitias
2855 2930 3105 2988 obtinens
3126 2946 3250 2986 cum
3272 2932 3381 2989 Deo
3401 2933 3552 2991 la-ta‘

1961 3031 2065 3075 tur.
2091 3020 2181 3076 Vae
2210 3020 2433 3085 divitiis,
2455 3035 2577 3091 qua:
2618 3036 2724 3076 non
2765 3022 2936 3077 solum
2976 3032 3224 3092 pereunt,
3249 3024 3346 3079 sed
3387 3042 3546 3081 suum

1956 3112 2121 3165 etiam
2181 3112 2360 3182 perire
2407 3111 2614 3167 faciunt
2661 3114 2991 3169 amatorem!
3024 3114 3178 3170 Felix
3227 3126 3284 3171 et
3341 3131 3543 3175 secura

1960 3208 2272 3271 paupertas,
2298 3216 2418 3271 quze
2442 3201 2578 3255 ditat
2599 3211 2655 3257 et
2681 3202 2925 3258 sublevat
2945 3218 3004 3258 se
3030 3204 3300 3275 patienter
3324 3216 3547 3277 portau-

1962 3302 2089 3348 tcm.
2117 3290 2360 3361 Noujam
2389 3291 2546 3346 nobis
2572 3307 2698 3361 spes
2734 3292 3044 3347 divitiarum
3071 3293 3278 3351 incerta
3302 3294 3546 3364 qualibet

1956 3387 2240 3441 occasione
2266 3384 2595 3450 blandiatur;
2617 3386 2709 3439 sed
2735 3385 3098 3440 voluntariam
3121 3395 3393 3441 sectentur
3416 3402 3549 3456 pau-

1956 3477 2182 3547 petiem,
2210 3486 2477 3547 quatenus
2504 3474 2813 3531 divitiarmu
2844 3489 3062 3530 suarum
3094 3492 3192 3531 nos
3220 3474 3387 3531 faciat
3415 3491 3540 3531 esse

1957 3567 2266 3639 participes,
2296 3566 2388 3637 qui
2445 3566 2567 3620 ideo
2598 3580 2801 3635 pauper
2832 3564 2948 3620 fieri
2984 3564 3152 3620 voluit
3197 3566 3250 3620 itt
3300 3575 3445 3621 terra
3484 3577 3545 3622 ut

1957 3673 2054 3713 nos
2080 3672 2177 3712 sua
2211 3664 2529 3727 paupertate
2585 3656 2783 3710 ditaret
2833 3654 2885 3709 in
2934 3654 3073 3709 caelo
3108 3652 3267 3710 Jcsus
3299 3655 3548 3711 Christus

1958 3748 2216 3803 Dominus
2241 3758 2445 3812 noster,
2471 3746 2559 3802 cui
2586 3755 2672 3802 est
2694 3761 2818 3802 cum
2852 3745 3015 3801 Patre
3040 3757 3089 3801 et
3122 3745 3328 3816 Spiritu
3350 3756 3545 3802 sancto

1958 3838 2136 3894 honor
2168 3848 2222 3894 et
2249 3839 2421 3910 gloria
2455 3839 2508 3893 itt
2537 3838 2732 3893 smcula
2757 3837 3100 3897 steculoruta.
3130 3838 3327 3893 Amen.

2496 3927 2832 3983 EPISTOLA
2872 3925 2991 3982 XV.

1956 4021 2226 4093 (ἰαχῇ-Μαι
2279 4018 2674 4075 Viudocineusis
2720 4020 3024 4074 ntomtsterii
3077 4020 3407 4090 dispensator
3442 4021 3542 4075 int-

2025 4115 2274 4177 meritus,
2324 4111 2390 4166 G.
2435 4111 2717 4167 venerabili
2776 4110 2975 4163 decano
3026 4110 3208 4181 (55l),
3262 4127 3358 4165 suo
3422 4113 3539 4166 utili

2025 4206 2195 4258 ιιιηὶσο
2216 4215 2263 4257 et
2296 4204 2486 4266 veraci,
2513 4200 2735 4270 feliciter
2759 4198 2922 4253 virere
2945 4208 2991 4252 et
3018 4215 3129 4253 esse
3162 4203 3396 4254 beatum.

2024 4296 2194 4364 Quam
2255 4308 2410 4365 pure,
2441 4307 2604 4362 quam
2661 4290 2891 4345 firmiter
2939 4305 3038 4345 nos
3097 4289 3402 4346 dilexeritis
3433 4291 3547 4361 ipse

1957 4394 2116 4447 toties
2137 4387 2361 4443 effectus
2395 4384 2643 4456 probavit
2672 4382 2885 4455 quoties
2915 4380 3185 4447 voluntas,
3225 4390 3319 4434 aut
3344 4396 3540 4437 neces-

1954 4483 2087 4539 sitas
2109 4489 2291 4535 nostra
2319 4493 2415 4533 vos
2437 4477 2491 4532 in
2530 4491 2625 4532 sua
2655 4489 2818 4531 causa
2846 4472 3146 4528 advocavit.
3201 4471 3352 4527 Mens
3406 4487 3527 4528 mea

1956 4569 2243 4626 confitetur
2269 4566 2414 4637 quod
2461 4565 2641 4636 lingua
2695 4563 2957 4633 loquitur,
3001 4570 3055 4617 et
3110 4570 3299 4617 neutra
3331 4559 3543 4630 ingrata

1963 4660 2210 4717 eiiicitur.
2250 4657 2402 4714 Mens
2436 4656 2618 4728 igitur
2664 4668 2784 4710 mea
2842 4662 2996 4725 grata
3046 4661 3133 4708 est
3184 4652 3541 4718 confessione,

1964 4756 2147 4826 lingua
2205 4751 2510 4817 locotione;
2545 4749 2689 4805 Deus
2737 4747 2936 4801 abnuat
2965 4754 3023 4801 ut
3068 4746 3313 4815 ingratus
3335 4742 3542 4799 ellieiar

1961 4845 2206 4902 actione?
2233 4845 2300 4899 Et
2352 4842 2501 4913 quia,
2557 4842 2697 4897 sicut
2743 4837 3017 4909 pnelocuti
3073 4851 3281 4902 sumus,
3328 4835 3547 4892 dilectio

1962 4945 2139 4991 vestra
2168 4933 2325 4991 nobis
2366 4932 2571 4989 servire
2609 4939 2793 5000 parata
2835 4945 2978 4985 nunc
3012 4942 3183 4998 usque
3229 4928 3460 4991 exstitit,
3486 4929 3547 4984 in

1961 5035 2147 5081 nostra
2201 5024 2367 5079 multa
2412 5022 2686 5078 anxietate
2715 5035 2868 5075 suam
2895 5019 3157 5090 Optimam
3188 5019 3543 5075 consuetudi-

1963 5131 2086 5171 nem
2136 5131 2242 5172 non
2292 5114 2538 5178 amittat;
2565 5128 2727 5183 quam
2767 5120 2946 5167 vester
2972 5110 3181 5166 amicus
3228 5109 3405 5167 fidelis
3434 5125 3541 5164 non

1962 5206 2157 5261 merito
2181 5204 2419 5275 quidem,
2467 5202 2561 5258 sed
2601 5201 2765 5272 250
2808 5202 2981 5271 gratia
3019 5201 3259 5271 optando
3283 5200 3538 5271 reposcit.

1962 5298 2238 5354 Habemus
2263 5296 2409 5351 enim
2432 5295 2704 5366 negotium
2730 5302 2917 5348 contra
2945 5292 3404 5361 consanguineum
3435 5304 3538 5344 no-

1963 5405 2135 5450 strum
2165 5388 2473 5463 Mauritium
2502 5388 2570 5442 de
2587 5385 2838 5442 Cretione
2875 5384 3025 5457 (552)
3064 5386 3120 5440 in
3159 5382 3399 5439 crastino
3428 5380 3540 5438 lia-

1962 5562 2075 5603 rem
2107 5542 2353 5614 Bainaldi
2385 5541 2627 5614 dynastae
2672 5538 3275 5614 Credonensis.,_qulem‘
3299 5549 3535 5614 epnsan:

1962 5618 2215 5687 guineum
2244 5612 2409 5669 etiam
2422 5605 2584 5687 suum
2615 5621 2767 5687 vocat
2792 5609 3019 5687 epistola
3040 5605 3137 5661 27C
3169 5605 3276 5660 Sed
3301 5605 3539 5687 Mauritii

1963 5677 2327 5742 Credoueusis
2376 5681 2666 5752 peculiaris
2712 5677 2912 5752 mentio
2948 5677 3101 5752 inter
3135 5689 3413 5752 proceres,
3441 5677 3538 5745 qui

1966 5756 2219 5812 Fuleonis
2245 5754 2309 5817 γ,
2334 5744 2573 5809 comitis,
2603 5758 2780 5802 castra
2814 5745 3236 5817 Nortltmannieo
3257 5744 3419 5817 bello.
3452 5744 3540 5798 Se-

1967 5831 2079 5887 euti
2109 5813 2506 5884 suutadversus
2540 5818 2828 5875 llenricum
2856 5829 3058 5886 regem.
3083 5813 3251 5871 Gesta
3274 5815 3536 5871 comitum
