4034 6364
412 412 526 469 1'59

1447 406 1768 465 GOFFRIDI
1805 405 2095 461 ABBATIS
2135 401 2658 462 VINDOCINENSIS
2709 396 2712 399 Α

3625 394 3767 451 9,οο

416 504 849 591 mispalmarmn,
888 518 968 573 cn‘i
1005 528 1062 572 ut
1095 517 1297 580 astitis,
1334 516 1705 586 mu!tipliciter
1720 530 1993 587 rogamus.
2028 521 2074 576 Α
2101 515 2392 578 sacerdoti,
2427 515 2568 568 sicut
2597 514 2648 566 in
2685 510 2900 567 caeteris
2935 512 3135 576 agitur,
3170 510 3266 566 sed
3298 509 3578 564 universa!
3621 495 3763 565 Ec;

417 614 474 669 Si
508 611 751 683 qualibet
797 610 1085 666 occasione
1131 608 1434 676 defueritis,
1463 609 1815 663 vehementer
1844 605 1997 661 dole-

414 720 567 768 mus,
605 704 803 774 quippe
851 703 1108 772 quoniam
1173 701 1406 754 amicum
1456 699 1618 753 talem
1667 697 2005 770 perdidimus

413 812 573 867 quem
608 797 658 850 in
684 804 868 849 nostra
899 795 1168 849 charitate
1194 793 1324 846 nulli
1354 792 1651 847 secundum
1695 792 2003 862 possideha~

416 902 554 940 mus.
588 885 645 940 Si
669 886 905 958 primum
947 885 1292 954 possedimus
1338 882 1391 935 in
1444 883 1736 947 charitate,
1766 884 2002 954 primum

412 979 688 1045 possidere
708 992 831 1031 eum
854 974 1207 1030 debuimusin
1237 972 1556 1037 tentatione,
1574 972 1715 1028 sicut
1736 972 2002 1043 scriptum

412 1078 499 1123 est
528 1088 541 1122 :
574 1068 635 1125 Si
664 1069 900 1140 possides
932 1069 1183 1131 amicum,
1207 1067 1262 1117 in
1306 1066 1590 1121 tentatione
1619 1064 1830 1135 posside
1880 1080 2001 1119 cum

413 1158 605 1233 (Eccli.
636 1176 715 1227 Vt,
749 1160 827 1229 7).
855 1157 1004 1213 Vale.

950 1289 1289 1347 EPISTOLA
1326 1288 1467 1345 XVI.

414 1404 688 1478 Coifi-idus
720 1406 1126 1461 Vindocinensis
1177 1405 1483 1460 monasterii
1536 1420 1746 1471 servus,
1780 1402 2005 1459 Guillel-

485 1512 569 1552 mo
597 1497 746 1568 (555)
785 1496 910 1551 olim
962 1513 1058 1551 suo
1116 1496 1391 1566 magistro,
1443 1514 1461 1546 ι
1486 1494 1610 1549 Non
1650 1495 1769 1565 plus
1798 1511 2000 1564 sapere,

484 1604 642 1659 quam
683 1594 881 1658 oportet
928 1603 1139 1654 sapere,
1180 1585 1271 1641 sed
1309 1601 1491 1656 sapere
1547 1586 1615 1639 ad
1668 1585 2001 1639 sobrietatem

487 1678 668 1749 (Rom.
706 1695 804 1746 xu,
832 1679 911 1749 5).
1944 1688 1951 1697 '

486 1791 687 1848 Omnes
714 1793 804 1862 qui
853 1793 905 1846 in
956 1790 1059 1846 ﬁde
1107 1806 1212 1846 non
1247 1789 1366 1845 ﬁcta
1403 1790 1584 1845 vivere
1610 1790 1911 1854 cernimur,
1944 1799 2001 1843 ut

2110 607 2288 663 t’lesiae
2317 607 2710 669 confiteantur;
2743 613 2799 659 et
2826 604 2906 658 sic
2933 604 3003 657 ad
3037 603 3154 673 cjus
3182 603 3452 658 unitatem
3489 606 3766 660 redeant

2109 697 2264 766 cujus
2296 697 2453 751 ﬁdem
2480 707 2638 750 antea
2668 693 3075 764 impugnabant.
3109 692 3326 747 iustum
3355 699 3445 748 est
3471 695 3639 747 enim
3681 702 3759 748 ut

2107 791 2197 861 qui
2225 791 2361 844 alios
2389 788 2657 843 diabolica
2705 786 3131 856 prmsumptione
3176 784 3568 841 inﬁdelitatem
3620 786 3755 842 do-

2108 891 2254 946 cent,
2287 896 2382 936 eos
2410 881 2574 935 etiam
2604 878 2820 950 publica
2861 877 3240 932 satisfactione
3269 876 3322 929 in
3360 875 3470 931 ﬁde
3505 876 3750 931 conﬁr—

2108 984 2284 1039 ment,
2330 982 2385 1029 et
2414 973 2613 1042 quibus
2646 980 2773 1026 ante
2806 970 3026 1024 fuerunt
3059 967 3279 1023 etcasio
3307 975 3365 1022 et
3398 968 3746 1037 exemplum

2106 1067 2334 1137 publica:
2382 1064 2724 1134 perditionis,
2778 1061 2950 1116 forma
2981 1069 3037 1115 ct
3071 1058 3382 1130 exemplum
3433 1062 3576 1115 fiant
3623 1078 3750 1131 pu-

2107 1161 2261 1216 blicse
2286 1155 2773 1214 reconciliationis.
2802 1155 3008 1209 Caetera
3040 1168 3172 1208 vero
3198 1153 3354 1218 vitia,
3383 1154 3533 1208 sicut
3560 1154 3744 1219 dicis,

2106 1267 2203 1323 per
2241 1250 2592 1319 semetipsum
2641 1246 2904 1301 Dtnninus
2944 1253 3105 1299 sanat
3150 1253 3207 1299 et
3250 1244 3509 1315 corrigit.
3563 1244 3739 1301 Licet

2104 1342 2250 1396 cnim
2278 1340 2462 1394 omnia
2496 1352 2836 1409 quaecunque
2861 1345 3143 1400 sanantur,
3180 1334 3449 1391 Dominus
3477 1347 3637 1391 sanet
3671 1347 3741 1393 et

2105 1433 2363 1504 corrigat,
2389 1429 2635 1500 quaedam
2666 1439 2847 1483 tamen
2880 1444 2980 1498 per
3005 1427 3361 1498 semetipsum
3390 1444 3602 1485 sanare
3630 1440 3737 1484 at-

2104 1539 2209 1594 que
2236 1524 2512 1593 corrigere
2544 1520 2881 1592 perhibetur,
2913 1535 2977 1574 ca
3006 1518 3286 1585 videlicet,
3311 1535 3437 1590 qua:
3467 1521 3579 1575 sibi
3608 1523 3737 1590 pri-

2104 1623 2225 1667 vata
2271 1614 2324 1667 in
2369 1611 2710 1666 confessione
2760 1610 3096 1671 revelantur,
3143 1619 3205 1664 ut
3253 1619 3547 1665 sanentur.
3596 1610 3728 1666 Sibi

2105 1708 2242 1769 dico,
2278 1707 2401 1775 quia
2443 1704 2514 1758 illi
2547 1704 2637 1773 qui
2685 1703 2738 1757 in
2777 1700 2892 1770 ejus
2932 1702 3053 1758 loco
3082 1701 3233 1774 (535)
3268 1716 3397 1757 esse
3432 1703 3719 1774 dignusn-

2107 1808 2211 1852 tur.
2244 1798 2467 1852 Certum
2508 1805 2632 1860 est,
2683 1795 2817 1850 nihil
2868 1796 2971 1849 hoc
3006 1796 3211 1850 certius
3257 1795 3444 1850 omnia
3492 1808 3725 1865 peccata

416 1870 539 1941 ﬁdei
586 1894 784 1939 uastae
813 1885 1014 1939 veritas
1039 1884 1362 1948 instruatur,
1414 1897 1517 1936 non
1566 1891 1624 1935 nt
1666 1880 1997 1940 destruatur,

2110 1889 2186 1944 vel
2215 1889 2442 1943 crimina
2484 1885 2830 1942 confessione
2876 1885 3121 1957 indigere
3148 1895 3205 1940 et
3249 1887 3623 1957 paenitentia;
3664 1896 3727 1940 et

417 1981 471 2034 in
501 1976 753 2034 omnibus
775 1974 906 2030 locis
943 1974 1270 2028 unanimiter
1297 1972 1549 2027 laborare
1590 1972 1870 2026 debemus.
1898 1971 2000 2042 lgi-

417 2079 506 2124 tur
531 2070 597 2123 de
631 2070 910 2137 preposita
965 2065 1122 2121 nobis
1175 2052 1498 2135 quaestione,
1528 2079 1649 2134 qua:
1700 2078 1895 2133 magna
1932 2080 1999 2116 cx

413 2171 593 2232 parte,
627 2162 735 2216 imo
773 2172 1016 2230 prorsus,
1050 2157 1350 2211 secundum
1397 2170 1552 2210 suam
1586 2154 1999 2226 intelligentiam

416 2254 543 2308 ﬁdei
593 2254 879 2308 catholicae
915 2250 1137 2305 obviare
1192 2249 1423 2308 videtur,
1467 2248 1678 2316 plenam
1731 2248 2004 2303 sectanda:

415 2345 537 2399 ﬁdei
588 2344 863 2398 reddimus
919 2341 1207 2404 rationem,
1242 2341 1311 2394 ita
1366 2340 1818 2408 quemadmodum
1873 2339 2003 2394 olim

415 2433 730 2489 intellexisti
803 2442 899 2486 aut
958 2431 1137 2484 adhuc.
1217 2429 1441 2482 forsitan
1497 2428 1790 2500 intelligis,
1846 2428 2005 2484 intel-

415 2524 509 2597 ligi
564 2538 669 2578 non
722 2522 939 2577 debere.
986 2519 1230 2576 Credens
1270 2519 1415 2574 enim
1449 2560 1464 2585 ,
1539 2520 1641 2573 nisi
1718 2518 1955 2573 fallimur
1986 2558 2003 2584 ,

415 2615 767 2688 proposuisti,
791 2613 936 2684 quod
975 2612 1312 2668 solummodo
1349 2622 1586 2682 quatuor
1619 2620 1839 2680 peccata
1877 2626 2006 2665 con-

415 2707 655 2763 fessione
703 2704 1039 2776 indigebant,
1093 2712 1292 2757 cetera
1335 2712 1518 2755 autem
1552 2715 1583 2754 a
1610 2700 1841 2757 Domino
1888 2701 2006 2754 sine

415 2798 764 2856 confessione
816 2797 1169 2852 Sanabantnr.
1221 2794 1375 2862 Quod
1429 2802 1481 2848 te
1534 2793 1810 2869 invenisse
1859 2806 2007 2846 asse-

414 2872 493 2949 ris
536 2892 589 2946 in
653 2888 992 2960 expositione
1030 2886 1191 2941 Beda:
1244 2887 1311 2942 de
1362 2884 1857 2956 Evangettotsst),
1914 2884 2003 2939 ubi

415 2984 601 3037 dcce.n
687 2982 883 3052 leprosi
948 2980 1120 3034 sanati
1197 2994 1227 3032 a
1304 2978 1531 3033 Domino
1613 2985 2003 3032 memorantur.

416 3068 524 3126 Sed
567 3072 670 3125 hoc
706 3071 781 3124 ita
807 3068 1211 3140 intelligendum
1260 3069 1478 3123 minime
1505 3066 1664 3138 251
1698 3081 2002 3131 censemus,

414 3172 472 3217 et
507 3161 662 3231 juxta
693 3162 851 3217 ﬁdem
879 3156 1245 3216 Christianam
1275 3161 1354 3214 sic
1394 3140 1702 3229 intelligere
1732 3174 1833 3213 nec
1875 3174 2001 3229 pos-

414 3268 621 3314 sumus.
662 3268 760 3309 nec
788 3252 1069 3308 debemus.
1118 3250 1539 3306 Delerminanda
1584 3261 1668 3305 est
1710 3250 1855 3304 enim
1902 3250 2005 3305 ista

413 3346 682 3400 sententia
734 3344 1027 3414 sapienter,
1078 3354 1139 3398 ut
1184 3343 1409 3413 intelligi
1458 3342 1627 3412 possit
1675 3341 1902 3408 utiliter,
1953 3352 2007 3397 et

412 3436 535 3490 lidei
575 3448 772 3493 nostrae
810 3437 1092 3507 integritas
1119 3446 1488 3490 conservetur.
1523 3434 1614 3487 Illa
1655 3434 1845 3505 utique
1869 3449 2005 3504 qua-

413 3536 540 3583 tuor
576 3537 819 3598 pcecata,
860 3541 1016 3583 error
1052 3527 1301 3581 videlicet
1343 3526 1584 3597 gentilis,
1615 3528 1850 3583 schisma
1897 3526 2006 3582 fra-

414 3631 660 3682 ternum,
708 3620 963 3674 haeretica
995 3619 1257 3689 pravitas,
1294 3627 1349 3673 et
1390 3617 1615 3675 Judaica
1665 3618 1913 3691 perﬁdia,
1951 3620 2004 3674 in

413 3719 679 3782 quantum
709 3709 1024 3789 praevalent,
1048 3708 1378 3783 universalis
1406 3709 1669 3789 Ecclesite
1693 3711 2003 3766 castitatem

414 3786 836 3859 commaculant.
868 3801 1021 3859 Unde
1061 3817 1284 3858 necesse
1319 3813 1403 3859 est
1447 3812 1505 3858 ut
1534 3786 1857 3876 quicunque
1887 3804 2005 3859 isds

413 3896 655 3970 peccatis
684 3896 769 3950 vel
796 3911 904 3983 uno
930 3912 998 3952 ex
1035 3896 1167 3967 ipsis
1206 3895 1540 3968 polluuntur,
1592 3911 1700 3953 non
1743 3895 1859 3965 jam
1902 3896 2001 3952 soli

413 4008 622 4080 Andeg.
651 4008 1016 4082 Erantqautem
1059 4026 1177 4082 cura
1212 4027 1271 4082 eo
1304 4009 1555 4082 Ilugoae
1587 4004 1930 4082 Matafelone,
1952 4019 2001 4063 et

416 4078 759 4134 ’l'lieotialtlus'
776 4080 919 4151 [ilius
948 4080 1083 4151 ejus,
1114 4078 1299 4151 _Fulco
1327 4078 1675 4144 tle'Candeio,
1707 4078 2002 4135 Mauricius

414 4153 480 4204 tle
526 4151 798 4222 Credone,
857 4149 1046 4205 Petrus
1094 4149 1540 4219 Camilliacensis,
1578 4152 1892 4222 Jaquelinus
1937 4151 2002 4205 de

417 4219 673 4292 Malliaco
697 4238 814 4292 cum
852 4234 1079 4292 quatuor
1100 4223 1355 4292 fratribus
1374 4228 1505 4289 suis,
1534 4234 1644 4279 etc.

486 4290 635 4360 (355)
701 4288 1000 4344 Guillelmo.
1066 4288 1335 4351 Eleticbtts
1386 4288 1815 4353 Cenomanensis
1858 4308 1872 4345 :
1918 4290 2001 4344 Art

416 4358 757 4415 Cu'itleltnum
784 4363 874 4433 qni
896 4370 1016 4413 ante
1042 4363 1290 4433 magister
1315 4364 1429 4432 ejus
1458 4365 1652 4433 fuerat,
1675 4366 1728 4416 in
1749 4379 1853 4433 qua
1883 4378 2000 4414 cum

414 4433 812 4500 redarguitinou
842 4430 966 4483 bene
994 4434 1186 4500 sentire
1207 4431 1272 4483 de
1299 4430 1620 4500 confessione
1644 4430 1997 4499 peccatorum,

487 4497 636 4572 (55—4)
678 4499 943 4572 gained?
994 4497 1299 4568 Evangelia.
1348 4497 1503 4572 seu.»
1534 4497 1727 4572 gerbar
1763 4502 1831 4572 ad
1857 4515 1999 4572 qua:

409 4568 636 4640 impegit
667 4568 1019 4640 Gnillelmus,
1077 4578 1294 4624 exstant
1348 4571 1442 4624 lib.
1472 4586 1504 4624 ν
1533 4568 1901 4640 Expositionis
1944 4571 1997 4623 in

413 4638 639 4704 Lucam,
662 4654 792 4710 cap;
830 4638 938 4710 69;,
959 4654 1080 4710 qua:
1111 4640 1363 4708 quidem,
1406 4649 1466 4694 ut
1495 4655 1525 4693 a
1556 4638 1800 4710 Goﬁ'rido
1832 4653 1999 4707 expo-

414 4702 643 4774 nuntur,
675 4702 893 4778 piatam
924 4702 1211 4764 habent-ct
1233 4702 1437 4763 certam
1469 4709 1817 4764 sententiam.

487 4778 638 4850 (355)
673 4778 785 4833 Sibi
814 4781 952 4843 ilico,
991 4779 1114 4850 quia
1142 4779 1219 4850 illi
1246 4781 1335 4849 qui
1372 4782 1426 4833 in
1450 4780 1566 4850 ejus
1593 4780 1727 4834 loco.
1762 4781 1871 4834 Deo
1900 4780 2000 4850 Vni-

414 4848 624 4919 mirum
657 4851 923 4918 praecipue
954 4848 1012 4905 ﬁt
1037 4848 1307 4906 confessio
1337 4848 1541 4919 quae‘lit
1562 4851 1856 4906 sacerdoti.
1891 4849 1999 4905 Leo

415 4916 892 4991 Magttttslepisltiia
936 4922 1002 4976 ad
1048 4922 1330 4991 episcopos
1353 4916 1681 4991 'Campania:
1712 4938 1727 4973 :
1762 4920 1998 4991 Sitﬁiciat

414 4987 508 5039 illa
545 4985 833 5061 confessio,
853 5006 970 5058 qua:
1001 4985 1378 5060 primum-Deo
1412 4985 1652 5061 oﬂ‘ertur,
1690 4986 1815 5061 tant
1839 4985 1999 5061 Etiam

413 5055 694 5129 sacerdoti.
743 5055 1154 5129 Sitlonius'itcm
1204 5061 1296 5115 lib.
1328 5077 1404 5127 tv,
1435 5055 1595 5129 Epist.
1631 5061 1717 5116 14.
1767 5060 1873 5115 Sed
1912 5060 2000 5115 Sib-

414 5129 539 5181 tIOllI
584 5127 811 5202 insignis
832 5139 916 5202 est
943 5129 1091 5185 locus
1118 5131 1367 5202 desacra
1391 5127 1753 5195 confessione,
1778 5132 2000 5202 dignus-

412 5212 519 5269 que
541 5198 726 5270 qui_ab
744 5200 922 5270 :etatis
957 5208 1157 5255 nostrae
1180 5200 1482 5257 Gnillehnis
1505 5204 1767 5256 attentius
1793 5198 1999 5270 eipen-

413 5277 592 5341 datur.
633 5268 833 5341 Scribit
850 5269 973 5341 (jam
998 5270 1283 5341 episc0pus
1308 5274 1374 5326 ad
1398 5271 1692 5326 Polemium
1734 5271 1839 5327 PI’.
1866 5268 1998 5326 Cal-

412 5339 644 5410 liarum,
699 5339 1100 5410 discrimenque
1150 5339 1385 5397 ostendit
1437 5342 1538 5397 fori
1595 5345 1714 5407 sui,
1769 5345 1871 5397 hoc
1913 5350 1999 5396 est

411 5409 789 5481 ecclesiastici,
812 5419 868 5464 et
904 5409 1203 5475 saecularis,
1240 5426 1335 5467 seu
1366 5413 1694 5481 praetoriani.
1723 5413 1789 5466 At
1818 5415 1887 5476 si,
1917 5413 2002 5465 in-

410 5479 551 5550 quit,
592 5482 799 5535 videtur
834 5481 1106 5537 humilitas
1151 5491 1345 5552 nostra:
1369 5479 1720 5552 professionis
1757 5483 1999 5537 habenda

410 5552 748 5621 contemptui,
779 5553 903 5624 quia
934 5553 1143 5608 Christo
1179 5568 1259 5606 res
1291 5551 1550 5606 [tunicatis
1579 5555 1810 5621 vitasque
1834 5552 1996 5624 medi-

410 5629 591 5693 caturo
618 5622 849 5690 putrium
878 5624 1327 5693 conscientiarum
1361 5624 1529 5676 cultro
1563 5625 1809 5693 squalens
1848 5622 1999 5675 ulcus

411 5689 696 5761 aperimus,
724 5693 864 5761 quod
874 5692 944 5744 'in
971 5696 1134 5747 nostri
1159 5694 1357 5746 ordinis
1382 5694 1527 5755 viris,
1556 5689 1611 5746 et
1627 5696 1670 5745 si
1697 5696 1871 5746 adhuc
1896 5693 2000 5744 ali-

409 5757 538 5826 quid
569 5757 633 5810 de
660 5757 971 5830 negligentia
998 5763 1146 5830 fetet,
1171 5764 1301 5817 nihil
1320 5763 1438 5831 jam
1465 5764 1730 5816 tamen-de
1755 5762 1999 5830 superbia

408 5834 593 5891 tumet,
630 5842 832 5884 noveris
870 5834 1005 5900 colo,
1049 5849 1152 5887 non
1181 5841 1237 5886 ut
1276 5830 1351 5885 est
1390 5832 1531 5902 apud
1562 5836 1838 5902 prtcsulem
1869 5830 1995 5900 fori,

2101 1981 2350 2052 quamvis
2375 1979 2621 2050 qnzedam
2644 1992 2710 2033 ex
2744 1977 2874 2047 ipsis
2900 1993 2999 2046 per
3025 1977 3296 2048 publicam
3324 1977 3723 2048 penitentiam

2105 2075 2281 2146 puniri
2322 2073 2632 2137 videantur,
2678 2071 2826 2125 nulla
2860 2081 3042 2126 tamen
3084 2070 3191 2124 alia
3241 2070 3457 2139 publica
3495 2070 3722 2125 confes-

2105 2167 2257 2222 sione
2280 2180 2418 2235 opus
2450 2163 2669 2228 habent,
2699 2163 2801 2218 nisi
2831 2177 2895 2218 ea
2923 2176 3046 2232 quas
3072 2176 3420 2218 communem
3452 2162 3722 2218 Ecclesia:

2108 2261 2265 2316 ﬁdem
2292 2259 2500 2314 violare
2528 2266 2817 2313 conantur.

2531 2349 2693 2420 252
2732 2347 3070 2404 EPISTOLA
3108 2345 3273 2403 XVII.

2107 2439 2413 2496 Clarissima
2447 2439 2568 2492 duci
2601 2437 3118 2502 Nortlnnannorum,
3148 2446 3196 2490 et
3225 2434 3719 2507 praecellentissimo

2179 2534 2284 2604 regi
2321 2532 2472 2602 (556)
2502 2529 2789 2601 Anglorum
2828 2527 3461 2594 [inimicm-charissima
3497 2529 3718 2582 domino

2177 2635 2225 2680 et
2258 2624 2594 2696 prtccordiali
2621 2626 2812 2683 amico,
2851 2621 3017 2689 [inter
3041 2617 3313 2688 σοίγ’-ἰάλω
3356 2618 3718 2674 Vindocinen-

2178 2719 2250 2772 sis
2289 2712 2444 2781 abba,
2487 2716 2542 2769 in
2584 2713 2826 2784 praesenti
2867 2727 3113 2783 prospere
3155 2727 3358 2781 semper
3395 2721 3446 2765 et
3488 2711 3718 2781 feliciter

2117 2860 2121 2864 .
2178 2809 2365 2874 vivere,
2392 2817 2438 2861 et
2465 2807 2515 2861 in
2545 2807 2725 2877 futuro
2756 2820 2964 2858 manere
2992 2820 3108 2857 cum
3141 2820 3258 2872 rege
3282 2804 3605 2873 Anglorum.

2182 2901 2390 2956 Vestra:
2422 2897 2807 2971 magnitudini,
2842 2896 3156 2952 dulcissime
3183 2895 3349 2951 Pater
3376 2910 3435 2952 et
3466 2896 3715 2963 domine,

2108 2994 2410 3066 significavi
2463 2994 2567 3048 iter
2596 3002 2877 3059 nostrum;
2912 3000 2967 3048 et
3005 2992 3130 3062 quia
3184 2992 3343 3047 vobis
3387 2990 3537 3047 sensi
3589 3009 3717 3049 esse

2109 3087 2466 3151 contrarium,
2496 3085 2712 3141 itineris
2746 3087 2929 3140 statim
2977 3086 3179 3139 mutavi
3210 3083 3576 3154 propositum.
3610 3084 3717 3139 γε.

2066 3192 2074 3249 ξ
2108 3190 2224 3235 ster
2252 3180 2431 3249 itaque
2462 3191 2674 3244 servus,
2722 3177 2878 3232 testis
2920 3184 3004 3232 est
3049 3177 3181 3230 mihi
3231 3176 3395 3241 Deus,
3445 3176 3499 3230 in
3526 3184 3716 3232 vestra

2113 3272 2369 3327 ﬁdelitate
2408 3284 2687 3335 remaneo,
2728 3270 2781 3323 in
2817 3284 2946 3339 qua,
2976 3266 3215 3339 quandiu
3255 3270 3466 3333 vixero,
3509 3269 3716 3324 indesi-

2112 3373 2304 3419 nenter
2332 3361 2678 3433 permanebo.
2712 3360 2866 3426 Quod
2893 3361 3111 3431 quando
3137 3368 3194 3415 et
3230 3361 3509 3431 quomodo
3530 3360 3719 3415 excel-

2111 3455 2287 3509 lentiae
2312 3464 2505 3509 vestrae
2531 3452 2817 3522 placuerit,
2847 3453 3146 3508 secundum
3178 3466 3358 3505 meum
3389 3465 3553 3521 posse
3579 3465 3707 3521 ope-

2112 3544 2260 3598 rilms
2307 3542 2694 3613 comprobabo.
2748 3540 2942 3597 Valeat
2984 3542 3236 3597 dominus
3286 3555 3440 3596 meus
3488 3555 3610 3606 rex,
3654 3548 3713 3594 et

2109 3634 2323 3703 vigeat:
2346 3648 2505 3704 quem
2538 3633 2883 3703 omnipotens
2917 3633 3058 3688 Deus
3087 3633 3156 3688 ab
3184 3632 3335 3688 omni
3369 3632 3713 3688 adversitate

2107 3724 2379 3789 defendat,
2411 3730 2468 3779 et
2493 3725 2693 3779 trilmat
2721 3725 2768 3778 ei
2797 3724 2942 3793 quod
2969 3725 3109 3780 bene
3135 3723 3437 3778 desiderat.

2622 3812 2958 3871 EPISTULA
2996 3812 3182 3870 XVIII.

2106 3901 2385 3993 Guillelmo
2412 3904 2795 3974 Aquitanorum
2820 3905 2946 3959 duci
2976 3904 3124 3977 (357)
3153 3902 3473 3972 clarissimo,
3502 3904 3713 3977 Comi.

2103 4016 2183 4089 sic
2198 4033 2309 4071 esse
2328 4015 2479 4089 apud
2505 4014 2747 4069 Iudicem
2774 4015 3261 4089 _mu_ndi_._quque
3301 4026 3356 4070 ut
3387 4018 3433 4072 is
3462 4019 3557 4089 qui
3587 4035 3713 4087 pro-

2102 4087 2218 4157 pria
2258 4085 2395 4140 vobis
2442 4102 2544 4157 non
2584 4086 2804 4157 tacuerit
2833 4085 3036 4157 ﬂagitia
3069 4085 3376 4151 damnatur,
3421 4085 3499 4141 ita
3529 4085 3709 4143 nobise

2104 4154 2223 4210 cum
2251 4158 2342 4225 qui
2371 4155 2550 4225 eadem
2583 4154 2687 4208 Deo
2716 4154 2872 4225 fuerit
2900 4154 3191 4225 confessus,
3221 4158 3536 4212 absolvitur.

2177 4222 2327 4298 (356)
2369 4224 2625 4298 [Inimico
2650 4222 2774 4298 duci
2802 4222 3292 4298 Nortltmannorum
3318 4238 3367 4280 et
3396 4226 3528 4298 regi.
3553 4225 3709 4283 Guil-

2105 4295 2250 4353 Iclmi
2281 4295 2457 4365 Magni
2488 4296 2637 4367 regis
2671 4295 2801 4359 ﬁlio,
2829 4306 2961 4350 natu
3001 4295 3243 4351 omnium
3284 4295 3584 4366 posti-timo.
3610 4300 3707 4354 sed

2106 4368 2267 4422 lltliCO
2288 4367 2352 4437 in
2384 4366 2533 4437 regia
2566 4368 2736 4435 patris
2769 4382 3003 4437 purpura
3036 4368 3339 4436 progenito.
3387 4368 3517 4422 Post
3546 4369 3707 4424 Guil-

2105 4436 2249 4491 lelmi
2283 4435 2411 4507 Ruﬁ
2447 4437 2630 4490 fratris
2679 4435 2956 4507 interitum
2997 4435 3314 4491 anno’lltlll
3349 4454 3576 4507 regnum
3620 4455 3709 4491 om

2104 4507 2340 4577 cupavit,
2367 4506 2589 4577 alsenle
2625 4507 2676 4559 in
2706 4506 3193 4577 Hierosolymitana
3221 4508 3572 4577 expeditione
3602 4509 3710 4561 Ilo.

2105 4576 2260 4649 herto
2302 4576 2441 4631 duce
2496 4576 2681 4649 altero,
2723 4576 2912 4649 fratre,
2956 4576 3054 4630 cui
3106 4580 3286 4632 :etatis
3312 4582 3702 4649 pra-rogativa

2103 4647 2425 4701 debebatur.
2485 4646 2814 4702 Chronicum
2859 4645 3176 4701 Turonense
3229 4666 3242 4700 :
3307 4645 3707 4703 Eodem'amto

2102 4714 2415 4789 Gnillelmus
2442 4712 2635 4789 (iubis,
2665 4715 3003 4789 re.1:_4nglia’,
3039 4719 3093 4789 in
3118 4716 3250 4771 silva
3275 4729 3562 4774 cenaturus
3582 4736 3710 4789 pro-

2101 4788 2342 4855 grediens
2386 4803 2422 4859 a_
2449 4785 2705 4859 Gualtero
2750 4784 2944 4859 Tiretlo
2977 4787 3141 4859 milite
3178 4804 3273 4855 pro
3313 4803 3467 4859 cerua
3508 4784 3708 4859 sagitta

2100 4853 2625 4925 percussusinteriit,
2660 4866 2709 4909 et
2741 4855 2811 4908 ad
2846 4853 3185 4919 ,Wintoniam‘
3214 4868 3288 4910 cst
3318 4853 3594 4925 sepultus:
3616 4864 3706 4914 cui

2101 4923 2350 4987 successit
2381 4923 2655 4999 Henricus
2673 4926 2841 4994 frater
2865 4925 2989 4999 ejus
3012 4928 3204 4980 minor.
3237 4923 3389 4999 nm
3418 4931 3573 4999 regni
3606 4946 3709 4999 pa-

2104 5003 2331 5068 ternum
2353 4995 2546 5068 solium
2592 4997 2788 5066 adepto
2816 4995 3126 5068 gratulatus
3146 5007 3232 5051 est
3272 4996 3363 5052 lvo
3388 4995 3705 5068 episcopus,

2102 5066 2262 5133 epist.
2313 5066 2436 5119 ltiti.
2486 5065 2534 5119 Is
2577 5075 2662 5119 est
2708 5080 2984 5134 quocum
3033 5065 3323 5123 Fulconem
3360 5067 3398 5121 ν
3440 5065 3705 5124 comitem

2101 5135 2330 5208 bellasse
2371 5137 2486 5208 jam
2515 5133 2770 5208 diximus.
2800 5133 3012 5208 Postea
3058 5151 3190 5208 vero
3231 5136 3430 5208 duplici
3475 5153 3604 5193 cum
3636 5156 3706 5193 eo

2102 5206 2436 5275 matrimonii
2464 5203 2669 5259 foedere
2696 5205 2942 5275 sociatus
2969 5214 3070 5259 est.
3103 5206 3239 5259 Nam
3273 5203 3329 5261 ei
3359 5206 3701 5275 Mathildem,

2102 5274 2355 5330 Fulconis
2379 5275 2541 5328 ﬁliam
2564 5274 2850 5331 Gnillelmo
2871 5275 2981 5328 ﬁlio
3003 5291 3101 5332 suo
3124 5276 3421 5345 copulavit,
3447 5286 3506 5331 et
3528 5274 3701 5332 ﬁliam

2104 5348 2231 5400 item
2258 5345 2760 5416 suam_Mathililem
2793 5345 3043 5409 alteram,
3084 5345 3298 5401 Henrici
3332 5349 3587 5416 imperat.
3620 5350 3704 5401 vi-

2102 5418 2285 5478 duam,
2325 5414 2572 5488 Goﬁ‘rido
2606 5414 2864 5488 Fulconis
2892 5417 3003 5470 lilio
3034 5431 3258 5472 uxorem
3287 5414 3457 5482 dedit,
3488 5432 3557 5472 ex
3590 5433 3701 5488 qua

2102 5493 2401 5555 prognatus
2420 5493 2506 5555 est
2534 5484 2799 5555 llenricus
2823 5483 2887 5538 Il.

2095 5553 2119 5587 ⁵
2176 5553 2325 5624 (557)
2365 5553 2642 5624 Guillelmo
2667 5556 3046 5623 Aquitanorum
3075 5555 3218 5610 duci.
3248 5554 3352 5621 Qui
3383 5571 3571 5612 comes
3599 5557 3695 5612 Pi-

2102 5623 2396 5678 ctaviensis
2423 5623 2518 5678 lib.
2559 5624 2875 5694 t,epist.r9
2913 5634 2970 5679 et
3012 5627 3068 5679 in
3092 5626 3222 5682 suis
3267 5627 3438 5694 ipsius
3469 5628 3697 5691 litteris.

2100 5708 2237 5763 quas
2278 5696 2345 5746 ad
2386 5696 2545 5761 epist.
2588 5692 2661 5746 22
2702 5693 3066 5762 proferemus,
3104 5692 3411 5764 Aquitania:
3448 5698 3596 5763 dux,
3641 5706 3701 5753 et

2103 5764 2384 5818 Vasconize
2407 5776 2633 5835 fomes.
2676 5765 2757 5835 Att
2787 5764 3103 5835 comitatum
3136 5765 3533 5835 Pictaviensem
3552 5806 3568 5831 ,
3598 5779 3699 5835 qut

2102 5835 2360 5889 comitum
2407 5831 2824 5888 Pictavicnsium
2862 5832 3136 5913 (quorum
3180 5833 3444 5893 familiam
3497 5831 3697 5894 clausit
