3986 6462
225 398 318 458 sos
1473 385 1852 443 EPISTOLJE.
1881 418 1949 429 -
1988 388 2113 445 LIB.
2159 392 2224 447 v.
3331 401 3441 455 Μ

224 501 532 567 Hierusalem
584 491 822 574 perrexit
872 493 1041 571 (“564),
1110 494 1204 554 vos
1252 511 1359 551 non
1403 496 1657 564 vidimus,
1698 512 1766 552 ne
1795 505 1837 562 Α
1869 515 2067 570 corpus
2096 514 2150 556 et
2178 506 2416 561 animam
2459 509 2730 579 suscepit;
2772 516 2828 564 et
2871 522 2938 564 ne
2966 517 3222 579 perpetua
3268 521 3439 567 morte

228 594 471 654 miremini
502 591 775 645 humiliter
798 604 1071 659 rogamus,
1122 587 1375 658 quoniam
1424 587 1526 642 ³100
1583 588 1761 656 Ροῑίυε
1865 594 2266 662 damnaremur,
2322 598 2681 657 inaestimabili
2728 603 2997 660 charitate
3037 604 3089 656 in
3125 613 3354 657 mortem
3379 620 3442 659 se

230 687 518 745 necessitate
544 696 707 752 quam
744 680 1019 734 voluntate
1057 677 1374 733 dimisimus.
1417 677 1497 731 Ad
1526 692 1763 747 praesens
1866 684 2102 738 tradidit.
2149 685 2298 754 Ejus,
2324 689 2565 759 inquam,
2605 692 2888 757 beneﬁcia,
2917 692 2962 747 si
2995 692 3283 759 diligenter
3309 707 3438 747 con-

229 781 394 850 igitur,
439 775 545 829 Deo
591 773 819 837 volente,
867 772 934 826 ad
975 786 1072 826 vos
1116 770 1411 835 veniemus,
1439 777 1494 824 et
1518 769 1584 823 de
1604 768 1763 825 bonis
1862 770 2107 827 siderare
2155 774 2440 843 voluisses,
2473 788 2802 845 o.creatura,
2832 795 2930 850 pro
2960 794 3063 848 qua
3088 762 3283 833 auctor.
3316 782 3440 835 vita:

229 866 455 923 Ecclesia:
476 872 669 917 nostrae
690 870 879 915 vestrae
904 860 1165 916 nobilitati
1187 861 1416 915 libenter
1442 859 1759 915 serviemus.
1864 871 2110 915 mortuus
2148 872 2252 927 est,
2297 865 2630 921 adulantium
2686 868 2877 939 linguae
2912 886 3017 924 non
3052 882 3151 925 tea
3183 872 3440 930 Creatore

228 956 384 1012 Unum
410 963 580 1007 tamen
612 950 766 1005 vobis
793 950 974 1005 celare
1021 965 1119 1004 nec
1149 964 1435 1019 possumus
1466 965 1565 1004 nec
1603 951 1765 1006 debe-
1864 960 1956 1005 tuo
1989 965 2355 1023 separassent,
2422 972 2521 1012 nec
2562 959 2701 1013 unde
2746 961 2913 1014 semel
2968 977 3298 1028 recesseras,
3334 964 3437 1019 itc-

227 1061 351 1108 ntus,
396 1041 531 1113 quod
568 1048 623 1094 et
649 1040 840 1094 anima:
881 1047 1078 1094 vestrae
1125 1039 1482 1108 periculosum
1517 1053 1658 1104 esse,
1707 1047 1763 1093 ct
1866 1055 1984 1095 rum
2015 1043 2314 1099 sociassent
2353 1048 2574 1110 mundo,
2610 1046 2661 1099 in
2687 1061 2794 1116 quo
2824 1048 2954 1101 nihil
2983 1060 3178 1118 prmtcr
3204 1053 3254 1105 id
3294 1053 3439 1124 quod

230 1134 516 1189 charissim
537 1129 755 1185 domino
781 1138 837 1183 et
870 1129 1044 1183 amico
1083 1138 1289 1193 nostro,
1332 1129 1531 1184 marito
1557 1137 1759 1193 vestro,
1862 1140 1946 1187 est
1974 1131 2243 1189 funestum
2269 1137 2525 1207 reperies.
2564 1136 2889 1191 Prmsentem
2915 1153 3147 1209 namque
3175 1144 3437 1198 mundum

230 1224 552 1287 ronlral'ium.
582 1221 627 1275 Si
663 1235 760 1290 Per
809 1234 928 1284 τος,
968 1220 1110 1288 quod
1162 1219 1345 1273 abs“!
1399 1218 1597 1274 factum
1654 1227 1759 1283 εει.
1863 1225 1941 1279 εἷς
1962 1240 2087 1279 vera
2140 1227 2381 1291 miseria,
2439 1236 2496 1281 et
2544 1226 2681 1281 falsa
2735 1227 3012 1285 beatitudo
3062 1232 3353 1288 comitatur
3379 1245 3438 1288 ut

231 1331 320 1367 non
353 1310 687 1367 mediocriter
725 1308 1098 1363 formidamus.
1147 1306 1242 1362 Est
1291 1309 1470 1377 itaque
1504 1308 1558 1362 in
1594 1308 1762 1377 parti-
1863 1314 1950 1367 vix
1975 1324 2068 1369 aut
2114 1331 2387 1385 nunquam
2427 1316 2594 1370 Deum
2640 1316 2842 1370 habere
2885 1316 3082 1382 valeat,
3130 1321 3438 1390 quicunque

229 1406 313 1458 bus
340 1401 517 1458 vestris
545 1400 785 1470 quidam,
818 1397 1112 1455 Rainaldus
1161 1399 1412 1454 videlicet
1439 1398 1763 1465 Quartaldus
1864 1400 2013 1455 illum
2064 1402 2429 1471 amplectitur.
2480 1402 2630 1469 Vale,
2660 1412 2710 1457 et
2735 1418 2855 1474 quae
2875 1403 3016 1459 dicta
3047 1415 3194 1474 sunt,
3225 1409 3440 1479 sapien-

230 1494 376 1564 (565),
396 1492 480 1562 qui
513 1500 731 1548 tonsura
759 1499 816 1544 et
843 1489 1026 1545 habitu
1052 1503 1173 1545 esse
1206 1489 1422 1544 videtur
1441 1489 1760 1555 monachus,

231 1587 310 1641 sed
334 1583 395 1637 ab
424 1582 672 1652 operibus
695 1588 750 1635 et
777 1580 887 1635 vita
949 1580 1200 1635 monachi
1243 1578 1398 1633 valde
1421 1587 1503 1633 est
1533 1577 1759 1632 alienus.

231 1675 323 1728 lstc
338 1672 491 1736 enim,
530 1669 748 1739 penitus
797 1676 1101 1736 contempta
1137 1666 1473 1738 professione
1501 1681 1597 1722 sua
1619 1665 1758 1721 etB.

229 1761 472 1817 Benedicti
511 1759 737 1828 Regula,
765 1758 820 1812 in
846 1759 1019 1824 vobis,
1068 1767 1127 1813 ut
1176 1759 1316 1814 idern
1376 1757 1492 1828 ipse
1544 1757 1758 1823 asserit,

1867 1499 1950 1545 ter
1974 1492 2280 1547 considera.

1846 1615 1872 1624 -
2276 1580 2439 1652 260
2471 1578 2808 1636 EPISTOLA
2839 1580 3028 1638 xxw.

1865 1665 2136 1737 Com-idus
2191 1666 2589 1723 Vindocineusis
2640 1672 2943 1724 monasterii
2981 1672 3197 1727 humilis
3243 1690 3442 1739 servus,

1934 1758 2137 1813 dilectae
2168 1759 2221 1813 in
2251 1756 2460 1813 Christo
2484 1760 2609 1829 lilia:
2635 1759 2978 1830 Ermengardi
3020 1762 3138 1816 vita:
3158 1762 3442 1819 laudabilis

230 1853 457 1916 conlisus,
478 1859 673 1905 sancta
722 1849 1040 1905 obedientiae
1072 1857 1124 1905 et
1148 1849 1463 1905 monasterii
1492 1850 1573 1904 sui
1621 1848 1767 1902 refu-
1799 1850 1841 1905 Β
1937 1849 2237 1913 comitissw,
2271 1850 2346 1903 sic
2381 1850 2436 1902 in
2476 1849 2573 1903 hoc
2618 1849 2812 1904 sa’culo
2857 1851 3262 1907 misericorditer
3289 1871 3441 1924 agerc

229 1948 301 2016 git
320 1952 575 2015 praecepta,
605 1950 659 1996 et
704 1954 805 2012 pro
847 1940 965 2011 lege
1015 1940 1248 2011 regulari
1296 1940 1465 1996 utitur
1489 1939 1766 1994 voluntate

231 2036 446 2105 propria,
475 2034 655 2089 animze
687 2049 804 2089 sua:
842 2033 1146 2089 nullatenus
1183 2047 1381 2088 curans
1420 2033 1759 2088 detrimenta.

233 2126 373 2183 Unde
400 2142 484 2183 vos
508 2127 631 2182 sicut
654 2128 1032 2183 charissimam
1053 2136 1254 2182 sanctae
1294 2126 1548 2184 Ecclesiae
1601 2128 1765 2182 tiliam

225 2219 549 2283 obtestamur,
569 2226 618 2272 et
641 2233 744 2288 pro
765 2218 958 2273 timore
978 2217 1070 2273 Dei
1096 2226 1151 2272 et
1171 2232 1355 2273 amore
1376 2219 1557 2272 mariti
1579 2220 1764 2285 vestri,

228 2316 282 2361 ut
309 2308 411 2378 ipse
438 2308 566 2362 Deus
596 2322 728 2362 eum
759 2308 826 2362 ad
852 2323 950 2363 vos
974 2323 1161 2363 sanum
1187 2316 1243 2363 et
1267 2308 1589 2364 incolumem
1643 2323 1765 2364 cum

228 2398 354 2452 omni
381 2399 587 2452 victoria
620 2398 823 2475 reverti
855 2398 1040 2462 faciat,
1080 2397 1245 2469 259
1269 2398 1584 2470 suppliciter
1612 2414 1768 2469 roga-

229 2504 348 2551 mus,
375 2504 456 2555 ne,
484 2504 577 2560 per
592 2498 836 2546 vestram
866 2489 1138 2558 ﬁduciam,
1160 2492 1390 2545 animam
1407 2506 1557 2546 suam
1580 2494 1769 2562 perdat

229 2582 323 2647 ille,
349 2582 430 2652 qui
473 2581 584 2652 jam
639 2582 856 2653 propria
908 2581 1189 2652 iniquitate
1211 2596 1241 2635 a
1272 2581 1380 2637 Deo
1412 2583 1770 2653 cognoscitur

229 2684 491 2743 separatus.
537 2674 703 2730 Hunc
747 2673 1011 2743 siquidem
1039 2688 1162 2728 cum
1217 2675 1469 2730 omnibus
1502 2676 1601 2732 sibi
1640 2691 1770 2731 con-

230 2766 548 2823 sentientibus
574 2781 611 2821 a
646 2765 866 2821 domino
892 2779 1029 2835 papa
1056 2774 1112 2821 et
1152 2779 1181 2818 a
1212 2766 1367 2821 nobis
1398 2768 1770 2822 escouuuuni-

232 2869 387 2913 catum
438 2868 614 2915 vestra
667 2857 985 2913 excellentia
1045 2856 1408 2912 indubitanter
1466 2860 1766 2929 agnoverit,

231 2949 268 3003 si
294 2964 503 3018 unquam
541 2948 781 3004 ulterius
806 2947 958 3001 nobis
986 2955 1042 3002 et
1072 2949 1398 3003 monasterio
1443 2964 1540 3003 suo
1584 2948 1769 3003 inobs-

231 3039 362 3093 diens
384 3054 492 3095 esse
510 3039 946 3111 praesumpserit.

718 3123 1048 3180 EPISTOLA
1078 3125 1169 3180 XX
1181 3126 1262 3181 ill.

1946 1949 2000 1992 ut
2030 1939 2082 1991 in
2109 1939 2289 2008 futuro
2321 1938 2707 1993 misericordem
2731 1939 3006 1994 Dominum
3055 1942 3228 1997 uidere
3274 1943 3441 1999 valeat

1939 2038 1986 2083 et
2019 2028 2230 2083 habere.

1940 2120 2195 2176 Pervenit
2234 2120 2301 2176 ad
2330 2135 2416 2177 me
2446 2121 2513 2177 de
2539 2130 2611 2189 te,
2648 2122 2793 2193 regia
2859 2122 3057 2192 proles.
3111 2124 3252 2194 quod
3309 2126 3441 2181 mihi

1875 2229 1981 2269 non
2012 2212 2279 2283 displicet,
2308 2221 2365 2267 et
2399 2213 2600 2267 nemini
2626 2213 2788 2267 debet
2845 2213 3148 2283 displicere,
3180 2216 3303 2285 quia
3330 2215 3440 2271 Deo

1869 2310 2061 2381 placet.
2107 2308 2163 2361 In
2222 2317 2437 2364 terreno
2494 2307 2772 2379 regimine,
2821 2316 2879 2362 ut
2930 2309 3132 2375 audivi,
3182 2324 3440 2365 exercens

1862 2399 1988 2469 jura
2028 2397 2271 2471 iustitiae,
2303 2407 2353 2455 et
2388 2399 2575 2468 patria:
2619 2398 2822 2453 l'acieus
2861 2414 3072 2469 pacezn,
3108 2399 3290 2453 multis
3319 2417 3438 2470 pro-

1870 2491 2010 2557 licis,
2041 2506 2307 2561 pauperes
2336 2490 2515 2561 pascis
2553 2490 2882 2555 esurientes,
2910 2490 3217 2544 sitientibus
3269 2492 3437 2560 porri-

1868 2584 1955 2656 gis
2006 2591 2219 2654 potum,
2267 2582 2440 2636 nudos
2496 2581 2683 2646 vestis,
2734 2588 2790 2636 et
2837 2580 3169 2636 nobilitatem
3226 2583 3442 2655 generis

1870 2688 2085 2731 morum
2147 2670 2435 2726 nobilitate
2483 2683 2764 2740 superans,
2811 2667 2922 2724 Deo
2977 2671 3154 2739 potius
3212 2671 3441 2726 militare

1870 2777 2032 2833 quam
2064 2760 2412 2816 saecularibus
2438 2759 2669 2830 negotiis
2733 2759 2999 2829 implicari
3056 2761 3108 2814 vi
3134 2762 3278 2816 :‘eris.
3318 2761 3441 2818 “(DC

1870 2862 2059 2909 sancta
2102 2852 2325 2923 iustitia:
2352 2860 2407 2906 et
2436 2850 2654 2920 pietatis
2699 2865 2861 2919 opera
2909 2851 2960 2905 in
3007 2861 3057 2906 te
3095 2867 3217 2906 cum
3251 2854 3441 2923 gaudio

1873 2942 2098 2998 laudare
2121 2950 2175 2995 et
2208 2956 2425 3010 possum
2475 2948 2531 2994 et
2589 2939 2779 2995 debeo.
2822 2940 2927 2995 Sed
2958 2949 3042 2996 est
3083 2941 3247 3007 aliud,
3303 2945 3442 3013 quod

1874 3036 2015 3091 sicut
2040 3049 2136 3105 pro
2162 3044 2250 3090 tua
2293 3033 2595 3088 reverentia
2644 3046 2751 3087 non
2793 3047 3061 3102 praesumo
3107 3036 3442 3105 reprobare,

1875 3128 2179 3198 approbare
2241 3140 2346 3180 non
2390 3124 2584 3179 audeo.
2637 3122 2774 3177 Nam
2804 3122 2929 3177 dum
2957 3124 3222 3179 charitate
3251 3135 3342 3182 tua
3372 3126 3438 3182 le-

231 3215 466 3286 Coﬂridus
518 3215 924 3271 Viudocinensis
969 3218 1270 3271 monasterii
1320 3216 1529 3271 humilis
1571 3233 1769 3284 servm,
1800 3204 1842 3262 Ο
1876 3221 2060 3273 nieute
2085 3231 2223 3285 pene
2247 3216 2421 3271 omnis
2473 3223 2697 3269 mtestus
2721 3214 2787 3269 ad
2819 3224 2868 3268 te
2890 3216 3110 3271 veniens
3150 3216 3442 3289 lacryinam

282 3308 464 3361 dilecta:
495 3308 555 3361 in
590 3305 796 3361 Christo
835 3306 962 3375 [iliis
1002 3305 1344 3378 Ermengardi
1397 3306 1770 3361 Britannorum

287 3400 537 3454 romitissa:
616 3396 785 3468 (566),
836 3413 927 3451 nec
986 3400 1238 3452 mundum
1308 3400 1470 3468 sequi,
1523 3415 1614 3453 nec
1659 3400 1772 3469 ejus

284 3492 416 3559 ﬂore,
452 3491 587 3561 quia
612 3491 713 3543 cito
752 3490 1041 3556 marcescit,
1080 3489 1204 3544 velle
1221 3489 1490 3548 delectari.

285 3581 370 3635 Est
389 3582 577 3652 utique
607 3595 767 3649 quem
791 3580 966 3648 sequi,
988 3579 1140 3647 cujus
1162 3579 1565 3649 pulchritudine
1611 3579 1774 3635 debe-

227 3688 331 3727 mus
353 3673 519 3741 potius
556 3671 838 3734 delectari,
869 3669 1024 3725 Jcsus
1051 3671 1300 3725 Christus
1329 3669 1573 3723 videlicet
1595 3669 1774 3723 Domi-

229 3775 315 3815 nus
341 3772 531 3827 uoster,
564 3760 656 3831 qui
706 3761 843 3815 adeo
890 3773 988 3813 nos
1034 3758 1220 3813 dilexit
1273 3759 1416 3827 quod
1472 3774 1570 3826 pro
1619 3758 1775 3813 nobis

228 3897 464 3953 Guillelmi
513 3895 676 3951 ducis
725 3892 1051 3964 Aquitaniae.
1080 3901 1153 3964 et,
1185 3892 1401 3964 comitis
1449 3891 1771 3964 Guaseonia:

229 3967 338 4022 affui
379 3978 434 4024 et
483 3960 806 4021 assensum'
855 3963 1077 4033 praebui.
1137 3963 1247 4033 Ego
1305 3960 1496 4016 Petrus
1537 3962 1775 4033 decumis

227 4048 403 4093 sanctre
452 4037 650 4091 matris
700 4032 952 4088 Ecclesia:
986 4032 1396 4102 Burdegalensis
1416 4040 1470 4102 et
1502 4032 1775 4102 archidia—

225 4124 372 4163 conus
402 4105 747 4174 subscripsi;
775 4104 1031 4174 conlirma
1074 4100 1195 4174 hoc,
1221 4103 1379 4156 Deus.
1417 4100 1775 4174 Eblo_archi-

229 4179 474 4239 diaconus,
552 4171 824 4228 Arualdtts
900 4172 1137 4227 Simonis
1205 4181 1413 4235 cantor,
1465 4171 1673 4234 Andro,
1719 4183 1774 4226 et

228 4247 357 4302 multi
391 4247 478 4301 alii
533 4243 785 4299 canonici
833 4241 891 4296 S.
922 4243 1149 4297 Andreae
1200 4241 1578 4311 interfuerunt.
1622 4241 1775 4311 Hugo

226 4316 372 4371 l‘rater
414 4314 635 4370 comitis
681 4311 976 4377 Guillclmi,
1032 4311 1300 4366 Arnaldus
1347 4312 1411 4365 de
1442 4310 1771 4375 Blamal’ort,

227 4386 504 4441 Willelmus
571 4384 920 4453 praepositus,
993 4380 1329 4453 Gumbaldus
1402 4380 1669 4447 Austriui,
1718 4393 1775 4436 et

225 4456 358 4510 multi
380 4456 463 4508 alii
501 4452 702 4507 milites
735 4452 1000 4506 similiter.
1034 4452 1227 4506 Actum
1257 4458 1340 4505 est
1365 4458 1769 4510 et‘concessum

225 4504 357 4580 iiii;
372 4504 1378 4580 lib§6.rlncartiationisDominictevm
1426 4504 1543 4574 Kal.
1575 4504 1766 4589 Apri,

226 4605 414 4664 epacta.
448 4607 613 4652 nisi.
636 4601 1042 4664 __concurrcnte
1094 4590 1767 4664 n,_ind_ict._iv,_donii_no

224 4658 343 4736 papa
396 4666 613 4736 Urbano
635 4661 699 4726 ll,
728 4669 784 4715 et
815 4661 877 4713 υ.
935 4661 1149 4736 Δωριοῇ
1165 4658 1544 4736 liurdegalensi
1578 4660 1773 4736 _arcbi-

222 4729 476 4806 episcopo.
502 4732 646 4806 D_ata_
663 4744 759 4799 per
787 4745 1002 4806 manum
1027 4730 1088 4806 β.
1110 4729 1376 4806 Guillelmi
1408 4730 1769 4806 comi_t_is_anl_e

224 4798 475 4862 altare's.
527 4800 777 4855 Andreas.
825 4798 1047 4854 Fulconi
1091 4800 1335 4853 coabbati
1390 4813 1484 4853 vm
1542 4798 1766 4854 Kalend.

223 4875 375 4943 April.
422 4872 597 4945 prima
645 4870 922 4925 concessio
966 4870 1020 4924 in
1060 4871 1193 4923 turri
1232 4868 1594 4923 Aastellarixr
1647 4868 1767 4923 Kal.

224 4945 421 5001 Aprilis.
462 4966 482 4998 ι

447 4966 673 5073 ilaritus
696 5007 1210 5085 cester__H_ierusalem
1231 5008 1477 5085 perrexit.
1507 5008 1769 5085 Secundis

222 5084 270 5139 in
295 5079 629 5143 Palaestinam
703 5080 1083 5149 expeditionis,
1136 5093 1255 5147 qua:
1307 5079 1541 5147 priorem
1583 5080 1769 5149 paucis

223 5164 335 5221 post
376 5159 534 5213 annis
580 5161 766 5206 secuta
798 5159 882 5205 est
910 5164 1054 5204 anno
1090 5149 1218 5221 [illi
1254 5149 1505 5221 princeps
1532 5160 1585 5204 et
1609 5164 1765 5219 cory-

222 5218 395 5292 phzeus
420 5225 514 5281 fuit
532 5221 851 5292 Guillelmus
887 5234 1090 5292 comes
1109 5218 1548 5292 Pictaviettsium,
1572 5218 1769 5292 etcum

220 5287 280 5345 eo
305 5296 525 5353 comites
553 5293 669 5357 alii,
701 5291 1010 5358 Stephanus
1060 5288 1397 5359 Burgundiae,
1430 5288 1591 5359 Hugo
1612 5287 1768 5342 Viro-

224 5365 537 5429 mandensis,
584 5357 893 5430 Stephanus
952 5360 1078 5430 item
1114 5357 1771 5430 ABlesensisuet—Carno-

222 5435 402 5496 tensis,
446 5427 716 5492 Gotl‘ridus
748 5428 1174 5494 Vindoeinensis,
1231 5443 1353 5484 cum
1403 5427 1627 5496 Ilugone
1663 5427 1771 5481 fra-

223 5510 301 5556 tre
366 5503 651 5560 Raimundi
716 5500 928 5555 comitis
972 5497 1244 5553 Tolosani.
1309 5498 1536 5553 Militum
1606 5498 1770 5552 millia

223 5569 287 5644 66
304 5574 468 5644 multo
498 5575 649 5644 plura
673 5571 910 5644 peditum
934 5569 1121 5644 fuisse,
1145 5577 1334 5644 auctor
1359 5577 1443 5625 est
1474 5566 1773 5644 Willelntus

223 5637 752 5710 Ilalmesbu'rieusis,
784 5640 875 5694 lib.
904 5655 999 5710 ilV.
1046 5638 1130 5710 De
1154 5639 1317 5710 gestis
1332 5653 1529 5710 regum
1553 5637 1774 5710 _Angl_o-

226 5726 354 5765 rum.
384 5711 451 5769 De
502 5714 696 5769 iisdem
727 5709 1041 5781 Guillelmus
1090 5708 1286 5781 Tyrius
1329 5708 1425 5767 lib.
1465 5724 1495 5763 ι
1527 5708 1774 5765 Historiae

223 5781 339 5835 uelli
365 5783 519 5851 sacri,
543 5798 593 5839 c.
622 5781 761 5838 ﬁet
786 5780 869 5835 l9.

1877 3319 2069 3382 tcrgat,
2123 3319 2178 3363 et
2235 3309 2320 3362 vix
2350 3307 2581 3377 aliquem
2631 3322 2660 3358 a
2715 3316 2802 3359 tua
2859 3309 3135 3373 praesentia
3198 3310 3441 3367 recedere

1877 3402 2033 3457 liceat
2057 3402 2285 3464 tristem,
2314 3403 2533 3468 insuper
2563 3398 2726 3452 etiam
2774 3399 3063 3454 multarum
3091 3400 3441 3455 ecclesiarum

1870 3495 2064 3566 januas
2106 3492 2404 3561 saepissime
2456 3490 2664 3558 aperiat
2712 3499 2815 3545 tua:
2868 3490 3170 3546 devotionis
3222 3492 3442 3551 oblatio.

1874 3585 2071 3639 mirum
2099 3583 2256 3638 valde
2303 3596 2404 3636 nec
2442 3589 2525 3634 est
2571 3579 2656 3648 pia
2698 3579 3057 3635 admiratione
3116 3582 3442 3651 mirandum,

1874 3693 1973 3733 cur
2000 3675 2308 3740 ecclesiam,
2342 3674 2394 3728 in
2417 3688 2524 3744 qua
2544 3681 2668 3728 tuus
2712 3672 3037 3727 venerabilis
3088 3681 3244 3743 pater
3274 3673 3444 3744 (567).

1875 3770 1976 3826 sibi
2002 3768 2164 3839 elegit
2191 3765 2548 3837 sepulturam,
2595 3772 2653 3819 et
2688 3780 2809 3835 qua:
2834 3780 2931 3835 pro
2961 3765 3051 3820 illo
3075 3780 3106 3819 a
3137 3776 3185 3820 te
3216 3766 3379 3835 ampli
3404 3783 3443 3823 .s

1947 3900 2093 3968 (565)
2142 3894 2705 3968 Rainaldus__vitlelicet
2764 3894 3110 3968 Quartnldus.
3154 3897 3329 3967 Epist.
3357 3900 3445 3958 18.

1945 3965 2091 4037 (366)
2127 3966 2469 4037 Ermengardi
2525 3965 2900 4037 Britannorum
2949 3965 3250 4037 comitisste.
3297 3970 3444 4024 Filize

1875 4035 2127 4098 Fulcouis
2168 4037 2252 4096 IV.
2307 4035 2521 4090 Comitis
2584 4035 3019 4105 Andegavcnsis,
3094 4037 3351 4091 FlllCOltlS
3379 4040 3444 4105 ν,

1875 4115 2017 4181 regis
2050 4108 2243 4164 sorori.
2277 4105 2468 4181 N_upsit
2511 4104 2653 4159 enim
2699 4104 2871 4181 lat-uno
2925 4104 3193 4181 Fergeuto
3229 4104 3445 4181 Δ(911ιὶιί

1874 4172 2280 4237 Britannorum,
2303 4172 2690 4241 Conanumque
2711 4172 2775 4226 ΙΙΙ
2800 4176 3124 4242 procreavit,
3152 4175 3243 4242 qui
3275 4176 3422 4231 Coua

1874 4267 1975 4307 nus
2007 4245 2390 4310 Ermengardis
2417 4258 2446 4296 a
2475 4251 2646 4295 matre
2677 4241 3085 4310 cognominatus
3123 4241 3226 4299 est.
3249 4246 3447 4301 Kalen-

1874 4267 1975 4307 nus
2011 4261 2201 4303 Ermen
2244 4261 2390 4298 arms
2417 4261 2446 4296 a
2475 4261 2646 4295 matre
2677 4261 3085 4310 cognominatus
3123 4261 3226 4299 est.
3251 4261 3446 4301 halen-

1874 4324 2086 4375 darium
2116 4317 2175 4372 S.
2207 4261 2449 4367 glauricii
2506 4311 2912 4381 Atrdegavensis
2941 4329 2954 4365 :
2988 4311 3111 4365 Kal.
3142 4313 3292 4367 Junii
3317 4319 3446 4371 obiit

1875 4382 2538 4458 Ermengardis__comitissa
2567 4379 2889 4458 Brigantum,
2912 4393 3077 4458 mater
3097 4381 3318 4458 _anani
3340 4387 3446 4458 qdu—

1873 4462 1968 4524 ris,
1984 4469 2030 4514 et
2054 4449 2204 4513 s'oror
2226 4452 2475 4507 Fulconis
2498 4453 2630 4524 regis
2653 4449 3128 4524 Hierosolymitani.
3158 4454 3229 4508 De
3251 4456 3442 4524 eadem

1800 4549 1845 4604 ι)
1871 4521 2116 4604 conditor
2138 4526 2421 4604 Gestorum
2444 4521 3187 4604 conm-itum.Andegavensium
3223 4541 3239 4579 :
3274 4523 3446 4604 Eulro

1869 4599 2043 4670 plures
2062 4597 2209 4670 duagit
2242 4608 2453 4653 uxores,
2492 4590 2652 4670 [ilium
2688 4588 2951 4670 Eanrelot'i
2991 4592 3438 4670 dellalgentiaco,

1869 4657 1935 4725 ξω
1955 4686 2059 4739 qua
2104 4665 2246 4739 edita
2274 4659 2636 4739 e_st_t_:omitissa
2687 4657 2999 4739 Bfitamiiaj,
3026 4661 3119 4739 illa
3171 4657 3292 4739 gare
3326 4675 3441 4739 post

1870 4728 2064 4792 obiium
2116 4736 2210 4791 viri
2235 4733 2317 4786 sui
2349 4728 2677 4783 Hierusalem
2711 4728 2765 4780 iu
2800 4730 3012 4781 ecclesia
3059 4729 3118 4786 S.
3148 4728 3337 4786 A'nme'
3367 4736 3443 4787 vi.

1871 4821 1977 4863 tam
2024 4804 2300 4860 monialem
2337 4801 2587 4854 exercuit.
2652 4796 2934 4869 Mon‘alem
2988 4814 3119 4866 ergo
3171 4813 3288 4869 ροςι
3338 4805 3442 4858 viri

1873 4887 2102 4933 mortem
2160 4871 2551 4943 prol‘essa__est,
2583 4868 2677 4943 sed
2711 4868 2937 4921 consilio
2990 4868 3185 4943 evinde
3237 4880 3443 4929 mutati

1872 4950 1939 5002 ad
1989 4938 2241 5000 szrculum
2305 4938 2513 4994 resiliit.
2560 4938 2674 5003 Quo
2726 4945 2966 5005 tempore
3025 4941 3137 4995 lucc
3192 4943 3257 4994 ad
3296 4943 3442 4997 illum

1869 5018 2013 5085 scrip
2046 5016 2087 5068 it
2137 5008 2426 5085 Goﬂ'ridjts,
2461 5008 2720 5085 _suade_ns
2768 5015 2825 5085 ut
2871 5009 3153 5085 pristinum
3227 5012 3439 5085 institu-

1873 5075 1997 5140 tum.
2048 5089 2282 5153 repetat.
2322 5078 2476 5153 Quod
2532 5077 2742 5153 tauden
2790 5075 2986 5153 fet-isse
3014 5079 3241 5134 videtur.
3268 5081 3445 5137 Multis

1871 5147 2509 5225 siquidem_post__an_uis
2557 5147 2906 5225 Ermeugardi
2933 5159 2985 5225 ta
3008 5164 3187 5225 aquam
3221 5153 3327 5205 Deo
3349 5153 3442 5225 de.

1872 5215 2030 5287 vo'tre,
2071 5233 2123 5275 et
2156 5215 2342 5274 humili
2369 5218 2569 5272 Christi
2614 5215 2821 5270 ancllae
2871 5215 3087 5289 scripsit
3136 5219 3440 5275 Bernartius

1872 5294 2093 5367 epist._l
2108 5290 2192 5367 lli,
2225 5290 2344 5367 l.l7_.
2476 5356 2487 5367 .

1946 5363 2094 5432 (567)
2136 5358 2422 5432 Ecclesium
2471 5358 2525 5408 in
2584 5371 2687 5432 qua
2723 5365 2859 5432 _tuus
2916 5358 3218 5432 venerabilis
3272 5368 3422 5428 pater

1872 5424 2255 5497 Ernien'gardis
2284 5437 2514 5497 patrem,
2546 5424 2773 5494 epistola
2799 5427 3097 5497 superiore,
3137 5424 3333 5485 dictum
3358 5439 3436 5484 est

1875 5503 2043 5556 fuisse
2067 5499 2366 5568 Fulcouem
2395 5496 2460 5568 IV
2489 5498 2764 5568 comitem,
2803 5496 2891 5565 qui
2945 5498 3216 5552 Recbinus
3257 5499 3414 5568 appcl

1874 5572 2014 5626 latus
2040 5580 2142 5626 est.
2166 5569 2294 5638 Ejus
2321 5565 2500 5638 obitus
2530 5566 2669 5638 diem
2689 5579 3015 5638 annumque
3033 5637 3036 5638 ν
3053 5565 3412 5638 uota_nt_Cliro

1877 5643 2057 5696 nicum
2087 5634 2389 5706 utrumque
2423 5634 2722 5706 SLAlbani,
2754 5634 3135 5706 Kalenilarium
3160 5635 3216 5689 S.
3243 5636 3419 5706 Sergii

1875 5720 1932 5765 et
1960 5703 2339 5764 Kalendarium
2369 5705 2427 5759 S.
2455 5703 2693 5759 Mauricii
2729 5706 2811 5758 his
2837 5705 3015 5759 verbis
3042 5722 3054 5759 :
3086 5720 3215 5761 xvm
3246 5703 3415 5762 lintea

1880 5788 1976 5835 das
2015 5778 2144 5833 Maii
2178 5778 2299 5833 obiit
2336 5774 2498 5830 Falco
2534 5773 2864 5828 dulcissimus
2902 5791 3069 5830 comes
3110 5776 3417 5847 Andegavets
