3986 6460
1499 422 1821 479 GOFFRIDI
1861 423 2151 481 ABBATIS
2193 424 2718 484 VINDOCINENSIS

3651 428 3754 484 ΞΒ

542 538 717 609 dulfo,
762 538 840 592 sic
871 536 1094 591 transire
1116 551 1207 604 per
1246 535 1378 589 bona
1431 536 1741 607 temporalia
1786 548 1842 592 ut
1875 555 2057 593 consc-
2084 546 2130 606 Α
2162 541 2436 613 religionis
2460 543 2579 598 sine
2604 542 2900 600 offensione
2919 552 2975 599 et
3002 550 3125 599 uota
3149 543 3387 601 infantia:
3414 545 3615 600 mutari
3653 561 3754 602 non

541 642 741 700 quatur
776 640 995 685 (eterna.

544 732 764 788 Scimus
792 730 1047 800 quoniam
1080 728 1472 784 monasterium
1513 738 1781 793 nostrum,
1810 734 1953 801 quod
2005 733 2059 789 in

472 823 681 878 honore
706 829 761 875 et
783 820 1005 876 nomine
1045 830 1250 877 sanctae
1280 821 1567 877 Trinitatis
1599 824 1953 880 constitutum
1977 835 2064 882 est

464 910 788 984 pariter’et
849 922 1147 977 sacratum,
1192 921 1304 969 toto
1353 914 1518 970 corde
1564 913 1809 985 diligitis.
1852 916 1918 971 Et
1962 933 2064 973 nos

463 1007 641 1075 ipsam
667 1004 883 1060 beatam
900 1004 1246 1071 Trinitatem,
1276 1005 1496 1061 Patrem
1514 1017 1567 1063 et
1591 1006 1787 1062 Filium
1807 1016 1861 1063 et
1888 1007 2063 1079 Spiri-

461 1107 575 1151 tum
607 1104 878 1163 sanctum,
896 1112 995 1168 pro
1010 1097 1162 1168 cujus
1184 1113 1369 1153 amore
1392 1100 1495 1153 hoc
1510 1097 1716 1164 facitis,
1739 1108 1851 1156 toto
1865 1102 2064 1157 mentis

458 1185 664 1242 affectu
714 1186 1091 1258 imploramus,
1143 1197 1416 1258 quatenus
1473 1205 1670 1261 corpus
1718 1202 1774 1247 et
1824 1193 2061 1248 animam

455 1288 706 1335 vestram
755 1279 810 1334 in
857 1280 1108 1350 prtesenti
1144 1280 1213 1335 ab
1259 1281 1407 1336 omni
1460 1282 1849 1352 impedimento
1881 1294 2063 1340 custo-

457 1367 510 1422 di
526 1379 603 1436 at,
628 1378 683 1426 et
713 1371 766 1425 in
797 1370 980 1426 futuro
1004 1372 1169 1426 vitam
1198 1371 1353 1427 vobis
1378 1373 1626 1428 conferat
1650 1375 2063 1445 sempiternam,

469 1470 639 1531 atque
667 1462 907 1517 animam
933 1462 1108 1532 patris
1149 1465 1337 1531 vestri,
1375 1464 1442 1519 de
1489 1479 1599 1534 quo
1634 1465 1927 1536 plurimmn
1968 1482 2065 1523 vos

469 1554 766 1609 sollicitum
810 1570 932 1610 esse
980 1557 1382 1627 cognoscimus,
1416 1572 1511 1611 sua
1554 1555 1811 1613 ineffabili
1843 1558 2061 1628 pietate,

468 1655 528 1702 et
562 1646 792 1717 gloriosa
818 1645 880 1701 Β.
909 1646 1092 1703 Mariae
1121 1663 1336 1719 semper
1374 1647 1617 1720 Virginis
1650 1650 2060 1716 intercessione,

474 1738 545 1793 ab
579 1740 728 1795 omni
779 1740 997 1796 vinculo
1039 1750 1388 1813 peccatorum
1422 1753 1476 1798 et
1504 1743 1797 1799 criminum
1836 1760 2060 1800 suorum

472 1830 738 1897 absolvat,
777 1840 833 1886 et
854 1831 1027 1902 ipsum
1054 1846 1212 1887 suum
1237 1840 1293 1887 et
1319 1833 1561 1888 omnium
1586 1835 1753 1890 Deum
1782 1851 1848 1890 ac
1878 1835 2064 1890 Domi-

2165 642 2365 702 potest.
2399 634 2455 690 Si
2485 636 2609 705 quis
2629 633 2833 703 objicit,
2868 637 3010 704 quod
3032 636 3269 707 episcopi
3300 647 3357 692 et
3385 637 3616 693 abbates
3650 636 3755 694 Ro-

2166 742 2309 782 mam
2325 741 2466 796 sazpe
2485 727 2665 782 ierunt
2684 736 2836 782 veste
2858 743 2943 781 mu
2953 736 3086 794 tata,
3100 729 3416 800 scirem
3431 729 3617 790 debet.
3635 730 3756 800 quia

2166 820 2297 876 illud
2325 820 2551 891 cogebat
2576 834 2697 891 quae
2728 819 2956 875 Domino
2982 834 3130 890 papzc
3173 821 3404 876 debetur
3424 820 3753 876 obedientia.

2167 912 2271 968 Pro
2301 913 2565 983 temporis
2589 912 2917 969 necessitate
2944 929 3140 968 novum
3164 913 3310 969 dedit
3340 912 3609 968 Dominus
3626 929 3755 984 papa

2165 1004 2488 1061 obedientize
2531 1014 2889 1076 praeceptum;
2934 1005 2988 1060 in
3030 1006 3136 1060 hac
3174 1014 3353 1060 vestra
3395 1005 3755 1075 postulatione

2167 1115 2391 1165 novum,
2419 1108 2479 1154 ut
2506 1098 2581 1154 ita
2618 1099 2872 1166 dixerim,
2903 1099 3067 1154 audio
3096 1099 3411 1169 cupiditatis
3455 1107 3752 1170 peccatmn.

2167 1190 2371 1246 lterum
2412 1191 2458 1246 si
2486 1192 2667 1247 dicitis
2688 1206 2811 1246 eum
2845 1192 3086 1247 nondum
3123 1192 3320 1247 fecisse
3338 1190 3754 1262 professionem,

2168 1283 2408 1339 nondum
2445 1283 2696 1338 monachi
2745 1282 2999 1338 habuisse
3029 1282 3495 1347 benedictionem,
3528 1281 3755 1336 ﬁrmiter

2171 1377 2379 1434 credite
2403 1384 2457 1432 et
2481 1376 2751 1431 veraciter
2775 1375 3073 1444 agnoscite,
3111 1389 3211 1430 nec
3250 1375 3619 1447 professione,
3666 1390 3759 1431 nec

2169 1467 2551 1524 benedictione
2574 1466 2875 1537 perfectum
2903 1467 3230 1521 monachum
3261 1465 3759 1523 siveChristianum

2167 1573 2327 1628 posse
2353 1558 2473 1614 fieri
2518 1558 2636 1615 sine
2670 1559 2851 1614 cordis
2890 1559 3197 1614 devotione.
3244 1559 3311 1612 Et
3335 1559 3423 1613 ubi
3450 1567 3540 1614 est
3586 1559 3761 1613 cordis

2169 1649 2404 1715 devotio,
2434 1649 2506 1705 ibi
2536 1657 2726 1705 sancta
2759 1649 3070 1707 benedictio
3100 1650 3289 1706 deesse
3323 1665 3429 1704 non
3474 1658 3681 1719 potest,
3709 1659 3760 1704 et

2171 1756 2300 1795 vera
2334 1740 2619 1810 professio.
2667 1740 2836 1812 igitur
2866 1741 2911 1796 si
2954 1741 3431 1796 consuetudinaria
3471 1739 3756 1811 professio,

2172 1848 2294 1901 quae
2324 1832 2383 1887 fit
2405 1832 2719 1899 visibilitcr,
2745 1844 2801 1887 ct
2843 1831 3148 1887 benedictio
3178 1832 3349 1900 illum,
3381 1833 3523 1888 sicut
3552 1832 3757 1897 dicitis,

474 1936 601 2001 num
636 1921 819 1976 videre
847 1930 902 1976 θι
928 1922 1132 1978 habere
1158 1922 1352 1985 valeat,
1381 1923 1498 1992 rqui
1529 1932 1613 1978 ρει
1648 1924 1897 1981 remissio
1942 1921 2146 1996 ρος-’Β
2174 1937 2280 1977 non
2310 1931 2458 1976 tenet
2493 1922 2740 1993 ligatum,
2786 1923 3066 1993 proposita
3107 1924 3325 1978 devotio
3374 1923 3675 1994 religionis,
3711 1924 3758 1977 in

471 2020 741 2080 calorum,
767 2023 821 2069 et
847 2029 1069 2070 suorum
1098 2030 1311 2071 merces
1347 2024 1403 2070 et
1443 2017 1728 2073 retributio
1756 2033 2062 2074 servorum.

469 2102 727 2175 Rogastis
771 2106 1016 2174 fratrem,
1068 2108 1162 2177 qui
1213 2108 1428 2163 noviter
1474 2111 1625 2193 vc‘nit
1673 2113 1737 2166 ad
1792 2113 2063 2180 ordinem,

468 2208 621 2254 veste
650 2199 942 2270 religionis
985 2208 1193 2256 mutata
1222 2201 1426 2257 remitti
1482 2203 1800 2272 parentibus
1841 2205 1976 2271 suis,
2006 2214 2066 2261 ut

470 2288 555 2345 vel
587 2290 666 2345 sic
693 2290 951 2346 damnum
981 2304 1206 2362 possent
1250 2308 1575 2365 recuperare
1610 2306 1903 2351 terrenum.
1956 2297 2064 2353 Pro

473 2394 659 2436 amore
701 2389 880 2436 vestro
910 2382 1115 2439 remitti
1158 2384 1375 2454 quidem
1407 2393 1626 2455 potest;
1670 2388 1838 2442 vestis
1877 2399 2059 2445 autem

2177 2028 2282 2083 qua
2315 2013 2490 2067 adhuc
2515 2021 2846 2083 perseverat,
2881 2013 3081 2068 mundo
3125 2013 3357 2083 amplius
3411 2029 3517 2068 non
3564 2014 3762 2084 patitur

2173 2120 2296 2160 esse
2346 2104 2607 2171 solutum,
2657 2106 2963 2175 praesertim
3004 2121 3129 2160 cum
3165 2105 3310 2160 illam
3369 2105 3760 2176 professionem

2173 2216 2272 2257 sua
2321 2200 2603 2256 voluntate
2644 2198 2757 2270 jam
2819 2200 3057 2263 fecisset,
3112 2209 3168 2255 et
3208 2201 3542 2270 suscepisset
3603 2199 3765 2256 bene-

2170 2293 2491 2361 dictionem,
2527 2296 2570 2349 si
2602 2309 2698 2366 per
2733 2309 2832 2350 nos
2865 2296 2945 2351 eis
2977 2294 3205 2351 dilatum
3230 2310 3335 2351 non
3364 2294 3694 2351 essdtisset.

1440 2520 1761 2578 MONITUM
1811 2520 1879 2576 IN
1929 2523 2319 2582 ltPlSTOLAM
2373 2521 2815 2592 SEQUENTEM.

545 2634 846 2707 Goffridum
890 2636 1409 2707 confraternitatem
1447 2644 1503 2691 et
1532 2634 1917 2707 suffragiorum
1952 2638 2269 2693 societatem
2322 2637 2511 2692 iniisse
2558 2652 2682 2692 cum
2731 2634 3201 2707 Cluniacensibus,
3252 2641 3487 2707 testatur
3539 2634 3762 2703 epistola

476 2708 650 2777 ipsius
678 2706 906 2777 Gofl'ridi
941 2723 971 2761 a
998 2706 1209 2762 Joanne
1235 2707 1545 2761 Mabillonio
1569 2707 1686 2761 viro
1714 2705 2021 2762 clarissimo
2046 2718 2176 2763 tom.
2210 2707 2274 2762 Ill
2298 2707 2685 2762 Analectorum
2728 2706 2894 2772 edita,
2927 2720 3089 2777 quam
3122 2706 3226 2761 hoc
3267 2705 3386 2762 loco
3424 2707 3763 2775 apponinnts,

475 2776 550 2834 ne
594 2778 730 2835 illud
767 2776 1003 2836 Goffridi
1031 2778 1299 2849 scriptum
1330 2777 1604 2833 desideret
1639 2792 1778 2832 nova
1811 2778 1928 2833 haec
1961 2778 2129 2847 ipsius
2173 2777 2409 2848 Operum
2441 2778 2630 2833 editio.

1294 2894 1676 2957 GOFFRlDl
1742 2894 2132 2958 EPIS’I‘OLA
2186 2896 2297 2957 AD
2345 2892 2958 2956 CLUNIACENSES.

1523 3022 1605 3076 Ad
1656 3020 1943 3076 ineundum
1973 3019 2355 3091 suffragiorum
2400 3016 2725 3072 societatem.

566 3139 682 3210 Ego
729 3139 901 3193 frater
946 3135 1238 3204 Gof'f‘ridus,
1281 3136 1699 3195 Vindocinencis
1759 3136 2077 3195 monasterii
2105 3142 2148 3200 ο
2180 3134 2353 3191 crevit
2402 3132 2642 3205 generali
2674 3138 2950 3203 praecepto
2978 3130 3076 3198 ut',
3104 3131 3342 3202 quandiu
3373 3130 3589 3197 vixero,
3621 3132 3666 3187 si
3717 3132 3767 3186 in

477 3229 871 3302 qualiscunque
915 3231 1109 3299 abbas,
1142 3230 1367 3286 veniens
1399 3239 1524 3285 ante
1574 3229 1917 3301 przesentiam
1973 3228 2068 3284 do-

479 3323 597 3379 mui
627 3323 892 3394 llugonis,
924 3324 1221 3379 venerandi
1267 3322 1645 3378 Cluniacensis
1674 3320 1906 3387 abbatis,
1939 3320 2071 3391 petii

478 3414 550 3470 ab
582 3414 675 3468 illo
723 3413 841 3468 dari
879 3414 1013 3468 mihi
1047 3413 1368 3468 societatem
1410 3420 1464 3467 et
1508 3411 1610 3466 loci
1659 3408 2072 3466 confraternita-

476 3515 587 3563 tem
604 3506 690 3562 sui
714 3507 985 3577 toxinsque
1001 3506 1224 3577 gregisa
1242 3506 1350 3560 Deo
1364 3505 1467 3560 sibi
1482 3503 1753 3560 commissi
1771 3520 1787 3557 :
1803 3512 1881 3568 ut,
1899 3502 1988 3571 qui
2008 3502 2075 3557 dc

475 3598 698 3669 propria
720 3597 1053 3668 perfectione
1081 3598 1261 3653 minus
1286 3596 1704 3667 praesumebant,
1738 3609 1925 3651 eorum
1964 3594 2075 3649 suf-

478 3691 670 3763 fragiis
694 3702 953 3748 aeternam
978 3693 1217 3749 valerem
1262 3694 1547 3763 acquirere
1571 3693 1760 3747 vitam.
1802 3691 1956 3759 Quod
1984 3691 2076 3746 ille

479 3785 779 3842 clementer
803 3786 1127 3859 suscipiens,
1163 3794 1219 3843 et
1266 3787 1629 3843 libentissime
1658 3785 1953 3855 complens,
1980 3786 2073 3840 de-

2171 3227 2288 3298 ejus
2317 3226 2559 3282 absentia
2583 3239 2787 3281 venero
2815 3224 3155 3289 Cluniacum,
3193 3223 3432 3292 capitulo
3460 3234 3517 3278 et
3553 3238 3767 3288 mensa),

2173 3319 2379 3389 totique
2407 3316 2585 3374 ordini
2627 3316 2747 3371 vice
2788 3315 2931 3372 illius
2982 3315 3234 3386 prtcsim:
3267 3325 3325 3371 et
3350 3331 3477 3372 eum
3525 3316 3632 3371 hac
3659 3316 3773 3372 luce

2177 3410 2505 3481 migravero,
2536 3408 2610 3464 ita
2653 3422 2750 3479 per
2779 3407 2966 3463 omnia
3027 3407 3081 3461 in
3112 3407 3229 3476 ipso
3274 3407 3395 3461 loco
3437 3422 3541 3478 pro
3588 3407 3771 3477 requie

2178 3503 2374 3558 animae
2403 3515 2538 3557 mea:
2568 3509 2762 3573 agatur
2793 3500 2846 3554 in
2902 3499 3241 3555 orationibus
3282 3509 3338 3554 et
3388 3499 3770 3570 eleemosynis,

2179 3595 2322 3652 sicut
2355 3609 2454 3664 pro
2495 3608 2603 3650 uno
2633 3592 2828 3649 abbate
2858 3592 3071 3647 illorum
3102 3591 3346 3661 professo
3370 3591 3456 3645 vel
3485 3590 3767 3653 monacho,

2178 3705 2302 3746 cum
2340 3687 2646 3758 adiectione
2674 3685 2950 3741 tricenarii
2995 3684 3319 3739 missarum'
3355 3683 3606 3739 brevium
3634 3698 3758 3752 quo-

2176 3798 2282 3853 que
2304 3781 2560 3838 missione
2586 3796 2649 3836 ac
2673 3779 2871 3852 regula:
2891 3777 3265 3835 adnotatione.

1573 4086 2672 4247 GOFFRIDI

1262 4356 1559 4412 ABBATIS
1606 4351 2125 4411 VINDOCINENSIS
2163 4351 2223 4406 Β.
2259 4348 2533 4407 ΡΒΙΞΟΑΞ
2572 4348 2988 4407 CARDINALIS

1740 4532 1918 4645 ΟΡ
1937 4527 2521 4646 USCULA.

1953 4696 2291 4711 ﬂ

481 4894 843 4970 268—269
899 4907 1220 4951 ‘I‘BACTATUS
1272 4908 1340 4947 ne
1393 4904 1634 4946 conpone
1683 4906 1753 4947 s1-
1810 4907 2070 4949 SANGUINB

963 4979 1152 5021 DOIINI
1196 4977 1317 5018 JESU
1348 4976 1584 5018 CHRISTI.

478 5076 676 5131 Frater
701 5076 972 5146 Golfridus
998 5084 1263 5143 peccator,
1292 5076 1348 5146 in
1370 5074 1613 5146 prreseati
1634 5084 1861 5146 tractatu
1892 5076 2070 5131 cut/io-

552 5147 686 5203 lictts
714 5144 960 5216 scriptor,
1000 5146 1238 5216 omnibus
1280 5144 1598 5216 Christianis
1650 5145 1714 5216 de
1760 5162 1976 5214 corpore
2020 5156 2069 5200 et

551 5215 1048 5286 sanquineDomini
1088 5215 1318 5285 ﬁdeliter
1346 5215 1574 5286 credere,
1601 5223 1649 5268 et
1693 5215 1888 5286 ipsum,
1918 5215 2069 5285 cujus

550 5282 744 5357 corpus
771 5296 820 5341 et
842 5282 1147 5357 sanguinem
1168 5286 1485 5357 percipiunt,
1503 5282 1770 5339 Christum
1790 5282 2069 5339 Dominum

549 5355 721 5413 ridere
745 5355 954 5427 pariter
970 5368 1015 5411 et
1036 5355 1249 5410 habere.

548 5451 626 5507 De
653 5462 884 5519 corpore
921 5456 978 5503 et
1003 5448 1272 5517 sanguine
1300 5447 1396 5502 Dei
1419 5454 1473 5502 et
1501 5443 1717 5502 Domini
1750 5446 1918 5501 nostri
1943 5444 2071 5500 Jesu

476 5539 701 5607 Christi,
731 5540 860 5595 dum
888 5553 920 5593 a
943 5537 1195 5593 fidelibus
1221 5532 1308 5608 pie
1328 5536 1594 5606 quaeritur
1626 5537 1772 5607 quod
1802 5536 2072 5591 veraciter

478 5632 766 5689 dicendum
793 5637 878 5686 est
925 5638 981 5686 et
1023 5630 1254 5685 firmiter
1301 5629 1628 5685 credendum
1651 5669 1665 5695 ,
1689 5630 1822 5699 'ipso
1849 5628 2070 5683 Christo

479 5727 524 5780 Ι)
544 5745 589 5783 ’0
607 5734 663 5782 et
689 5722 917 5780 Domino
948 5731 1135 5778 nostro
1165 5723 1404 5778 donante
1431 5721 1667 5787 dicatur,
1689 5731 1750 5776 ut
1778 5722 1832 5776 in
1855 5720 2069 5776 illorum

482 5821 735 5876 cordibus
777 5820 1043 5877 dubitatio
1072 5817 1215 5874 nulla
1262 5815 1621 5886 relinquatur.
1659 5814 1818 5871 Prius
1848 5811 2067 5883 quidem

2103 4799 2332 4871 Dpanis
2367 4807 2422 4853 et
2450 4798 2636 4853 vinum
2685 4812 2849 4868 super
2902 4797 3078 4852 altare
3128 4803 3436 4866 ponuntur;
3490 4797 3587 4851 sed
3636 4796 3774 4851 sicut

2181 4899 2312 4946 ante
2356 4888 2829 4946 consecrationem
2879 4887 3010 4943 nihil
3057 4886 3206 4943 aliud
3252 4894 3452 4957 praeter
3497 4886 3774 4957 propriam

2174 4980 2339 5052 270
2364 4980 2522 5051 panis
2545 4989 2598 5036 et
2626 4979 2734 5034 vini
2763 4988 3015 5034 naturam
3063 4978 3281 5042 habent,
3315 4976 3389 5030 ita
3418 4984 3543 5046 post
3590 4988 3777 5030 consea

2174 5071 2478 5126 crationem
2507 5069 2709 5125 nullam
2750 5078 3029 5132 naturam,
3059 5068 3263 5123 nullam
3300 5067 3590 5123 materiam
3619 5065 3777 5135 panis

2175 5162 2261 5219 vel
2290 5164 2403 5218 vini
2432 5164 2688 5226 retinent,
2716 5162 2820 5217 nisi
2849 5170 3112 5231 quantmn
3148 5160 3213 5214 ad
3235 5172 3514 5228 saporem,
3535 5159 3774 5227 speciem

2174 5264 2231 5310 et
2248 5253 2504 5319 odorem;
2532 5255 2631 5309 hoc
2657 5263 2837 5309 tamen
2862 5262 3083 5322 propter
3098 5252 3471 5307 infirmitatem
3489 5252 3776 5306 hominum

2175 5352 2232 5400 et
2265 5342 2714 5399 imbecillitatem.
2754 5342 2892 5397 Nam
2920 5342 2966 5397 si
2992 5342 3084 5396 illa
3113 5341 3509 5414 gloriosissima
3538 5354 3688 5402 caro,
3720 5345 3779 5394 et

2176 5436 2583 5494 saeratissimus
2608 5435 2696 5490 ille
2717 5434 2940 5505 sanguis
2964 5449 3069 5489 non
3100 5434 3153 5488 in
3176 5433 3359 5504 specie
3373 5432 3537 5503 panis
3559 5441 3615 5487 et
3640 5430 3776 5496 vini,

2175 5525 2269 5581 sed
2315 5527 2371 5581 in
2424 5540 2522 5580 sua
2570 5525 2787 5595 propria
2820 5535 3014 5580 natura
3057 5522 3367 5583 hominibus
3416 5529 3772 5592 apparerent,

2175 5632 2289 5688 prae
2317 5616 2400 5671 sui
2426 5614 2820 5686 magnitudine,
2845 5615 3095 5670 homines
3118 5615 3205 5669 illa
3226 5612 3371 5670 ferre
3389 5628 3496 5668 non
3526 5620 3775 5682 possent.

2176 5707 2330 5774 Quod
2364 5707 2409 5761 si
2465 5706 2585 5761 fieri
2624 5690 2832 5776 posset,
2874 5706 2997 5760 fidei
3035 5708 3287 5761 meritum
3334 5720 3443 5761 non
3478 5705 3773 5760 haberent.

2182 5805 2290 5862 Sed
2322 5805 2365 5861 si
2405 5803 2579 5860 sancti
2632 5800 2858 5871 apostoli
2889 5799 3118 5867 Petrus,
3146 5797 3382 5855 Jacobus
3431 5780 3505 5855 et.
3529 5795 3773 5853 Joannes
