4034 6364
263 425 377 482 213

1625 409 2012 469 OPUSCULA.
2031 440 2099 449 —
2119 409 2176 464 ll.

3463 393 3569 447 ΞΗ

249 540 564 596 Dominum
597 537 648 592 in
677 543 822 592 terra
858 533 1038 589 adhuc
1064 535 1346 588 mortalem
1379 535 1434 584 et
1457 524 1865 596 corruptibilem
1898 531 1943 588 Λ
1975 526 2214 594 potentia
2270 523 2512 592 seipsnm
2545 537 2572 574 a
2609 527 2784 574 morte
2817 512 3122 574 suscitavit,
3157 509 3312 581 panis
3359 518 3414 561 et
3457 507 3569 559 vini

270 645 494 688 carnem
512 637 817 702 portantem
837 625 1280 697 transﬁguratum
1301 638 1404 677 non
1423 629 1715 692 potuerunt
1733 620 1876 691 aspi-

268 739 423 786 cere,
450 722 564 791 jam
595 719 1022 790 incorruptibilis
1051 726 1105 772 et
1140 714 1426 788 glorilicati
1451 714 1698 782 corporis
1732 712 1876 766 illius

276 826 491 888 tantam
541 814 847 870 claritatem
894 811 987 865 alii
1038 809 1289 864 homines
1335 807 1610 876 quomodo
1657 813 1879 875 possent

271 909 548 964 susdnere
565 906 588 960 ?
608 905 714 960 illis
731 903 998 974 siquidem
1019 902 1225 957 sanctis
1249 897 1525 968 discipulis
1548 913 1652 951 non
1682 907 1877 951 natura

272 997 604 1063 divinitatis,
628 1005 684 1051 ut
708 996 928 1065 quidam
955 994 1305 1058 existimant,
1328 991 1592 1047 Dominus
1615 989 1873 1052 ostendit,

271 1091 370 1146 sed
421 1089 658 1160 speciem
707 1097 896 1158 postea
953 1085 1320 1157 gloriﬁcandae
1367 1083 1553 1138 carnis
1607 1081 1873 1138 exhibuit.

272 1180 533 1237 Firmiter
565 1180 750 1249 itaque
779 1178 1094 1246 credamus,
1123 1185 1179 1232 et
1224 1175 1532 1232 nullatenus
1563 1173 1876 1229 dubitemus

271 1273 400 1343 quia
427 1271 570 1342 quod
595 1271 648 1325 in
673 1270 836 1326 altari
868 1278 990 1339 post
1018 1268 1483 1324 consecrationem
1513 1282 1540 1321 a
1569 1265 1874 1321 Christiana

273 1364 540 1436 religione
576 1363 835 1430 sumitur,
862 1361 998 1418 nihil
1031 1361 1180 1416 aliud
1227 1369 1334 1426 est,
1367 1359 1500 1414 nihil
1531 1358 1678 1413 aliud
1712 1358 1878 1413 habet

270 1467 474 1529 praeter
501 1457 645 1527 quod
677 1457 792 1526 ipsa
823 1455 1036 1511 Veritas
1062 1468 1159 1525 per
1184 1468 1243 1509 se
1269 1453 1558 1523 prolitetur
1582 1469 1594 1505 :
1623 1449 1874 1520 Accipite,

273 1549 473 1618 inquit,
522 1549 620 1603 hoc
663 1560 738 1604 est
784 1564 972 1618 corpus
1014 1563 1186 1600 meum
1235 1544 1452 1616 (Matth.
1481 1559 1634 1608 xxvr,
1661 1540 1788 1612 ‘26);
1823 1549 1878 1596 et

271 1640 344 1696 de
373 1655 480 1710 quo
513 1655 612 1694 suo
664 1653 894 1709 corpore
929 1639 1224 1703 diceretur,
1253 1651 1350 1706 per
1379 1634 1734 1704 semetipsum
1779 1648 1876 1689 ex-

273 1734 458 1801 posuit
489 1733 674 1787 dicens
707 1749 720 1786 :
754 1731 910 1797 Quod
941 1747 1036 1800 pro
1069 1730 1213 1784 vobis
1242 1729 1482 1782 tradetur
1531 1725 1738 1799 (I.Cor.
1786 1741 1873 1792 XI,

272 1823 395 1891 24).
425 1823 688 1879 Similiter
733 1831 791 1876 et
835 1821 900 1875 de
932 1819 1102 1875 calice
1135 1833 1149 1872 :
1188 1817 1291 1872 Hic
1330 1829 1404 1872 est
1436 1817 1652 1888 sanguis
1703 1833 1872 1879 meus,

1980 616 2264 670 materiam
2303 615 2356 668 in
2389 614 2470 669 sui
2497 613 2744 683 corporis
2786 617 3034 666 naturam
3065 605 3119 659 in
3150 598 3569 658 conscelatimte

1979 711 2266 768 convertit.

1979 911 2045 950 DE
2117 905 2480 947 OBDINATIONE
2537 895 2935 944 EPISCOPOBUM,
2980 895 3049 933 ET
3103 891 3168 930 DE
3216 885 3567 929 ικνεετιτυιιι

2641 967 2906 1009 ιλιεοιιυδι

1983 1075 2258 1146 Co/fridus
2312 1069 2710 1146 Vindocincnsis
2750 1064 3058 1146 monasterii
3104 1059 3320 1146 humilis
3362 1072 3568 1146 sertas.

2051 1125 2369 1200 iiiiiis'imo'
2398 1125 2650 1195 iDomino
2701 1148 2750 1192 et
2799 1132 3135 1204 pt'tgcordiali
3187 1125 3570 1204 amicohPetro

2050 1197 2508 1276 Leonispsanctaz
2559 1197 2814 1276 Romana}
2859 1202 3109 1276 Ecciesite
3149 1197 3409 1254 cardinali
3437 1239 3449 1256 .
3474 1214 3564 1276 _ca-

2049 1269 2296 1340 (Italicam
2335 1284 2494 1352 [idem
2545 1291 2661 1352 tota
2691 1273 3127 1352 cords_diligere,
3169 1280 3213 1324 et
3264 1286 3350 1323 eos
3395 1269 3484 1336 qui
3528 1271 3584 1319 et

2055 1346 2426 1410 contradicunt
2461 1353 2584 1405 totis
2616 1348 2813 1403 viribus
2851 1346 3180 1412 impugnare.

2052 1445 2259 1500 Vestrae
2307 1440 2587 1514 petitionis
2617 1446 2673 1494 et
2719 1450 2852 1491 meae
2891 1429 3267 1503 promissionis
3312 1443 3420 1482 non
3475 1428 3580 1478 im-
3627 1451 3634 1454 -

1979 1553 2205 1602 memor,
2242 1535 2286 1592 si
2323 1551 2429 1590 non
2458 1542 2519 1588 ut
2543 1530 2724 1597 debui,
2752 1529 2940 1584 saltem
2976 1533 3034 1579 ut
3063 1522 3241 1592 potui,
3273 1519 3433 1590 273
3457 1528 3575 1572 ter-

1978 1632 2088 1688 tavi
2129 1629 2338 1686 solvere
2365 1635 2420 1683 et
2449 1625 2594 1696 quod
2625 1639 2655 1676 a
2683 1621 2836 1676 vobis
2865 1616 3154 1687 quaesitum
3196 1621 3298 1694 est,
3326 1621 3385 1665 et
3425 1625 3454 1664 a
3489 1624 3571 1664 me

1977 1719 2326 1791 promissum,
2356 1717 2422 1772 de
2465 1712 2813 1770 ordinatione
2839 1707 3091 1763 videlicet
3136 1691 3397 1772 episcdpi,
3427 1709 3480 1754 et
3509 1699 3570 1752 de

1981 1812 2299 1868 investitura
2333 1808 2616 1862 laicorum.
2651 1804 2708 1858 ln
2738 1801 2930 1874 primis
2961 1797 3192 1853 ﬁrmiter
3219 1794 3443 1848 credere
3477 1804 3572 1844 nos

271 1919 365 1988 qui
404 1934 499 1985 pro
534 1917 676 1970 vobis
707 1914 1007 1982 e/fundetur
1046 1913 1098 1965 in
1133 1911 1491 1966 remissionem
1539 1885 1870 1981 peccatorum
1903 1893 1950 1954 Β
1980 1913 2212 1978 oportet,
2243 1910 2298 1958 et
2340 1900 2651 1956 nullatenus
2696 1895 2974 1956 dubitare,
3028 1899 3090 1943 ut
3120 1885 3572 1958 quemadmodum

271 2009 496 2082 (Matth.
531 2025 680 2074 xxvr,
705 2007 820 2075 28).
848 2004 904 2060 Si
933 2005 1056 2075 quis
1081 2013 1258 2058 autem
1299 2004 1460 2058 aliam
1489 2018 1709 2058 carnem
1737 2016 1874 2072 prte-

271 2109 363 2152 ter
392 2099 549 2152 istam
581 2097 837 2151 habuisse
886 2094 1172 2149 Dominum
1203 2093 1387 2148 .lesum
1425 2093 1621 2156 credit,
1656 2092 1871 2158 desipit,

271 2203 382 2242 non
420 2195 505 2241 est
531 2186 864 2251 catholicus,
897 2184 992 2240 sed
1015 2183 1320 2238 haereticus.
1359 2183 1520 2253 271
1562 2181 1674 2238 l-lac
1707 2197 1874 2237 carne

273 2277 506 2332 redemit
533 2277 806 2331 hominem
838 2275 1120 2339 Christus;
1155 2275 1255 2329 hac
1303 2274 1354 2329 in
1401 2289 1569 2329 carne
1593 2274 1870 2330 Christum

273 2369 440 2423 homo
471 2366 722 2442 peremit.
755 2365 952 2419 Anima
1009 2374 1187 2419 tamen
1220 2373 1275 2420 et
1303 2379 1431 2419 caro
1461 2363 1699 2418 hominis
1748 2371 1876 2418 sunt

275 2459 712 2528 redempta;sed
759 2457 874 2512 haec
921 2471 1054 2511 caro
1085 2455 1321 2511 hominis
1371 2455 1474 2511 fuit
1521 2456 1755 2527 pretium
1789 2469 1874 2510 re-

275 2552 623 2622 demptionis.
660 2549 786 2605 Haec
829 2559 914 2606 est
961 2548 1050 2604 illa
1100 2563 1205 2604 una
1257 2547 1559 2620 eademque
1590 2563 1715 2603 vere
1744 2561 1872 2602 vera

275 2657 425 2707 caro,
453 2656 558 2696 non
592 2641 716 2708 alia,
747 2656 890 2710 qum,
909 2649 1239 2709 cooperante
1266 2639 1471 2709 Spiritu
1500 2648 1714 2706 sancto,
1744 2653 1874 2693 con-

274 2746 458 2804 cepta,
482 2745 608 2789 nata
647 2742 730 2789 est
757 2733 823 2788 de
849 2732 1015 2787 Maria
1041 2730 1264 2803 Virgine
1305 2739 1361 2786 et
1399 2747 1556 2802 passa
1598 2730 1652 2786 in
1685 2745 1867 2796 cruce,

275 2839 442 2894 quam
485 2824 600 2894 ipse
634 2823 775 2878 Deus
807 2823 1201 2892 omnipotentis
1234 2820 1532 2876 divinitatis
1582 2819 1866 2876 suscitavit

275 2932 306 2970 a
335 2915 563 2971 mortuis
588 2915 744 2970 tertia
774 2915 881 2970 die.
906 2912 1247 2984 Quapropter
1273 2927 1432 2968 nemo
1458 2911 1710 2967 formidet
1733 2911 1870 2967 hanc

276 3023 499 3062 carnem
531 3007 734 3063 Christi
771 3006 890 3072 Dei,
922 3007 1015 3063 Dei
1051 3005 1227 3062 Patris
1277 3005 1543 3076 unigeniti
1591 3003 1741 3071 Filii,
1778 3018 1872 3058 na-

276 3099 509 3154 turalem
563 3109 618 3154 et
642 3099 941 3169 propriam,
971 3097 1438 3166 incorruptibilem
1488 3104 1543 3152 et
1597 3096 1875 3151 immorta-

275 3191 386 3245 lem
412 3191 528 3263 jam
554 3189 756 3244 factam
785 3190 989 3254 dicere,
1023 3198 1078 3244 et
1117 3189 1348 3246 dicendo
1374 3188 1598 3244 credere
1621 3229 1634 3253 ,
1668 3196 1724 3243 et
1749 3202 1872 3244 cre-

277 3283 459 3338 dendo
487 3282 762 3352 accipere,
793 3296 901 3337 non
937 3290 1144 3337 tantum
1173 3281 1226 3336 in
1259 3290 1624 3347 sacramento,
1658 3281 1802 3352 quod
1821 3289 1876 3336 et

275 3373 436 3430 multi
467 3373 592 3428 mali
627 3373 858 3439 faciunt,
892 3374 986 3430 sed
1015 3389 1185 3444 usque
1212 3374 1278 3429 ad
1325 3373 1551 3444 spiritus
1576 3374 1872 3445 participa-

278 3468 510 3522 tionem.
536 3467 593 3522 ln
640 3467 745 3522 isto
774 3475 964 3523 sancto
999 3468 1283 3538 mysterio,
1313 3466 1457 3538 quod
1485 3475 1538 3522 et
1566 3481 1878 3524 sacramen-

278 3572 426 3625 tum,
462 3561 515 3616 id
550 3569 632 3615 est
664 3575 880 3616 sacrum
908 3560 1142 3631 signum,
1181 3561 1398 3628 dicitur,
1433 3560 1560 3632 quia
1596 3561 1740 3616 aliud
1767 3572 1869 3628 est,

277 3655 331 3710 id
377 3663 460 3710 est
509 3655 711 3710 Christi
763 3665 957 3711 sancta
1006 3672 1160 3724 caro,
1211 3664 1266 3711 et
1312 3655 1480 3721 aliud,
1514 3656 1570 3711 id
1605 3664 1689 3712 est
1719 3656 1875 3725 patris

277 3749 515 3818 Species,
544 3748 792 3810 videtur.
841 3749 1012 3818 ipsam
1059 3748 1431 3803 beatissimam
1466 3756 1522 3802 et
1559 3747 1876 3802 viviticatri-

278 3854 403 3895 cem
442 3854 664 3895 carnem
695 3839 848 3894 multi
885 3839 1136 3895 homines
1164 3839 1405 3908 perversi
1436 3839 1730 3908 accipiunt,
1781 3840 1878 3895 sed

279 3931 410 4000 quia
462 3930 586 3984 mali
618 3929 759 3985 male
790 3930 1078 3995 accedunt,
1112 3929 1328 4000 pejores
1367 3945 1528 3998 quam
1581 3929 1731 3998 prius
1763 3929 1878 3984 fue-

281 4032 406 4076 rant
433 4021 697 4075 existunt.
743 4019 974 4086 Quidam
1007 4011 1134 4075 v’ero
1169 4029 1391 4074 sumunt
1438 4031 1614 4089 usque
1659 4019 1725 4072 ad
1771 4020 1880 4089 spi-

283 4111 424 4166 ritus
459 4110 967 4181 participationem,
1013 4111 1141 4180 quia
1192 4110 1283 4180 qui
1331 4125 1452 4164 cum
1502 4110 1792 4174 charitate,
1828 4109 1880 4164 id

282 4213 367 4258 est
397 4217 519 4257 cum
563 4201 658 4256 Dei
687 4210 740 4257 et
763 4200 997 4272 proximi
1037 4199 1350 4266 dilectione,
1398 4200 1726 4272 percipiunt,
1757 4216 1879 4256 cum

283 4295 501 4349 Christo
526 4295 919 4364 participantur
941 4307 1113 4363 usque
1130 4292 1198 4346 ad
1223 4293 1419 4347 anima:
1433 4292 1877 4348 viviﬁcationem.

285 4384 353 4438 Et
383 4385 524 4438 sicut
559 4399 721 4440 nemo
747 4383 869 4439 sine
897 4383 1168 4438 cbaritate
1212 4371 1420 4437 Christi
1467 4391 1880 4440 sacrosanctum

284 4491 490 4546 corpus
519 4484 575 4530 et
596 4475 919 4547 sanguinem
951 4474 1200 4544 accipere
1226 4482 1403 4544 potest
1435 4475 1564 4544 quin
1592 4477 1744 4544 pejor
1767 4476 1884 4531 exi-

283 4576 415 4632 utat,
461 4566 542 4620 sic
591 4581 750 4621 nemo
782 4581 905 4620 cum
939 4565 1208 4620 charitate
1241 4565 1371 4620 illud
1401 4564 1652 4635 accipere
1683 4574 1879 4636 potest,
1916 4599 1961 4654 ι)

284 4659 415 4728 quin
449 4658 574 4713 inde
616 4659 807 4713 melior
861 4658 971 4712 liat.
1008 4658 1172 4730 272
1220 4655 1376 4712 Unde
1424 4657 1469 4712 si
1519 4657 1642 4726 quis
1691 4657 1888 4726 quaerit

285 4750 560 4820 quomodo
590 4750 745 4820 panis
771 4764 899 4805 caro
932 4750 1153 4814 Christi,
1186 4757 1242 4804 et
1290 4748 1472 4802 vinum
1503 4747 1727 4814 sanguis
1770 4745 1885 4816 ejus

286 4843 407 4898 ﬁeri
451 4843 663 4913 possit,
718 4851 868 4898 certe
900 4841 945 4897 si
991 4855 1056 4896 ea
1107 4855 1229 4911 qum
1275 4848 1421 4905 sunt,
1465 4838 1725 4894 Dominus
1777 4853 1883 4893 non

285 4943 556 5000 creasset,
611 4943 796 4989 creata
832 4933 1063 4988 forsitan
1118 4941 1332 4988 mutare
1380 4946 1487 4986 non
1542 4939 1743 5000 posset.
1776 4928 1886 4985 Sed

286 5024 520 5080 minoris
559 5024 807 5080 miraculi
849 5039 958 5080 non
1004 5019 1106 5078 fuit
1148 5037 1216 5078 ex
1264 5021 1433 5078 nihilo
1475 5021 1658 5076 omnia
1696 5034 1886 5076 creare

286 5134 456 5188 quam
505 5120 558 5173 in
610 5118 808 5173 melius
855 5131 920 5171 ex
957 5115 1210 5171 omnibus
1255 5115 1502 5185 quaedam
1545 5121 1883 5168 convertere.

288 5208 394 5275 Qui
426 5207 550 5262 talia
585 5207 806 5276 quaeris,
848 5206 957 5261 noli
1003 5220 1212 5261 errare.
1245 5205 1302 5260 Si
1339 5206 1509 5261 Deum
1545 5204 1886 5274 omnipoten-

293 5310 403 5354 tem
431 5315 555 5355 esse
579 5300 782 5365 credis,
822 5297 1130 5352 nullatenus
1159 5312 1323 5367 super
1367 5297 1472 5353 hoc
1495 5295 1700 5366 poteris
1734 5293 1884 5349 dubi-

293 5402 452 5455 tare;
502 5389 762 5458 quoniam
810 5389 853 5444 si
907 5387 1092 5443 omnia
1131 5402 1290 5458 posse
1323 5385 1601 5442 conﬁteris
1644 5400 1802 5449 eum,
1835 5391 1891 5440 et

293 5483 442 5538 istud
468 5497 627 5551 posse
651 5495 852 5552 negare
896 5495 1003 5535 non
1032 5481 1263 5550 poteris,
1306 5495 1428 5534 cum
1456 5479 1527 5534 sit
1545 5493 1610 5532 ex
1637 5476 1889 5532 omnibus

295 5589 489 5627 unum.
524 5571 618 5626 Ille
667 5586 901 5640 namque
941 5571 1033 5640 qui
1085 5583 1304 5624 carnem
1336 5569 1390 5622 in
1424 5566 1648 5636 Virgine
1695 5573 1891 5631 matre,

295 5665 526 5719 omnino
555 5672 774 5718 servata
801 5661 1136 5732 virginitate,
1161 5658 1505 5715 inell‘abiliter
1531 5666 1588 5712 et
1628 5655 1896 5711 veraciter

297 5769 584 5812 assumere
627 5753 840 5824 potuit,
885 5753 977 5824 qui
1032 5751 1198 5805 etiam
1255 5765 1379 5805 cum
1425 5750 1497 5804 sit
1527 5745 1891 5812 immortalis,

300 5863 402 5919 pro
454 5847 611 5903 nobis
667 5853 912 5902 mortuus
967 5852 1091 5912 est,
1121 5851 1175 5898 ct
1223 5842 1309 5898 die
1356 5841 1510 5899 tertia
1552 5839 1761 5896 imoerii
1805 5838 1890 5894 sui

1978 1997 2278 2068 baptismus
2326 1991 2697 2049 Christianum
2747 1986 2898 2051 facit,
2933 1985 3004 2038 ita
3047 1979 3241 2036 cleatio
3289 1989 3344 2030 et
3379 1991 3562 2031 conse-

1977 2067 2151 2144 cratio
2184 2086 2314 2141 facit
2337 2084 2676 2154 episcopum,
2717 2086 2774 2132 et
2802 2077 2945 2132 sicut
2982 2071 3315 2143 impossibile
3343 2077 3428 2124 est
3459 2067 3571 2124 sine

1975 2181 2301 2250 baptismate
2348 2174 2719 2230 Christianum
2771 2168 2920 2230 ﬁeri,
2968 2166 3064 2233 [ita
3115 2172 3199 2218 est
3242 2159 3572 2232 impossibile

1977 2270 2288 2340 episcopum
2344 2265 2464 2320 sine
2505 2261 2770 2316 electione
2807 2266 2864 2312 et
2906 2252 3319 2310 consecratione
3369 2253 3572 2304 creari.

1975 2363 2032 2417 ln
2059 2357 2402 2416 ordinatione
2433 2352 2669 2424 episc0pi
2699 2349 2893 2405 electio
2922 2355 2976 2402 et
3005 2341 3346 2400 consecratio
3378 2341 3455 2394 sic
3490 2349 3572 2394 est

1975 2463 2207 2521 utraque
2235 2447 2569 2511 necessaria,
2597 2441 2738 2512 quod
2767 2435 3111 2495 consecratio
3140 2433 3257 2488 sine
3283 2430 3572 2494 electione,

1974 2551 2030 2598 et
2075 2519 2196 2596 sine
2226 2534 2644 2594 consecratione
2671 2530 2864 2587 electio
2886 2527 3200 2598 episcopum
3239 2522 3418 2576 facere
3459 2519 3573 2574 sola

1973 2648 2080 2687 non
2126 2628 2340 2685 sufﬁcit.
2408 2624 2544 2679 Nam
2595 2623 2736 2678 sicut
2801 2621 2854 2674 in
2927 2617 3254 2688 baptismate
3321 2626 3461 2682 aqua
3521 2621 3571 2665 et

1975 2721 2248 2779 invocatio
2305 2717 2543 2787 Spiritus
2592 2712 2765 2769 sancti
2815 2717 2941 2765 sunt
2989 2705 3315 2770 necessaria,
3347 2719 3465 2774 quae
3498 2703 3557 2756 fa-

1971 2815 2123 2870 ciunt
2145 2810 2540 2874 Christianum,
2569 2807 2643 2862 ita
2674 2806 2727 2860 in
2765 2802 3067 2862 ordinando
3093 2800 3349 2871 episcOpo
3379 2797 3574 2852 electio

1972 2914 2028 2960 et
2077 2901 2419 2959 consecratio
2484 2908 2615 2955 sunt
2665 2896 2994 2952 necessitate
3055 2893 3344 2962 conjuncta
3377 2931 3391 2954 ,
3454 2904 3574 2958 «pne

1974 3005 2161 3051 creant
2191 2993 2531 3064 episcopum.
2564 2991 2631 3045 Et
2662 2989 2805 3045 sicut
2854 3001 2992 3056 aqua
3026 2984 3163 3048 sola,
3213 2991 3304 3036 aut
3344 2981 3454 3035 sola
3489 2982 3574 3034 in-

1972 3087 2258 3143 vocatione
2305 3085 2483 3139 sancti
2525 3082 2784 3152 Spiritus,
2825 3094 2926 3134 nec
2975 3075 3276 3146 baptismus
3310 3071 3423 3128 ﬁeri
3475 3086 3572 3141 po-

1978 3187 2116 3244 test,
2145 3190 2243 3232 nec
2279 3175 2442 3230 homo
2471 3188 2594 3229 esse
2636 3170 3001 3234 Christianus,
3038 3167 3108 3220 ita
3142 3164 3255 3220 sola
3282 3161 3572 3221 electione.

1901 3241 1943 3297 C
1988 3277 2080 3324 aut
2139 3267 2255 3324 sola
2316 3263 2737 3321 consecratione
2803 3273 2964 3316 nemo
3021 3255 3264 3312 ordinari
3321 3252 3407 3308 vel
3459 3251 3572 3306 ﬁcri

1983 3357 2126 3413 valet
2182 3355 2489 3426 episcopus.
2539 3351 2792 3422 Magnum
2861 3347 3080 3418 quidem
3131 3353 3186 3399 et
3233 3343 3574 3412 bap.ismatis

1977 3460 2034 3507 et
2058 3447 2341 3506 electionis
2391 3452 2445 3500 et
2493 3440 2920 3500 consecrationis
2969 3435 3208 3507 episcopi
3247 3441 3332 3488 est
3387 3448 3573 3487 sarra-

1980 3551 2250 3606 mentum;
2285 3536 2380 3592 sed
2408 3537 2536 3590 illud
2569 3532 2826 3604 prtecepit
2849 3541 2904 3585 et
2931 3546 3028 3601 per
3063 3530 3200 3584 alios
3231 3523 3365 3580 facit
3408 3524 3570 3577 Chri-

1981 3645 2118 3704 stus,
2147 3635 2323 3689 ethoc
2352 3630 2464 3702 egit
2492 3643 2587 3698 per
2615 3626 2986 3697 semetipsum.
3014 3625 3069 3679 ln
3105 3625 3196 3680 illo
3220 3624 3572 3697 Spiritualiter

1981 3739 2198 3785 creatur
2226 3729 2414 3789 homo,
2443 3731 2498 3778 et
2526 3737 2556 3776 a
2602 3720 2822 3777 Christo
2867 3719 3212 3775 Christianus
3257 3721 3487 3783 dicitur;
3523 3719 3574 3772 in

1981 3817 2087 3872 isto
2112 3831 2239 3870 vero
2269 3814 2522 3870 dominus
2547 3819 2603 3866 et
2635 3810 2933 3881 imperator
2981 3821 3204 3866 creatur
3234 3810 3552 3866 Christiano

1981 3924 2120 3971 rum,
2146 3907 2237 3977 qui
2279 3921 2384 3960 non
2413 3905 2588 3959 solum
2636 3914 2866 3958 vocatur
2907 3903 3252 3957 Christianus
3278 3920 3306 3955 a
3335 3902 3557 3956 Christo

1981 4001 2077 4058 sed
2107 4001 2273 4055 etiam
2311 3997 2513 4054 Christi
2564 3997 2715 4052 vices
2761 4010 2920 4065 agere
2966 3997 3226 4048 creditur.
3287 3995 3580 4048 Sciendum

1982 4107 2111 4148 vero
2141 4101 2223 4146 est
2254 4089 2396 4160 quod
2443 4089 2534 4142 hic
2579 4086 2665 4140 vel
2717 4087 3026 4153 ubicunque
3055 4085 3121 4138 de
3167 4084 3436 4137 electione
3468 4086 3582 4152 epi-

1983 4185 2131 4255 scopi
2164 4182 2363 4255 agitur,
2404 4178 2729 4234 canonicam
2778 4190 3008 4230 necesse
3035 4183 3118 4229 est
3150 4173 3490 4243 electionem,
3529 4186 3584 4231 ot

1984 4273 2150 4346 275I
2179 4269 2546 4342 evangelicam
2585 4265 2837 4336 intelligi,
2869 4273 2928 4320 ut
2953 4265 3043 4334 qui
3082 4265 3216 4319 bene
3241 4263 3442 4320 electus
3475 4276 3580 4331 est,

1983 4377 2037 4420 et
2067 4364 2212 4435 juste
2240 4367 2614 4418 consecretur.
2649 4356 2906 4428 Alioquin
2939 4354 3000 4410 lit
3022 4357 3272 4426 quaedam
3318 4370 3481 4424 prava
3510 4355 3584 4409 si-

1985 4457 2210 4514 mulatio
2261 4455 2314 4509 in
2368 4451 2626 4514 Ecclesia,
2659 4459 2714 4506 et
2754 4448 3148 4505 ecclesiasticae
3202 4446 3479 4517 dignitatis
3521 4447 3586 4501 il-

1989 4549 2125 4602 lusio
2157 4561 2264 4603 non
2296 4559 2486 4616 parva.
2519 4541 2654 4596 Nam
2679 4541 2991 4611 quicunque
3026 4538 3288 4594 canonice
3338 4551 3444 4591 non
3475 4537 3586 4592 ele-

1989 4649 2109 4694 ctus
2155 4636 2311 4707 quasi
2364 4633 2660 4702 sacrandus
2701 4631 2934 4694 accedit,
2985 4637 3302 4685 exsecratus
3353 4628 3582 4691 recedit,

1988 4740 2042 4786 ct
2077 4730 2212 4786 falso
2239 4727 2552 4783 nominatur
2581 4723 2890 4794 episcopus,
2921 4721 3014 4792 qui
3043 4721 3326 4776 annullare
3356 4729 3586 4774 conatur

1988 4823 2271 4878 electionis
2291 4829 2344 4876 ct
2378 4820 2812 4875 consecrationis
2849 4816 3118 4878 ordinem,
3146 4828 3306 4883 quem
3337 4813 3588 4868 Christus

1989 4930 2084 4985 per
2114 4913 2464 4982 semetipsum
2496 4909 2704 4980 primus
2736 4907 2991 4964 instituit.
3044 4905 3161 4976 Ipse
3206 4906 3350 4962 enim
3383 4906 3590 4976 primus

1990 5017 2044 5063 et
2075 5006 2235 5076 elegit
2284 5003 2582 5075 apostolos,
2627 5011 2680 5056 et
2714 4998 3095 5070 consecravit;
3137 5015 3276 5071 quos
3303 4999 3407 5054 nisi
3438 4999 3590 5069 prius

1996 5102 2198 5156 electos
2218 5113 2549 5156 consecrare
2589 5112 2696 5150 non
2727 5096 2916 5152 voluit.
2966 5094 3080 5150 lloc
3113 5103 3362 5150 sanctum
3401 5105 3590 5145 saera-

1997 5200 2262 5257 mentum,
2323 5189 2646 5246 electionem
2705 5187 2960 5243 videlicet
3012 5196 3066 5242 ct
3121 5183 3588 5240 consecrationem

1996 5282 2361 5354 apostolorum
2388 5323 2405 5348 ,
2439 5281 2693 5336 Christus
2742 5281 2944 5350 primus
3000 5278 3234 5348 primum
3295 5273 3449 5334 fecit,
3493 5287 3588 5341 per

1997 5375 2140 5444 quod
2165 5382 2360 5427 caztera
2405 5373 2600 5427 ﬁerent
2627 5380 2990 5426 sacramenta.
3029 5367 3218 5422 Nullus
3249 5372 3429 5419 autem
3460 5377 3591 5433 apo-

1996 5465 2258 5521 stolorum
2280 5463 2638 5533 apostolatutn
2661 5463 2919 5517 audacter
2944 5456 3375 5528 appetiit,nullus
3399 5469 3587 5508 eorum

1995 5573 2056 5614 se
2089 5559 2428 5626 impudenter
2458 5556 2657 5612 obtulit
2683 5554 3015 5625 eligendum.
3047 5551 3182 5604 Tota
3231 5550 3413 5616 itaque
3440 5547 3590 5601 ordi~

1945 5661 1950 5664 '
1999 5650 2149 5706 natio
2173 5647 2410 5718 episcopi
2440 5663 2546 5702 non
2595 5648 2650 5701 in
2682 5660 2805 5710 sua,
2837 5644 2930 5698 sed
2960 5643 3012 5696 in
3059 5641 3290 5694 aliorum
3323 5637 3591 5693 electione

1999 5738 2250 5797 consistit
2277 5745 2333 5792 et
2365 5736 2797 5800 consecratione,
2850 5732 2895 5786 si
2945 5739 3128 5785 tamen
3187 5729 3334 5784 illam
3389 5727 3589 5784 electio

2000 5843 2142 5890 recta
2170 5812 2529 5900 praecesserit.
2561 5827 2683 5883 llaec
2707 5834 2886 5880 autem
2911 5821 3062 5894 prius
3091 5836 3188 5893 per
3218 5818 3588 5890 semetipsum,
