3986 6452
472 388 586 445 935

1507 386 1827 443 GOFFl‘tlDI
1864 384 2157 441 ABBATIS
2200 385 2717 445 VlNDOClNENSIS

3658 394 3763 457 ω

478 520 539 563 ut
578 508 782 564 dictum
814 516 919 573 est,
944 506 1197 563 Christus
1240 503 1403 570 fecit;
1454 504 1650 561 deinde
1698 519 1827 561 vero
1877 502 2067 559 vicarii
2098 508 2145 564 Α
2171 501 2343 574 gzmda
2368 500 2638 570 solvendi,
2665 500 2747 556 ναι
2778 516 2898 573 qua:
2936 513 3093 560 erant
3118 504 3376 561 solvenda
3405 505 3609 578 ligauit
3635 522 3762 567 con-

476 601 615 673 ejul.
653 600 719 656 Et
742 601 795 655 iu
837 599 1096 670 apostolis
1152 596 1368 667 quidem
1400 611 1430 650 a
1457 594 1674 651 Christo
1721 595 1867 651 facta
1916 604 2064 660 sunt,

478 692 733 763 quoniam
777 691 843 744 ab
874 690 991 758 ipso
1011 698 1068 743 et
1088 688 1246 743 electi
1286 697 1342 743 et
1382 688 1689 743 consecrati
1737 686 1975 742 fuerunt.
2008 686 2066 740 ln

477 780 599 834 aliis
644 794 772 833 vero
805 779 1059 833 omnibus
1088 793 1115 832 a
1150 777 1311 832 nullis
1356 777 1477 833 aliis
1526 776 1640 832 fieri
1698 778 1846 842 licet,
1894 777 1999 831 nisi
2036 791 2068 831 a

476 870 697 925 vicariis
750 868 974 924 Christi.
1015 867 1357 923 Suntautent
1397 869 1585 923 vicarii
1634 870 1833 924 Christi
1879 869 2063 927 clerici

475 960 529 1015 in
561 959 842 1020 electione,
887 959 1127 1030 episcopi
1162 960 1217 1013 in
1243 961 1682 1015 consecratione.
1722 960 1917 1017 Caneri
1949 979 2066 1017 om-

473 1064 572 1105 nes
597 1059 780 1119 petere
811 1052 1028 1120 quidem
1054 1051 1365 1121 episcopum
1396 1059 1650 1119 possunt;
1704 1051 1905 1122 eligere
1934 1069 2066 1110 vero

470 1141 556 1194 vel
588 1155 915 1195 consecrare
962 1158 1069 1197 non
1109 1151 1359 1211 possunt.
1394 1142 1715 1211 Quicunque
1763 1144 1929 1214 igitur
1959 1145 2067 1200 alio

473 1233 657 1299 modo,
690 1232 843 1301 quasi
876 1234 976 1287 sub
1029 1235 1248 1288 nomine
1300 1234 1599 1305 pontificis,
1635 1235 1932 1291 Ecclesium
1982 1238 2064 1293 vel

470 1334 796 1395 potestatem
839 1326 1265 1381 ceclcsiasticam
1311 1326 1414 1380 sibi
1457 1327 1734 1382 vindicare
1765 1329 2063 1399 przcsumit,

472 1416 564 1471 hic
598 1416 712 1486 jam
761 1432 867 1470 non
917 1433 1015 1486 per
1054 1418 1247 1471 ostium
1279 1416 1442 1492 275
1493 1417 1678 1483 intrat,
1717 1419 1812 1473 sed
1852 1418 2066 1475 aliunde

472 1507 746 1571 ascendit,
774 1515 834 1561 ut
862 1508 1059 1561 merito
1087 1522 1192 1561 non
1223 1506 1363 1562 inter
1386 1508 1668 1577 episcopos
1700 1519 2063 1579 computetur,

473 1600 570 1653 sed
602 1600 745 1653 inter
776 1598 923 1655 fures
951 1608 1008 1654 et
1045 1599 1284 1654 latrones
1324 1610 1742 1655 connunteretur
1764 1600 1947 1670 (Imm.
1994 1621 2025 1657 x
2044 1642 2061 1670 ,

474 1690 549 1760 1).
567 1691 671 1745 lste
692 1690 812 1745 aliis
839 1690 1271 1746 benedictionem
1309 1708 1415 1746 non
1440 1692 1687 1761 porrigit,
1713 1692 1805 1748 sed
1831 1704 2061 1763 pestem,

470 1789 525 1834 et
559 1781 751 1835 vulnus
794 1782 973 1851 potius
1013 1782 1213 1837 inferre
1240 1782 1451 1837 videtur
1488 1799 1649 1853 quam
1686 1784 1938 1851 salutem,
1970 1785 2060 1856 qui

2171 611 2325 650 cessa
2353 595 2604 650 facultas.
2636 595 2830 652 Petrus
2852 596 3016 652 etiam
3049 600 3092 653 si
3121 597 3414 669 aliquando
3447 599 3610 653 aliter
3632 598 3762 668 egit,

2170 686 2368 742 Paulus
2419 687 2547 743 licet
2587 688 2639 742 in
2674 689 3090 744 conversatione
3134 691 3372 746 novitius
3407 691 3457 746 ei
3482 692 3535 745 in
3569 689 3761 749 faciem

2169 780 2424 835 resistere
2468 780 2690 834 minime
2735 780 2916 835 timuit
2962 779 3106 853 (Gal.
3144 798 3206 844 ιι.
3249 783 3361 854 Η).
3392 782 3590 839 Petrus
3636 799 3765 843 vero

2167 873 2249 928 sui
2314 873 2553 943 jnuioris
2618 873 3053 942 increpationent
3111 873 3342 929 libenter
3412 874 3762 944 suscipiens,

2167 965 2309 1036 quod
2343 965 2460 1035 plus
2479 965 2627 1035 justo
2656 963 2881 1029 fecerat,
2906 964 3191 1034 diligenter
3219 964 3765 1022 correxit.Pra:terca

2167 1055 2311 1109 nulla
2356 1055 2565 1109 ratione
2618 1054 2732 1109 fieri
2781 1054 2906 1109 licet
2962 1056 3103 1124 quod
3142 1055 3393 1110 Christus
3447 1071 3551 1111 suo
3595 1072 3765 1111 exeat.

2165 1146 2254 1217 plo
2298 1146 2570 1201 dedecuit.
2612 1145 2730 1216 Ipse
2777 1145 2923 1200 enim
2972 1145 3143 1216 legem
3192 1147 3408 1201 solvere
3449 1163 3559 1201 non
3602 1147 3765 1214 venit,

2165 1237 2259 1291 scd
2295 1237 2587 1306 adimplere
2616 1236 2832 1306 (Matth.
2883 1253 2936 1301 v,
2972 1237 3079 1307 l7).
3107 1237 3270 1309 277
3302 1236 3553 1292 Romana
3589 1238 3766 1307 itaqu-3

2165 1329 2404 1386 Ecclesia
2436 1330 2743 1384 divinarum
2768 1328 3180 1400 Scripturarutn
3218 1328 3390 1400 legem
3421 1330 3641 1384 solvere
3665 1345 3766 1386 non

2165 1421 2349 1488 debet,
2375 1421 2469 1476 sed
2515 1436 2881 1487 conservare;
2913 1430 2969 1475 et
3000 1421 3199 1476 tradita
3230 1422 3332 1476 sibi
3366 1440 3394 1474 a
3426 1422 3648 1476 Christo
3675 1438 3765 1492 po-

2169 1520 2383 1577 testate,
2418 1528 2523 1567 non
2569 1514 2636 1568 ad
2665 1530 2817 1568 suam
2845 1512 3177 1567 voluntatem
3206 1514 3305 1577 uti,
3345 1514 3440 1568 sed
3469 1514 3763 1568 secundum

2148 1603 2365 1679 .Christi
2399 1603 2767 1658 traditionem.
2794 1602 2851 1657 Si
2888 1603 3051 1658 etiam
3079 1620 3107 1655 a
3140 1619 3237 1657 suo
3261 1601 3483 1671 jnuiurc
3524 1603 3764 1659 Romano

2164 1692 2405 1761 pontifici
2438 1692 2770 1763 suggeritur,
2804 1703 2863 1746 ut
2887 1691 2929 1745 si
2960 1690 3251 1760 aliquando
3275 1691 3395 1760 plus
3429 1690 3582 1760 justo
3628 1690 3765 1746 τερε-

2166 1784 2258 1851 rit,
2284 1784 2430 1855 jnste
2472 1784 2732 1855 corrigat,
2758 1794 3013 1855 tanquam
3041 1783 3231 1838 l‘ctrus
3261 1783 3413 1836 Pauli
3441 1784 3763 1839 admonitio-

474 1880 626 1925 tanta
684 1874 1106 1944 prmsumptione
1157 1873 1251 1929 Dei
1304 1875 1739 1933 maledictioncm
1798 1890 2058 1933 meretur.
2097 1866 2138 1925 Β
2173 1892 2294 1930 nem
2326 1877 2582 1945 suscepit,
2621 1886 2675 1930 et
2725 1876 2835 1946 ipse
2873 1876 3152 1945 suscipiet,
3200 1876 3243 1930 si
3288 1875 3509 1929 Petrum
3569 1876 3763 1932 imitari

471 1963 608 2018 Nam
656 1967 941 2035 cpiscopus
978 1968 1096 2023 sine
1152 1970 1421 2023 canonica
1471 1970 1738 2026 electione
1793 1981 1876 2027 est
1912 1974 2065 2042 quasi

472 2056 639 2110 arbor
665 2058 782 2112 sine
828 2058 1033 2113 radice.
1074 2059 1255 2114 Arbor
1301 2070 1484 2114 autem
1522 2078 1642 2131 qua:
1690 2065 1926 2119 radicem
1960 2081 2066 2120 non

470 2148 658 2212 habet,
699 2151 863 2204 etiam
902 2151 947 2204 si
980 2150 1105 2206 folia
1135 2154 1352 2220 habeat,
1383 2153 1620 2209 fructum
1663 2155 1807 2210 ferre
1838 2156 2067 2211 nullate-

471 2253 576 2292 nus
611 2240 774 2296 valet.
804 2240 884 2295 Ad
916 2240 1221 2310 huiusmodi
1256 2245 1508 2299 arborem
1552 2245 1802 2300 Christus
1847 2246 2064 2315 quidem

471 2331 725 2395 accessit,
755 2341 811 2386 et
849 2348 972 2387 cum
1027 2334 1098 2388 ibi
1157 2334 1391 2390 fructum
1444 2352 1549 2390 non
1595 2338 1909 2402 invenisset,
1945 2355 2064 2394 eam

472 2421 754 2476 maledixit
811 2423 1005 2493 (Marc.
1057 2442 1142 2489 xi,
1192 2427 1279 2493 15,
1332 2428 1442 2496 Η).
1480 2429 1568 2483 Ille
1623 2430 1915 2484 ntaxiuzea
1955 2430 2066 2487 Deo

409 2528 413 2533 ‘
472 2514 840 2579 maledicitur,
871 2516 961 2585 qui
988 2520 1349 2575 sacramentis
1375 2519 1632 2575 Ecclesia:
1667 2522 1822 2591 quasi
1866 2523 2065 2578 sociari

471 2620 573 2663 sua
618 2608 914 2678 cupiditate
962 2608 1262 2675 desiderat,
1314 2627 1419 2667 nou
1449 2612 1649 2667 Christi
1686 2614 1973 2669 charitate.
2002 2615 2070 2669 Et

472 2698 654 2752 omnis
701 2699 791 2768 qui
845 2701 1203 2756 sacramentis
1264 2701 1520 2757 Ecclesia:
1570 2704 1837 2758 cannentu
1887 2705 2068 2760 chari-

475 2789 606 2843 tatis
650 2804 756 2844 non
800 2789 1068 2861 jungitur,
1116 2790 1367 2861 injuriam
1417 2794 1634 2865 quidem
1677 2795 1934 2851 Ecclesiae
1981 2797 2061 2851 fa-

473 2879 570 2940 cit,
613 2881 707 2934 sed
764 2881 920 2951 quasi
974 2882 1153 2951 paries
1204 2882 1384 2936 luteus
1424 2883 1754 2953 dissipatur,
1803 2886 1895 2954 qui
1941 2886 2069 2943 licet

476 2970 715 3025 dealbari
746 2973 917 3040 possit
945 2972 1011 3025 ad
1054 2981 1287 3042 tempus,
1334 2973 1450 3044 ejus
1484 2975 1659 3028 subita
1692 2975 2065 3044 dissolutione,

473 3067 569 3138 qui
610 3077 736 3121 ante
766 3067 1114 3123 confidebant
1144 3070 1197 3124 in
1234 3085 1320 3135 eo,
1350 3079 1696 3140 premuntur.
1747 3071 1862 3127 liae
1901 3072 2067 3144 igitur

472 3160 831 3216 similitudine
870 3172 1020 3217 recte
1070 3162 1345 3233 colligitur
1395 3162 1538 3233 quod
1576 3163 1664 3232 qui
1703 3164 1771 3218 ad
1809 3164 2063 3235 injuriam

472 3265 679 3310 sancta:
711 3254 963 3310 Ecclesiae
987 3255 1422 3311 ecclesiasticum
1449 3257 1718 3322 ordinem,
1746 3265 1801 3312 et
1832 3258 2065 3313 maxime

472 3348 849 3417 pontificatum
913 3350 1255 3418 assequitur,
1312 3364 1467 3404 suam
1525 3349 1954 3406 destructionem
2010 3351 2063 3405 in

480 3440 696 3508 primis,
737 3440 929 3495 deinde
979 3441 1157 3510 populi
1207 3451 1437 3496 mortem
1486 3452 1762 3510 Operatur.
1813 3441 1880 3496 Et
1938 3450 2067 3498 tunc

481 3532 726 3587 Ecclesia
770 3531 1023 3599 injuriam
1054 3533 1259 3601 pariter
1304 3531 1537 3587 sustinet
1574 3542 1624 3586 et
1659 3532 2063 3598 verecundiam,

477 3624 699 3692 quando
726 3625 777 3678 in
810 3625 1062 3694 eligendo
1084 3622 1337 3693 pontifice
1368 3622 1634 3678 canonica
1678 3625 1820 3693 perit
1849 3623 2063 3689 electio,

474 3722 533 3767 et
562 3714 704 3783 quod
737 3715 859 3768 vitae
908 3714 1138 3777 meritis,
1178 3723 1233 3769 et
1268 3713 1550 3783 sapientia!
1586 3715 1869 3780 doctrinm,
1903 3724 2063 3784 atque

478 3804 654 3860 sacris
672 3804 950 3860 ordinibus
972 3806 1219 3869 debetur,
1248 3806 1353 3860 illis
1375 3805 1529 3875 quasi
1556 3806 1850 3876 imponitur
1868 3808 2065 3876 quibus

477 3908 581 3949 nec
600 3893 756 3949 bona:
778 3896 900 3949 vitae
923 3895 1113 3950 merita
1133 3936 1150 3962 ,
1175 3910 1274 3951 nec
1297 3895 1575 3964 sapientia:
1599 3896 1871 3962 doctrina,
1899 3896 2065 3967 276

472 4002 575 4042 nec
607 3987 748 4042 sacri
794 3988 1017 4043 ordines
1062 3986 1446 4059 suffragantur.
1481 3987 1572 4043 Isti
1624 3997 1921 4055 terrenum,
1955 3990 2064 4044 imo

473 4077 793 4148 paludosqu
827 4079 1028 4134 habent
1078 4077 1513 4145 fundamentum,
1547 4090 1603 4135 et
1634 4080 1756 4135 ideo
1801 4090 2063 4138 corruunt

472 4170 566 4241 qui
607 4168 696 4224 tali
732 4170 1086 4226 fundamento
1137 4170 1499 4226 aedificantur.
1549 4171 1624 4225 De
1671 4171 1870 4227 talibus
1915 4175 2061 4227 enim

471 4260 671 4315 dicitur
692 4261 743 4313 in
766 4259 981 4314 Psalnto
1019 4275 1033 4314 :
1070 4257 1348 4326 l’rojecisti
1390 4276 1502 4327 eos,
1545 4260 1673 4314 dum
1706 4260 2065 4316 alienarentur

473 4349 646 4420 (Psal.
690 4364 859 4416 usit,
903 4349 1011 4420 l8).
1049 4348 1286 4405 Gravius
1332 4350 1466 4405 nihil
1496 4360 1551 4404 et
1589 4350 1730 4420 apud
1783 4350 2061 4407 Christum

471 4441 732 4498 Ecclesia:
784 4442 1003 4511 injuria,
1058 4441 1213 4511 cujus
1263 4450 1608 4495 sacramenta
1664 4443 1754 4511 qui
1810 4457 2062 4513 perverse

472 4533 798 4602 suscipiunt,
831 4547 952 4586 cum
981 4530 1204 4585 Christo
1229 4545 1372 4596 esse,
1397 4530 1484 4585 vel
1511 4530 1768 4600 prodesse
1795 4548 1901 4588 non
1935 4550 2065 4604 pos-

471 4630 616 4676 sunt.
658 4619 791 4674 Cum
847 4618 1068 4675 Christo
1119 4618 1322 4673 etenim
1371 4618 1532 4673 simul
1585 4633 1732 4686 esse,
1774 4628 1829 4676 et
1870 4634 2060 4679 contra

471 4711 750 4767 Christum
784 4709 964 4765 facere
986 4724 1148 4765 nemo
1191 4718 1392 4779 potest,
1436 4726 1558 4764 cum
1587 4712 1703 4779 ipse
1742 4713 1924 4769 dicat:
1959 4717 2064 4782 Qui

472 4826 577 4863 non
614 4819 687 4865 est
729 4825 955 4870 mecum,
978 4818 1159 4864 contra
1186 4825 1265 4864 me
1294 4819 1369 4865 est
1395 4808 1545 4880 (Luc.
1578 4825 1631 4864 xl
1654 4850 1667 4873 ,
1692 4809 1808 4881 23).
1840 4808 1940 4875 Qui
1969 4824 2064 4862 att-

475 4910 583 4954 tem
640 4916 763 4955 cum
808 4899 1029 4954 Christo
1071 4916 1178 4956 non
1222 4910 1330 4966 est,
1363 4915 1462 4956 nec
1508 4901 1609 4957 sibi
1652 4902 1932 4972 prodesse,
1964 4917 2063 4958 nec

475 4990 597 5044 aliis
635 4999 843 5060 potest;
887 5005 1011 5044 cum
1068 4992 1182 5060 ipse
1231 4991 1425 5046 iterum
1478 5002 1687 5047 asserat
1739 5012 1752 5046 :
1811 4992 1913 5058 Qui
1958 5009 2059 5046 non

472 5081 672 5151 colligit
701 5097 922 5147 merum,
951 5082 1203 5152 dispergit
1237 5082 1412 5153 (ibid.)
1431 5122 1447 5147 ,
1472 5091 1527 5137 et
1554 5082 1681 5136 alibi
1709 5082 1839 5138 dicit
1874 5097 1887 5137 :
1931 5082 2059 5138 Sine

473 5190 556 5227 me
591 5171 723 5225 nihil
761 5173 975 5241 potestis
1022 5175 1196 5242 facere
1231 5173 1413 5245 (Joan.
1445 5188 1533 5237 xv,
1560 5173 1637 5244 5).
1672 5173 1810 5229 Sunt
1838 5172 2058 5243 quidam

473 5265 565 5334 qui
596 5264 856 5319 Romanae
877 5263 1133 5319 Ecclesiae
1164 5266 1346 5319 omnia
1389 5264 1557 5320 licere
1580 5274 1797 5337 putant,
1820 5273 1876 5319 et
1905 5266 2060 5334 quasi

473 5358 708 5430 quadam
750 5358 1156 5429 dispensatione
1187 5359 1347 5413 aliter
1376 5374 1537 5429 quam
1565 5359 1744 5414 divina
1776 5358 2059 5428 Scriptura

472 5450 718 5521 prtecipit
766 5464 887 5506 eam
929 5450 1112 5507 facere
1166 5466 1347 5522 posse.
1398 5452 1718 5521 Quicunque
1759 5451 1938 5519 itaque
1982 5449 2060 5527 sic

473 5544 637 5614 sapit,
674 5546 902 5615 desipit;
952 5561 1077 5600 nam
1122 5545 1379 5602 Romana:
1405 5546 1659 5601 Ecclesia:
1685 5552 1809 5613 post
1836 5542 2059 5598 Petrum

473 5636 701 5692 minime
747 5636 896 5701 licet,
926 5636 1070 5707 quod
1100 5636 1264 5691 Petro
1292 5652 1398 5691 non
1452 5635 1624 5689 licuit.
1654 5635 1818 5689 Petro
1845 5649 1968 5703 qua:
1998 5634 2063 5687 li-

476 5730 647 5800 ganda
692 5739 849 5784 erant
878 5728 1103 5798 ligandi,
1132 5738 1186 5784 et
1214 5743 1334 5798 qute
1363 5726 1620 5783 solvenda
1654 5725 1894 5780 solvendi
1923 5734 2005 5778 est
2030 5739 2061 5780 a

476 5819 693 5876 Christo
727 5822 849 5875 datu
883 5828 1126 5891 potestas
1154 5817 1369 5872 (Matth.
1399 5831 1509 5876 ιγι.
1556 5816 1679 5887 l9);
1713 5831 1816 5871 non
1850 5832 1970 5888 qua:
1997 5815 2062 5870 li-

2094 3232 2137 3292 ε

2171 1969 2462 2025 desiderat.
2509 1969 2586 2022 De
2638 1968 2956 2023 investitura
2990 1978 3169 2022 autem
3225 1968 3490 2021 laicnruxn
3553 1968 3597 2021 si
3650 1968 3764 2035 quis

2169 2073 2496 2128 cognoscere
2545 2057 2775 2112 voluerit
2835 2058 2963 2127 quid
3014 2058 3282 2112 catholica
3329 2067 3385 2111 et
3463 2056 3762 2126 apostolica

2170 2149 2411 2204 Ecclesia
2456 2150 2714 2211 senserit.
2746 2149 2874 2219 quid
2924 2150 3190 2214 docuerit,
3238 2149 3366 2219 quid
3398 2147 3764 2217 iudicaverit,

2169 2241 2297 2311 quid
2322 2240 2685 2301 constituerit,
2706 2240 2911 2311 legatio
2937 2240 3111 2310 prituo
3130 2239 3365 2307 capitulo
3388 2239 3533 2294 illius
3557 2237 3764 2294 concilii

2169 2333 2313 2404 quod
2350 2341 2591 2402 tempore
2627 2332 2877 2403 Gregorii
2910 2333 3124 2403 septimi
3154 2348 3303 2402 papa:
3332 2332 3535 2387 factum
3582 2343 3686 2397 est,
3714 2341 3767 2389 et

2168 2426 2241 2481 ibi
2289 2441 2478 2481 omnes
2511 2424 2760 2491 clericos,
2793 2426 2884 2495 qtti
2917 2426 2982 2480 de
3014 2442 3173 2479 manu
3217 2425 3336 2479 laici
3389 2425 3765 2480 investituram

2170 2518 2494 2588 suscipiunt,
2551 2518 2838 2572 hmreticos
2895 2526 3141 2582 vocatos,
3202 2526 3256 2571 ct
3310 2518 3431 2571 ideo
3484 2518 3768 2571 damnatos

2170 2627 2290 2668 esse
2311 2620 2365 2666 et
2385 2610 2881 2665 excomtuunicatos
2908 2610 3191 2664 invenerit.
3235 2609 3387 2662 Lit-ct
3416 2608 3521 2662 alia
3549 2610 3768 2664 lmresis

2171 2705 2236 2759 de
2288 2703 2607 2758 investitura
2649 2702 2896 2767 dicatur,
2939 2702 3046 2756 alia
3095 2700 3444 2769 Simouiaca,
3502 2700 3609 2754 ista
3653 2717 3768 2770 qua:

2172 2797 2239 2852 de
2294 2795 2614 2850 investitura
2671 2793 2894 2859 dicitur,
2923 2803 3110 2847 contra
3159 2805 3402 2847 sanctam
3463 2791 3765 2847 Eccle~iant

2172 2886 2368 2941 fortius
2407 2884 2705 2955 jaculatur.
2742 2883 3049 2939 Simoniaca
3097 2884 3296 2939 ctenim
3340 2883 3589 2954 pravitas
3633 2882 3767 2936 mul-

2173 2977 2333 3032 toties
2358 2976 2413 3031 fit
2447 2976 2717 3042 latenter;
2747 2974 2975 3029 haeresis
3004 2990 3132 3029 vero
3162 2974 3229 3029 de
3251 2973 3599 3035 investitura,
3622 2987 3769 3028 scm-

2170 3084 2269 3140 per
2305 3067 2519 3138 publice
2570 3067 2770 3138 agitur.
2814 3064 2890 3119 lbi
2927 3066 3092 3120 etiam
3135 3066 3188 3119 in
3240 3065 3430 3137 primis
3464 3064 3648 3118 omnis
3676 3079 3766 3118 cc-

2171 3161 2512 3216 clesiasticus
2567 3158 2703 3214 ordo
2752 3157 3141 3223 confunditur,
3195 3159 3412 3228 quando
3466 3158 3575 3213 hoc
3620 3156 3761 3228 quod

2172 3252 2463 3323 unicuique
2490 3266 2520 3303 a
2556 3251 2671 3307 solo
2702 3266 2799 3305 suo
2831 3260 3213 3306 cons-ccratore
3261 3250 3314 3304 in
3345 3249 3613 3314 Ecclesia,
3644 3258 3767 3304 cum

2169 3345 2505 3401 orationibus
2532 3359 2652 3415 qua:
2676 3344 2749 3400 ibi
2791 3343 3142 3406 conveniunt,
3174 3341 3294 3395 dari
3321 3341 3504 3404 debet,
3530 3356 3559 3393 a
3591 3355 3767 3395 sarcu-

2169 3434 2266 3488 lari
2308 3442 2576 3504 potestate
2603 3433 2753 3503 prius
2778 3432 3067 3501 accipitur.
3104 3430 3260 3497 Quod
3308 3429 3484 3483 sancti
3535 3427 3767 3498 apostoii

2168 3538 2273 3578 non
2306 3522 2477 3577 solum
2524 3520 2942 3585 interdixcrunt,
2967 3535 3155 3574 verum
3185 3520 3348 3573 etiam
3387 3532 3580 3573 omnes
3623 3517 3767 3586 illos,

2167 3615 2257 3685 qui
2284 3631 2381 3685 per
2400 3614 2714 3669 sazcularetu
2741 3622 3063 3683 potestatem
3106 3612 3400 3667 Ecclesium
3423 3612 3694 3676 obtinent,
3726 3627 3757 3665 a

2167 3707 2385 3764 Christo
2430 3707 2531 3762 sibi
2585 3706 2785 3761 tradita
2834 3714 3101 3777 potestate
3146 3706 3561 3758 damnaverunt.
3596 3704 3767 3776 278

2168 3798 2234 3854 Et
2256 3800 2449 3854 merito
2480 3798 2931 3869 apostolijudicio
2959 3797 3195 3867 Spiritus
3224 3797 3397 3852 sancti
3425 3798 3569 3851 hanc
3594 3799 3768 3851 ha-re-

2166 3892 2268 3948 sint
2300 3894 2416 3962 ipso
2461 3891 2715 3946 Ecclesia:
2742 3890 3009 3960 principio
3052 3889 3314 3943 damnare
3357 3890 3722 3943 decreverunt
3747 3927 3764 3954 ,

2165 3999 2329 4054 quam
2379 3982 2542 4052 longo
2577 3992 2696 4053 post
2733 3992 2975 4052 tempore
3003 3995 3070 4036 ex
3113 3992 3268 4051 patre
3317 3981 3536 4038 diabolo
3584 3983 3770 4037 nasci-

2169 4084 2342 4129 turam
2394 4089 2517 4130 esse
2563 4075 2944 4145 prmvidernnt.
2995 4074 3126 4130 Cutn
3180 4074 3344 4146 igitur
3390 4074 3533 4129 laico
3586 4084 3642 4129 et
3684 4074 3769 4128 ia-

2167 4167 2449 4233 vcstitura,
2476 4174 2532 4221 et
2560 4167 2740 4221 omnis
2788 4166 2952 4221 etiam
3000 4165 3458 4236 disponendarum
3489 4164 3766 4221 Ecclesia-

2167 4274 2308 4321 rntn,
2342 4257 2424 4312 vel
2469 4256 2965 4313 ecclesiasticarum
3002 4273 3183 4313 rerum
3226 4258 3457 4313 facultas
3493 4274 3523 4311 a
3557 4260 3763 4327 ὁμὴ-ιω

2166 4360 2377 4417 sancto,
2407 4353 2500 4422 qui
2531 4351 2585 4405 in
2622 4350 2882 4420 apostolis
2932 4349 3276 4420 loquebatur,
3310 4363 3505 4421 negata
3554 4352 3626 4406 sit
3673 4366 3765 4421 pe-

2167 4442 2311 4496 nitus
2340 4451 2395 4498 et
2428 4441 2735 4507 interdicta,
2777 4442 2869 4512 qui
2914 4442 3291 4498 investituram
3331 4458 3362 4497 a
3407 4442 3549 4498 laico
3596 4446 3763 4500 susci-

2170 4531 2267 4601 pit,
2290 4548 2395 4586 non
2420 4531 2533 4600 jam
2584 4541 2775 4588 contra
2825 4533 3101 4603 aposwlos
3145 4543 3372 4599 tantum,
3411 4533 3524 4587 imo
3576 4544 3764 4589 coutta

2171 4623 2447 4677 domitqu
2502 4624 2896 4694 apostolorum,
2927 4625 3073 4695 quod
3115 4636 3361 4680 sanctum
3405 4633 3490 4679 est
3536 4628 3765 4681 canibus

2167 4716 2407 4786 eXponit.
2437 4715 2761 4771 lnvestitura
2789 4717 2953 4783 enim,
3002 4718 3067 4773 de
3095 4733 3198 4787 qua
3231 4717 3529 4788 loquimur,
3584 4737 3766 4775 sacta-

2168 4817 2409 4861 ntcutum
2440 4817 2553 4872 est;
2593 4808 2645 4861 id
2675 4817 2761 4862 est
2791 4823 3005 4864 sacrum
3061 4809 3301 4879 signum,
3358 4824 3466 4877 quo
3507 4811 3763 4881 princeps

2166 4900 2443 4965 Ecclesiae,
2494 4901 2779 4971 episcopus
2831 4901 3061 4966 scilicet,
3094 4918 3123 4955 a
3178 4902 3395 4956 caeteris
3450 4901 3763 4959 hominibus

2166 4994 2470 5049 secernitur
2503 4993 2711 5064 pariter
2731 5002 2909 5063 atque.
2944 4995 3302 5066 dignoscitur,
3354 5006 3409 5049 et
3445 5011 3559 5065 quo
3603 5013 3763 5068 super

2168 5084 2534 5141 Christianum
2583 5101 2799 5159 gregem
2846 5102 2981 5141 cura
3034 5086 3323 5157 pastoralis
3372 5091 3423 5144 ci
3482 5093 3760 5147 tribuitur.

2168 5176 2321 5232 Hanc
2358 5177 2737 5233 investituram
2770 5177 2838 5232 ab
2883 5179 2973 5232 illo
3001 5179 3116 5234 solo
3163 5182 3443 5253 suscipere
3490 5163 3679 5250 dehci,
3730 5197 3762 5237 a

2168 5282 2276 5336 quo
2301 5276 2357 5322 et
2392 5270 2855 5323 consecrationem
2894 5269 3077 5325 habet.
3112 5270 3263 5324 lllntn
3299 5273 3575 5341 siquidem
3615 5275 3762 5344 prius

2168 5366 2411 5425 oportet.
2435 5359 2772 5426 consecrari,
2823 5361 3017 5416 deinde
3079 5376 3209 5416 vero
3267 5373 3528 5431 tauquam
3583 5379 3760 5435 regem

2170 5448 2426 5505 Ecclesia:
2462 5451 2633 5505 sacris
2667 5452 2969 5523 insignibus
3001 5454 3267 5508 decorari.
3317 5454 3374 5509 Si
3421 5456 3551 5525 quis
3579 5469 3761 5511 autem

2169 5538 2391 5594 cuilibet
2417 5540 2663 5595 saeculari
2702 5544 2957 5612 potestati
3001 5544 3102 5597 ista
3144 5544 3308 5598 licere
3363 5554 3545 5613 putat,
3589 5554 3760 5602 errat.

2168 5633 2323 5700 Quod
2354 5636 2397 5689 si
2435 5634 2728 5692 defendere
2755 5638 2968 5704 nititur,
3014 5638 3379 5708 apostolortnu
3428 5641 3760 5706 doctrinam,

2169 5731 2225 5778 ct
2253 5725 2427 5779 sancti
2453 5725 2688 5795 Spiritus
2714 5742 2935 5781 sensum
2969 5728 3249 5784 admdlare
3275 5720 3553 5786 desiderat
3578 5750 3592 5799 ;
3623 5734 3762 5788 unde

2173 5815 2461 5875 hiereticus
2520 5832 2640 5875 esse
2694 5819 3000 5876 nullatenus
3056 5821 3354 5876 dubitatur.
3427 5824 3761 5892 lnvestitura
