4034 6364
278 373 389 433 217

1643 374 2028 434 ονυεευω.
2061 375 2246 433 --111.

3451 375 3559 447 sis

281 494 468 563 itaque
496 490 778 556 Iaieorum,
807 505 928 561 quas
952 490 1030 545 .lit
1060 506 1158 562 per
1209 490 1438 562 virgam,
1484 497 1541 547 et
1587 489 1869 553 annulum,
1901 494 1947 554 Α
1978 489 2129 556 illud,
2161 499 2214 547 et
2257 489 2575 549 delectabile
2618 491 2781 563 281
2817 489 3043 546 verbum
3075 503 3105 546 ι
3151 487 3435 549 Salvatore
3460 504 3557 546 uc-

278 585 481 643 tnerito
510 583 731 639 haeresis
757 582 1078 653 appellatur.
1113 582 1250 641 Nam
1295 584 1435 640 sicut
1459 600 1488 636 a
1522 581 1743 639 Simone
1772 583 1863 638 Si-

277 677 531 731 moniaca
570 674 795 731 haeresis
822 675 1141 741 dicitur,ita
1169 677 1237 731 ab
1277 692 1344 732 eo
1392 676 1484 748 qui
1529 675 1769 742 investit,
1815 684 1871 734 et

276 768 352 822 ab
382 766 474 821 illo
497 766 589 837 qui
637 766 945 830 iuvestitur,
995 767 1251 837 quoniam
1306 779 1532 836 uterque
1562 767 1615 823 in
1649 767 1737 822 illa
1769 782 1867 822 sua

275 856 448 928 279
475 856 710 921 actione,
746 865 801 910 et
839 856 1045 928 agitare
1093 855 1277 912 claves
1323 855 1599 923 Ecclesiae,
1647 864 1704 911 et
1753 854 1868 924 ejus

274 948 497 1003 unicum
527 963 592 1005 ac
615 948 889 1019 singulare
916 948 1116 1003 ostium
1144 948 1350 1003 violare
1398 958 1651 1012 conatur,
1712 956 1864 1002 recto

276 1039 496 1097 nomine
526 1042 746 1096 haeresis
774 1041 840 1096 de
864 1028 1183 1097 investilura
1209 1050 1453 1097 vocatur.
1490 1041 1869 1112 llaeceprteter-

273 1146 339 1183 ca
389 1132 614 1187 hmresis
662 1132 730 1189 de
783 1133 1124 1196 investitura,
1170 1135 1216 1191 si
1281 1144 1425 1188 recte
1484 1131 1864 1202 perstiiiiatnr,

271 1222 442 1276 ctiam
474 1223 701 1283 lueresis
728 1222 1035 1279 Simoniaca
1064 1239 1205 1285 esse,
1243 1224 1364 1279 viva
1397 1230 1452 1278 et
1478 1238 1604 1278 vera
1656 1222 1867 1277 ratione

278 1312 562 1381 probatur.
600 1310 734 1366 Nam
772 1327 893 1382 qua:
931 1312 1212 1390 szecularis
1263 1321 1506 1383 potestas
1544 1311 1644 1367 sibi
1687 1310 1863 1367 vindi-

273 1416 407 1461 care
431 1401 1039 1470 nititttriuvestituram,
1077 1404 1178 1459 nisi
1213 1414 1271 1456 tit
1298 1419 1396 1474 per
1429 1402 1533 1457 hoc
1568 1409 1661 1456 aut
1700 1416 1866 1470 pecu-

274 1490 421 1545 niam
449 1498 789 1561 extorqueat,
814 1501 929 1555 aut,
959 1492 1102 1562 quod
1130 1501 1215 1547 est
1242 1492 1482 1563 gravius,
1509 1491 1609 1545 sibi
1656 1489 1862 1544 inordi-

274 1590 403 1634 nate
438 1581 734 1648 subjectum
762 1580 957 1637 eﬂiciat
986 1583 1264 1654 pontiﬁcis
1312 1582 1643 1650 personam?
1675 1576 1877 1638 Nullus

275 1682 364 1727 est
400 1673 582 1744 itaque
610 1673 892 1741 la?corum,
932 1677 1172 1732 etiamsi
1215 1677 1264 1732 ei
1322 1677 1530 1739 liceret,
1571 1676 1662 1748 qui
1714 1686 1862 1732 tanta

276 1764 577 1821 iuteuziuue
607 1766 890 1849 annulum,
916 1768 1000 1822 Vel
1034 1769 1236 1838 virgam
1273 1769 1405 1825 dare
1428 1767 1722 1833 desideret,
1756 1768 1859 1825 nisi

1972 593 2089 639 stro
2138 585 2329 641 audire
2387 586 2582 639 meruit
2614 601 2629 642 :
2665 583 2838 639 Hodie
2877 584 3084 639 scilicet
3117 599 3317 638 mecum
3366 583 3468 639 eris
3498 582 3556 640 i.t

1970 675 2218 744 paradiso
2247 675 2404 744 (Luc.
2454 692 2612 741 XXIII,
2642 675 2757 745 6⁸5).
2792 674 2947 733 Unde
2977 676 3028 730 in
3060 675 3273 730 latrone
3319 674 3410 729 illo
3442 690 3557 731 ma-

1972 766 2118 822 xime
2147 767 2478 824 declaratum
2515 769 2846 838 agnoscitur,
2899 768 3043 838 quod
3095 769 3179 821 vir
3234 766 3535 825 catholicus

1970 857 2101 913 licet
2125 858 2362 915 infamia?
2389 860 2614 916 maculis
2640 875 2918 930 aspersus,
2949 859 3070 913 fidei
3122 859 3435 913 defensione
3469 874 3536 930 pa

1970 946 2210 1002 radisum
2241 948 2466 1019 pariter,
2501 958 2698 1005 etcum
2725 947 2943 1003 Christo
2977 962 3098 1003 esse
3126 957 3387 1002 meretur.

1969 1142 2037 1185 υε
2096 1144 2312 1186 ειηοκιλ
2349 1147 2420 1187 ΕΤ
2451 1146 2810 1186 ικνεετιτιτιλ
2851 1145 3148 1196 ωιηοιιυιη
3177 1142 3353 1195 ουιῐιε
3390 1143 3556 1185 υπη-

2450 1217 2554 1266 oue
2584 1216 2815 1256 utcnuu
2843 1214 3097 1254 Μειιῑςιε.

1970 1286 2266 1373 Uniuersali
2293 1291 2700 1373 papivnlfn‘limto,
2741 1292 2874 1373 bona
2892 1291 3103 1373 (lu-iiii»?
3123 1306 3217 1371 sita
3246 1300 3293 1344 et
3310 1304 3556 1373 ’πτερωτ-

2036 1359 2170 1441 diali
2195 1358 2388 1429 amico,
2432 1359 2707 1486 ﬂoridus
2742 1361 2904 1415 abbas
2953 1358 3369 1442 liindqcinensis,
3394 1360 3556 1441 Itaque

2037 1428 2239 1486 Priscae
2292 1433 2606 1486 cardinais.
2668 1431 2808 1486 quod
2858 1441 2996 1486 nam
3047 1430 3190 1486 ﬁlius
3233 1440 3283 1485 et
3341 1430 3555 1485 domum

2037 1428 2239 1486 Priscae
2292 1428 2606 1498 cardiualis,
2668 1431 2808 1503 quod
2856 1431 2996 1502 patri
3045 1430 3190 1500 ﬁlius
3233 1440 3283 1485 et
3341 1430 3583 1487 domino.

2034 1516 2232 1556 servus.

1992 1574 1997 1581 ’
2035 1589 2171 1646 Cum
2200 1589 2442 1647 Simonia
2466 1602 2520 1648 et
2549 1591 2812 1649 laicorum
2859 1588 3179 1657 investitura
3218 1587 3444 1645 lucresis
3473 1587 3582 1641 di-'

1965 1664 2139 1741 catur,
2178 1694 2346 1749 quare
2370 1690 2601 1753 utraque
2623 1681 2692 1735 sit
2730 1680 2975 1743 barresis,
3009 1687 3062 1734 et
3091 1681 3285 1734 merito
3330 1678 3554 1732 hrcreais

1964 1770 2222 1841 appellari
2253 1773 2475 1838 debeat,
2530 1772 2785 1843 prmscuti
2835 1772 3095 1842 brevique
3144 1770 3279 1826 satis
3324 1769 3555 1839 cpistola

271 1868 371 1924 per
397 1855 513 1911 huic
554 1842 673 1925 qua:
700 1865 824 1911 sunt
873 1867 1211 1912 sacramenta
1260 1857 1536 1924 Ecclesize,
1594 1866 1859 1929 tempora-
1893 1840 1941 1899 Β
1965 1840 2381 1928 monstrabitur,
2413 1878 2480 1918 ne
2513 1840 2677 1934 super
2705 1863 2806 1918 hoc
2830 1840 3085 1932 deinceps
3116 1860 3410 1915 dubitetnr.
3440 1858 3575 1915 Fir-'

269 1946 417 2003 libus
444 1947 609 2004 lucris
631 1949 885 2004 initiaret.
932 1948 1112 2005 Laicis
1158 1950 1376 2020 quidem
1426 1962 1762 2007 sacramenta
1790 1951 1861 2008 ab

266 2036 519 2094 Ecclesia
548 2041 823 2110 susripere
852 2040 1000 2107 licet,
1033 2057 1138 2095 non
1170 2041 1422 2097 Ecclesia:
1469 2042 1725 2113 qtttelibet
1772 2058 1862 2097 sa-

267 2141 559 2184 cramenta
587 2131 738 2187 dare.
767 2132 1014 2187 Aunulus
1041 2146 1219 2189 autem
1243 2143 1297 2188 et
1331 2134 1501 2205 virga,
1546 2134 1764 2204 quando
1793 2133 1862 2189 ab

268 2218 381 2272 illis
406 2221 625 2283 dantur,
656 2236 686 2275 a
715 2222 912 2291 quibus
937 2223 1052 2278 dari
1079 2224 1294 2289 debent,
1317 2233 1375 2279 et
1402 2224 1636 2294 quando,
1664 2235 1718 2277 et
1748 2224 1859 2289 tibi,

265 2319 320 2365 et
354 2326 554 2380 qttonto
576 2313 624 2364 lo
648 2312 862 2379 debent,
908 2314 1263 2371 Sacr.nneuta
1300 2315 1557 2372 Ecclesia:
1576 2326 1721 2379 sunt,
1752 2319 1861 2372 sic~

264 2412 323 2454 ttt
360 2400 441 2459 sal
499 2410 555 2457 et
587 2418 745 2473 aqua,
777 2405 953 2459 oleum
985 2417 1041 2462 ct
1069 2406 1333 2475 chrisma,
1365 2417 1420 2461 et
1452 2409 1698 2478 qttmdaut
1727 2407 1857 2473 alia,

265 2494 385 2545 sine
407 2492 604 2561 quibus
628 2494 906 2550 hominum
938 2507 993 2551 ct
1030 2496 1393 2552 Ecclesiarum
1421 2499 1859 2553 oonsecrationcs

263 2585 384 2641 fieri
412 2603 517 2641 non
542 2595 788 2657 possunt.
841 2587 1070 2658 Semper
1098 2588 1265 2644 laicus
1313 2590 1381 2644 de
1424 2589 1764 2650 investitura,
1799 2599 1856 2645 ιιι

263 2677 524 2742 diximus,
564 2688 655 2733 attt
687 2678 972 2748 pecuniam
1016 2679 1118 2733 sibi
1150 2678 1411 2747 vindicat,
1457 2688 1571 2743 aut,
1603 2679 1745 2749 quod
1773 2687 1858 2733 est

262 2767 521 2837 amplius,
581 2769 819 2841 episc'Opi
870 2769 954 2823 vel
982 2770 1198 2825 abbatis
1235 2786 1540 2843 personam.
1591 2770 1701 2825 llac
1747 2787 1852 2826 non

264 2868 378 2914 tam
406 2860 638 2915 humana
662 2876 825 2931 quam
849 2861 1115 2916 diabolica
1143 2861 1478 2933 malignitate
1505 2862 1741 2918 Ecclesia
1761 2878 1855 2918 ca-

261 2948 521 3005 tholicam
567 2949 751 3015 fidem,
809 2949 1118 3007 libertatem
1162 2960 1220 3006 et
1271 2954 1580 3008 castitatem
1629 2953 1851 3020 amittit,

258 3037 384 3094 sine
407 3039 602 3110 quibus
633 3040 777 3095 nttlla
801 3041 1014 3096 ratione
1037 3041 1308 3098 subsistit.
1349 3041 1475 3098 llaec
1503 3044 1706 3100 ctenim
1747 3046 1850 3100 tria

259 3142 480 3202 semper
508 3131 745 3187 Ecclesia
784 3132 987 3189 habere
1012 3131 1200 3200 debet;
1235 3149 1465 3205 quorum
1495 3135 1579 3191 vel
1608 3135 1654 3191 si
1686 3152 1851 3192 unmu

258 3219 517 3287 defuerit,
547 3222 691 3278 velut
725 3224 1019 3295 paralytica
1047 3222 1217 3292 jacet,
1249 3240 1350 3280 nec
1373 3225 1595 3297 ligandi,
1621 3244 1719 3282 uec
1739 3227 1849 3282 sol-

256 3313 420 3368 veudi
456 3323 778 3384 potestatem
810 3315 992 3370 habet.
1040 3315 1208 3388 280
1259 3316 1411 3373 lianc
1466 3317 1655 3390 igitur,
1686 3333 1851 3389 quam

256 3418 426 3476 supra
455 3402 715 3471 diximus,
749 3405 1127 3461 investituram
1182 3407 1492 3478 quicunque
1523 3407 1625 3464 sub
1671 3408 1853 3480 specie

255 3495 502 3567 pastoris
522 3498 798 3569 suscipere
820 3500 1122 3570 praesumit,
1152 3503 1211 3556 lit
1241 3501 1571 3573 paralyticus
1598 3510 1655 3557 et
1682 3503 1853 3558 luere-

257 3587 369 3641 tica
401 3588 550 3659 lepra
571 3589 825 3661 pollutus.
867 3590 1019 3645 Illum
1055 3606 1162 3646 non
1200 3601 1475 3662 pastorem
1530 3592 1853 3649 fiducialiter

252 3678 403 3742 dico,
458 3696 557 3735 nec
582 3681 724 3737 illius
755 3683 1011 3752 pastoris,
1068 3683 1160 3753 qui
1200 3684 1436 3738 animant
1470 3699 1623 3740 suam
1673 3685 1854 3756 posuit

253 3783 358 3841 pro
387 3767 578 3824 ovibus
594 3769 706 3825 suis
735 3769 918 3841 (Joan.
946 3771 1036 3837 10,
1065 3772 1178 3841 li),
1211 3772 1491 3842 quodlibet
1512 3772 1846 3841 membrum,

253 3862 351 3914 sed
382 3859 471 3914 fur
498 3870 554 3915 et
573 3873 757 3931 raptor
790 3871 844 3916 et
867 3861 1023 3933 lupus
1051 3869 1154 3917 est.
1180 3861 1314 3917 Nam
1355 3861 1420 3917 ad
1455 3863 1559 3919 hoc
1588 3864 1758 3931 venit,
1791 3872 1850 3919 ut

253 3949 469 4007 furetur
491 3962 548 4007 et
582 3952 754 4023 rapiat
780 3961 836 4009 et
863 3962 1064 4009 mactet
1109 3952 1285 4025 (ibid.,
1314 3952 1426 4027 l0).
1480 3952 1634 4011 lianc
1663 3962 1849 4011 autem

252 4041 626 4099 detestabilem
674 4043 1039 4114 impietatem,
1089 4060 1197 4100 non
1246 4045 1419 4102 solum
1470 4047 1564 4116 qui
1618 4046 1845 4115 faciunt,

251 4134 351 4188 sed
381 4136 473 4203 qui
504 4137 850 4192 consentiunt
880 4136 954 4203 ei,
984 4137 1225 4194 damnati
1258 4147 1404 4194 sunt.
1435 4137 1529 4196 llle
1566 4154 1693 4195 vero
1720 4154 1851 4197 con-

252 4226 442 4290 sentit,
475 4226 716 4297 quidam
760 4238 927 4293 tacet,
972 4230 1063 4300 qui
1116 4244 1235 4285 eam
1264 4245 1372 4286 non
1404 4230 1726 4304 corrigit,et
1753 4230 1845 4302 qui

251 4318 299 4371 ei
324 4318 506 4387 palam
538 4334 644 4375 non
674 4321 1017 4376 contradicit.
1056 4322 1123 4377 Et
1153 4337 1312 4378 nemo
1333 4325 1531 4394 estqui
1558 4324 1843 4379 contradi-

250 4425 379 4467 cere
409 4411 586 4481 palam
640 4430 745 4469 nou
778 4416 992 4481 debeat,
1034 4424 1091 4471 et
1131 4418 1332 4487 possit;
1374 4434 1500 4473 nam
1546 4418 1590 4474 si
1636 4417 1843 4490 praelati

1964 1953 2207 2009 missime
2236 1954 2418 2019 crede,
2470 1952 2632 2009 Pater
2659 1954 2999 2017 charissime,
3032 1953 3176 2022 quod
3227 1951 3358 2006 nihil
3408 1951 3556 2007 aliud

1961 2043 2180 2115 proprie
2200 2044 2425 2100 hatresis
2447 2045 2672 2116 dicitur,
2697 2044 2799 2098 nisi
2827 2045 2969 2115 quod
3021 2059 3052 2096 a
3101 2041 3283 2095 Patris
3338 2041 3574 2095 unitate'

1962 2130 2157 2188 Filium
2184 2135 2299 2190 sive
2328 2134 2592 2205 Spiritum
2626 2144 2876 2190 sanctum
2906 2141 3135 2187 conatur
3162 2145 3439 2201 separare,
3469 2130 3555 2184 vel

1961 2237 2316 2293 personarum
2360 2224 2590 2279 alteram
2631 2222 2802 2278 altera
2855 2222 3121 2277 minorem
3168 2219 3252 2274 vel
3292 2220 3554 2285 majorem

1961 2330 2231 2370 asserere.
2271 2315 2439 2386 Igitur
2471 2315 2658 2371 Simon
2705 2315 2891 2384 Magos
2926 2330 3032 2368 non
3080 2321 3286 2367 tantum
3334 2310 3555 2365 lucreti-

1959 2422 2078 2471 ctts,
2103 2405 2197 2460 sed
2235 2406 2613 2461 luereticorum
2640 2406 2848 2476 primus
2893 2413 2949 2458 et
2996 2403 3266 2473 pessimus
3313 2400 3551 2465 exstitit;

1960 2497 2053 2570 qui
2075 2513 2180 2552 non
2213 2496 2387 2552 solum
2439 2513 2469 2551 a
2523 2496 2704 2552 Patris
2752 2495 3064 2565 :eqnalitate
3100 2492 3345 2564 separari
3395 2507 3554 2562 posse

1960 2587 2221 2655 Spiritum
2258 2598 2508 2644 sanetum
2550 2588 2903 2651 existimavit,
2930 2587 3023 2642 sed
3053 2586 3215 2641 ctiam
3257 2585 3372 2653 ipso
3426 2581 3553 2653 Spi-

1961 2680 2066 2734 ritu
2108 2691 2300 2735 saneto
2333 2681 2506 2750 major
2541 2695 2662 2736 esse
2686 2688 3113 2751 praesumptuose
3139 2678 3398 2733 tentando
3422 2690 3553 2731 cou-

1956 2772 2177 2841 cnpivit.
2204 2773 2370 2843 282
2402 2771 2537 2826 Nam
2565 2787 2768 2828 cumse
2813 2786 2972 2842 posse
3014 2770 3243 2840 pecunia
3275 2770 3570 2840 possidere

1958 2860 2222 2931 Spiritum
2255 2862 2759 2931 sanctumpntavit,
2795 2861 2923 2932 quid
2949 2860 3176 2930 appetiit
3226 2859 3393 2923 aliud,
3446 2858 3551 2914 nisi

1957 2961 2017 3007 ut
2043 2950 2250 3022 Spiritu
2283 2961 2473 3008 saneto
2504 2951 2678 3023 major
2702 2951 2819 3022 ipse
2855 2951 3174 3012 haberetur,
3226 2964 3349 3004 cum
3379 2949 3557 3017 major

1955 3043 2024 3099 sit
2047 3046 2137 3115 qui
2160 3040 2401 3115 possidet
2428 3060 2592 3117 quam
2636 3045 2778 3116 quod
2818 3043 3169 3115 pessizletur?
3196 3042 3330 3099 Cum
3360 3043 3563 3115 itaqnc'

1957 3133 2135 3190 Patris
2171 3143 2223 3189 et
2252 3133 2371 3189 Filii
2398 3144 2452 3190 et
2478 3134 2716 3205 Spiritus
2740 3133 2914 3189 sancti
2937 3147 3197 3206 personas
3251 3134 3551 3204 intequales

1956 3225 2181 3296 quilibet
2213 3228 2406 3284 nititur
2432 3235 2700 3291 astruere,
2732 3226 2945 3283 ratione
2985 3229 3190 3298 pariter
3215 3236 3272 3283 et
3319 3231 3550 3286 auctori-

1957 3327 2069 3373 tate
2100 3320 2387 3377 haereticus
2407 3320 2700 3384 habeatur,
2730 3320 2900 3375 multo
2924 3320 3096 3391 magis
3124 3321 3314 3376 Simon
3338 3321 3547 3393 Mttgtts,

1953 3411 2045 3484 qui
2070 3410 2330 3483 Spiritum
2361 3422 2612 3469 sanciunt
2651 3411 2761 3467 Deo
2800 3410 2948 3466 Patri
2998 3420 3053 3466 et
3098 3409 3240 3491 l’ilio
3284 3410 3547 3481 :equalem

1951 3518 2051 3574 per
2073 3504 2255 3558 omnia
2283 3504 2385 3560 sibi
2409 3504 2637 3576 pecunia
2667 3501 2935 3573 subjicere
2958 3502 3210 3571 tentavit,
3239 3502 3546 3568 haereticus,

1952 3604 2008 3649 et
2033 3593 2515 3666 Simouia,qu2eab
2543 3594 2658 3665 ipso
2680 3595 2897 3651 iuventa
2924 3603 3027 3657 est,
3053 3594 3199 3649 etab
3228 3609 3295 3648 eo
3319 3593 3546 3659 dicitur,

1954 3685 2176 3740 lueresis
2213 3686 2617 3756 comprobatur.
2646 3684 2843 3740 Laicus
2874 3693 3077 3751 autem,
3106 3698 3228 3738 cum
3260 3682 3555 3738 lnvcstitu-‘

1953 3791 2070 3831 ram
2107 3776 2475 3835 Ecclesiarum
2523 3777 2710 3833 tribuit
2754 3792 2853 3848 per
2906 3778 3114 3847 virgam
3166 3783 3219 3830 et
3263 3775 3545 3843 annulum,

1953 3884 2077 3941 quae
2114 3878 2239 3925 sunt
2271 3870 2527 3926 Ecclesia:
2558 3879 2922 3935 sacramenta,
2955 3870 3096 3924 sicut
3145 3866 3225 3923 sal
3278 3877 3333 3922 et
3371 3882 3545 3936 aqua,

1954 3960 2132 4017 oleum
2161 3970 2214 4017 et
2244 3961 2501 4025 chrisma,
2551 3971 2604 4017 et
2629 3961 2874 4032 quaedam
2920 3960 3046 4023 alia,
3071 3959 3188 4013 sine
3230 3958 3427 4027 quibus
3449 3960 3545 4011 bo-

1953 4052 2158 4107 minttm
2185 4062 2238 4108 et
2264 4053 2618 4110 ecclesiarum
2647 4051 3088 4106 consecrationes
3116 4050 3231 4103 fieri
3276 4064 3380 4104 non
3418 4063 3547 4117 pos-

1949 4153 2100 4208 sunt,
2127 4143 2230 4209 sibi
2251 4143 2343 4215 jus
2373 4143 2572 4198 Christi
2608 4152 2834 4209 usurpat
2862 4150 2913 4195 et
2943 4148 3302 4210 potestatem;
3328 4150 3382 4194 et
3408 4154 3541 4209 quo-

1948 4233 2240 4290 dummodo
2270 4250 2330 4290 se
2362 4234 2455 4289 Dei
2499 4232 2634 4288 Filio
2663 4230 2924 4302 praedicat
2954 4231 3221 4285 altiorem.
3255 4230 3390 4285 Nam
3414 4232 3546 4287 dum

1949 4326 2040 4383 illa
2072 4325 2327 4383 Ecclesia:
2356 4335 2557 4381 sancta:
2586 4330 2924 4379 sacramenta
2965 4321 3036 4376 ibi
3078 4322 3294 4381 dnltlltt‘,
3323 4322 3410 4376 ubi
3444 4322 3541 4375 ἀει-

1948 4425 1995 4481 ri
2024 4424 2246 4493 debent,
2275 4432 2332 4480 et
2374 4422 2592 4494 quibus,
2623 4430 2676 4475 et
2703 4420 2921 4489 quando
2964 4418 3182 4479 debent,
3216 4433 3244 4470 a
3275 4417 3370 4471 Dei
3404 4416 3546 4472 Filio

250 4519 361 4560 non
386 4506 554 4563 habet
581 4508 985 4574 auctoritatem,
1010 4509 1176 4566 habet
1217 4519 1395 4567 tamen
1424 4510 1721 4567 Christiani
1751 4526 1844 4567 vo-

1958 4519 2168 4584 tlautur,
2200 4533 2299 4590 per
2336 4523 2781 4574 consecratorcm
2826 4510 3076 4566 videlicet
3117 4510 3259 4565 illius
3310 4508 3541 4564 actionis

250 4612 395 4663 cem,
422 4608 480 4653 et
501 4598 782 4669 Scriptura
808 4602 964 4665 dicit,
998 4611 1055 4657 et
1080 4602 1351 4658 neminem
1392 4604 1634 4674 excipit:
1672 4603 1844 4661 Male-

248 4691 424 4745 dictus
470 4703 570 4757 est,
613 4693 705 4763 qui
753 4694 989 4763 prohibet
1042 4694 1281 4764 gladium
1323 4712 1478 4750 suum
1512 4714 1547 4752 α
1586 4699 1844 4769 sanguine

249 4780 391 4849 (λιν.
418 4798 609 4849 sunt,
640 4783 748 4855 10),
783 4785 835 4838 id
861 4795 946 4840 est
969 4800 1154 4840 vocem
1184 4801 1337 4842 suam
1367 4788 1436 4842 ab
1464 4787 1842 4856 increpatione

250 4875 483 4944 peccati.
515 4873 647 4929 Illud
682 4876 846 4930 etiam
877 4876 1080 4932 factum
1114 4877 1440 4942 meminerit,
1486 4878 1632 4948 quod
1688 4879 1842 4935 asina

246 4966 462 5021 iatuum
503 4968 821 5039 prophetam
851 4968 980 5024 olim
1011 4970 1310 5026 correxerit
1339 4967 1529 5041 (Nunt.
1563 4986 1704 5036 χιιι,
1725 4970 1842 5043 9.8).

230 5057 405 5122 .Quod
429 5057 476 5112 si
509 5058 672 5114 fuerit
696 5059 949 5123 vitiosus,
973 5058 1058 5115 vel
1086 5060 1328 5130 quolibet
1360 5060 1467 5115 alio
1492 5061 1724 5117 crimine
1763 5062 1842 5117 iu-

248 5147 416 5207 [alitis
439 5149 636 5216 factus,
662 5167 768 5207 non
798 5153 919 5209 ideo
937 5152 1099 5210 silere
1120 5155 1302 5221 debet,
1333 5156 1591 5228 quoniam
1627 5157 1840 5213 unicui-

245 5256 357 5311 que
408 5245 679 5321 pecratori
737 5260 1082 5302 communem
1135 5247 1391 5304 Ecclesia:
1466 5248 1649 5314 iidem,
1678 5264 1840 5321 quam

228 5347 404 5390 .Snani
428 5318 750 5393 esserredit
776 5346 834 5392 et
857 5337 1170 5405 confitetur,
1202 5339 1494 5396 defendere
1541 5324 1598 5397 et
1644 5318 1838 5397 contra

246 5420 369 5490 ejus
405 5425 752 5482 adversarios
786 5426 954 5483 libere
982 5444 1223 5499 pugnare
1263 5429 1411 5485 licet.
1436 5427 1574 5484 Nam
1606 5429 1680 5487 illi
1710 5431 1836 5491 duo.

246 5511 341 5583 qui
370 5512 425 5568 in
461 5515 713 5583 passione
759 5514 970 5572 Domini
1011 5516 1256 5572 crucitixi
1296 5525 1424 5573 sunt
1457 5533 1580 5575 cum
1609 5533 1701 5584 eo,
1726 5535 1844 5574 om-

248 5602 379 5659 uino
409 5603 642 5661 infames
671 5616 853 5673 erant,
883 5623 1008 5662 nam
1038 5607 1240 5677 publici
1277 5607 1549 5674 latrones;
1603 5622 1837 5678 quorum

246 5713 391 5756 unus
420 5714 528 5755 non
560 5708 769 5755 tantum
795 5700 921 5771 quia
942 5697 1199 5764 credidit,
1241 5697 1336 5754 sed
1380 5697 1508 5769 quia
1552 5712 1665 5754 suae
1715 5696 1838 5753 ﬁdei

226 5793 543 5850 .teritatem
571 5801 762 5850 contra
785 5791 1014 5849 alterum
1038 5789 1334 5849 defendere
1357 5789 1610 5862 ceperit.
1637 5792 1837 5848 bonum

1945 4607 2276 4673 ministrum,
2307 4606 2448 4663 sicut
2495 4606 2549 4661 in
2582 4603 2958 4659 remissionem
2991 4612 3337 4673 peccatorum
3365 4598 3520 4669 Spiri-

1947 4708 2033 4755 tus
2061 4707 2284 4756 saucttts
2307 4698 2540 4754 dabatur
2577 4712 2674 4767 per
2718 4695 2962 4751 Petrum.
3007 4692 3157 4749 Unde
3197 4693 3338 4747 Deus
3376 4691 3533 4747 Patet"

1944 4792 2011 4846 ad
2042 4790 2303 4846 Joannem
2335 4788 2601 4860 loquitur,
2629 4787 2816 4843 dicens
2848 4804 2863 4840 :
2917 4783 3093 4855 Super
3140 4799 3293 4851 quem
3347 4782 3532 4838 rideri:

1948 4882 2210 4951 Spiritum
2254 4880 2671 4944 descendentem,
2697 4877 2787 4933 ille
2814 4886 2889 4931 est
2911 4877 2999 4947 qui
3038 4873 3535 4944 bnptizat(.loim.t,

1945 4972 2059 5040 33).
2092 4971 2321 5041 Quando
2349 4970 2514 5038 dixit,
2542 4969 2632 5025 ille
2647 4966 3111 5037 estquibaptizat,
3144 4981 3172 5018 a
3195 4974 3345 5034 parte
3364 4974 3530 5019 totum

1944 5063 2288 5133 significavit.
2321 5061 2454 5117 Nam
2483 5061 2576 5116 Dei
2604 5059 2774 5115 Filius
2804 5058 3055 5113 universa
3087 5058 3342 5114 Ecclesia:
3364 5058 3525 5111 conli-

1944 5154 2022 5210 cit
2054 5163 2111 5208 et
2143 5153 2330 5208 tribuit
2381 5160 2745 5207 sacramenta.
2798 5149 2997 5206 Laicus
3042 5161 3246 5213 autem,
3314 5148 3534 5219 quando

1943 5250 2133 5299 contra
2150 5242 2242 5299 Dei
2266 5242 2458 5298 Filium
2474 5244 2554 5298 sic
2585 5242 2885 5310 praesumit,
2911 5240 2956 5296 si
2990 5257 3096 5297 non
3128 5239 3387 5310 amplius,
3421 5253 3531 5292 non

1944 5332 2123 5387 ntiuus
2145 5342 2320 5387 tamen
2348 5347 2509 5402 quam
2537 5331 2724 5387 Simon
2755 5330 2939 5401 Magus
2984 5330 3260 5396 intumuit,
3314 5338 3370 5383 et
3411 5328 3529 5396 ipse

1945 5425 2276 5490 intumescit,
2310 5424 2478 5496 283
2498 5424 2589 5494 qui
2640 5424 2692 5479 in
2723 5424 3012 5479 collatione
3056 5430 3530 5475 sacramentorum

1944 5532 2004 5573 se
2022 5518 2117 5574 Dei
2142 5516 2280 5573 Filio
2300 5517 2606 5588 anteponit.
2643 5515 2710 5571 Et
2729 5515 2855 5587 quia
2884 5515 2992 5570 Deo
3015 5514 3106 5569 Dei
3142 5512 3280 5567 Filio
3305 5525 3411 5566 non
3439 5525 3529 5565 so-

1943 5608 2053 5664 lum
2080 5608 2163 5664 sui
2191 5606 2365 5662 Patris
2386 5607 2750 5677 aequalitatem
2784 5606 3003 5658 demere
3025 5603 3239 5665 nititur,
3289 5601 3384 5657 sed
3439 5616 3527 5656 se-

1942 5699 2118 5769 ipsum
2150 5697 2244 5753 Dei
2274 5697 2412 5753 Filio
2446 5697 2780 5770 superiorem
2803 5708 2898 5751 sua
2927 5693 3090 5764 impia
3117 5692 3332 5749 actione
3358 5694 3529 5766 signi-

1950 5790 2111 5847 ficare
2145 5787 2383 5858 videtur,
2423 5802 2573 5848 recte
2620 5785 2838 5845 nomine
2865 5793 2918 5844 et
2951 5785 3068 5859 ipse
3116 5784 3426 5853 lucreticus,
3470 5792 3529 5841 et
