3986 6448
451 436 558 493 219

1481 416 1804 476 εοιτιτιιιοι
1846 414 2141 470 ABBATIS
2183 407 2704 468 VINDOCINENSIS

3626 400 3729 458 εει)

443 523 563 618 ejus
590 545 914 602 investitura
951 538 1170 597 haeresis
1199 534 1520 607 appellatur.
1562 531 1711 597 Vale,
1757 540 1813 587 ει
1851 530 2031 586 Simo-
2064 537 2111 595 Α
2144 536 2228 585 est
2258 528 2359 584 iste
2387 542 2600 590 servus,
2635 538 2728 580 aut
2759 522 2874 579 Mea
2903 531 2988 577 est
3020 522 3122 577 ista
3173 521 3410 576 domus?
3453 519 3573 587 Quo
3611 521 3728 590 jure

445 640 595 696 niam
625 649 682 695 et
709 638 969 693 laicorum
1004 629 1382 685 investituram
1422 625 1569 682 onmi
1610 625 1920 689 occasione,
1951 622 2034 677 vel

444 731 685 802 qualibet
708 722 1101 797 diapensatione
1115 719 1349 791 seposita
1377 718 1693 788 impugnare
1719 716 1973 786 satagite.

1188 830 1276 887 IV.

450 952 517 991 DE
546 945 924 990 FOSSESSIONUM
943 939 1462 982 ECCLESIASTICARUM
1491 934 1870 985 INVESTITURA,
1896 934 2036 984 QUOD

914 1014 1140 1053 REGIBUS
1162 1009 1536 1051 CONCEDATUB.

514 1096 633 1153 Non
661 1096 734 1151 sit
771 1091 1195 1164 imperatoribus
1220 1096 1277 1144 et
1306 1087 1526 1160 regibus
1578 1083 1861 1141 molestum
1895 1082 2039 1153 quod

443 1188 697 1253 dicimus,
750 1199 853 1239 nec
891 1180 1284 1239 consuetudine
1325 1176 1425 1233 sibi
1456 1173 1735 1229 vindicare
1774 1172 2057 1237 nitantur,‘

441 1280 587 1349 quod
613 1277 695 1332 eis
725 1275 955 1331 veritate
981 1278 1234 1342 negatur.
1258 1268 1394 1324 Cum
1418 1266 1595 1332 laicis,
1619 1263 1783 1321 etiam
1828 1263 2042 1335 religio-

444 1371 546 1434 sis,
591 1366 1051 1438 disponendarum
1102 1360 1472 1417 Ecclesiarnm
1509 1356 1596 1412 vel
1643 1354 2043 1411 ecclesiastica-

447 1476 568 1517 rum
589 1473 776 1515 rerum
805 1456 985 1513 omnis
1008 1453 1241 1509 facultas
1284 1452 1353 1507 ab
1380 1451 1639 1521 apostolis
1666 1449 2041 1521 prohibeatur,

447 1552 797 1627 manifestum
832 1557 916 1605 est
936 1548 1078 1618 quod
1107 1547 1190 1602 eis
1219 1544 1542 1600 investitura
1577 1552 1805 1615 negatur
1833 1541 1902 1595 ab
1928 1540 2045 1611 ipsa

452 1643 718 1711 Vcritate,
750 1640 1016 1696 aChristo
1043 1637 1318 1702 videlicet,
1341 1635 1432 1706 qui
1461 1636 1514 1690 in
1561 1632 1821 1705 apostolis
1856 1630 2046 1701 loque-

450 1735 550 1790 b:.t
571 1751 636 1790 ιτ.
668 1734 819 1802 Quod
851 1744 1031 1787 autem
1077 1730 1327 1785 Christus
1347 1729 1400 1783 in
1431 1726 1690 1798 apostolis
1713 1726 1922 1780 loeutus
1952 1724 2045 1791 sit,

452 1826 654 1883 Paulus
689 1823 963 1896 apostolus
997 1822 1193 1878 asserit
1223 1820 1449 1874 dicens:
1500 1817 1584 1872 An
1629 1817 2046 1885 experimentum

452 1920 571 1989 ejus
599 1882 857 1988 (Interim,
901 1917 991 1986 qui
1028 1917 1081 1969 in
1112 1930 1195 1967 me
1226 1913 1461 1983 loquitur
1485 1882 1769 1965 Christus?
1797 1905 1885 1979 (II
1914 1904 2039 1961 Cor.
2075 1882 2119 1942 Β

452 2025 575 2075 xm,
599 2010 681 2075 5.)
712 2007 845 2063 Cum
879 2008 1038 2077 igitur
1068 2005 1315 2061 Christus
1360 2003 1563 2058 veritas
1612 2001 1705 2067 sit,
1738 2000 1879 2055 sicut
1930 2000 2045 2069 ipse

454 2099 622 2154 dixit:
656 2097 767 2168 Ego
794 2113 909 2151 sum
931 2097 1120 2149 ueritas
1146 2092 1328 2164 ileon.
1358 2108 1474 2157 xtv,
1522 2090 1601 2161 5),
1635 2106 1737 2145 nec
1782 2103 2043 2159 unquam,

454 2190 567 2260 Ego
607 2204 724 2242 sum
773 2184 1134 2249 consuetudo,
1193 2184 1419 2249 dixerit;
1452 2183 1543 2254 qui
1596 2180 1937 2237 Christianus
1965 2187 2050 2235 est

453 2281 754 2343 Chii-tum,
780 2288 836 2333 et
861 2278 952 2349 qui
986 2292 1079 2332 rex
1111 2285 1214 2341 est,
1247 2275 1452 2345 Regem
1497 2288 1704 2342 regum,
1740 2272 1912 2342 ipsam
1943 2271 2050 2326 sci-

455 2373 583 2428 licet
635 2372 941 2434 veritatem,
992 2377 1270 2438 sequatur,
1328 2381 1434 2420 non
1480 2363 1947 2420 consuetudinem.
1988 2361 2047 2416 lu

456 2460 844 2519 ecclesiasticis
874 2457 1329 2529 possessionibus,
1358 2455 1605 2525 quamvis
1622 2470 1719 2510 nec
1740 2455 1792 2509 in
1816 2454 2044 2524 legibus,

456 2572 558 2612 nec
585 2555 638 2610 in
669 2553 964 2608 canonibus
992 2551 1324 2615 inveniatur,
1355 2559 1532 2603 tamen
1565 2556 1784 2617 propter
1817 2546 2048 2601 scandao

457 2649 569 2704 lum
597 2658 650 2702 et
671 2648 910 2702 schisma
946 2646 1245 2709 vitandum,
1287 2643 1412 2697 talis
1452 2638 1619 2711 284
1649 2639 1868 2710 regibus
1897 2637 2049 2691 inve-

459 2743 654 2796 stitura
687 2739 1029 2802 conceditur,
1060 2744 1116 2790 ut
1146 2751 1245 2791 nec
1273 2735 1372 2805 ipsi
1411 2744 1634 2804 propter
1664 2732 1767 2785 hoc
1804 2738 2049 2798 pereant,

462 2850 562 2888 nec
592 2840 780 2887 sancta
811 2829 1048 2911 Ecclesia
1081 2829 1470 2884 detrimentum
1525 2828 1786 2898 patiatur.
1828 2824 2054 2879 Investi-

462 2934 640 2979 turam
670 2938 767 2992 per
814 2923 1023 2994 virgam
1076 2932 1130 2976 et
1156 2920 1415 2975 annulum
1458 2918 1727 2988 accipere,
1763 2917 1864 2971 nisi
1898 2932 1927 2969 a
1954 2930 2053 2971 suo

461 3025 866 3081 consecratore,
899 3012 1242 3069 manifestum
1276 3019 1359 3067 est
1385 3025 1508 3066 esse
1550 3010 1894 3074 damnosum,
1928 3008 2054 3076 quia

465 3110 595 3166 nulli
620 3110 758 3163 laico
784 3108 910 3162 licet
939 3106 1027 3161 illa
1060 3104 1319 3160 Ecclesiae
1347 3110 1691 3160 sacramenta
1725 3102 1876 3166 dare,
1914 3099 2055 3154 sicut

2138 620 2384 676 defendis
2413 619 2602 674 villas?
2626 617 2832 680 divino,
2877 631 2945 670 an
2975 614 3244 669 humano?
3272 613 3633 681 Divinumjns
3677 618 3731 671 in

2140 711 2442 783 Scr'pturis
2469 710 2749 770 habemus.
2778 707 3181 776 humauumjns
3202 707 3254 760 in
3288 707 3499 777 legibus
3527 722 3728 778 regum.-

2142 802 2296 860 Unde
2322 803 2554 871 quisque
2583 800 2842 871 possidet,
2890 799 3034 870 quod
3087 798 3358 868 possidet,
3392 813 3575 853 nonne
3616 799 3732 867 jure

2140 893 2414 950 humano?
2444 908 2566 948 nam
2592 892 2717 961 jure
2747 892 2932 947 divino
2963 908 2976 945 :
3006 890 3216 946 Domini
3240 900 3315 946 est
3342 901 3486 945 terra
3530 901 3579 945 et
3631 892 3734 961 ple-

2142 987 2325 1042 nitudo
2350 987 2465 1058 ejus
2490 984 2665 1050 (Psal.
2695 1000 2853 1045 xxm.
2897 986 2972 1055 1).
3003 985 3274 1054 Pauperes
3299 993 3354 1039 et
3375 985 3576 1040 divites
3601 985 3735 1041 Deus

2141 1079 2208 1135 de
2236 1094 2343 1134 uno
2374 1077 2486 1133 luto
2520 1076 2666 1142 fecit,
2698 1086 2753 1131 ct
2801 1077 2997 1132 divites
3042 1084 3098 1131 et
3158 1090 3424 1147 pauperes
3452 1092 3561 1131 una
3596 1087 3736 1133 terra

2142 1179 2444 1241 supportat.
2472 1167 2601 1225 Jure
2631 1178 2807 1224 tamen
2842 1168 3079 1222 humano
3100 1167 3239 1221 dicis
3264 1185 3277 1221 :
3305 1166 3433 1221 lianc
3476 1182 3598 1221 mea
3619 1167 3734 1221 villa

2142 1272 2247 1327 est,
2275 1262 2389 1317 haec
2411 1262 2603 1317 domus
2638 1276 2774 1324 mea,
2804 1260 2892 1316 hic
2924 1274 3115 1315 servus
3143 1273 3296 1314 meus
3322 1268 3425 1314 est.
3456 1258 3591 1314 Jure
3616 1275 3738 1331 ergo

2143 1352 2407 1418 humano,
2431 1350 2556 1421 jure
2591 1352 3009 1421 imperatorum,
3040 1352 3246 1420 quare?
3280 1351 3407 1420 quia
3455 1351 3572 1421 ipsa
3621 1352 3739 1423 jura

2146 1444 2380 1499 humana
2412 1458 2509 1513 per
2538 1443 2896 1511 imperatores
2925 1451 2981 1496 et
3025 1456 3188 1509 reges
3219 1441 3402 1496 smcnli
3460 1440 3610 1495 Deus
3638 1441 3742 1497 dis-

2148 1538 2340 1615 tribuit
2371 1537 2626 1593 Ecclesize
2670 1551 2802 1590 sum.
2842 1554 2861 1587 ι
2904 1535 3139 1589 Possunt
3183 1534 3367 1603 itaque
3415 1534 3536 1588 sine
3577 1531 3742 1588 oll'en-

2148 1631 2299 1686 sione
2325 1630 2495 1702 leges,
2522 1636 2645 1700 post
2675 1628 3000 1683 electionem
3025 1626 3342 1682 canonicam
3366 1634 3423 1680 et
3450 1639 3742 1680 consecra-

2150 1720 2908 1792 tionem,perinvestituram
2959 1715 3193 1787 regalem
3251 1715 3304 1769 in
3359 1714 3745 1770 ecclesiasticis

2151 1814 2589 1886 possessionibus
2616 1810 3051 1875 concessionem,
3095 1808 3355 1862 auxilium
3386 1817 3441 1863 et
3466 1806 3741 1861 defensio-

2148 1925 2269 1965 nem
2291 1909 2546 1980 episcopo
2575 1906 2727 1971 dare,
2756 1903 2899 1975 quod
2922 1900 3162 1983 quolibet
3182 1900 3334 1972 signo
3359 1900 3563 1955 factum
3584 1899 3746 1955 exsti-

2148 2003 2299 2065 terit,
2329 2001 2441 2069 regi
2478 1999 2563 2054 vel
2593 1996 2859 2068 pontiﬁci,
2891 2010 2985 2050 seu
3015 1993 3303 2049 catholicae
3334 1992 3460 2047 ﬁdei
3515 2007 3624 2046 non
3662 2005 3748 2045 no-

2148 2093 2311 2150 cebit.
2371 2091 2553 2149 Voluit
2599 2091 2774 2146 bonus
2831 2088 3094 2143 Dominus
3139 2095 3194 2141 et
3245 2086 3511 2156 magister
3569 2094 3750 2140 noster

2148 2185 2395 2242 Christus
2422 2182 2758 2255 spiritualem
2782 2180 3023 2253 gladium
3072 2187 3129 2233 et
3164 2178 3503 2233 materialem
3543 2191 3666 2232 esse
3692 2178 3743 2230 in

2151 2275 2467 2332 defensione
2506 2274 2782 2330 Ecclesiae.
2816 2271 2970 2338 Quod
3001 2269 3044 2325 si
3085 2268 3222 2324 alter
3255 2269 3323 2323 ab
3363 2267 3541 2323 altero
3575 2278 3754 2321 retun-

2151 2364 2320 2432 ditur,
2348 2366 2453 2421 hoe
2485 2365 2545 2420 ﬁt
2588 2373 2778 2419 contra
2831 2361 2976 2416 illius
3023 2358 3377 2415 voluntatem.
3433 2356 3552 2411 Hac
3600 2372 3754 2413 occa.

2151 2457 2305 2512 sione
2330 2456 2395 2511 de
2424 2470 2591 2526 regno
2617 2452 2828 2525 justitia
2857 2451 3088 2515 tollitur,
3126 2458 3181 2504 et
3212 2464 3317 2519 pax
3367 2449 3435 2504 de
3489 2447 3751 2512 Ecclesia,

2152 2546 2405 2602 scandala
2452 2546 2788 2601 suscitantur
2817 2552 2873 2598 et
2906 2542 3228 2605 schismata,
3257 2548 3313 2594 et
3356 2538 3417 2593 ﬁt
3446 2539 3751 2594 animarum

2152 2638 2386 2710 perditio
2425 2636 2585 2693 simul
2610 2645 2665 2690 et
2694 2649 3005 2705 corporum.
3030 2633 3096 2687 Et
3112 2634 3237 2688 dum
3255 2645 3482 2699 regnum
3510 2641 3569 2686 et
3596 2630 3756 2702 286

2154 2730 2540 2793 sacerdotium,
2574 2743 2742 2783 unum
2785 2727 2852 2781 ab
2884 2725 3074 2790 altero,
3109 2724 3481 2794 impugnatur,
3536 2722 3752 2792 pericli-

2155 2836 2305 2884 tatur
2321 2836 2635 2896 utrumque.
2656 2824 2790 2880 Nam
2826 2839 2919 2880 rex
2948 2832 3003 2878 et
3031 2822 3310 2876 Romanus
3338 2817 3608 2890 pontifex,
3636 2829 3754 2871 cum

2155 2936 2297 2977 unus
2324 2929 2514 2976 contra
2554 2918 2743 2983 alium,
2790 2918 2928 2972 alter
2979 2930 3078 2985 pro
3135 2913 3286 2984 regni
3340 2908 3753 2973 consuetudine,

2155 3013 2294 3068 alter
2330 3027 2434 3082 pro
2465 3010 2723 3065 Ecclesiae
2757 3009 3007 3062 libertate
3038 3005 3290 3076 erigitur,
3332 3018 3562 3071 regnum
3615 3001 3754 3056 illam

2158 3103 2606 3159 consuetudinem
2644 3100 2892 3156 obtinere
2938 3113 3038 3154 nec
3084 3105 3287 3168 potest,
3335 3110 3436 3149 nec
3462 3093 3683 3163 poterit,
3704 3099 3756 3146 et

463 3204 514 3259 ei
549 3218 656 3256 non
689 3201 812 3255 licet
846 3200 1157 3270 episcopum
1191 3210 1531 3253 consecrare.
1577 3195 1685 3250 Res
1730 3193 1893 3249 etiam
1936 3207 2058 3262 Quae
2084 3230 2126 3288 ο
2159 3194 2400 3251 Ecclesia
2430 3209 2542 3248 sum
2570 3191 2843 3247 libertatis
2871 3188 3072 3244 amittit
3101 3187 3414 3258 plurimum.
3472 3182 3589 3238 Rex
3622 3197 3755 3251 pra:-

467 3290 635 3346 semel
665 3288 920 3345 Ecclesiae
936 3288 1073 3343 datae
1094 3296 1240 3352 sunt,
1272 3301 1429 3357 reges
1456 3286 1650 3341 iterum
1673 3298 1768 3339 eas
1796 3283 1947 3348 dare,
1973 3280 2056 3336 vel

467 3384 534 3438 de
572 3381 704 3451 ipsis
744 3380 1026 3443 investire,
1085 3394 1187 3434 nec
1238 3378 1448 3434 deberi.
1514 3391 1615 3431 nec
1666 3373 2059 3430 convenienter

466 3480 713 3543 possunt.
744 3469 878 3525 Nam
916 3469 1077 3524 alicui
1103 3468 1234 3523 dare
1262 3468 1405 3537 quod
1441 3465 1628 3529 habet,
1662 3474 1719 3521 et
1745 3466 1813 3519 de
1837 3463 1942 3519 hoc
1973 3464 2056 3518 in-

466 3561 669 3622 matire
693 3558 935 3640 aliquem
959 3557 1105 3638 quod
1140 3556 1227 3612 ille
1250 3556 1364 3628 jam
1398 3564 1567 3621 tenet,
1597 3553 1927 3624 superﬂuum
1974 3561 2059 3609 est

466 3669 524 3719 ct
563 3674 794 3725 vanum;
847 3672 958 3712 non
1017 3664 1200 3710 tamen
1256 3646 1474 3709 vitlmur
1525 3644 1901 3702 criminosum.
1940 3643 2059 3699 Alia

469 3751 655 3819 utique
676 3758 758 3802 est
785 3746 1126 3811 investitura,
1167 3760 1288 3815 qua:
1309 3744 1624 3816 episcopum
1667 3736 1904 3809 perﬁcit,
1953 3734 2059 3790 alia

470 3857 603 3898 vero
647 3855 769 3912 qua:
799 3839 1111 3909 episcopum
1148 3837 1341 3909 pascit.
1371 3836 1459 3890 Illa
1489 3849 1554 3889 ex
1604 3834 1787 3889 divino
1809 3828 1937 3903 jure
1964 3829 2063 3886 lia-

471 3936 649 3995 betur,
682 3935 784 3988 ista
811 3930 1302 4000 exjurehumano.
1348 3929 1615 3985 Subtrahe
1661 3927 1750 3998 jus
1795 3925 2059 3991 divinum,

472 4026 827 4099 spiritualiter
849 4025 1135 4095 episcopus
1159 4039 1263 4077 non
1294 4032 1534 4078 creatur.
1561 4015 1942 4086 Subtrahejus
1969 4018 2064 4072 hu-

474 4133 717 4185 manum,
750 4118 1121 4187 possessiones
1163 4115 1387 4179 amittit,
1436 4114 1633 4184 quibus
1665 4112 1779 4182 ipse
1818 4124 2066 4179 corpora-

478 4210 604 4268 liter
652 4218 1013 4265 sustentatur.
1066 4207 1183 4263 Non
1232 4209 1377 4263 enim
1425 4204 1798 4277 possessiones
1843 4201 2066 4256 haberet

473 4301 857 4367 Ecclesia,nisi
893 4299 994 4355 sibi
1035 4315 1065 4353 a
1095 4298 1314 4369 regibus
1363 4297 1720 4359 donarentur,
1748 4302 1804 4347 et
1847 4291 1915 4345 ab
1938 4290 2067 4360 ipsis

477 4410 585 4449 non
627 4392 845 4462 quidem
879 4390 1077 4445 divinis
1105 4388 1482 4450 sacramentis,
1511 4385 1605 4441 sed
1637 4382 2069 4456 possessionibus

479 4485 709 4540 terrenis
735 4481 1143 4536 iuvestirentnr.
1188 4479 1266 4533 Ex
1320 4478 1441 4548 jure
1476 4476 1655 4530 divino
1708 4473 1924 4543 regibus
1952 4470 2073 4540 qui-

2161 3299 2310 3346 terea
2333 3295 2682 3343 sacrosancta
2706 3282 3089 3341 communione
3104 3280 3308 3352 pariter
3334 3286 3390 3333 et
3418 3276 3569 3347 regia
3593 3274 3760 3344 digni-

2157 3389 2273 3438 tate
2296 3381 2570 3451 privatur;
2622 3392 2653 3431 a
2695 3375 2942 3431 Romano
2966 3387 3100 3428 vero
3155 3368 3412 3440 pon:iﬁce
3455 3366 3644 3423 multis
3670 3365 3759 3436 qui

2160 3474 2261 3529 sibi
2290 3470 2495 3528 servire
2521 3469 2837 3533 debuerant,
2870 3464 3193 3521 necessitate
3221 3470 3450 3531 cogente
3474 3459 3711 3514 servitur
3740 3474 3753 3511 :

2159 3574 2216 3624 et
2266 3565 2424 3636 quia
2470 3562 2726 3635 pontiﬁce
2774 3560 3047 3615 docendus
3092 3564 3234 3622 erat,
3289 3562 3343 3609 et
3393 3553 3673 3607 ducendus
3723 3565 3757 3606 a

2163 3672 2303 3729 rege,
2347 3671 2441 3711 rex
2478 3665 2534 3709 et
2560 3651 2800 3726 pontifex
2828 3649 3080 3723 populum
3110 3647 3376 3716 sequitur.
3438 3643 3617 3697 liabet
3660 3656 3757 3694 au-

2165 3757 2272 3805 tem
2310 3745 2552 3804 Ecclesia
2603 3758 2815 3814 pacem,
2848 3749 2903 3797 et
2945 3754 3170 3810 regnum
3197 3735 3469 3807 justitiam
3508 3752 3522 3787 :
3569 3731 3763 3787 habeat

2164 3855 2257 3897 rex
2284 3836 2750 3898 consuetudinem,
2780 3832 2876 3887 sed
2900 3832 3118 3894 bonam,
3148 3843 3252 3882 non
3283 3840 3445 3896 quam
3507 3820 3649 3877 male
3673 3833 3763 3876 re-

2163 3930 2361 4006 poscit,
2391 3928 2484 3986 sed
2525 3941 2687 3998 quam
2714 3939 2876 3994 supra
2911 3922 3148 3975 diximus
3199 3916 3601 3972 investitnram.
3660 3909 3764 3965 Ha—

2164 4025 2290 4080 beat
2319 4019 2558 4077 Ecclesia
2587 4031 2741 4072 suam
2768 4015 3096 4076 libertatem,
3128 4008 3220 4065 sed
3271 4019 3621 4073 summopere
3672 4017 3764 4056 ca-

2167 4123 2311 4179 veat,
2346 4128 2415 4168 ne
2440 4110 2567 4166 dum
2595 4108 2755 4164 nimis
2776 4103 3101 4168 emunxcrit,
3139 4102 3318 4157 eliciat
3347 4099 3688 4171 sanguinem,
3711 4102 3765 4149 et

2170 4204 2299 4260 dum
2332 4201 2632 4273 rubiginem
2655 4198 2723 4253 de
2743 4210 2873 4252 vase
2900 4202 3128 4250 conatur
3156 4191 3403 4257 eradere,
3444 4204 3543 4242 vas
3589 4187 3763 4255 ipsum

2172 4295 2473 4367 frangatur.
2501 4293 2611 4348 Hoc
2626 4302 2710 4347 est
2730 4289 3058 4361 praecipuum
3082 4284 3425 4341 discretionis
3440 4281 3766 4345 membrum,

2172 4402 2242 4442 ne
2272 4385 2393 4455 quis
2417 4383 2656 4456 qualibet
2680 4380 2895 4435 actione
2921 4375 3175 4432 Ecclesia:
3200 4389 3231 4428 a
3280 4372 3482 4428 Satana
3528 4371 3767 4425 circum-

2175 4476 2443 4531 veniatnr.
2482 4472 2635 4527 'l‘unc
2659 4471 2803 4525 enim
2834 4484 2863 4522 a
2893 4467 3096 4522 Satana
3141 4466 3263 4535 quis
3316 4460 3766 4526 circumvenitur,

478 4574 600 4629 dem
626 4580 682 4628 et
711 4570 1130 4639 imperatoribus
1160 4568 1540 4629 dominamur;
1593 4564 1725 4633 ipsis
1777 4573 1956 4616 tamen
2004 4575 2070 4615 ex
2102 4574 2150 4634 ι)
2177 4567 2392 4638 quando
2420 4565 2520 4621 sub
2548 4564 2726 4634 Specie
2747 4560 2972 4630 justitia:
3013 4557 3161 4611 illum
3192 4571 3286 4625 per
3314 4553 3539 4610 nimiam
3601 4550 3771 4606 ιι-ὶςιί.

479 4671 669 4727 eadem
693 4669 841 4742 jure,
869 4666 994 4737 quia
1027 4662 1231 4717 Christi
1257 4658 1467 4712 Domini
1502 4665 1647 4719 sunt,
1694 4655 1955 4709 honorem
1983 4655 2076 4709 de-

481 4762 675 4820 bemus
713 4772 769 4817 et
813 4754 1204 4816 reverentiam,
1252 4750 1395 4805 sicut
1433 4748 1563 4804 dicit
1590 4745 1925 4816 Apostolus:
1975 4743 2076 4799 lie-

482 4870 597 4926 gent
653 4850 957 4907 reueremini
1019 4845 1086 4912 (Ι
1117 4842 1266 4900 Petr.
1324 4859 1384 4911 ll,
1433 4844 1496 4899 17
1527 4843 1566 4912 ).
1614 4840 1696 4895 Ex
1728 4839 1852 4910 jure
1895 4848 2074 4893 autem

486 4947 726 5002 humano
759 4951 967 4997 tantum
996 4939 1104 4994 illis
1151 4937 1430 5003 debemus,
1467 4942 1731 5004 quantum
1778 4932 2079 5002 possessio-

485 5052 585 5094 nes
608 5035 662 5090 di
688 5034 904 5106 igimus.
936 5034 1133 5104 quibus
1161 5031 1230 5086 ab
1257 5030 1410 5102 ipsis,
1440 5029 1518 5084 vel
1545 5044 1574 5082 a
1611 5025 1931 5098 parentibus
1962 5025 2079 5079 suis

485 5127 730 5184 Eccles'a
782 5125 950 5179 ditata
998 5132 1052 5178 et
1090 5122 1341 5177 investita
1392 5118 1749 5189 dignoscitur.
1809 5113 1965 5189 Unde
2016 5114 2076 5167 Β.

487 5217 827 5289 Augustinus
855 5231 1017 5285 super
1044 5213 1308 5271 Joannem
1338 5213 1414 5267 sic
1447 5211 1686 5282 loquitur
1718 5228 1732 5265 :
1770 5228 1789 5262 ‹
1842 5208 1961 5264 Noli
1993 5208 2080 5263 div

488 5326 636 5372 cere,
674 5308 815 5375 Quid
846 5308 976 5362 mihi
1006 5316 1061 5362 et
1087 5305 1405 5376 regi?Quid
1446 5304 1538 5359 tibi
1601 5312 1658 5359 et
1707 5301 2082 5373 possessioni?

493 5402 631 5457 Nam
657 5416 754 5470 per
776 5398 898 5467 jura
931 5412 1117 5468 regum
1158 5394 1321 5467 285
1377 5394 1746 5464 possessiones
1792 5392 2084 5447 habentur.

490 5495 548 5551 Si
580 5508 712 5550 vero
734 5493 958 5559 dixeris,
1007 5491 1147 5560 Quid
1179 5489 1308 5544 mihi
1344 5498 1399 5543 et
1426 5478 1574 5558 regi?
1628 5485 1733 5541 noli
1763 5485 1875 5555 jam
1907 5483 2087 5539 dicere

492 5591 867 5664 possessiones
897 5598 1040 5652 tuas,
1070 5584 1195 5654 quia
1223 5583 1290 5637 ad
1321 5582 1434 5651 ipsa
1459 5579 1606 5646 jura,
1639 5578 1838 5647 quibus
1870 5589 2086 5644 posses-

495 5683 679 5738 siones
711 5678 1074 5752 possidentur.
1106 5670 1457 5728 renuntiasti.
1500 5668 1634 5722 Nam
1656 5668 1953 5723 secundum
1993 5664 2086 5734 jus

496 5776 888 5846 imperatorum
939 5769 1187 5841 possides
1218 5776 1458 5820 terrena.
1496 5762 1647 5817 Tolle
1698 5761 2087 5829 imperatorum

492 5844 642 5939 μή,
675 5863 796 5935 qius
829 5861 991 5916 attst
1022 5858 1226 5925 dicere,
1251 5853 1369 5910 Mea
1400 5862 1485 5909 cst
1517 5852 1603 5907 illa
1643 5847 1790 5914 villa,
1826 5856 1917 5901 aut
1944 5844 2090 5901 Meus

2180 4661 2308 4714 tiam
2333 4658 2512 4730 perire
2538 4655 2823 4723 contingit,
2856 4654 2947 4722 qui
2990 4649 3164 4721 potuit
3192 4647 3408 4702 liberari
3443 4660 3543 4715 per
3591 4642 3770 4698 indul-

2179 4748 2438 4820 gentiam.
2471 4745 2735 4800 Przeterea
2761 4743 2936 4797 bonus
2976 4748 3031 4795 et
3061 4740 3328 4795 diseretus
3356 4735 3696 4805 Augustinus
3719 4732 3770 4785 in

2180 4837 2408 4909 epistola
2437 4838 2505 4892 ad
2532 4833 2948 4890 Parmenianum
2980 4831 3110 4885 dicit
3142 4829 3341 4882 vix'aut
3370 4839 3648 4894 nunquam
3679 4837 3772 4875 ex-

2178 4927 2688 4984 communicandum
2709 4938 2831 4979 eum
2863 4935 2984 4978 esse
3021 4920 3111 4990 qui
3146 4918 3197 4972 in
3246 4914 3391 4972 malo
3417 4928 3583 4983 opere
3612 4910 3776 4966 obsti-

2181 5037 2366 5083 natam
2394 5017 2792 5078 multitudinem
2844 5012 3009 5067 habet
3038 5023 3244 5063 secum.
3278 5004 3411 5059 Nam
3444 5001 3775 5058 tolerabilius

2184 5121 2397 5175 videtur
2424 5114 2513 5169 nni
2537 5122 2780 5182 parcere,
2814 5120 2881 5158 ne
2913 5104 2964 5157 in
2997 5099 3241 5156 Ecclesia
3270 5096 3507 5152 schisma
3543 5094 3776 5150 semine-

2178 5203 2276 5264 tur
2305 5204 2682 5277 plurimorum.
2717 5196 2782 5250 Et
2828 5191 3171 5248 beatissimus
3225 5188 3413 5242 doctor
3461 5191 3518 5237 et
3576 5192 3779 5252 martyr

2187 5275 2487 5369 Cyprianus
2516 5288 2736 5350 asserit,
2766 5285 2995 5340 dicens:
3030 5279 3193 5350 287
3246 5275 3495 5333 Schisma
3544 5288 3656 5328 non
3701 5277 3781 5326 est

2188 5361 2492 5442 faciendum
2526 5377 2741 5434 etiamsi
2772 5377 2822 5430 in
2847 5374 3036 5429 eadem
3075 5372 3200 5433 fide,
3224 5377 3278 5423 et
3318 5367 3371 5420 in
3393 5364 3591 5420 eadem
3622 5361 3781 5417 tradi-

2190 5478 2337 5533 tione
2360 5489 2467 5529 non
2491 5476 2805 5542 permaneat
2835 5467 2925 5536 qui
2953 5463 3177 5519 recedit.
3211 5461 3277 5515 Et
3306 5456 3571 5513 Salomon
3604 5456 3657 5509 in
3686 5451 3784 5508 Ec—

2172 5562 2475 5625 ‘clesiaste:
2509 5560 2766 5617 Scindem
2809 5556 2952 5626 ligna
2982 5550 3359 5623 periclitabitur
3388 5549 3443 5601 in
3478 5547 3581 5610 eis,
3628 5547 3674 5599 si
3699 5557 3785 5598 ex-

2192 5657 2373 5714 ciderit
2402 5655 2600 5724 ferrum
2626 5647 2828 5719 (Eccle.
2859 5662 2911 5711 κ,
2935 5644 3012 5711 9).
3042 5645 3175 5699 ltem
3204 5642 3257 5694 in
3285 5639 3505 5692 Exodo:
3535 5635 3607 5691 In
3632 5636 3784 5689 domo

2194 5762 2302 5800 una
2330 5742 2662 5802 comedetur;
2701 5751 2804 5791 non
2855 5733 3073 5802 ejicietis
3103 5732 3166 5783 de
3196 5728 3352 5782 domo
3380 5742 3597 5780 carnem
3644 5730 3786 5795 [oras

2198 5834 2394 5909 (Exod.
2440 5849 2538 5896 xu,
2572 5830 2682 5890 46).
2722 5828 2797 5882 Ex
2852 5825 3047 5896 quibus
3102 5819 3280 5877 verbis
3343 5816 3624 5887 colligitur
3668 5827 3788 5870 cum
