4034 6364
287 335 390 392 Sil
1643 347 2032 406 OPUSCULA.
2065 382 2132 394 -—
2161 351 2268 407 VII.
3477 359 3592 415 222

288 469 397 506 non
441 453 1020 509 excommunicandum
1067 471 1186 511 esse
1227 455 1317 526 qui
1349 458 1744 515 multitinlinem
1792 462 1881 515 ha-
1917 470 1961 527 Α
1990 463 2157 527 mitti,
2188 463 2289 518 nisi
2323 463 2372 518 in
2409 477 2474 518 ea
2509 471 2720 521 tantum
2745 463 3090 532 necessitate,
3123 467 3214 522 ubi
3249 468 3470 526 timetur
3515 491 3583 530 ne

282 541 381 618 bet
412 557 622 603 secum,
656 560 724 597 ne
773 547 898 598 dum
947 563 1113 600 unum
1155 550 1428 617 corrigere
1482 551 1722 616 nitimur,
1759 569 1886 624 per-

285 633 428 688 ditio
487 633 579 688 ﬁat
625 633 940 691 multorum.
994 637 1109 694 Hoc
1170 639 1334 696 etiam
1397 641 1758 715 Hieronymus
1819 645 1886 700 ad

283 734 650 807 Augustinum
707 736 917 802 scribit,
973 740 1160 794 dicens
1211 743 1374 810 quod,
1416 745 1710 800 secundum
1756 747 1887 801 hea-

287 838 467 881 torum
499 843 546 895 a,
569 829 864 884 ololorum
898 831 1044 887 Petri
1087 844 1142 888 et
1186 835 1334 890 Pauli
1377 839 1742 907 prudentiam,
1774 841 1888 895 dis-

282 922 771 990 pensationenique
814 923 1116 986 honestam,
1161 927 1451 998 aliquando
1503 930 1616 986 ﬁeri
1661 949 1884 989 necesse

280 1021 370 1065 est
419 1011 562 1081 quod
604 1013 726 1082 jure
775 1016 1212 1086 reprehenditur,
1257 1038 1323 1076 ne
1370 1023 1693 1079 Christiana:
1741 1025 1882 1095 plebi

282 1102 601 1157 scandalum
669 1106 898 1162 oriatur.
948 1112 1083 1166 Nam
1151 1123 1374 1182 propter
1419 1126 1620 1169 metum
1670 1115 1884 1174 Judan-

278 1205 424 1258 rum,
470 1208 537 1248 ne
584 1195 682 1266 ipsi
720 1202 1240 1271 scandalizarentur,
1264 1217 1317 1260 et
1348 1207 1567 1275 Paulus,
1605 1217 1728 1278 post
1751 1226 1883 1265 con-

279 1285 614 1357 versionem,
664 1290 1005 1349 Timotheum
1053 1297 1438 1354 circumcisum
1480 1300 1624 1365 fecit,
1660 1312 1716 1358 et
1771 1319 1878 1358 cte-

279 1380 560 1434 I'emonias
586 1383 749 1437 etiam
780 1388 1021 1441 exercuit
1047 1386 1381 1457 Iudaeorum,
1410 1401 1464 1446 et
1491 1391 1684 1449 Petrus
1705 1396 1884 1467 coegit

281 1471 552 1536 quosdam
628 1472 917 1533 Judaizare
986 1481 1292 1550 gentilium,
1353 1495 1584 1554 uterque
1659 1497 1881 1544 sanctus

276 1563 560 1630 apostolus
603 1567 868 1624 simulans
915 1585 974 1626 se
1009 1573 1208 1629 veteris
1260 1575 1393 1646 legis
1431 1586 1698 1647 praecepta
1765 1595 1882 1635 ser-

277 1665 432 1718 vare,
462 1670 530 1709 ne
556 1656 646 1724 qui
676 1657 858 1714 ﬁdeles
875 1676 938 1716 ex
957 1661 1157 1718 Iudaeis
1179 1665 1305 1720 facti
1325 1665 1540 1721 fuerant
1565 1679 1878 1738 susceptam

277 1745 533 1801 veritatis
573 1749 823 1805 notitiam
871 1756 1222 1811 scandalizati
1277 1769 1560 1829 negarent.
1608 1761 1877 1819 Fecerunt

1991 555 2327 624 periclitetur
2369 557 2522 624 ﬁdes,
2555 567 2609 614 et
2662 557 2792 612 illud
2829 568 2949 628 post
2988 558 3209 614 modum
3251 563 3578 634 corrigatur.

1988 645 2123 700 Nam
2153 649 2242 716 qui
2269 648 2405 702 mala
2433 647 2640 704 faciunt
2659 659 2716 702 ut
2737 650 2958 704 veniant
2988 651 3355 716 bona,horuin
3375 654 3590 726 justam,

1987 750 2110 792 esse
2146 739 2551 794 damnationem
2587 740 2786 794 Paulus
2814 743 3088 811 apostolus
3134 756 3489 813 protestatur.
3520 751 3580 807 Si

1989 830 2114 898 quis
2138 847 2268 886 vero
2291 831 2450 886 aliter
2475 833 2524 886 in
2561 832 2804 887 Ecclesia
2831 835 3272 905 dispensationes
3287 840 3436 906 facit,
3486 859 3580 898 ra-

1987 919 2119 974 tioni
2148 921 2310 974 simul
2355 930 2408 975 et
2443 922 2658 976 veritati
2716 925 3066 990 contradicit,
3110 943 3210 983 nec
3260 931 3434 984 solum
3495 931 3581 984 lu-

1986 1025 2206 1065 cernam
2237 1012 2517 1066 ardentem
2551 1027 2658 1065 non
2687 1012 2871 1075 habet,
2909 1029 3096 1068 verum
3143 1019 3308 1072 etiam
3351 1020 3578 1074 aliorum

1984 1104 2236 1157 ardentes
2261 1105 2578 1174 exstinguit.
2606 1105 2670 1160 Et
2700 1107 2820 1163 ideo
2839 1126 2945 1164 non
2973 1121 3118 1166 recte
3148 1113 3576 1184 (licittirﬁilii'isti

1986 1195 2243 1262 vicarius,
2267 1198 2362 1251 sed
2394 1197 2502 1253 dux
2527 1207 2609 1254 est
2640 1215 2908 1256 caecorum
2938 1203 3050 1272 ipse
3081 1219 3278 1260 caecus.

2740 1313 2826 1368 Vl.

2064 1413 2183 1462 QUE
2224 1416 2351 1456 TRIA
2390 1417 2640 1458 ECCLESIA
2676 1419 3024 1460 SPECIALITEB
3067 1423 3274 1462 HABERE
3309 1425 3503 1478 DEBET,

2500 1489 2568 1527 ΔΙ)
2607 1490 2828 1530 ευιιυειι
2866 1492 3058 1531 PAPAM.

2053 1561 2291 1618 Ecclesia
2329 1580 2542 1634 semper
2588 1567 2852 1622 catholica
2880 1609 2894 1634 ,
2933 1568 3125 1636 libera,
3157 1580 3206 1624 et
3253 1580 3401 1626 casta
3452 1587 3576 1628 esse

1984 1651 2160 1706 debet.
2209 1653 2514 1722 Catholica,
2563 1657 2692 1726 quia
2731 1673 2832 1712 nec
2867 1659 3025 1714 vendi
3061 1660 3244 1724 debet,
3289 1676 3388 1716 nec
3429 1664 3571 1727 emi;

1983 1744 2176 1812 libera,
2208 1747 2338 1816 quia
2396 1750 2642 1804 saeculari
2691 1753 2944 1820 potestati
2985 1770 3090 1807 non
3140 1755 3300 1810 debet
3346 1755 3572 1824 subjici;

273 1837 385 1892 hoc
415 1840 592 1894 sancti
623 1845 853 1909 apostoli
889 1846 1228 1903 misericordi
1265 1859 1318 1904 αι
1347 1822 1434 1919 ᾖξε,
1477 1855 1874 1922 compassione,
1911 1822 1954 1880 Β
1982 1847 2159 1902 casta,
2191 1840 2317 1908 quia
2370 1841 2680 1896 nullatenus
2711 1843 2868 1897 debet
2915 1844 3235 1900 muneribus
3275 1847 3572 1916 corrumpi.

273 1944 389 1982 non
420 1931 771 1988 simulatione
809 1935 1012 2002 fallaci,
1043 1942 1293 2008 quamvis
1332 1943 1502 2014 legem
1545 1957 1666 2016 post
1707 1948 1880 2002 Evan-

269 2019 483 2088 gelium
522 2037 627 2077 non
657 2040 778 2080 esse
808 2029 1131 2083 servandam
1163 2032 1386 2088 minime
1412 2035 1740 2092 dubitarent.
1776 2038 1878 2094 Ubi

265 2110 612 2168 beatissima:
669 2116 794 2171 vitm
849 2118 952 2172 viri
1033 2121 1413 2192 intelliguntur
1483 2141 1593 2181 non
1657 2129 1876 2196 quidem

267 2211 646 2258 commutasse
687 2206 997 2275 consilium,
1036 2212 1131 2266 sed
1175 2213 1241 2267 ad
1277 2214 1466 2269 horam
1514 2231 1612 2285 pro
1645 2217 1877 2272 aliorum

269 2296 457 2348 Salute
484 2311 595 2350 sua:
626 2298 888 2353 doctrinae
909 2305 1256 2358 sententiam.
1289 2305 1347 2361 Si
1373 2307 1439 2362 de
1475 2311 1728 2376 praeseni
1764 2328 1880 2364 ma-

276 2389 419 2441 teria
452 2389 632 2445 minus
651 2391 734 2445 vel
769 2392 930 2448 aliter
971 2396 1104 2463 dixi,
1140 2412 1301 2466 quam
1344 2399 1529 2461 debui,
1552 2401 1876 2472 ignorantiae

272 2478 588 2549 deputetur,
625 2491 680 2537 et
719 2483 1063 2552 indulgeatur
1108 2489 1577 2557 misericorditer;
1614 2493 1656 2546 si
1692 2501 1874 2548 autem

268 2569 440 2640 bene,
467 2572 700 2645 benigne
731 2577 1085 2648 suscipiatur,
1121 2589 1176 2634 ct
1206 2582 1531 2636 observetur
1565 2582 1874 2654 diligenter.

941 2693 1110 2764 288
1151 2693 1211 2749 ν.

393 2797 462 2836 ΑΒ
496 2797 774 2839 οιιιικτυιιι
815 2798 1009 2847 ΡΑΡΛΜ,
1050 2800 1319 2847 QUALITER
1360 2800 1413 2840 IN
1451 2800 1745 2842 ECCLESMM

624 2868 1068 2910 DISPENSATIONES
1104 2871 1246 2910 FIERI
1287 2872 1514 2911 DEBENT.

343 2942 789 3013 Dispensationes
854 2944 1146 3015 aliquando
1206 2945 1554 3002 in.Ecclesia
1607 2945 1872 3024 faciendae

265 3043 420 3100 sunt,
447 3050 552 3090 non
597 3036 815 3105 quidem
851 3053 1040 3095 amore
1072 3039 1336 3110 pecuniae,
1375 3039 1458 3094 vel
1484 3039 1728 3108 quolibn'l.
1768 3027 1872 3094 lin-4

267 3145 438 3186 mano
461 3127 666 3194 favore,
694 3129 786 3185 sed
807 3131 891 3201 pia
921 3139 974 3186 et
1001 3131 1336 3186 misericordi
1370 3131 1691 3186 intentione.
1718 3129 1871 3186 Tunc

263 3222 417 3278 enim
447 3237 477 3276 a
513 3231 730 3292 pastore
779 3221 1036 3278 Ecclesia:
1085 3222 1418 3293 diSpensatio
1451 3223 1538 3292 pia
1569 3231 1624 3278 et
1657 3223 1870 3278 miseri-

263 3313 515 3369 corditer
541 3313 654 3368 ﬁeri
684 3314 948 3379 creditur,
988 3329 1111 3370 cum
1155 3313 1360 3383 aliquid
1409 3315 1590 3370 minus
1631 3313 1870 3384 perfecte

263 3405 338 3460 ad
376 3413 588 3474 tempus
623 3405 681 3460 ﬁt
714 3405 901 3461 abillo
936 3406 1020 3462 vel
1070 3405 1185 3461 ﬁeri
1221 3405 1577 3476 permittitur,
1617 3422 1726 3462 non
1775 3421 1872 3462 vo-

272 3494 497 3550 luntate
559 3510 676 3560 sua,
731 3496 823 3550 sed
867 3496 1096 3550 aliorum
1157 3497 1501 3575 necessitate,
1535 3512 1601 3552 ne
1646 3496 1698 3551 in
1738 3496 1868 3566 ipsis

269 3585 533 3641 videlicet
568 3587 701 3642 ﬁdes
750 3587 1062 3654 Christiana
1117 3588 1476 3657 periclitetur.
1541 3586 1632 3642 Sic
1705 3587 1870 3658 igitur

263 3678 521 3734 facienda
565 3687 649 3734 est
707 3679 1038 3748 dispensatio
1094 3683 1164 3737 ab
1220 3681 1482 3746 Ecclesia,
1537 3689 1596 3734 ut
1643 3695 1864 3750 semper

264 3771 396 3827 ﬁdei
425 3781 626 3826 nostra:
674 3771 880 3829 veritas
935 3774 1258 3841 instruatur,
1283 3783 1335 3830 et
1367 3775 1570 3845 siquid
1600 3772 1762 3829 aliter
1796 3775 1866 3831 ad

263 3866 461 3922 horam
524 3866 724 3924 factum
771 3871 938 3926 fuerit
987 3869 1071 3926 vel
1127 3869 1490 3940 permissum,
1556 3879 1864 3942 opportuno

265 3969 514 4031 tempore
561 3965 888 4034 corrigatur.
928 3963 1044 4018 llac
1075 3964 1308 4019 discreta
1343 3971 1400 4017 et
1428 3971 1616 4018 sancta
1644 3963 1864 4033 dispen-

258 4054 476 4111 satione
507 4055 587 4111 usi
647 4066 774 4112 sunt
823 4057 964 4112 beati
1027 4055 1253 4126 apostoli
1318 4055 1512 4111 Petrus
1559 4063 1614 4110 et
1661 4054 1863 4111 Paulus

264 4154 491 4213 propter
521 4155 724 4200 metum
753 4145 1083 4211 Jndzeorum,
1116 4161 1182 4201 ne
1205 4129 1306 4216 ipsi
1335 4141 1856 4202 scandalizarentur.

261 4230 402 4287 Nam
426 4233 631 4288 Paulus
662 4244 784 4304 post
811 4235 1223 4292 conversionem
1251 4235 1596 4290 Timotheum
1628 4237 1864 4291 circum-

263 4324 438 4378 cisum
474 4325 603 4381 fecit
631 4336 684 4381 et
702 4328 1063 4382 caeremonias
1081 4328 1242 4383 etiam
1261 4324 1856 4394 exercuitJudaeorum;

257 4427 314 4474 et
342 4417 538 4473 Petrus
562 4420 738 4488 coegit
762 4420 1026 4489 quosdam
1054 4419 1343 4478 Judaizare
1364 4423 1665 4494 gentilium.
1697 4421 1859 4478 Uter-

256 4527 364 4581 que
419 4521 642 4567 sanctus
702 4513 982 4583 apostolus
1033 4514 1300 4570 simulans
1351 4529 1413 4570 se
1453 4515 1656 4570 veteris
1721 4515 1856 4588 legis

255 4614 534 4675 prazcepta
572 4621 830 4672 servare,
870 4623 938 4662 ne
987 4608 1080 4678 qui
1132 4608 1320 4664 ﬁdeles
1363 4623 1429 4664 ex
1477 4607 1679 4664 Judaeis
1728 4609 1853 4664 facti

254 4694 497 4761 fuerant,
547 4707 858 4766 susceptam
905 4698 1158 4753 veritatis
1206 4699 1454 4754 notitiam
1500 4699 1852 4754 scandalizati

257 4797 543 4860 negarent.
571 4789 844 4845 Fecerunt
871 4791 975 4846 hoc
1010 4791 1184 4847 sancti
1237 4791 1463 4862 apostoli
1511 4793 1854 4848 misericordi

254 4890 310 4934 et
335 4881 422 4948 pia
443 4882 844 4950 compassione,
871 4898 977 4937 non
1004 4883 1351 4939 simulatione
1369 4881 1575 4950 fallaci;
1606 4884 1854 4954 quamvis

251 4972 431 5041 legem
457 4982 581 5044 post
608 4974 962 5046 Evangelium
996 4993 1100 5032 non
1126 4991 1246 5032 esse
1276 4978 1598 5032 servandam
1631 4977 1854 5032 minime
1912 5047 1917 5051 ἢ

251 5063 594 5119 dubitarent.
647 5064 750 5120 Ubi
783 5067 1118 5122 beatissima:
1157 5068 1282 5122 vitae
1322 5067 1420 5120 viri
1479 5065 1855 5135 intelliguntur

253 5169 365 5208 non
395 5155 615 5224 quidem
659 5167 1028 5214 commutasse
1079 5159 1246 5230 289
1295 5160 1605 5227 consilium,
1655 5163 1750 5218 sed
1783 5164 1852 5219 ad

250 5246 447 5301 horam
471 5263 571 5317 pro
594 5249 825 5304 aliorum
853 5251 1028 5307 salute
1055 5267 1165 5308 suae
1196 5253 1456 5309 doctrina:
1493 5256 1846 5310 sententiam.

249 5335 390 5391 Nam
423 5354 588 5410 super
616 5341 718 5398 hoc
750 5345 893 5412 quod
938 5344 1038 5414 ipsi
1076 5354 1132 5399 et
1173 5345 1264 5400 alii
1297 5347 1457 5402 aliter
1501 5348 1768 5413 fecerant,
1795 5359 1852 5404 et

253 5441 316 5484 se
337 5438 394 5484 et
418 5431 556 5487 alios
585 5443 775 5503 postea
801 5445 1180 5492 correxerunt.
1215 5439 1448 5493 Possunt
1472 5440 1637 5494 etiam
1667 5449 1723 5496 et
1753 5441 1850 5496 de-

248 5523 385 5578 bent
430 5522 550 5579 ﬁeri
613 5527 1073 5595 dispensationes,
1115 5530 1314 5599 quibus
1359 5531 1723 5586 Ecelesiarum
1793 5540 1850 5588 et

256 5617 721 5672 monasteriorum
793 5619 1216 5675 consuetudines
1298 5620 1690 5689 iinmutentur,
1752 5625 1847 5678 sed

249 5703 340 5757 ubi
377 5707 723 5776 postponitur
772 5709 951 5767 minus
992 5712 1212 5776 bonum,
1243 5720 1300 5766 ut
1329 5713 1472 5782 quod
1523 5724 1606 5769 est
1651 5715 1847 5771 melius

252 5794 592 5855 instituatur.
633 5801 688 5856 ln
709 5802 856 5861 nullo
869 5813 1046 5860 autem
1067 5804 1265 5860 malum
1293 5804 1408 5862 ﬁeri
1441 5806 1599 5865 debet
1624 5809 1704 5864 vel
1731 5824 1848 5879 pcr-

1982 1925 2207 1992 Quando
2229 1930 2372 1983 enim
2397 1929 2640 1985 Ecclesia
2660 1932 2911 1985 venditur
2938 1933 3017 1986 vel
3041 1934 3260 2000 emitur,
3283 1945 3576 1991 evacuatur

1982 2019 2138 2090 ﬁdes,
2178 2024 2306 2093 quia
2368 2027 2514 2095 quod
2566 2026 2990 2097 incomparabile
3033 2028 3232 2083 factum
3265 2041 3348 2086 est
3379 2048 3408 2084 a
3441 2033 3572 2100 Deo,

1981 2113 2048 2165 ah
2081 2114 2300 2168 homine
2313 2117 2621 2184 comparari
2661 2131 2820 2184 posse
2847 2117 3170 2172 aestimatur.
3193 2119 3461 2174 Praeterea
3480 2123 3574 2190 qui

1980 2204 2167 2258 vendit
2213 2205 2536 2273 Ecclesium,
2607 2207 2861 2278 cupidum
2907 2205 3100 2262 Judam
3157 2209 3431 2276 imitatur;
3479 2212 3572 2282 qui

1980 2306 2165 2353 autem
2193 2300 2359 2371 29o
2381 2302 2514 2356 emit
2563 2301 2733 2364 illam,
2773 2301 3051 2357 Judaicam
3083 2304 3366 2358 avaritiam
3398 2315 3575 2359 secta-

1983 2399 2094 2444 tur.
2112 2389 2282 2444 Judas
2314 2391 2502 2460 utique
2539 2392 2836 2462 cupiditate
2871 2392 3116 2446 vendidit
3161 2393 3437 2447 Christum
3478 2397 3572 2464 qui

1977 2489 2062 2535 est
2091 2490 2253 2550 caput
2282 2481 2565 2544 Ecclesiae,
2595 2481 2837 2538 etJudati
2870 2482 3098 2536 avaritia
3125 2494 3373 2538 emerunt
3398 2485 3570 2540 illuni.

1977 2571 2204 2639 Quando
2237 2588 2368 2627 vero
2398 2571 2638 2627 Ecclesia
2681 2574 2928 2628 satculari
2963 2577 3221 2644 potestati
3261 2575 3571 2644 subjicitur,

1975 2679 2096 2734 quae
2141 2675 2266 2719 ante
2315 2668 2533 2722 domina
2561 2677 2701 2734 erat,
2755 2667 2950 2721 ancilla
2996 2665 3256 2732 efﬁcitur;
3296 2676 3346 2722 et
3404 2685 3568 2740 quam

1974 2757 2225 2815 Christus
2281 2761 2540 2817 Dominus
2588 2762 2818 2818 dictavit
2868 2762 2921 2816 in
2953 2776 3140 2826 cruce,
3169 2771 3225 2817 et
3266 2764 3420 2832 quasi
3452 2781 3570 2832 pro-

1974 2849 2109 2918 priis
2159 2851 2412 2908 manibus
2449 2853 2518 2907 de
2566 2853 2832 2924 sanguine
2873 2868 2973 2907 suo
3009 2853 3264 2923 scripsit,
3321 2853 3569 2908 chartam

1975 2939 2252 2998 libertatis
2297 2943 2520 2998 amittit.
2584 2943 2735 3000 lianc
2776 2945 2924 2999 enim
2991 2945 3265 3000 libertatis
3320 2946 3568 3000 chartam

1975 3030 2222 3088 Christus
2243 3035 2542 3091 vindicavit
2569 3037 2620 3090 in
2649 3052 2835 3102 cruce,
2865 3045 2917 3092 et
2943 3053 3057 3092 suae
3076 3052 3289 3107 sponsae
3317 3037 3570 3093 Ecclesia:

1899 3168 1945 3231 ο
1976 3136 2074 3191 per
2093 3125 2450 3195 semetipsum
2481 3124 2652 3191 dedit,
2691 3134 2752 3179 ut
2800 3127 3046 3182 homines
3080 3129 3216 3183 alios
3252 3143 3349 3198 per
3378 3143 3558 3198 pecca-

1977 3221 2088 3268 tum
2135 3213 2308 3272 factos
2333 3216 2535 3272 diaboli
2574 3231 2760 3272 servos
2780 3257 2794 3279 ,
2827 3217 2940 3287 ipsa
2969 3217 3135 3273 libera
3164 3219 3366 3274 librros
3385 3229 3442 3275 et
3476 3220 3568 3275 Dei

1973 3304 2114 3361 ﬁlios
2141 3305 2368 3374 faceret,
2385 3317 2441 3363 et
2461 3323 2616 3374 suos,
2638 3308 2728 3377 qui
2753 3309 2853 3364 sibi
2877 3309 3168 3379 diligenter
3191 3312 3483 3375 servirent,
3513 3320 3568 3366 et

1975 3405 2230 3469 tanquam
2256 3399 2410 3454 bona:
2441 3401 2600 3454 matri
2628 3399 2806 3456 devoti
2833 3399 2925 3455 lilii
2961 3401 3237 3457 humiliter
3262 3401 3566 3457 ohedirent.

1974 3488 2125 3546 Tunc
2151 3491 2318 3546 etiam
2377 3492 2637 3549 Ecclesia:
2677 3495 2902 3549 castitas
2950 3495 3172 3550 omnino
3200 3493 3565 3564 periclitatur,

1972 3593 2093 3634 cum
2128 3582 2501 3651 corrumpitur
2531 3584 2644 3654 ipsa
2673 3585 2988 3640 muneribus
3015 3596 3070 3640 et
3093 3599 3157 3640 ex
3187 3599 3338 3642 casta
3371 3597 3426 3642 et
3453 3587 3564 3641 vir-

1969 3670 2099 3742 gine
2121 3689 2318 3743 sponsa
2348 3675 2582 3740 Domini,
2611 3677 2766 3746 quasi
2815 3677 3011 3733 mulier
3041 3679 3253 3748 publica
3296 3679 3568 3734 veraciter

1968 3765 2109 3821 facta
2145 3767 2503 3838 dignoscitur.
2539 3769 2653 3825 Hoc
2704 3771 2848 3825 enim
2881 3782 2964 3826 est
2994 3773 3272 3842 proprium
3315 3774 3567 3828 meretri«

1968 3853 2070 3919 cis,
2103 3863 2163 3909 ut
2198 3871 2415 3926 semper
2440 3859 2540 3914 sub
2583 3861 2762 3930 pretio
2808 3861 3105 3931 redigatur.
3148 3865 3270 3918 Ilaec
3298 3865 3399 3918 tria
3443 3880 3564 3933 qua:

1966 3948 2241 4017 diximus,
2286 3952 2507 4022 proprie
2559 3953 2776 4022 propria
2832 3953 3076 4008 Ecclesia
3126 3954 3329 4010 habere
3368 3955 3564 4021 debet;

1965 4058 2199 4112 quorum
2259 4060 2426 4099 unum
2476 4045 2524 4100 si
2575 4045 2832 4108 defuerit,
2889 4043 3028 4100 falso
3082 4046 3305 4100 nomine
3365 4045 3565 4100 dicitur

1966 4148 2166 4204 sponsa
2196 4134 2434 4198 Christi;
2478 4149 2600 4203 qua:
2650 4133 2797 4188 velut
2835 4133 3135 4204 paralytica
3180 4133 3350 4202 jacet,
3381 4150 3478 4190 nec
3503 4135 3565 4189 li~

1965 4224 2151 4296 gandi,
2177 4238 2282 4280 nec
2311 4222 2555 4278 solvendi
2587 4229 2911 4294 potestatem
2945 4223 3130 4278 habet.
3148 4222 3281 4277 Nam
3308 4223 3561 4280 Christus

1963 4323 2155 4384 pastor
2179 4314 2356 4370 bonus
2384 4327 2639 4385 sponsam
2667 4312 2880 4368 ﬁdelem
2904 4314 3116 4383 quierit,
3150 4313 3354 4383 respuit
3376 4312 3564 4368 inﬁdeo

1963 4404 2092 4469 lem,
2145 4405 2376 4461 liberam
2421 4407 2524 4462 sibi
2563 4405 2762 4468 sociat,
2805 4404 2993 4474 ahjicit
3029 4405 3304 4473 ancillam,
3351 4415 3562 4462 castam

1964 4493 2156 4566 diligit,
2183 4495 2301 4552 odit
2329 4503 2664 4567 corruptam.

2704 4606 2814 4662 VII.

2399 4703 2558 4775 291
2593 4718 2662 4757 ac
2690 4717 2829 4758 suos
2867 4718 3134 4760 ῖωυειιιε.

1957 4811 2230 4884 (Io/fridns
2292 4811 2693 4884 VinAdocinensis
2741 4813 3048 4884 monasterii
3084 4810 3297 4884 humilis
3329 4828 3558 4884 Aservus,

2029 4881 2239 4937 dilectis
2282 4884 2338 4936 in
2366 4881 2579 4936 Christo
2603 4884 2879 4950 discipulis
2913 4881 3198 4937 Hamelino
3221 4891 3269 4936 et
3303 4882 3558 4953 Andreas,

2032 4953 2167 5007 bona
2199 4953 2459 5022 principia
2483 4962 2624 5007 sorte
2658 4953 2866 5008 meliori
2894 4963 3195 5008 term-.nare.

2030 5061 2212 5118 Multis
2240 5079 2303 5119 ac
2348 5063 2580 5120 diversis
2611 5065 2826 5121 aclibus
2869 5067 3050 5122 saeculi
3087 5071 3321 5140 deditus,
3371 5069 3558 5126 fratri-

1956 5161 2080 5225 bus,
2135 5177 2274 5233 quos
2309 5174 2445 5214 meae
2485 5155 2884 5227 imperfectioni
2916 5159 3101 5215 divina
3151 5161 3415 5231 patientia
3471 5176 3558 5214 re-

1955 5252 2162 5324 gendos
2183 5251 2482 5316 commisit,
2513 5249 2658 5320 loqui
2707 5249 2790 5305 vel
2817 5250 3059 5306 scribere
3084 5267 3203 5321 quae
3242 5253 3418 5306 debeo
3452 5265 3556 5304 non

1953 5360 2199 5415 possum.
2252 5342 2468 5398 Justum
2515 5350 2693 5396 tamen
2753 5351 2838 5396 est
2894 5341 3031 5397 velle
3079 5342 3253 5413 magis
3302 5343 3558 5412 prodesse

1954 5451 2116 5508 quam
2154 5450 2426 5506 praeesse;
2454 5448 2556 5490 nec
2587 5442 2862 5504 pastorem
2899 5433 3159 5488 Eoo-Iasiae
3196 5435 3350 5488 dccet
3378 5433 3556 5488 minus

1957 5530 2025 5585 de
2051 5529 2228 5584 salute
2257 5528 2566 5582 animarum
2593 5541 2756 5596 quam
2786 5527 2853 5581 de
2874 5541 3054 5580 rerum
3083 5525 3557 5584 administratione

1956 5637 2082 5678 esse
2131 5619 2444 5676 sollicitum.
2507 5617 2678 5682 Unde,
2711 5617 2838 5671 licet
2881 5617 3094 5671 animus
3129 5631 3282 5672 meus
3326 5631 3425 5688 pro
3455 5632 3553 5672 sua

1951 5711 2346 5769 consuetudine
2369 5709 2516 5766 circa
2548 5710 2652 5765 alia
2685 5717 3019 5770 versaretur,
3051 5710 3220 5775 vobis,
3255 5725 3394 5781 quos
3418 5725 3543 5780 spe-

1955 5806 2163 5864 cialiter
2207 5804 2386 5876 diligo,
2445 5803 2687 5877 quzedam
2736 5803 2802 5860 ad
2846 5802 3271 5861 consolationem
3303 5813 3541 5860 vestram
