3986 6458
473 430 580 485 ωδ

1521 412 1841 482 ϐΟῈΙ-ἫΙΟΙ
1878 420 2173 477 ABDATlS
2216 417 2734 475 VINDOCINENSIS

3628 425 3732 483 22⁸

473 556 790 628 religiosum
817 560 1021 614 creuidi
1055 575 1158 612 nou
1197 568 1394 612 tacere.
1428 557 1493 611 Et
1522 558 1776 626 quoniam
1822 557 1887 610 de
1922 569 2053 609 con-
2080 545 2128 600 Α
2159 530 2632 628 ¹ξ³⁰¹ΊῘ¹Ῐθ³¹ί⁰⁷⁵θ¹¹¹
2691 528 2926 585 indica“
2957 529 3252 628 Υῖίίξπυηῖἶ
3285 545 3386 601 per
3434 545 3645 628 miro?”
3673 537 3735 589 θ’

474 647 739 705 ablatione
790 660 965 706 vestra
1022 648 1297 718 proposui,
1357 663 1450 703 vos
1477 648 1745 703 salubrius
1766 646 2051 711 consolari,

474 741 561 797 vel
585 742 854 796 aediﬁcare
880 757 985 795 non
1028 744 1200 805 valeo,
1244 756 1405 809 quam
1428 741 1470 796 si
1498 756 1667 809 pauca
1697 741 1762 794 de
1789 740 2052 809 pluribus,

472 848 595 901 qua:
628 831 682 885 in
708 831 874 886 veteri
906 830 1021 898 lege
1060 831 1197 884 facta
1227 842 1618 894 memorantur,
1657 840 1764 885 ves!
1779 847 1848 885 ne
1880 830 2056 884 lnnni-

471 920 608 974 litati
642 920 896 975 studeant
944 922 1209 977 revelare.
1243 922 1318 976 De
1348 922 1432 977 his
1474 931 1658 977 autem
1710 938 1830 991 quin
1879 921 2054 990 palam

471 1018 620 1071 sunt,
646 1019 702 1064 et
740 1008 894 1065 valle
939 1013 1190 1067 omnibus
1234 1013 1380 1072 trita.
1429 1013 1695 1066 disserere
1728 1011 2054 1081 superﬂuum

470 1101 757 1162 ars-timavi,
786 1102 911 1170 quia
945 1110 1000 1156 et
1027 1102 1301 1157 fastidium
1330 1102 1668 1157 auditoribus
1691 1112 1974 1171 generant,
2001 1113 2056 1155 et

468 1198 567 1243 cos
603 1188 900 1258 cu'pabi'es
939 1191 1194 1245 exhibent
1228 1191 1295 1246 de
1350 1200 1682 1259 contemptu.
1723 1191 1814 1245 Illa
1875 1201 2053 1244 tamen

471 1279 706 1349 proferri
741 1294 963 1337 necesse
984 1293 1063 1337 est
1087 1299 1207 1352 qua:
1242 1292 1292 1337 et
1334 1299 1364 1337 a
1393 1284 1544 1339 vobis
1572 1285 1783 1354 possint
1811 1284 2056 1354 intelligi,

471 1380 527 1424 et
559 1371 680 1425 vita:
719 1380 916 1428 vestrae
945 1374 1331 1428 eoavcnienter
1360 1376 1555 1444 aptari.
1608 1375 1776 1442 lgitur
1807 1386 1924 1443 post
1954 1376 2056 1430 lle-

474 1459 741 1515 bneorum
795 1463 862 1516 de
937 1461 1177 1534 IEgypto
1246 1460 1672 1533 profectionem',
1716 1477 1836 1536 post
1884 1467 2052 1521 maris

476 1545 644 1602 Rubri
682 1552 992 1615 transitum,
1028 1565 1145 1621 post
1185 1552 1561 1623 Aigvptiortnn
1606 1557 2054 1623 exstinctioacin,

475 1639 607 1708 quid
669 1639 930 1695 Dominus
974 1642 1041 1697 ad
1091 1643 1303 1713 Moysen
1364 1644 1430 1697 ad
1489 1660 1709 1699 suorum
1770 1647 2057 1700 utilitatem

476 1723 817 1800 praeceperit,
869 1732 1160 1804 diligenter
1198 1735 1521 1789 audiendum
1580 1746 1684 1796 est.
1714 1736 1876 1807 292
1900 1747 2059 1805 atque

475 1824 794 1877 memoriter
817 1825 1175 1880 retinendum.
1211 1826 1349 1881 Dicit
1373 1828 1553 1897 itaque
1594 1827 1806 1897 Moyses
1837 1829 1902 1882 ad
1940 1829 2052 1882 uni-

475 1928 693 1969 versum
720 1919 990 1986 populum.
1026 1929 1083 1972 ut
1111 1921 1482 1988 unusquisque
1509 1935 1605 1987 pro
1638 1922 1842 1975 viribus
1871 1920 2056 1976 confe-

476 2000 604 2060 rens
637 2008 840 2062 Γειοςττει
874 2009 1307 2063 tabernaculum.
1344 2010 1572 2065 Collatio
1593 2011 1806 2081 quidem
1832 2013 1917 2067 illa
1949 2028 2058 2067 non

475 2094 661 2150 debuit
692 2097 805 2150 ﬁeri
835 2097 1079 2165 qualibet
1108 2100 1408 2163 coactione,
1433 2083 1526 2154 sed
1550 2110 1848 2169 spontanea
1874 2101 2062 2155 volun-

475 2192 604 2239 tate.
630 2187 717 2240 Ait
736 2203 966 2258 namque
987 2189 1124 2245 Deus
1145 2191 1209 2243 atl
1234 2190 1475 2260 Moysen,
1491 2201 1551 2247 ut
1574 2195 1960 2263 unusquisque,
1982 2194 2061 2248 si-

474 2279 694 2333 cutvisu
721 2298 749 2330 ιι
767 2279 1085 2334 fueritcui-di
1105 2296 1298 2345 suo,ea
1315 2282 1508 2337 offerat
1528 2300 1646 2352 qua:
1669 2285 1731 2337 ad
1745 2294 2063 2340 construen-

475 2367 601 2445 dii-iu
627 2369 864 2423 tabi-rum
886 2370 1029 2424 ulum
1083 2379 1210 2426 sunt
1263 2373 1563 2427 necessaria
1593 2373 1790 2443 (Exod.
1824 2389 1950 2439 xxv,
1982 2373 2060 2443 2).

474 2454 532 2509 Ιιι
564 2458 753 2525 primis
797 2458 1012 2526 quidem
1041 2459 1106 2512 de
1159 2460 1506 2515 llebrteorum
1559 2476 1623 2515 ex
1684 2462 1914 2532 Egypto
1941 2476 2065 2531 pro.

480 2550 738 2618 lectione,
794 2551 858 2603 de
895 2552 1061 2604 maris
1119 2552 1372 2617 transitu,
1428 2553 1495 2607 de
1543 2553 1918 2624 Egyptiorum
1970 2568 2065 2609 ex-

472 2653 506 2693 s
534 2640 767 2693 ’nctione
793 2644 1116 2695 mentionem
1132 2640 1254 2704 ieci,
1273 2643 1593 2711 etquoniam
1618 2646 1717 2699 iata
1741 2646 2064 2713 quibusdam

477 2731 657 2786 clausi
690 2742 913 2799 sunt,ea
943 2748 1185 2787 reserare
1211 2734 1362 2797 utile,
1391 2736 1496 2789 imo
1518 2737 1885 2791 necessarium
1912 2737 2062 2792 duxi.

472 2823 737 2889 Quamvis
767 2822 911 2876 enim
946 2823 1163 2877 realiter
1193 2823 1393 2878 fuerint
1420 2824 1537 2881 haec
1560 2826 1763 2888 omnia,
1789 2825 1956 2881 latent
1985 2835 2067 2880 ta-

477 2929 603 2968 men
652 2914 703 2967 in
738 2913 870 2984 ipsis
935 2915 1322 2985 mysteriorum
1379 2916 1615 2986 pretiosa
1665 2916 1907 2971 monilia.
1959 2916 2066 2973 Per

478 3004 775 3075 Egyptum
809 3021 1069 3075 namque,
1112 3007 1166 3060 in
1194 3021 1327 3076 qua,
1354 3005 1499 3062 velut
1527 3008 1809 3073 Dominus,
1851 3008 2065 3064 Pharao

477 3097 909 3166 princ'pahatur,
945 3113 1189 3168 praesens
1223 3099 1502 3164 saeculum,
1525 3098 1680 3168 cujus
1707 3100 1954 3170 princeps
1978 3108 2064 3157 est

480 3188 736 3253 Satanas,
768 3190 1101 3257 designatur.
1136 3189 1304 3258 llujus
1340 3190 1605 3260 principis
1634 3190 2060 3248 infelicissimum
2091 3208 2134 3267 ε

481 3281 815 3335 dominatum
851 3281 1128 3345 Hebraeus,
1167 3296 1263 3352 per
1291 3297 1450 3352 quem
1482 3282 1729 3352 signatur
1768 3282 1940 3339 ﬁdelis
1964 3299 2063 3353 po-

470 3374 662 3443 pulus,
693 3374 1106 3442 proﬁciscendo,
1139 3374 1191 3428 id
1222 3384 1304 3428 est
1327 3373 1680 3444 proﬁciendo,
1716 3374 1899 3447 Moyse
1927 3377 2063 3436 duce

474 3466 759 3533 sapienter
803 3465 1030 3520 devitat.
1085 3465 1187 3532 Qui
1226 3465 1483 3537 Egypto,
1552 3469 1800 3535 praesenti
1859 3468 2065 3523 scilicet

486 3559 683 3613 saeculo
723 3559 1016 3619 renuntiat,
1056 3568 1112 3613 et
1147 3574 1304 3612 suum
1353 3557 1719 3629 legislatorem
1765 3558 2062 3625 Christum,

486 3647 611 3716 ejus
659 3648 972 3702 iuluerendo
1021 3647 1309 3709 mandatis,
1349 3647 1637 3703 dilectione
1686 3648 2062 3717 amplectitur,

488 3755 666 3808 neque
695 3740 924 3810 amplius
953 3740 1103 3793 audit
1143 3754 1329 3794 vocem
1369 3739 1669 3794 alienorum
1710 3740 2064 3809 malignorum

488 3826 743 3881 videlicet
767 3828 1078 3896 spirituum,
1107 3827 1199 3881 sed
1237 3842 1411 3895 suam,
1450 3843 1553 3896 qua
1593 3829 1767 3883 dicit:
1799 3828 1903 3895 Qui
1941 3831 2068 3884 mihi

487 3917 774 3983 ministrat,
798 3936 879 3973 me
905 3928 1156 3989 sequntur
1184 3916 1364 3989 (Joan.
1391 3935 1491 3981 xu,
1528 3919 1642 3991 26).
1673 3919 1819 3975 Mare
1848 3922 2065 3990 quidem

467 4005 757 4068 'Ruhrum,
787 4010 927 4075 quod
961 4009 1201 4064 llebra-is
1225 4008 1326 4065 fuit
1357 4011 1690 4080 praesidium,
1716 4011 2069 4084 ethgyptiis

487 4096 639 4151 dedit
693 4097 990 4159 interitum,
1021 4113 1160 4168 aqua
1193 4098 1553 4168 baptismatis,
1583 4099 1666 4155 vel
1699 4100 2067 4172 lacrymabilis

461 4187 806 4256 ~pmuitentia
837 4188 1175 4260 intelligitur.
1204 4188 1357 4256 Quod
1383 4190 1586 4246 idcirco
1602 4193 1823 4246 rubrum
1848 4192 2070 4260 dicitur,

488 4276 617 4345 quia
644 4277 770 4331 etin
800 4279 1119 4347 baptismate
1146 4278 1345 4333 Christi
1389 4279 1653 4348 sanguine
1693 4291 2067 4353 consecratur,

458 4377 545 4424 et
569 4368 621 4423 in
650 4369 981 4439 laerymabili
1008 4371 1320 4439 paenitentia
1350 4370 1639 4440 aliquando
1662 4387 1832 4440 usque
1854 4373 1922 4427 ad
1944 4388 2071 4429 sau-

487 4459 711 4529 guinem
741 4459 1046 4521 oculorum,
1095 4474 1481 4528 nonnunquam
1507 4469 1685 4515 autem
1711 4462 1872 4534 293
1901 4480 2070 4533 usque

486 4550 557 4604 nil
593 4551 777 4605 carnis
813 4550 1233 4604 macerationem
1281 4551 1617 4618 pervenitur.
1652 4552 1707 4605 In
1737 4553 1839 4608 hoc
1888 4554 2069 4624 itaque

491 4638 629 4693 tnari
661 4639 952 4693 adversarii
1001 4638 1173 4692 nostri
1204 4638 1444 4709 Egyptii
1483 4638 1836 4706 suﬁ'ocantnr,
1865 4644 1987 4711 quia
2014 4655 2070 4700 et

489 4744 590 4799 per
619 4729 969 4799 baptismum,
1032 4737 1087 4781 et
1137 4742 1233 4798 per
1286 4729 1658 4798 paenitentiam
1709 4729 2068 4802 lacrymarum

490 4830 714 4889 peccata
764 4830 818 4875 et
846 4821 1075 4875 erimina
1108 4829 1313 4881 nostra,
1348 4836 1467 4890 quin
1502 4821 1644 4876 inter
1673 4838 1770 4878 nos
1808 4832 1863 4879 et
1903 4825 2068 4881 Deum

490 4921 767 4976 separant,
798 4911 1216 4965 mortiﬁcantur.
1267 4912 1885 4981 Tabernaculum,unde
1927 4917 2070 4988 loqui

495 5001 732 5055 maxime
770 5003 929 5071 coepi,
955 5002 1187 5072 pellibus
1218 5012 1274 5058 et
1294 5004 1487 5060 ciliciis
1511 5006 1870 5063 ’extrinsecus
1905 5007 2072 5065 fuisse

489 5100 832 5155 ceupertum,
880 5092 1209 5147 intrinsecus
1252 5109 1378 5148 vero
1417 5109 1550 5149 auro
1586 5105 1640 5150 et
1688 5106 1932 5168 argento,
1964 5114 2074 5154 aere

492 5193 523 5233 θ
554 5195 659 5248 que
689 5178 957 5248 lapidibus
985 5183 1259 5251 pretiosis,
1298 5183 1587 5255 multisque
1610 5184 1747 5249 aliis,
1782 5187 1849 5242 de
1876 5188 2073 5258 quibus

494 5270 786 5325 dicendum
817 5287 914 5341 per
954 5272 1161 5342 singula
1193 5276 1560 5343 necessarium
1599 5279 1757 5331 modo
1782 5294 1885 5333 non
1921 5279 2071 5333 arbi-

497 5370 637 5425 tror,
659 5361 889 5429 legimus
910 5365 1249 5420 adornatum.
1289 5365 1345 5420 lu
1374 5367 1720 5423 tabernaculo
1760 5369 1924 5423 etiam
1954 5376 2076 5423 erat

495 5454 904 5518 candelabrum,
946 5464 1003 5515 et
1041 5472 1166 5511 area
1206 5456 1273 5512 de
1302 5458 1463 5528 lignis
1508 5459 1663 5512 setim
1695 5458 1990 5525 fabricata;
2023 5466 2077 5513 ct

498 5546 638 5601 intra
684 5563 886 5611 arcam.
946 5558 1005 5603 ut
1047 5548 1266 5616 legitur,
1329 5548 1438 5614 lex,
1494 5559 1550 5603 et
1606 5542 2074 5619 manna,et\irga

497 5637 679 5692 Aaron
723 5640 1144 5693 continebantur
1174 5638 1363 5707 (Ilebr.
1399 5655 1475 5703 Ix,
1526 5639 1602 5707 4).
1634 5638 2066 5693 Tabernaculunt

503 5730 772 5799 signiﬁcat
796 5732 1118 5796 Eeclcsiam,
1144 5731 1618 5801 congregationem
1642 5729 1888 5784 videlicet
1910 5729 2080 5800 justo-

505 5836 625 5877 rmn
646 5837 663 5889 ;
685 5822 852 5894 pelles
874 5830 930 5879 et
958 5822 1158 5888 cilicia,
1181 5821 1375 5892 quibus
1417 5820 1753 5880 extrinsecus
1774 5819 2074 5889 tegebatur,

2156 624 2273 687 des,
2318 636 2413 693 per
2471 632 2776 691 argentum,
2845 621 3146 685 confessio;
3203 622 3257 675 in
3307 636 3419 677 aere
3483 622 3735 682 fortitudo

2154 716 2500 785 exprimitur,
2572 714 2627 768 in
2700 714 2972 783 lapidibus
3029 713 3283 784 pretiosis
3331 714 3568 782 pretiosa
3616 718 3736 773 vita

2156 816 2371 860 atteram
2421 805 2771 873 designantur
2823 803 3058 873 eloquia.
3120 802 3177 856 ln
3209 801 3540 857 candelabro
3587 804 3735 859 bona:

2159 898 2475 953 intentionis
2496 896 2777 951 manifesta
2806 897 3050 965 operatio
3077 896 3412 965 intelligitur.
3431 895 3541 950 Per
3558 911 3734 952 arcam

2158 988 2443 1051 memoria,
2477 1003 2572 1056 per
2605 986 2748 1056 ligna
2772 987 2929 1040 setim
2958 986 3242 1049 munditia,
3267 1001 3364 1054 per
3389 986 3559 1057 legem
3592 1002 3736 1043 man-

2159 1079 2281 1132 data
2316 1078 2406 1132 Dei
2443 1078 2741 1147 signantur.
2775 1075 2968 1130 Manna
3009 1092 3139 1129 vero
3161 1076 3381 1145 pictatis
3406 1076 3733 1134 dulcedinem

2158 1170 2389 1224 dicimus
2418 1186 2435 1224 :
2464 1169 2556 1223 sed
2598 1170 2828 1237 virgam,
2852 1167 3151 1238 disciplime
3193 1168 3567 1223 severitatem.
3598 1167 3732 1221 Prce-

2160 1260 2294 1329 cipit
2349 1260 2614 1327 benignus
2651 1259 2792 1313 Deus
2840 1260 2892 1311 in
2924 1259 3039 1328 lege
3069 1274 3187 1326 sua,
3241 1274 3338 1327 pro
3379 1269 3564 1314 nostra
3597 1260 3737 1315 utili-

2162 1359 2293 1413 tate,
2329 1366 2433 1404 uon
2465 1365 2560 1418 pro
2585 1365 2681 1404 sua
2731 1350 3074 1414 necessitate,
3108 1365 3165 1403 ut
3207 1350 3637 1412 tabernaculum,
3688 1351 3737 1405 id

2158 1452 2244 1495 est
2271 1441 2716 1496 sanctiﬁcationis
2763 1441 3168 1505 habitationem,
3209 1440 3259 1493 ci
3313 1440 3599 1494 faciamus.
3640 1440 3737 1495 Ubi

2159 1545 2290 1597 vero
2346 1530 2610 1584 habitatio
2662 1530 2764 1583 ista
2820 1530 3064 1584 facienda
3109 1530 3180 1584 sit
3233 1528 3316 1583 vel
3352 1529 3735 1593 construenda,

2166 1618 2449 1687 Scriptura
2505 1619 2766 1680 insimtat,
2819 1633 2941 1673 cum
3016 1618 3189 1674 dicit:
3225 1615 3536 1686 Pra'parale
3580 1619 3736 1671 corda

2160 1694 2326 1763 castra
2364 1709 2585 1763 Domino
2616 1708 2665 1778 (1
2710 1707 2839 1779 Reg.
2876 1725 2975 1775 vn,
3007 1710 3086 1777 5).
3121 1708 3294 1764 Corda
3330 1707 3516 1776 utique
3555 1716 3737 1763 nostra

2163 1800 2383 1855 domino
2415 1815 2806 1868 praqiaramus,
2836 1800 2880 1853 si
2906 1799 3007 1855 sibi
3039 1813 3102 1852 ea
3142 1796 3481 1867 receptacula
3511 1795 3734 1860 munda,

2168 1890 2333 1963 294
2359 1874 2477 1961 quas
2499 1892 2658 1962 digne
2688 1892 2993 1959 inhabitare
3023 1891 3211 1962 possit,
3245 1890 3583 1945 exhibemus.
3617 1886 3738 1943 Haec

2161 1986 2329 2038 etiam
2360 1983 2697 2054 receptacula
2726 1998 2831 2038 non
2860 1983 2971 2036 vult
3002 1983 3101 2036 sibi
3136 1981 3378 2036 exhiberi
3408 1996 3530 2034 cum
3562 1978 3737 2047 aliqua

2162 2075 2493 2142 diﬁicultate,
2526 2076 2619 2131 sed
2662 2091 2783 2130 cum
2818 2069 3739 2130 omnidevotionishilaritate.Mn!-

2166 2174 2276 2220 tum
2304 2166 2572 2221 discretus
2601 2166 2941 2235 omnipotens
2980 2165 3262 2228 Dominus,
3308 2179 3417 2218 non
3459 2163 3608 2216 velut
3644 2162 3743 2216 iin-
3793 2197 3802 2204 .

2162 2267 2425 2329 portunus
2451 2266 2692 2322 exactor,
2723 2273 2753 2311 a
2786 2258 2939 2312 nobis
2967 2258 3134 2326 exigit
3161 2271 3282 2325 qua:
3317 2271 3423 2310 non
3455 2254 3739 2318 habemus,

2164 2364 2264 2405 nec
2288 2350 2406 2417 ejus
2422 2350 2593 2420 jussio
2620 2365 2718 2404 nos
2740 2350 2840 2404 sibi
2868 2350 3012 2419 cogit
3030 2349 3227 2405 oll‘erre
3249 2348 3391 2417 quod
3416 2346 3743 2400 debeatesse

2164 2442 2496 2498 contrarium
2514 2441 2661 2496 cordi
2691 2450 2895 2496 nostro.
2922 2439 3156 2495 Pellibus
3178 2438 3441 2506 siquidem
3467 2446 3521 2491 et
3551 2436 3745 2491 ciliciis

2168 2530 2574 2587 tabernaculum
2589 2531 2928 2586 extrinsecus
2951 2530 3084 2585 bene
3100 2530 3347 2599 legimus,
3363 2543 3484 2584 cum
3505 2528 3746 2581 exterius

2164 2622 2731 2687 etinl‘eriusnostrum,
2761 2636 2982 2677 carnem
2999 2620 3203 2675 scilicet
3228 2628 3491 2684 nostram,
3524 2619 3596 2672 ita
3619 2633 3742 2672 cum

2165 2700 2373 2770 vitiiset
2388 2714 2839 2784 concupiscentiis
2860 2713 3268 2777 mortiﬁcamus,
3288 2719 3341 2766 ut
3358 2728 3454 2768 cor
3476 2718 3743 2776 nostrum,

2165 2806 2309 2877 quod
2342 2804 2750 2860 tabernaculum
2782 2804 2875 2858 Dei
2918 2804 3139 2869 dicitur,
3171 2803 3289 2870 ejus
3322 2802 3592 2857 illecebris
3641 2802 3743 2855 mi-

2167 2896 2313 2950 nime
2341 2904 2740 2966 corrumpatur.
2773 2894 3043 2950 Ornanius
3069 2891 3475 2949 tabernaculum
3511 2908 3672 2957 auro,
3700 2892 3744 2947 si

2166 3001 2303 3057 pura
2332 2994 2388 3040 et
2437 2985 2645 3055 integra
2677 2986 2809 3040 ﬁdes
2834 2994 2917 3039 est
2947 2985 2999 3039 in
3030 2985 3199 3039 corde
3223 2992 3432 3037 nostro.
3458 2982 3623 3037 Fides
3652 2997 3746 3039 au.

2167 3083 2273 3130 tem
2310 3090 2446 3145 pura
2474 3085 2528 3131 et
2572 3075 2781 3142 integra
2812 3074 2927 3128 lucc
2969 3079 3074 3136 est,
3105 3081 3164 3125 ut
3193 3070 3409 3125 Patrem
3440 3079 3497 3124 et
3547 3068 3746 3123 Filium

2166 3174 2220 3222 et
2247 3165 2506 3235 Spiritum
2530 3174 2776 3217 sanctum
2811 3177 2973 3216 unum
3002 3161 3167 3215 Deum
3195 3168 3247 3215 et
3279 3159 3569 3214 Dominum
3601 3173 3745 3220 esse.

2167 3256 2283 3311 sine
2334 3254 2511 3324 aliqua
2559 3254 2918 3314 haesitatione,
2975 3251 3068 3306 sed
3096 3266 3219 3306 cum
3257 3248 3402 3303 omni
3456 3248 3751 3303 dilectione

2167 3346 2470 3401 credamus.
2511 3342 2663 3399 Licet
2690 3344 2833 3398 enim
2861 3342 3100 3397 Trinitas
3128 3343 3199 3396 sit
3243 3340 3293 3395 in
3325 3340 3593 3410 personis,
3642 3353 3749 3394 una

2167 3436 2279 3491 sola
2330 3446 2547 3499 natura,
2595 3451 2698 3488 una
2756 3435 2869 3488 sola
2916 3434 3219 3487 substantia
3287 3441 3371 3486 est
3409 3431 3655 3485 deitatis.
3684 3430 3753 3485 Et

2166 3504 2417 3598 quamvis
2442 3526 2580 3578 alius
2608 3526 2676 3577 sit
2707 3524 2891 3590 Pater,
2924 3524 3061 3578 alius
3110 3521 3296 3586 Filius,
3328 3521 3467 3575 alius
3497 3520 3746 3589 Spiritus

2171 3630 2417 3684 sanctus,
2449 3634 2553 3673 non
2601 3628 2776 3673 tamen
2810 3618 2953 3671 aliud
2982 3616 3168 3681 Pater,
3201 3615 3343 3670 aliud
3375 3614 3567 3679 Filius,
3595 3614 3746 3668 aliud

2172 3710 2407 3782 Spiritus
2453 3719 2695 3773 sanctus,
2755 3708 2847 3763 sed
2899 3707 3058 3761 Pater
3103 3714 3160 3761 et
3204 3705 3371 3760 Filius
3414 3712 3469 3758 et
3513 3696 3759 3775 Spiritus

2169 3812 2392 3857 sanctus
2420 3809 2530 3855 tres
2582 3800 2799 3870 quidem
2852 3804 3356 3867 suntpersonamtt
3398 3794 3655 3857 diximus,
3698 3802 3756 3847 et

2172 3894 2287 3949 ista:
2317 3901 2426 3946 tres
2456 3906 2718 3961 personae,
2752 3904 2892 3944 unus
2929 3897 3011 3943 est
3039 3887 3200 3953 Deus,
3256 3888 3414 3940 unius
3442 3884 3612 3939 solius
3666 3899 3756 3938 na-

2173 3991 2326 4043 tura:,
2360 3982 2518 4035 unius
2549 3978 2719 4035 solius
2747 3977 3064 4035 substantiae
3092 3986 3253 4047 atque
3282 3980 3555 4031 essentne.
3584 3974 3653 4029 Et
3687 3989 3755 4028 ne

2165 4064 2223 4127 in
2244 4073 2509 4128 crcatricc
2533 4072 2770 4128 omnium
2803 4080 3174 4126 creaturarum
3200 4068 3486 4130 Trinitate,
3515 4066 3756 4123 cuinihil

2176 4175 2258 4221 est
2290 4164 2639 4235 impossibile,
2691 4163 2892 4233 aliquid
2941 4163 3064 4218 huic
3092 4161 3215 4216 ﬁdei
3262 4160 3596 4215 contrarium
3628 4174 3767 4213 seu-

2179 4261 2396 4323 tiamus,
2422 4259 2474 4312 in
2494 4258 2745 4313 humanis
2759 4258 2922 4310 etiam
2945 4253 3211 4310 creaturis
3238 4267 3445 4316 eorum,
3466 4266 3590 4319 qua:
3609 4250 3761 4304 dicta

2176 4359 2323 4414 sunt,
2355 4350 2764 4406 similitudinem
2798 4348 3075 4402 habemus.
3114 4345 3170 4400 ln
3211 4344 3341 4413 ipsis
3361 4342 3567 4396 etenim
3596 4356 3761 4395 crea-

2174 4441 2311 4496 turis
2338 4441 2586 4510 qutedam
2619 4437 2985 4499 inveniuntur,
3015 4449 3134 4503 qua:
3163 4433 3290 4487 licet
3311 4431 3410 4485 tria
3440 4429 3573 4497 sint,
3595 4427 3764 4498 295

2102 4524 2234 4598 Det
2261 4531 2683 4600 unumquodque
2713 4542 2899 4583 eorum
2933 4524 3205 4594 propriam
3236 4522 3289 4577 in
3326 4535 3384 4576 se
3409 4519 3607 4574 habeat
3639 4534 3766 4588 per-

2173 4637 2360 4676 sonam
2387 4635 2567 4682 unam,
2597 4618 2952 4686 eamdemque
2976 4624 3222 4669 naturam
3250 4612 3469 4674 habent,
3495 4619 3549 4664 et
3571 4623 3763 4674 unam,

2177 4712 2535 4779 eamdemque
2594 4708 2976 4764 substantiam.
3009 4704 3301 4760 Veniamus
3332 4704 3512 4770 itaque
3541 4701 3609 4754 ad
3642 4700 3766 4755 fon-

2179 4813 2307 4869 tem,
2340 4811 2395 4856 et
2423 4801 2589 4856 futilis
2618 4800 2791 4854 rivum
2820 4798 3475 4863 consideremuszaquam
3501 4792 3667 4845 etiam
3696 4790 3765 4844 ab

2184 4909 2414 4965 utroque
2436 4893 2844 4963 procedentem,
2869 4889 3010 4959 quod
3040 4887 3291 4942 videlicet
3323 4894 3574 4954 stagnum
3603 4896 3768 4936 voca-

2181 4997 2290 5053 tur,
2323 4984 2674 5041 nihilominus
2707 4984 3009 5038 videamus.
3043 4980 3182 5034 Ecce
3224 4977 3446 5038 l‘ontem,
3479 4975 3682 5038 rivum,
3712 4983 3768 5026 et

2181 5085 2454 5146 stagnum,
2496 5083 2605 5127 trcs
2630 5085 2887 5141 personas
2914 5068 3216 5123 invenimus
3245 5083 3258 5118 :
3285 5075 3340 5120 et
3366 5064 3490 5117 licet
3511 5064 3624 5117 sint
3655 5072 3768 5117 tres

2183 5180 2454 5237 personae,
2485 5181 2591 5219 una
2624 5175 2801 5218 tamen
2838 5168 2921 5216 est
2965 5174 3128 5228 aqua,
3152 5167 3206 5236 et
3234 5171 3385 5226 aqua:
3411 5170 3518 5208 una
3544 5153 3767 5208 eadem-

2183 5275 2289 5328 qne
2323 5268 2515 5311 natura
2548 5266 2711 5325 atque
2736 5253 3060 5310 substantia.
3088 5251 3382 5320 Argentum
3412 5249 3479 5302 ad
3507 5247 3764 5301 decorem

2179 5347 2519 5403 tabernaculi
2577 5344 2875 5409 oﬁ'erimus,
2919 5357 3041 5397 cum
3096 5354 3193 5411 per
3222 5352 3405 5393 veram
3434 5345 3490 5391 et
3515 5344 3764 5390 sanctam

2158 5438 2573 5494 confessionem
2621 5436 2837 5488 animas
2890 5442 3107 5488 nostras
3161 5429 3229 5483 ab
3257 5428 3403 5482 oumi
3433 5426 3767 5495 contagione

2180 5528 2391 5600 peccati
2423 5535 2480 5582 et
2507 5524 2753 5580 criminis
2794 5523 3134 5577 nnnnlamus.
3169 5518 3278 5575 Sed
3306 5518 3418 5584 ubi,
3460 5524 3517 5571 et
3562 5516 3674 5578 cui,
3710 5523 3769 5568 et

2184 5621 2399 5692 quando
2420 5617 2686 5675 confessio
2714 5617 2827 5684 ipsa
2860 5615 2974 5678 ﬁat,
3003 5613 3143 5668 scire
3165 5609 3440 5665 debemus.
3474 5606 3619 5662 Ubi?
3649 5621 3765 5664 non

2184 5711 2326 5781 apud
2356 5709 2661 5770 haereticos,
2689 5709 2825 5761 sicut
2847 5718 2986 5775 sirpe
3012 5701 3165 5765 solet,
3185 5700 3404 5755 ﬁeriscd
3428 5699 3480 5753 in
3512 5697 3767 5752 Ecclesia

2184 5802 2453 5862 catholica
2507 5811 2945 5869 unumquemque
2989 5784 3358 5852 Christianum
3402 5803 3629 5849 necesse
3678 5797 3770 5843 est
