3986 6458
507 365 621 425 ευ

1530 355 1848 416 GOFFRIDI
1887 352 2174 410 ABBATIS
2218 352 2739 410 V'lNDOCINENSlS

3665 349 3763 411 2’28

511 488 692 534 menta
722 468 821 546 per
860 466 1131 545 apostolos
1184 469 1489 526 Christiana
1539 470 1727 538 religio
1774 467 2080 537 suscepisse
2112 471 2155 525 Α
2187 474 2291 520 tur.
2327 465 2440 520 Non
2468 466 2611 520 enim
2647 465 2847 520 faceret
2871 464 3037 531 illam,
3076 465 3119 521 si
3158 466 3425 537 repulsam
3458 482 3569 523 non
3617 477 3765 537 pate-

506 567 764 629 creditur,
799 566 870 619 ita
893 573 950 617 ct
980 563 1119 617 istud
1151 560 1455 630 suscepisse
1486 559 1553 614 ab
1585 558 1878 628 apostolica
1911 558 2076 613 tradi-

508 656 653 709 tione
682 654 901 707 minime
919 650 1210 704 dubitatur.
1233 648 1403 704 Omne
1423 656 1601 703 autem
1619 656 2017 702 sacramentum
2045 661 2076 702 a

506 743 708 816 Spiritu
731 752 920 796 sancto
951 757 1050 811 per
1075 740 1325 795 doctores
1353 750 1603 805 sanctos,
1638 740 1688 793 in
1730 740 1928 809 quibus
1962 739 2074 809 ipse

504 835 759 904 loquitur,
787 831 967 885 iterari
993 831 1330 900 prohibetur,
1357 830 1563 886 idcirco
1596 829 1847 884 videlicet
1875 843 1943 883 ne
1973 842 2083 884 me-

503 927 678 980 dicina
705 932 890 978 sancta
919 923 1222 986 vilesceret,
1257 931 1310 976 et
1336 922 1513 975 minus
1543 920 1689 975 utilis
1717 928 1880 981 esset,
1913 920 2076 989 300

501 1035 621 1090 qua:
649 1027 795 1072 tanto
820 1016 990 1086 magis
1023 1016 1254 1071 salubris
1285 1023 1367 1071 est
1384 1057 1399 1082 ,
1424 1022 1624 1085 quanto
1646 1013 1822 1067 minus
1845 1020 2082 1067 contem-

501 1110 703 1182 ptibilis
725 1109 1016 1163 invenitur.

1253 1198 1367 1252 Χ.-

501 1330 567 1369 DE
632 1328 1064 1368 PROMISSIONIBUS
1123 1326 1255 1375 QUAS
1313 1327 1413 1367 PRO
1474 1327 1938 1378 CONSECRATIONE,
1986 1328 2081 1367 SUB

533 1401 730 1440 NOﬂINE
769 1399 1167 1446 PROFESSIONIS.
1208 1397 1442 1436 ABBATES
1489 1398 1718 1438 FACIUNT
1757 1398 2041 1437 EPISCOPIS.

574 1476 718 1530 Deus
741 1486 793 1529 et
814 1475 1070 1530 Dinniuus
1093 1482 1275 1528 noster
1298 1474 1455 1528 Jcsus
1476 1473 1724 1529 Christus
1763 1475 1814 1528 in
1842 1475 2082 1544 Evange-

503 1568 577 1622 lio
645 1576 823 1622 mouet
877 1574 931 1619 et
974 1565 1145 1619 dicit:
1175 1564 1353 1619 Gratis
1405 1567 1697 1634 accepistis,
1753 1567 1914 1635 gratis
1961 1568 2082 1621 date

507 1657 723 1725 (Matth.
758 1674 868 1721 xvr,
898 1656 951 1728 8)
990 1674 1002 1710 :
1040 1665 1093 1710 ct
1120 1656 1263 1725 quod
1309 1665 1490 1711 monet
1531 1657 1718 1722 verbo,
1757 1657 1898 1711 factu
1930 1672 2079 1711 com-

505 1750 686 1820 plevit.
738 1748 855 1819 Ipse
906 1747 1049 1801 enim
1114 1748 1282 1817 gratis
1327 1762 1424 1801 nos
1479 1747 1702 1812 creavit,
1755 1755 1810 1802 ct
1852 1747 2081 1802 redemit

509 1841 902 1896 misericordia.
933 1840 1058 1895 Suis
1083 1839 1265 1909 itaque
1296 1840 1639 1894 sermonibus
1675 1848 1876 1902 monet,
1904 1848 1957 1893 et
1984 1839 2079 1893 do-

506 1941 596 1986 cet
626 1932 899 2001 operibus,
936 1944 1159 1984 munera
1182 1944 1298 1993 sua,
1324 1937 1526 1984 sancta:
1554 1928 1803 1983 videlicet
1826 1927 2082 1982 Ecclesiae

504 2033 874 2086 sacramenta,
905 2030 959 2075 et
989 2021 1159 2091 gratis
1204 2021 1374 2091 accipi
1415 2021 1612 2075 debere
1637 2030 1691 2075 et
1725 2020 1894 2091 gratis
1939 2020 2079 2085 dari,

507 2113 632 2183 quia
661 2112 785 2167 licet
807 2111 992 2166 haberi
1018 2111 1244 2179 possint,
1280 2126 1385 2166 non
1413 2120 1638 2181 possunt
1660 2119 1838 2165 tamen
1862 2124 2081 2179 compa-

504 2203 615 2258 rari
648 2203 787 2256 dona
813 2202 1050 2272 Spiritus
1081 2202 1295 2267 sancti;
1327 2211 1381 2257 et
1406 2202 1691 2256 haereticus
1720 2215 1842 2255 esse
1871 2199 2084 2254 ratione

501 2302 555 2348 et
586 2294 918 2351 auctoritate,
941 2293 1315 2357 convincitur,
1349 2292 1441 2362 qui
1480 2291 1622 2361 quod
1663 2288 2085 2360 incomparabile

503 2385 706 2439 factum
728 2395 811 2439 est
840 2400 868 2438 a
899 2385 1031 2448 Deo,
1056 2385 1231 2439 credit
1254 2384 1336 2439 vel
1370 2385 1584 2439 actione
1627 2384 1887 2453 praedicat
1925 2397 2085 2453 posse

503 2476 810 2544 comparari
842 2474 910 2530 ab
938 2476 1173 2531 homine.
1216 2475 1337 2530 Ideo
1365 2476 1551 2530 Simon
1582 2473 1769 2545 Magus
1791 2474 2085 2530 luereticus

503 2562 683 2620 factns
711 2573 816 2628 est,
844 2565 970 2633 quia
1001 2564 1198 2619 donum
1226 2562 1319 2619 Dei
1367 2578 1425 2619 se
1472 2578 1632 2634 posse
1671 2564 1957 2618 aestimavit
1987 2576 2084 2632 pe-

505 2657 663 2711 cunia
703 2656 1004 2725 possidere.
1036 2654 1151 2709 Non
1182 2665 1270 2710 est
1306 2655 1495 2724 utique
1539 2654 1955 2709 venundandutn
2000 2653 2085 2709 vel

505 2748 792 2803 emendum
855 2746 1115 2803 Ecclesia:
1153 2746 1428 2815 quodlibet
1461 2754 1859 2801 sacramentum
1883 2786 1897 2810 ,
1943 2746 2086 2815 quod

509 2849 598 2895 est
623 2840 819 2894 donum
850 2839 1023 2894 sancti
1051 2839 1305 2908 Spiritus,
1345 2853 1411 2894 ex
1436 2853 1570 2908 quo,
1596 2848 1652 2892 et
1674 2838 1725 2893 in
1758 2854 1885 2908 quo,
1910 2847 1963 2893 et
1990 2852 2086 2906 per

508 2942 667 2998 quem
701 2928 879 2991 divina
911 2929 1166 2999 mysteria
1193 2926 1316 2995 iure
1350 2927 1799 2993 celebrantur,'et
1834 2935 2087 2997 peccato-

506 3035 627 3074 rum
657 3020 814 3074 datur
843 3018 1113 3085 remissio,
1144 3028 1196 3074 et
1227 3020 1344 3073 sine
1367 3033 1475 3089 quo
1520 3018 1663 3073 nulla
1714 3019 2086 3075 sanctificatur

510 3110 732 3165 oblatio.
764 3109 927 3181 Igitur
968 3110 1332 3165 Ecclesiarum
1373 3118 1430 3165 et
1469 3111 1745 3165 hominum
1791 3125 2080 3166 consecra-
2110 3141 2157 3203 ο

511 3202 706 3265 tiones,
729 3200 841 3254 sive
863 3201 1280 3263 benedictioues,
1305 3200 1523 3255 omnino
1542 3201 1710 3269 gratis
1735 3200 1847 3255 fieri
1862 3201 2080 3266 debent,

508 3306 610 3369 nec
638 3291 877 3361 quolibet
907 3293 1118 3361 ingenio
1140 3308 1237 3362 pro
1274 3291 1578 3361 huiusmodi
1630 3292 1774 3348 facto
1809 3294 2084 3364 quidpiam

510 3383 778 3453 exigatur,
834 3397 904 3437 ne
963 3382 1086 3436 dum
1138 3381 1272 3437 falsa
1301 3384 1560 3452 quaeritur
1610 3382 1914 3447 beatitudo‘,
1960 3397 2085 3437 vera

508 3471 726 3526 miseria
762 3471 1087 3524 inveniatur.
1145 3470 1284 3538 Sunt
1321 3472 1538 3540 quidam
1578 3470 1815 3541 episcopi
1859 3471 1949 3540 qui
1989 3486 2087 3540 pro

508 3561 665 3632 301
698 3562 1158 3616 benedictionibus
1191 3563 1466 3626 abbatum,
1505 3561 1605 3615 sub
1642 3561 1857 3615 nomine
1880 3559 2089 3630 profes-

514 3653 705 3717 sionis,
721 3652 789 3707 ab
810 3651 890 3707 eis
911 3653 1149 3719 exigunt,
1164 3652 1303 3720 quod
1322 3662 1403 3707 est
1421 3652 1740 3707 Christiana:
1762 3651 2085 3722 professioni

511 3742 665 3798 valde
693 3742 1046 3798 contrarium.
1075 3742 1209 3797 Nam
1232 3758 1352 3798 cum
1386 3743 1652 3813 professio
1682 3743 1786 3797 alia
1814 3744 1866 3797 in
1897 3742 2084 3798 divina

514 3830 671 3885 laude
711 3832 814 3896 sit,
863 3831 965 3885 alia
1017 3847 1114 3902 pro
1165 3842 1509 3903 peccatorum
1566 3833 1933 3902 depositione,
1983 3834 2084 3888 ista

512 3921 726 3976 laudem
774 3921 868 3977 Dei
898 3937 1001 3977 non
1030 3922 1188 3987 facit,
1220 3924 1314 3978 sed
1348 3925 1563 3991 minuit,
1595 3938 1694 3979 nec
1719 3925 1939 3994 deponit
1964 3938 2088 3996 pec-

513 4022 658 4081 cata,
689 4013 784 4068 sed
812 4014 1051 4082 apponit.
1083 4012 1194 4070 Nec
1235 4028 1405 4070 sacrae
1450 4016 1572 4069 lidei
1621 4013 1885 4084 professio
1938 4024 2088 4071 recto

512 4105 731 4159 nomine
747 4106 973 4173 dicetur,
1005 4107 1097 4162 sed
1138 4108 1468 4162 exsecranda
1499 4108 1806 4177 promissio,
1837 4122 1955 4177 quae
1979 4106 2088 4162 ela-

510 4209 604 4251 ves
623 4195 877 4252 Ecclesia:
903 4197 1130 4269 agitare,
1155 4199 1470 4269 etunieum
1525 4213 1589 4253 ac
1635 4196 1912 4268 singulare
1970 4196 2088 4267 ejus

510 4292 708 4347 ostium
734 4292 933 4347 violare
959 4303 1209 4348 conatur.
1238 4293 1344 4348 lsta
1393 4308 1571 4364 neque
1611 4293 1861 4355 veritate,
1911 4307 2088 4362 neque

512 4381 833 4435 auctoritate
868 4381 1112 4447 inventa,
1141 4381 1235 4436 sed
1275 4382 1668 4437 consuetudine
1711 4390 1766 4436 et
1805 4381 2085 4435 hominum

2184 563 2351 610 retur.
2382 555 2512 609 illud
2542 555 2703 609 etiam
2736 554 2876 623 quod
2903 555 3103 609 bonum
3144 564 3230 610 est
3276 555 3334 609 lit
3375 556 3765 626 perniciosum,

2182 659 2304 699 cum
2342 644 2680 714 promittitur
2711 659 2818 698 non
2850 644 3006 711 bene,
3034 645 3118 699 vel
3134 645 3271 699 male
3295 646 3611 715 suscipitur.
3635 644 3766 702 Nam

2183 739 2410 809 pecunia
2454 753 2618 808 quam
2673 736 2859 793 Simon
2898 736 3087 806 Magus
3131 738 3327 792 obtulit
3372 737 3538 808 302
3588 737 3765 804 Petro,

2182 831 2322 884 bona
2351 830 2567 900 quidem
2595 837 2730 891 erat,
2760 829 2853 884 sed
2877 829 3001 898 quia
3031 828 3173 882 male
3202 828 3397 882 obtulit
3428 828 3601 893 illam,
3627 830 3764 883 dam-

2184 931 2343 977 natus
2379 936 2406 975 a
2457 919 2619 975 Petro
2647 921 2992 991 praedicatur.
3019 919 3086 973 Et
3125 920 3246 974 ideo
3286 934 3386 974 nec
3432 921 3763 991 evangelica,

2184 1028 2284 1067 nec
2314 1013 2607 1079 canonica,
2649 1014 2743 1068 sed
2779 1013 3106 1068 navicularia
3152 1024 3236 1068 est
3261 1014 3352 1068 illa
3398 1029 3521 1084 quae
3576 1015 3766 1070 dicitur

2181 1105 2507 1168 benedictio,
2536 1121 2720 1174 quam,
2750 1120 2869 1172 qure
2897 1104 3035 1159 falso
3058 1105 3276 1160 nomine
3297 1116 3543 1170 vocatur,
3569 1106 3770 1176 profes-

2183 1194 2265 1246 sio
2292 1194 2568 1261 prazccdit,
2609 1196 2724 1248 sive
2768 1195 3137 1263 subsequitur.
3195 1194 3273 1249 lbi
3315 1195 3576 1249 venditur
3613 1195 3766 1249 simul

2182 1294 2236 1340 et
2261 1287 2459 1339 emitur
2495 1287 2727 1355 primum
2766 1285 3029 1340 Ecclesiae
3057 1295 3486 1339 sacramentum.
3521 1284 3767 1340 Christus

2182 1375 2380 1428 etenim
2411 1376 2616 1443 primus
2667 1376 2769 1430 hoc
2815 1386 3215 1444 sacramentum
3271 1390 3370 1444 per
3416 1375 3765 1443 semetipsum

2183 1462 2330 1530 fecit,
2367 1465 2827 1520 consecrationem
2860 1464 3069 1520 scilicet
3093 1464 3768 1535 apostolorum.Pr:eterea

2183 1555 2463 1609 sciendum
2494 1564 2599 1619 est,
2627 1570 2728 1610 nec
2755 1554 3012 1610 oblivioni
3045 1556 3362 1609 tradendum
3388 1594 3404 1617 ,
3455 1554 3602 1623 quod
3653 1554 3767 1621 qui-

2182 1661 2395 1716 cunque
2420 1647 2550 1700 emit
2583 1646 2905 1712 Ecclesiam,
2929 1644 3236 1700 Judazorum
3264 1645 3574 1714 perfidiam,
3606 1652 3659 1699 et
3684 1644 3768 1713 qui

2185 1737 2370 1791 vendit
2407 1752 2547 1799 eam,
2586 1737 2901 1791 traditorem
2931 1736 3123 1791 Judam
3174 1736 3436 1789 imitatur.
3471 1734 3643 1789 Judtei
3691 1745 3769 1789 et-

2183 1825 2617 1881 enimChristttm
2640 1828 2835 1881 emisse
2859 1840 3174 1887 noscuntur,
3192 1825 3284 1895 qui
3306 1833 3391 1879 est
3408 1832 3574 1894 caput
3593 1824 3769 1879 Eccle—

2183 1917 2301 1981 siaa,
2332 1926 2387 1970 et
2417 1932 2541 1971 eum
2573 1916 2880 1972 vendidisse
2899 1916 3064 1973 Judas
3098 1917 3318 1971 minime
3350 1916 3651 1970 dubitatur.
3675 1915 3772 1981 Qui

2183 2025 2312 2063 vero
2339 2023 2436 2079 pro
2460 2009 2644 2064 divino
2680 2010 2938 2079 mysterio
2970 2024 3166 2064 munus
3191 2009 3382 2078 exigit,
3420 2007 3575 2063 Giezi
3598 2011 3773 2077 sequi-

2186 2111 2275 2155 tur
2303 2099 2626 2170 discipulutn
2663 2100 2868 2167 Elizzei,
2896 2111 2950 2155 et
2986 2100 3223 2154 Naatnau
3255 2100 3374 2170 Syri
3409 2099 3622 2169 lepram
3651 2113 3773 2153 con-

2184 2195 2451 2263 sequitur.
2505 2192 2746 2247 Caveant
2796 2193 2960 2263 igitur
3010 2193 3245 2263 episcopi
3298 2200 3352 2246 et
3389 2191 3639 2253 abbates,
3690 2191 3775 2248 oui

2185 2286 2308 2340 ideo
2350 2285 2606 2339 dicuntur
2634 2283 2834 2338 Christi
2869 2284 3078 2348 vicarii,
3129 2282 3386 2352 quoniam
3425 2281 3629 2335 Christi
3662 2294 3776 2335 cte-

2185 2378 2387 2431 duutur
2410 2389 2573 2445 agere
2605 2377 2774 2439 vices,
2814 2390 2882 2429 ne
2911 2384 3101 2429 contra
3141 2373 3343 2428 Christi
3368 2372 3775 2436 auctoritatem,

2185 2467 2275 2537 qui
2305 2468 2475 2537 gratis
2505 2466 2694 2521 tribuit
2718 2474 2774 2520 et
2800 2463 2916 2532 ejus
2938 2478 3151 2530 vocem,
3198 2464 3288 2533 qui
3319 2466 3491 2534 gratis
3515 2463 3636 2518 dari
3668 2478 3779 2518 mo-

2186 2566 2279 2612 net
2301 2564 2356 2610 et
2386 2555 2650 2626 principit,
2675 2554 3027 2624 cupiditatem
3057 2554 3174 2607 sive
3196 2552 3655 2607 consuetudinem
3684 2566 3771 2607 se-

2185 2655 2443 2718 quantur,
2472 2663 2575 2716 qua
2600 2647 2732 2702 lides
2764 2646 3040 2711 Ecclesiae,
3078 2645 3322 2709 libertas,
3353 2654 3411 2700 et
3432 2646 3666 2699 castitas
3709 2645 3779 2699 si-

2186 2739 2295 2794 mul
2322 2741 2711 2811 corrumpitur.
2737 2738 2852 2794 Non
2888 2740 3237 2807 mediocriter
3277 2739 3465 2808 utique
3512 2738 3779 2807 delinquit

2186 2830 2494 2900 episcopus,
2527 2828 2630 2882 nisi
2664 2828 2833 2897 gratis
2864 2827 3112 2891 dederit;
3139 2834 3197 2881 et.
3233 2825 3423 2890 abbas,
3471 2825 3575 2880 nisi
3612 2826 3780 2895 gratis

2186 2921 2476 2990 acceperit,
2507 2919 2754 2975 similiter
2774 2926 2982 2988 peccat,
3008 2917 3135 2987 quia
3189 2915 3477 2970 facientem
3504 2924 3564 2970 et
3607 2916 3774 2972 obse-

2186 3019 2447 3081 quentem
2488 3026 2586 3081 par
2611 3023 2771 3080 poena
2795 3008 3146 3078 constringit;
3183 3016 3238 3062 et
3274 3005 3488 3063 facinus
3514 3021 3657 3078 quos
3697 3010 3778 3063 iu-

2187 3101 2397 3170 quinat,
2426 3110 2597 3171 aequat
2630 3100 2854 3171 (Lucan,
2884 3098 2976 3153 lib.
3015 3114 3065 3164 v,
3106 3097 3257 3168 290).

2811 3211 2974 3282 303
3059 3210 3150 3265 ΧΙ·

2186 3320 2255 3359 DE
2305 3319 2441 3359 ILLIS
2475 3319 2562 3367 QUI
2606 3320 2657 3358 IN
2694 3319 2960 3359 CAPITULO
3010 3319 3334 3359 INORDINATE
3372 3320 3666 3372 CLAIANT;
3712 3322 3778 3362 ετ

2400 3389 2466 3429 ΒΕ
2503 3391 2588 3429 HIS
2624 3389 2712 3437 QUI
2755 3390 2823 3428 IBI
2865 3389 3194 3430 INOBDINA'I'E
3236 3390 3608 3430 BESPONDENT.

2259 3467 2415 3537 Saepe
2442 3468 2586 3521 inter
2609 3466 2908 3521 monachos
2937 3467 3136 3536 agitur,
3179 3476 3237 3519 ut
3267 3481 3365 3535 per
3392 3482 3507 3531 eos,
3557 3466 3653 3536 qui
3713 3468 3775 3523 de

2188 3558 2313 3613 aliis
2347 3560 2399 3612 iu
2423 3557 2663 3627 capitulo
2692 3556 2959 3612 clamores
2999 3555 3229 3622 faciunt,
3279 3563 3335 3612 et
3389 3572 3487 3627 per
3534 3557 3681 3622 illos,
3718 3559 3780 3612 de

2191 3648 2391 3717 quibus
2433 3646 2699 3700 clamores
2745 3644 2913 3711 ﬁunt,
2962 3646 3266 3699 animorum
3312 3646 3780 3714 perturbationes,

2190 3738 2351 3793 verba
2373 3752 2579 3802 amara,
2613 3735 2991 3791 contentiones
3029 3745 3345 3803 nascantur,
3398 3746 3625 3807 propter
3679 3738 3780 3791 hoc

2187 3829 2443 3892 maxime,
2476 3828 2619 3896 quod
2656 3828 2708 3881 hi
2752 3826 2844 3896 qui
2886 3836 3233 3891 accusantur,
3279 3827 3500 3881 modum
3558 3843 3781 3897 respon-

2188 3922 2376 3985 sionis,
2395 3929 2450 3975 et
2474 3919 2529 3974 bi
2550 3919 2640 3990 qui
2669 3928 2947 3986 accusant,
2976 3920 3191 3974 modum
3224 3919 3602 3985 accusationis
3630 3921 3780 3992 igno-

2188 4025 2330 4071 rant.
2369 4015 2502 4069 Nam
2546 4030 2668 4069 cum
2715 4030 2779 4068 ex
2833 4015 2958 4069 odio
3010 4015 3215 4084 peccati
3268 4024 3325 4070 ct
3372 4029 3437 4070 ex
3489 4012 3781 4070 dilectione

2189 4107 2376 4162 fratris
2402 4106 2616 4175 culpam
2679 4114 2888 4159 tantum
2930 4105 3213 4161 notificare
3255 4106 3493 4161 debeant
3543 4107 3639 4177 qui
3692 4121 3782 4160 ac-

2189 4208 2406 4265 cusant,
2442 4213 2548 4253 non
2584 4198 2658 4253 ita
2690 4197 2917 4264 faciunt,
2949 4199 3042 4254 sed
3083 4200 3356 4254 minantur
3384 4209 3438 4255 et
3469 4200 3776 4271 increpant.

2189 4293 2267 4348 llli
2290 4303 2470 4348 autem
2501 4291 2593 4362 qui
2637 4291 3011 4361 increpantur,
3040 4306 3163 4346 cum
3196 4291 3516 4361 patientiam
3546 4291 3776 4358 Christi,

2189 4387 2314 4456 quia
2344 4385 2642 4442 Christiani
2667 4393 2874 4439 suntet
2917 4385 3189 4450 monachi,
3233 4384 3442 4441 imitari
3493 4383 3777 4451 deberent,

510 4471 807 4550 cupiditate
850 4483 1083 4540 reperta,
1141 4472 1336 4540 triplici
1374 4486 1568 4541 genere
1601 4471 1855 4526 δίη]οηίίὲ
1895 4480 2080 4526 COIIll'a
2115 4477 2163 4536 D
2189 4480 2280 4550 qui
2311 4493 2494 4534 coram
2543 4479 2800 4532 tondente
2844 4492 2951 4531 non
2985 4477 3198 4547 aperuit
3232 4493 3295 4533 os
3338 4494 3519 4542 suum,
3580 4493 3683 4534 nec
3722 4481 3778 4538 in

509 4570 755 4617 sanctam
811 4559 1102 4614 Ecclesiam
1142 4558 1434 4631 iaculatur,
1461 4561 1712 4628 quoniam
1763 4560 2002 4615 Simonia
2051 4577 2082 4615 a

510 4651 714 4722 lingua,
747 4650 988 4706 Simonia
1030 4665 1061 4704 a
1094 4665 1277 4714 manu,
1313 4649 1552 4705 Simonia
1594 4651 1663 4706 ab
1707 4652 1966 4722 obsequio
2011 4653 2084 4708 ibi

509 4744 882 4798 eonnnittitur.
916 4741 1013 4796 Est
1047 4755 1077 4794 a
1100 4740 1301 4810 lingua,
1337 4756 1458 4795 cum
1487 4740 1700 4811 publice
1722 4743 2083 4799 recitaturilla

509 4832 825 4901 promissio;
860 4832 920 4886 ﬁt
941 4847 972 4885 a
1005 4846 1190 4898 manu,
1232 4832 1454 4900 quando
1482 4833 1809 4902 cltarta,qua
1836 4835 2082 4890 contine-

511 4932 623 4988 tur,
649 4923 850 4990 scripta
898 4922 1119 4990 ponitur
1163 4936 1324 4991 super
1369 4921 1570 4988 altare;
1621 4922 1680 4977 tit
1713 4923 1782 4976 ab
1802 4923 2080 4995 obsequio,

507 5028 632 5068 cum
662 5013 834 5081 ipsum
864 5012 1003 5067 male
1030 5013 1355 5083 promissum
1383 5012 1732 5083 subiectionis
1758 5016 2081 5086 obsequium

509 5112 774 5158 servatur.
809 5102 911 5169 Qui
957 5103 1039 5158 sic
1069 5103 1181 5173 agit
1220 5102 1447 5159 forsitan
1484 5105 1616 5160 dicit
1662 5124 1676 5160 :
1722 5104 1828 5161 Pro
1866 5106 2083 5163 benedi-

508 5194 686 5248 ctione
716 5207 820 5246 non
845 5208 1029 5262 quaero
1061 5195 1341 5263 pecuniam
1370 5195 1531 5266 :limo
1556 5199 1688 5252 satis
1718 5198 1947 5269 amplius
1969 5201 2083 5254 exi-

508 5284 606 5355 git,
634 5284 762 5356 quia
796 5284 1030 5342 hominis
1070 5301 1377 5357 personam.
1411 5287 1566 5345 Sicut
1604 5291 1786 5345 anima
1834 5290 1952 5361 plus
1999 5302 2083 5348 est

508 5390 669 5444 quam
700 5389 928 5444 corpus,
958 5376 1031 5431 ita
1053 5392 1249 5449 corpus
1271 5379 1431 5435 simul
1462 5390 1518 5436 et
1538 5381 1717 5435 anima
1738 5421 1755 5448 ,
1783 5391 1894 5437 tota
1932 5382 2083 5437 vide-

510 5464 636 5520 licet
681 5466 914 5521 hominis
962 5483 1191 5539 persona
1247 5471 1415 5526 multo
1464 5473 1584 5542 plus
1612 5481 1695 5527 est
1737 5488 1900 5543 quam
1942 5471 2083 5541 ejus-

510 5558 758 5627 pccunia.
782 5557 975 5614 Divina
1015 5559 1130 5631 lege
1165 5570 1221 5616 et
1266 5562 1548 5617 manifesta
1594 5564 1803 5620 ratione
1825 5564 2084 5636 probatur

509 5651 636 5719 quia
667 5652 971 5707 benedictio
996 5653 1217 5708 minimc
1252 5654 1414 5710 datur
1437 5654 1607 5723 gratis
1631 5672 1790 5726 quam
1829 5654 2084 5727 prtecedit

485 5737 488 5742 ’
514 5742 721 5799 abbatis
745 5744 828 5798 illa
858 5743 1179 5813 proscriptio
1202 5784 1217 5810 ,
1260 5752 1317 5799 ut
1349 5729 1491 5814 quod
1524 5743 1794 5801 desiderat
1824 5759 2079 5815 assequa-

2187 4586 2281 4627 sua
2305 4569 2554 4640 passione
2580 4578 2767 4623 contra
2798 4582 2924 4621 suos
2959 4577 3305 4622 accusatores
3330 4567 3525 4637 impios
3542 4576 3597 4621 et
3622 4579 3780 4623 men'

2185 4663 2347 4718 daces
2379 4661 2540 4716 verba
2581 4659 2971 4714 contumeliosa
3006 4659 3318 4729 protulisse,
3352 4657 3446 4714 sed
3484 4658 3688 4728 judici,
3715 4673 3781 4714 se

2188 4756 2312 4809 licet
2334 4752 2529 4821 injuste
2553 4751 2841 4821 iudicanti,
2874 4752 3144 4821 patienter
3174 4751 3518 4820 respondisse
3549 4749 3773 4820 legitur,

2185 4846 2328 4916 quod
2356 4844 2606 4899 Christus
2637 4841 2766 4897 fecit
2787 4841 2971 4897 facere
3007 4842 3366 4907 erubescunt,
3411 4849 3468 4896 et
3495 4842 3781 4896 Christum

2184 4943 2242 4990 et
2282 4935 2401 5004 eius
2449 4931 2753 5002 exemplum
2807 4946 3109 5000 nomenque
3158 4930 3529 4986 Christianum
3556 4971 3572 4996 ,
3618 4946 3778 4985 suum

2184 5025 2349 5082 etiam
2377 5025 2779 5089 monacbatum,
2816 5037 3040 5077 summa:
3063 5022 3314 5077 videlicet
3348 5022 3676 5077 humilitatis
3705 5022 3781 5077 si-

2185 5132 2372 5188 gnum,
2421 5114 2815 5170 obliviscuntur
2866 5122 2922 5168 et
2969 5115 3131 5168 verba
3186 5114 3415 5184 superba
3451 5123 3507 5167 et
3539 5113 3777 5184 litigiosa

2184 5216 2370 5263 contra
2404 5221 2498 5261 eos
2533 5214 2859 5275 praeparant,
2886 5204 2978 5275 qui
3009 5204 3076 5259 de
3113 5204 3244 5274 ipsis
3285 5203 3584 5274 loquuntur
3612 5213 3780 5272 atque

2160 5297 2342 5354 tmalis
2378 5298 2652 5368 prioribus
2677 5296 2857 5367 pejora
2889 5296 3198 5367 iungentes,
3235 5311 3363 5350 suos
3394 5295 3600 5351 similes
3624 5294 3780 5362 aliu-

2188 5399 2332 5444 tores
2364 5389 2636 5450 invocant,
2663 5386 2816 5456 quasi
2854 5386 3174 5455 iniuriarum
3212 5386 3436 5440 ultores.
3467 5386 3777 5450 linde,Deo

2162 5485 2428 5545 ,auctore,
2476 5476 2745 5545 quomodo
2801 5475 2885 5529 vel
2936 5476 3045 5541 cui,
3093 5476 3186 5530 lilii
3247 5485 3303 5530 et
3358 5474 3555 5530 fratres
3602 5475 3776 5531 nostri

2188 5567 2354 5640 304
2382 5569 2434 5623 in
2465 5566 2701 5638 capitulo
2722 5565 2961 5621 accusati
2981 5567 3329 5635 respondere,
3384 5575 3441 5620 et
3469 5566 3563 5635 qui
3615 5581 3776 5621 accu-

2185 5666 2307 5711 sant
2348 5657 2617 5727 quomodo
2641 5670 2900 5712 accusare
2927 5656 3181 5721 debeant,
3213 5654 3467 5711 ordinare
3502 5656 3774 5725 volumus.

2184 5732 2509 5806 Ordiuamus
2539 5748 2736 5818 itaque,
2769 5757 2821 5805 et
2847 5747 3150 5803 ordinando
3190 5748 3289 5805 sub
3322 5752 3546 5804 nomine
3571 5760 3777 5805 sancito
