3986 6448
246 349 343 406 2:39

1625 339 2012 400 OPUSCULA.
2049 371 2118 381 —
2160 340 2278 397 XIV

3419 351 3531 407 230

247 459 554 519 obedientite
593 459 950 531 praecipimus
980 468 1034 515 ut
1062 457 1196 514 alter
1225 457 1454 514 alterius
1481 457 1694 528 culpam
1736 458 1816 512 sic
1846 461 1894 518 Α
1921 455 2124 512 sitionc
2159 457 2516 527 proposuisti,
2550 458 2697 515 circa
2731 473 2816 516 me
2855 460 3021 516 multa
3070 471 3226 528 sunt;
3256 473 3310 520 et
3339 477 3528 522 contra

249 557 299 612 in
323 550 550 622 capitulo
580 548 831 604 uotiticct
854 562 1116 621 quatenus
1147 565 1268 605 eum
1305 549 1498 603 minari
1533 564 1638 602 non
1676 564 1823 619 pra:-

248 650 438 704 sumat,
469 653 560 692 nec
599 637 870 708 increpet.
919 639 964 693 Is
1011 653 1137 692 vero
1189 637 1279 708 qui
1321 647 1609 692 accusatus
1665 637 1826 691 fuerit

248 737 496 792 adversus
522 745 682 783 suum
702 740 1074 786 accusatorem
1105 731 1284 786 verbis
1328 730 1661 801 quibuslibet
1717 746 1822 785 non

247 821 546 879 contendat.
594 820 691 872 sed
742 822 888 875 unde
922 830 1208 876 accusatur
1232 821 1328 876 soli
1358 821 1564 886 abbati,
1594 822 1676 876 vel
1705 820 1824 890 ejus

246 913 395 986 priori
420 908 699 965 humiliter
740 921 905 984 atque
942 914 1210 968 veraciter
1257 915 1602 983 respondeat.
1638 913 1826 968 Liceat

245 1006 516 1074 unicuique
581 1005 676 1075 qui
745 1013 1027 1060 accusatur
1096 1012 1191 1058 aut
1266 1004 1544 1059 humiliter
1599 1005 1815 1075 culpam

245 1110 546 1167 agnoscere,
572 1096 655 1149 vel
688 1097 734 1149 si
769 1095 1046 1165 culpabilis
1073 1094 1298 1150 minime
1350 1093 1552 1160 fuerit,
1613 1110 1671 1150 se
1719 1112 1823 1150 non

233 1191 506 1254 audacter,
577 1191 677 1243 sed
739 1190 1007 1258 patienter
1063 1204 1353 1245 excusare.
1416 1188 1824 1245 Ordinationem

248 1281 408 1345 istam,
438 1295 467 1333 a
493 1281 605 1334 Deo
641 1282 824 1350 potius
855 1297 1012 1352 quam
1045 1297 1074 1336 a
1106 1282 1262 1337 nobis
1279 1298 1376 1353 pro
1406 1297 1541 1352 pace
1563 1292 1616 1338 et
1642 1284 1826 1353 quiete

249 1373 534 1425 animarum
566 1380 621 1425 et
647 1386 940 1442 corporum
975 1372 1206 1428 fratrum
1247 1383 1559 1429 nostrorum
1593 1374 1822 1442 factam,

249 1463 287 1518 si
305 1463 417 1532 quis
453 1463 696 1518 scienter
729 1465 1028 1530 violaverit,
1074 1476 1270 1536 przcter
1321 1467 1668 1537 prtesentium
1703 1468 1823 1538 pla-

249 1573 334 1625 gas
375 1557 683 1626 virgarum,
731 1565 937 1626 septem
990 1557 1327 1612 continuatis
1379 1559 1569 1614 diebus
1622 1559 1827 1629 absque

251 1649 558 1720 indulgentia
586 1651 746 1706 cibus
774 1651 822 1705 ei
854 1651 1009 1706 detur
1037 1651 1376 1706 solummodo
1405 1653 1562 1722 panis
1588 1661 1640 1706 et
1661 1668 1822 1722 aqua.

975 1739 1088 1794 XII.

441 1847 553 1894 αυλις
593 1848 724 1886 ἸἬΙΔ
767 1847 1088 1889 PASTOBIBUS
1126 1849 1305 1889 INESSE
1344 1850 1608 1892 DEBEANT.

322 1922 619 1977 I‘astoribus
649 1924 915 1980 Ecclesia:
943 1925 1044 1979 tria
1061 1926 1370 1996 spcciliater
1399 1929 1577 1984 inesse
1604 1928 1824 1995 debent,

250 2013 442 2082 iustitia
478 2014 752 2080 videlicet,
804 2016 1062 2071 discretio
1097 2029 1154 2071 et
1213 2018 1572 2086 providentia.
1617 2019 1825 2074 Unum-

255 2119 502 2174 quemque
524 2107 685 2176 igitur
736 2108 1168 2178 dispenSatorem
1216 2109 1474 2165 Ecclesia:
1529 2111 1579 2164 in
1617 2109 1825 2179 judicio

245 2194 436 2263 justum
461 2212 572 2251 esse
598 2197 789 2263 decet,
821 2199 1118 2256 discretum
1163 2200 1214 2254 in
1259 2211 1552 2271 prmcepto,
1599 2201 1652 2256 in
1691 2217 1824 2258 con-

249 2286 359 2340 silio
381 2287 690 2355 providum.
729 2287 930 2344 Tribus
960 2288 1080 2344 istis
1106 2289 1377 2360 praecipue
1419 2301 1607 2360 pastor
1638 2292 1826 2348 Eccle-

247 2381 331 2434 sia:
365 2390 418 2435 et
466 2381 781 2437 animarum
831 2381 1019 2446 saluti,
1075 2392 1128 2438 et
1175 2400 1462 2455 corporum
1513 2387 1824 2442 necessitati

249 2472 484 2541 prodesse
526 2481 735 2542 potest.
784 2472 940 2540 Quod
993 2473 1036 2528 si
1082 2489 1250 2528 unum
1301 2474 1527 2530 istorum
1567 2476 1820 2544 defuerit,

252 2572 423 2616 caetera
445 2566 549 2618 duo
581 2573 689 2618 aut
739 2565 942 2630 minus,
991 2573 1087 2619 aut
1135 2564 1268 2619 nihil
1316 2566 1530 2635 penitus
1572 2578 1820 2636 prosunt.

249 2652 389 2724 305
443 2653 574 2709 Nam
628 2655 680 2710 si
723 2654 871 2725 juste
917 2655 1126 2724 jndicet
1166 2666 1380 2725 pastor,
1429 2666 1484 2711 ct
1534 2656 1823 2713 indiscrete

250 2747 516 2817 prtecipiat,
540 2748 666 2818 ipsa
691 2748 988 2804 indiscreta
1013 2749 1306 2818 prteceptio
1339 2749 1504 2803 etiam
1527 2747 1659 2818 justi
1680 2747 1823 2817 judi-

252 2841 312 2893 cii
335 2842 430 2895 erit
456 2842 785 2898 destructio.
815 2842 969 2908 Quod
1016 2841 1060 2896 si
1107 2843 1342 2897 discrete
1383 2844 1727 2913 praeceperit,
1756 2851 1824 2897 et

250 2933 798 3001 injustejudicaverit,
832 2933 1031 3003 injusta
1058 2944 1114 2990 et
1145 2937 1328 3005 iniqua
1357 2935 1695 3006 adjudicatio
1728 2934 1819 2990 ﬁet

246 3028 467 3082 discreta:
482 3029 873 3099 preceptionis
896 3030 1194 3099 corruptio.
1217 3029 1270 3083 Si
1289 3046 1416 3086 vero
1437 3038 1490 3084 et
1513 3029 1658 3100 juste
1679 3029 1822 3097 judi-

248 3120 430 3174 caverit
447 3129 499 3174 et
527 3120 778 3175 discrete
805 3121 1158 3191 praeceperit,
1185 3120 1236 3174 in
1252 3121 1479 3176 consilio
1501 3130 1680 3175 autem
1703 3122 1820 3175 ani-
1849 3159 1892 3220 Ο

247 3227 430 3265 marum
463 3216 730 3287 providus
773 3213 996 3268 minime
1039 3211 1223 3277 fuerit,
1262 3213 1560 3280 improvida
1607 3214 1819 3270 consilii

250 3310 586 3378 praecipitatio
629 3309 735 3364 erit
777 3317 830 3361 et
870 3305 1002 3375 justi
1043 3305 1235 3373 judicii
1284 3315 1341 3360 et
1377 3307 1626 3364 discretzn
1679 3324 1820 3378 pra:-

251 3400 486 3465 ceptiouis
529 3397 840 3454 dissolutio.
881 3396 954 3451 Ea
1005 3405 1224 3466 propter
1254 3412 1697 3469 unumquemque
1726 3415 1820 3470 pa.
1889 3445 1893 3449 .

249 3497 426 3544 storem
450 3489 715 3545 Ecclesia:
746 3488 949 3543 habere
990 3496 1204 3558 oportet
1242 3497 1297 3542 et
1330 3487 1599 3557 injudicio
1625 3492 1822 3545 verita-

249 3588 365 3642 tem,
385 3593 434 3634 et
461 3582 813 3636 dilectionem
855 3581 907 3634 in
937 3587 1228 3650 praecepto,
1253 3588 1306 3634 et
1333 3579 1386 3634 in
1416 3581 1644 3638 consilio
1666 3581 1784 3636 solli
1807 3612 1820 3624 -

250 3673 541 3728 citudinetu.

960 3762 1092 3818 XIII.

250 3892 474 3933 INVEC‘I'IO
530 3893 620 3932 DEI
680 3891 892 3932 CONTRA
955 3891 1325 3941 PECCATUREM,
1380 3890 1449 3930 ΕΤ
1489 3891 1819 3932 PECCATORIS

476 3965 580 4004 (ΖοΝ
589 3964 768 4004 FESSIO
807 3963 1098 4002 PRECANTIS
1137 3963 1170 4000 ll
1181 3962 1578 4001 ιδειιιοοιιυιλιί.

310 4041 456 4098 Miser
487 4044 677 4108 homo,
713 4057 815 4113 ego
848 4049 899 4096 te
929 4041 1032 4096 feci
1063 4042 1130 4096 de
1160 4041 1290 4106 luto,
1313 4048 1369 4095 et
1393 4055 1562 4110 usque
1591 4041 1657 4094 ad
1688 4041 1819 4094 ima-

248 4133 402 4202 ginem
433 4145 494 4188 et
532 4133 949 4190 similitudinem
980 4149 1156 4189 meam
1187 4132 1496 4188 sublimavi.
1527 4133 1568 4203 1'
1608 4132 1680 4187 Ita
1711 4141 1816 4198 est,

249 4224 402 4294 Bone;
453 4227 570 4283 sula
613 4239 703 4281 tua
737 4228 907 4298 gratia
942 4243 1008 4282 ex
1062 4224 1238 4296 fragili
1270 4225 1402 4280 satis
1438 4226 1664 4280 materia
1713 4226 1816 4279 im-

247 4321 510 4375 mortalem
543 4329 600 4376 et
622 4328 907 4386 a:ternum,
937 4320 981 4375 si
1009 4333 1111 4373 non
1139 4333 1468 4389 peccassem,
1499 4333 1584 4372 me
1618 4317 1817 4372 factum

247 4424 512 4482 cognosco.
558 4414 600 4482 οῖ
629 4413 815 4466 Tanta:
845 4413 1032 4481 gratia:
1086 4411 1363 4480 ingratus,
1402 4408 1576 4465 factus
1607 4425 1666 4465 es
1691 4425 1820 4464 con-

247 4510 462 4573 temptor
504 4503 850 4558 obedientizc.
881 4502 920 4572 -ιη
951 4500 1042 4556 Sic
1082 4511 1186 4566 est,
1237 4501 1458 4567 Sancte,
1495 4509 1555 4556 ut
1588 4501 1819 4567 asscris;

246 4588 403 4644 locum
453 4590 575 4645 dedi
622 4591 889 4644 inventori
927 4605 1060 4644 mea:
1090 4590 1346 4645 miseriae.
1376 4591 1416 4661 -ξ-
1455 4590 1597 4645 Deus
1622 4600 1677 4644 et
1713 4591 1818 4646 Do-

247 4681 403 4736 minus
432 4695 532 4751 pro
558 4690 610 4736 te
632 4697 790 4736 servo
814 4683 1021 4748 peccati
1052 4681 1226 4736 factus
1247 4697 1367 4737 sum
1397 4697 1546 4748 caro,
1571 4693 1625 4738 et
1646 4697 1712 4737 ex
1758 4701 1817 4738 a-

244 4773 375 4828 nima
427 4774 683 4829 rationali
735 4782 789 4828 et
830 4789 995 4828 carne
1054 4773 1329 4844 perfectus
1376 4774 1557 4830 homo.
1587 4776 1629 4845 τ
1663 4774 1816 4842 Quod

243 4868 515 4935 proﬁteris,
569 4867 830 4922 Conditor
880 4866 996 4936 pic,
1048 4874 1103 4919 et
1139 4865 1252 4935 ipse
1304 4865 1588 4934 proﬁteor;
1621 4874 1676 4920 et
1715 4866 1817 4920 hoc

246 4959 425 5013 factum
455 4969 541 5015 est
579 4975 645 5014 ne
674 4959 930 5028 perirem,
974 4973 1078 5027 ego
1110 4965 1385 5028 peccator.
1427 4958 1466 5027 -ξο
1499 4958 1675 5028 Super
1702 4959 1818 5014 haec

244 5057 425 5120 omnia,
455 5065 617 5127 natus
637 5054 704 5108 de
734 5053 953 5118 femina,
983 5060 1193 5121 captus,
1224 5051 1442 5122 ligatus,
1474 5053 1814 5119 verberatus,

245 5148 423 5202 multas
450 5155 504 5201 et
535 5144 863 5214 multiplices
891 5158 1080 5214 passus
1116 5143 1364 5212 injurias,
1388 5144 1600 5198 occisus
1625 5145 1812 5212 etiam,

244 5245 297 5290 ιιι
355 5239 440 5293 Dei
488 5239 654 5310 306
694 5237 864 5291 ﬁlium
919 5246 970 5292 te
1013 5235 1274 5300 facerem,
1307 5237 1398 5306 qui
1449 5235 1646 5290 diaboli
1692 5251 1816 5290 eras

247 5328 572 5396 mancipium.
619 5327 660 5396 εξ·
711 5324 886 5381 Credo
918 5325 1204 5390 veraciter,
1251 5323 1513 5392 Benigne,
1546 5323 1689 5393 quod
1738 5323 1816 5376 lo-

245 5418 430 5487 queris,
458 5419 550 5474 sed
582 5419 856 5474 sustinere
887 5417 974 5470 vix
1021 5417 1197 5481 valeo,
1245 5414 1504 5471 confusus
1537 5431 1657 5470 mea
1701 5432 1816 5469 ma-

249 5523 340 5578 gna
376 5521 426 5566 et
472 5511 628 5581 longa
678 5510 982 5581 iniquitate.
1021 5510 1060 5579 -ὶι
1093 5509 1254 5563 ltlulta
1287 5519 1342 5562 et
1375 5509 1542 5563 multa
1595 5509 1735 5564 circa
1764 5519 1816 5563 te

250 5616 354 5654 mea
383 5605 513 5657 bona
545 5620 557 5655 :
590 5601 758 5656 multa
786 5610 843 5656 et
875 5601 1041 5654 multa
1068 5609 1254 5656 contra
1283 5614 1367 5653 me
1391 5607 1515 5653 sunt
1543 5607 1630 5651 tua
1654 5599 1811 5652 mala.

248 5691 285 5758 τ
314 5690 417 5746 Ulla
456 5696 685 5758 ratione,
719 5692 1018 5758 Altissime,
1073 5707 1272 5759 negare
1314 5706 1419 5744 non
1470 5703 1686 5758 possunt
1723 5697 1813 5742 tua

252 5787 398 5841 verba
425 5803 545 5842 vera
579 5802 723 5853 esse,
757 5784 883 5856 quia
915 5793 967 5838 et
996 5793 1078 5838 tua
1111 5783 1268 5846 bona,
1301 5783 1433 5837 sicut
1467 5796 1592 5836 vera
1621 5796 1812 5851 popo-

1932 557 1981 602 te
2009 549 2175 602 multa
2201 564 2318 603 mea
2356 551 2525 620 mala;
2563 553 2778 622 etquod
2793 563 2877 610 est
2903 555 3074 625 culpa:
3098 556 3385 626 gravioris,
3423 575 3533 614 non

1931 654 2017 692 me
2054 656 2203 695 reum
2237 641 2528 712 aliquando
2562 660 2698 713 pure
2725 645 3010 701 confessus
3040 663 3182 712 sum,
3229 663 3330 702 nec
3354 664 3531 704 meum

1925 730 2064 787 bene
2083 733 2276 802 agnovi
2310 745 2543 790 reatum.
2562 740 2601 804 -ἷη
2622 735 2792 791 Nullis
2813 739 3246 806 przcculentibus
3282 741 3363 794 vel
3405 743 3534 796 sub-

1929 823 2284 890 sequentibus
2310 826 2519 881 meritis
2549 836 2602 881 te
2635 831 2913 884 custodem
2952 831 3211 888 Ecclesia:
3246 848 3379 887 mea:
3417 835 3530 887 fieri

1928 916 2174 984 permisi,
2213 925 2268 971 et
2297 927 2590 986 pastorem.
2627 920 2667 989 -i~
2716 921 2784 975 Et
2828 922 2929 976 ista
2959 923 3201 992 quidem,
3249 924 3536 980 Miscrator

1931 1016 1986 1059 et
2019 1005 2350 1071 Misericors,
2400 1008 2632 1062 veritate
2673 1010 2998 1080 amplector;
3033 1015 3125 1068 sed
3164 1024 3269 1068 tua:
3311 1017 3531 1069 miseri-

1929 1097 2153 1161 cordi-.c,
2187 1110 2242 1152 et
2295 1100 2632 1154 miserationi
2662 1110 2950 1173 utrumque
2989 1105 3272 1169 conﬁteor,
3305 1115 3362 1160 et
3401 1116 3529 1161 ante

1929 1186 2120 1253 fuisse,
2163 1198 2218 1243 et
2265 1201 2451 1259 postea
2497 1207 2616 1246 esse
2662 1208 2748 1247 me
2771 1193 3030 1248 miserum
3064 1207 3437 1265 peccatorem;
3474 1207 3530 1252 et

1930 1282 2025 1352 qui
2059 1282 2411 1338 vehementer
2452 1285 2645 1340 timere
2687 1286 2880 1351 debeo,
2915 1302 2982 1342 ne
3011 1303 3074 1342 ex
3104 1299 3319 1358 pastore
3344 1290 3528 1360 lupum

1930 1387 2037 1437 me_
2066 1372 2310 1439 fecerim,
2339 1384 2393 1428 ct
2442 1390 2509 1429 ex
2555 1374 2780 1430 custode
2815 1375 3102 1432 latronem.
3144 1379 3316 1433 Meam
3349 1381 3530 1450 itaque

1930 1462 2208 1518 misriam
2265 1479 2370 1518 non
2401 1464 2640 1530 occulto,
2697 1474 2753 1519 et
2807 1475 2952 1520 tuam
3000 1483 3184 1537 quaro
3217 1470 3530 1525 miscricor-

1929 1557 2098 1622 diam,
2129 1557 2537 1628 omnipotentia:
2571 1568 2623 1612 et
2650 1558 2839 1627 gratim
2863 1559 3163 1615 immensae.
3197 1560 3308 1614 Tua
3345 1563 3528 1644 igitur,

1931 1648 2094 1712 Deus,
2124 1649 2296 1719 gratia
2319 1664 2424 1719 qua
2462 1648 2638 1705 factus
2669 1665 2815 1713 sum,
2844 1659 2899 1704 ct
2924 1666 3030 1720 qua
3065 1666 3182 1706 sum
3216 1653 3529 1723 redemptus

1934 1741 2334 1808 mirericordia,
2377 1743 2480 1796 mei
2542 1743 2724 1796 miseri
2800 1755 2856 1797 et
2905 1745 3210 1814 pecca'oris
3247 1732 3528 1812 miserere,

1857 1809 1904 1868 Β
1935 1841 1989 1886 et
2024 1833 2376 1887 beatitudinis
2410 1832 2552 1889 illius
2590 1833 2821 1887 latronis
2866 1809 2950 1888 tne
2986 1834 3302 1904 participem
3341 1809 3526 1900 facio,

1928 1925 2013 1979 cui
2057 1925 2300 1994 pendens
2341 1926 2393 1980 itt
2428 1940 2590 1980 cruce
2621 1925 2806 1980 dixisti
2845 1942 2860 1980 :
2905 1925 3078 1980 Hodie
3117 1942 3318 1979 meeum
3342 1929 3444 1980 eris
3474 1931 3526 1980 in

1928 2015 2177 2084 paradiso
2206 2014 2358 2086 (Luc.
2402 2031 2560 2078 χχιιι,
2590 2016 2704 2082 45).

2553 2106 2716 2176 307
2757 2105 2896 2161 xw.

1927 2232 2050 2272 ΑιιΑ
2089 2231 2342 2272 INVECTIO
2380 2231 2596 2270 CliNTnA
2638 2231 3026 2283 I'ECLATOREI,
3065 2233 3136 2274 Ετ
3176 2233 3525 2276 ΗΕΝΙἸἙΝΤΙΒ

2364 2302 2690 2342 PECCATORIS
2728 2302 3078 2344 CONSOLATIO.

1995 2378 2280 2446 Peccator,
2310 2395 2560 2450 agnosce,
2600 2387 2657 2433 et
2687 2381 3063 2450 pteniteutiam
3095 2397 3215 2452 age,
3249 2397 3354 2451 qua
3385 2398 3523 2452 pra:-

1925 2472 2232 2540 snmptione
2256 2480 2447 2526 contra
2478 2471 2794 2527 Creatorem
2825 2482 2976 2527 tuum
3015 2483 3069 2527 et
3095 2472 3514 2545 Itedemptorem

1923 2559 2103 2630 egisti,
2134 2574 2295 2628 quam
2329 2558 2507 2629 tepide
2533 2567 2589 2614 et
2611 2561 2942 2630 negligenter
2966 2562 3017 2614 in
3051 2571 3240 2616 sancto
3270 2578 3334 2616 ac
3363 2579 3523 2619 sacro

1924 2648 2117 2702 ordine
2143 2647 2302 2718 longo
2335 2655 2578 2717 tempore
2613 2649 2824 2704 vixisti.
2873 2649 3045 2706 Serve
3083 2651 3311 2717 inutilis,
3341 2653 3524 2707 recole

1927 2739 2192 2794 beneﬁcia
2249 2738 2370 2804 Dei,
2409 2747 2464 2793 et
2511 2739 2696 2809 dilige.
2751 2742 3012 2811 Appende
3057 2753 3280 2812 peccata
3329 2753 3414 2798 tua
3457 2745 3523 2814 lin

1924 2840 2190 2901 quantum
2220 2829 2452 2900 appendi
2489 2839 2734 2900 possunt,
2767 2843 2822 2886 et
2859 2849 3184 2903 expavesce.
3219 2833 3380 2888 Miser
3409 2833 3520 2889 Ec-

1923 2920 2104 2977 clesia:
2135 2931 2341 2975 sancta:
2396 2921 2665 2986 minister,
2719 2931 2890 2978 tracta
2933 2924 3072 2994 apud
3108 2933 3159 2978 te
3190 2923 3318 2994 quid
3347 2925 3522 2979 bonus

1924 3017 2186 3072 Dominus
2226 3014 2418 3070 fecerit
2451 3015 2567 3082 tibi,
2595 3023 2650 3070 et
2681 3024 2735 3069 tu
2773 3015 2901 3085 quid
2937 3016 3109 3071 fecisti
3137 3034 3149 3070 :
3185 3017 3350 3070 multa
3380 3017 3519 3071 boaa

1925 3110 2156 3166 contulit
2211 3108 2328 3172 tibi,
2380 3115 2434 3161 et
2487 3116 2540 3162 tu
2593 3108 2762 3162 multa
2814 3108 2954 3162 mala
2984 3109 3330 3164 commisisti.
3372 3107 3522 3162 lianc

1927 3202 2340 3273 retributionem
2373 3202 2488 3272 ipse
2525 3210 2575 3255 te
2608 3216 2714 3254 non
2752 3201 2953 3264 docuit,
2989 3217 3089 3256 nec
3115 3211 3169 3255 tu
3208 3201 3274 3256 ab
3312 3200 3418 3255 al:o
3442 3201 3522 3256 sic

1923 3295 2105 3351 doceri
2147 3295 2403 3350 debuisti.
2459 3293 2686 3348 Debitor
2721 3293 2814 3348 Dei
2851 3303 2906 3348 et
2955 3293 3029 3347 tui
3081 3295 3355 3364 deceptor,
3411 3309 3522 3347 nie-

1925 3397 2109 3443 meuto
2139 3387 2584 3457 promissionum,
2618 3400 2754 3454 quas
2797 3400 3014 3440 summo
3058 3384 3288 3438 Domino
3323 3384 3520 3454 srepins

1925 3479 2122 3546 fecisti,
2159 3489 2214 3534 et
2259 3495 2364 3534 non
2403 3481 2540 3536 bene
2573 3480 2811 3534 tenuisti.
2844 3479 2962 3549 Ipse
2985 3479 3210 3533 mttltum
3244 3479 3472 3548 patienti
3493 3495 3520 3532 r

1925 3581 1976 3626 te
2005 3573 2093 3626 ditt
2128 3571 2485 3641 exspectavit,
2519 3579 2576 3625 et
2607 3580 2660 3624 tu
2693 3569 3106 3639 contempsisti;
3143 3568 3328 3638 ipsete
3361 3583 3520 3622 voca-

1925 3665 2021 3726 vit.
2046 3675 2101 3719 et
2127 3675 2308 3731 vocat,
2341 3673 2397 3718 et
2430 3673 2484 3719 tu
2511 3665 2579 3717 ad
2607 3664 2782 3734 ipsum
2815 3664 2992 3717 redire
3025 3662 3243 3717 noluisti
3272 3680 3287 3729 ;
3323 3665 3434 3733 ipse
3468 3674 3518 3718 te

1923 3755 2215 3826 fugientem
2244 3756 2507 3827 sequitur,
2551 3771 2654 3810 non
2687 3765 2906 3825 propter
2934 3767 3153 3825 peccata
3189 3765 3276 3810 tua
3333 3771 3519 3826 perse—

1923 3847 2128 3918 quitur,
2165 3855 2241 3910 et,
2281 3856 2340 3900 ιιι
2394 3847 2460 3902 ad
2511 3862 2634 3902 eum
2691 3847 3002 3910 revertaris,
3057 3854 3282 3915 paterno
3320 3847 3517 3902 allectu

1923 3939 2222 4002 blanditur,
2254 3939 2444 3994 dicens
2474 3956 2486 3992 :
2520 3938 2659 3992 Nolo
2686 3948 2902 3991 mortem
2931 3941 3240 4003 peccatoris,
3270 3941 3360 3992 sed
3392 3951 3517 3992 tan-

1875 4071 1881 4076 -
1921 4041 2032 4085 tum
2073 4030 2338 4097 paeniteat,
2389 4039 2436 4084 et
2480 4030 2637 4084 vitam
2686 4036 3040 4096 consequatur
3066 4027 3282 4096 (Ezeclt.
3313 4045 3518 4095 xum,

1923 4124 2034 4194 Il).
2067 4124 2295 4180 Iterator
2323 4123 2720 4195 peccaminum,
2742 4122 3027 4176 recordare
3055 4121 3516 4190 exlremijudicii,

1921 4226 1977 4272 et
2005 4227 2205 4286 quanta
2237 4217 2306 4272 ibi
2333 4215 2512 4270 futura
2537 4215 2608 4269 sit
2630 4214 2801 4284 gloria
2843 4223 3181 4279 sanctorum,
3209 4223 3263 4267 et
3291 4215 3514 4268 miseria

1923 4307 2234 4378 impiorum,
2286 4307 2374 4362 ubi
2439 4321 2540 4361 nec
2591 4304 2730 4360 mala
2788 4305 2969 4360 anima
3032 4305 3214 4376 aliqua
3267 4316 3516 4375 exparte

1923 4402 2121 4456 bonum
2151 4401 2408 4463 inveniet,
2441 4412 2540 4454 nec
2574 4399 2711 4454 bona
2746 4398 2968 4453 malum.
3004 4399 3110 4452 \‘as
3145 4399 3358 4468 penitus
3390 4417 3516 4469 pec.

1859 4509 1900 4554 ῐι
1926 4493 2065 4548 catis
2117 4491 2475 4556 confractum,
2515 4491 2828 4560 ingemisce,
2869 4491 2994 4543 dum
3045 4489 3204 4553 licet,
3259 4490 3424 4561 303
3459 4503 3515 4545 et

1921 4587 2046 4642 dum
2113 4585 2430 4649 induciaris,
2505 4581 2932 4653 Iacrymabiliter
3003 4583 3200 4654 plange
3252 4584 3514 4653 quidquid

1919 4687 2108 4732 contra
2152 4677 2444 4748 benignum
2489 4676 2680 4740 Deum,
2720 4691 2785 4729 ac
2826 4675 3138 4742 Dominum,
3165 4687 3452 4746 corruptus
3483 4691 3514 4732 a

1921 4769 2139 4833 Satana,
2173 4769 2528 4838 perpetrasti;
2559 4776 2612 4822 et
2633 4780 2776 4822 tuam
2803 4781 3052 4837 magnam
3079 4768 3352 4821 miseriam
3383 4784 3515 4821 cou-

1921 4861 2098 4926 ﬁtens,
2126 4860 2244 4928 ejus
2268 4875 2516 4930 magnam
2551 4858 2980 4914 misericordiam
3015 4857 3509 4928 humiliterquzere.

1919 4951 2034 5005 Non
2086 4951 2204 5020 plus
2237 4952 2397 5005 homo
2444 4961 2700 5020 peccator
2739 4949 2996 5019 desperes
3024 4949 3089 5004 de
3125 4957 3216 5003 tua
3253 4949 3512 5020 imperfe-

1917 5043 2118 5106 ctione,
2148 5059 2310 5112 quam
2353 5043 2666 5112 pmnitendo
2696 5056 2999 5111 prscsumas
3045 5041 3111 5094 de
3139 5041 3342 5110 pietate
3372 5041 3514 5100 illius

1918 5137 2007 5205 qui
2053 5145 2106 5191 te
2154 5135 2386 5190 redemit
2438 5135 2802 5190 intestimabili
2843 5134 3132 5188 charitate.
3175 5132 3429 5188 Miserum
3463 5143 3513 5187 te

1917 5228 2130 5298 qumrit,
2166 5243 2271 5281 non
2315 5227 2500 5297 ahjicit
2543 5228 2736 5296 plenus
2789 5225 3186 5290 misericordia,
3233 5225 3511 5279 inﬁrmum

1919 5338 2023 5378 non
2068 5321 2271 5390 respuit
2306 5323 2647 5389 omnipotens
2677 5319 2965 5375 medicina.
3015 5315 3176 5386 Optat
3204 5317 3510 5372 misericors

1916 5410 2342 5466 misericorditer
2385 5411 2585 5465 misero
2639 5411 2950 5474 subvenire,
3000 5423 3068 5462 ne
3113 5405 3321 5474 justum
3356 5406 3509 5474 juste

1917 5505 2197 5574 contingat
2237 5503 2497 5557 miserum
2547 5503 2931 5556 condemnare.
2965 5499 3158 5553 Pastor
3199 5497 3286 5550 ille
3332 5497 3506 5551 bonus

1917 5597 2114 5650 lassam
2145 5604 2196 5649 et
2229 5595 2528 5649 sauciatam
2559 5609 2714 5648 ovem
2745 5609 2850 5646 non
2875 5589 3158 5660 ahjccisse,
3182 5589 3274 5642 sed
3296 5590 3509 5645 vexisse

1918 5686 2144 5756 legitur;
2178 5701 2278 5740 nec
2316 5684 2527 5739 vexisse
2569 5683 2765 5748 solum,
2805 5696 2989 5734 verum
3021 5679 3182 5730 etiam
3215 5679 3352 5732 mori
3395 5697 3507 5733 ma-

1917 5777 2039 5843 luit,
2069 5793 2229 5847 quam
2279 5776 2367 5832 illa
2414 5783 2734 5831 moreretur.
2790 5773 2913 5828 llaec
2949 5770 3038 5825 Dei
3076 5770 3506 5828 miscricordiam
