3986 6458
470 374 568 432 231

1601 367 1921 427 CDFFRIDI
1958 366 2248 428 ABBATlS
2290 363 2803 424 VINDOCINENSIS

3622 332 3731 420 ass

472 490 690 559 sapiunt
723 498 777 544 et
818 486 1093 558 pietatem,
1123 495 1179 540 et
1220 492 1489 555 peccaturi
1529 482 1866 537 occasionem
1896 479 2044 535 aufc-
2071 483 2119 539 Λ
2146 494 2234 533 ras
2256 479 2375 547 quis
2397 487 2478 531 est
2505 476 2597 545 qui
2630 483 2681 528 te
2723 474 2871 538 fecit,
2903 456 2955 525 et
2993 470 3121 542 quid
3146 486 3242 539 pro
3266 481 3318 527 te
3344 470 3500 536 fecit,
3523 481 3578 527 et
3604 475 3734 543 quid

472 592 602 636 runt
624 580 658 635 d
680 578 963 652 sperandi.
996 575 1115 629 Vult
1136 575 1278 628 enim
1311 574 1568 627 Dominus
1601 573 1764 625 vizatn
1797 581 2050 642 peccato—

471 673 569 735 ris,
602 687 708 725 non
748 679 1007 731 mortem;
1046 665 1223 735 perire
1261 671 1565 733 peccatum,
1606 677 1711 715 nou
1750 659 2045 715 hominem.

472 761 627 817 Unde
658 757 944 827 unicuique
974 754 1242 825 peccaturi
1271 754 1338 808 dc
1359 767 1552 820 magna
1583 750 1794 805 ltomiui
1826 751 2053 805 misera-

434 851 615 905 .tione
664 846 1048 916 indidgentiam
1095 859 1315 913 sperare
1362 842 1511 905 licet,
1542 841 1585 895 si
1625 854 1685 894 se
1739 839 2052 908 cognoverit

471 948 833 1009 precatorem,
865 945 918 990 et
950 935 1063 988 sttis
1093 933 1355 1003 proximis
1380 932 1714 999 compaticns
1737 931 1801 983 de
1824 938 2050 998 peccato

468 1029 731 1099 preuitere
766 1026 1015 1080 voluerit.
1045 1025 1121 1078 Eu
1154 1038 1253 1094 ego
1278 1038 1396 1076 sum
1430 1021 1537 1085 ille,
1561 1019 1686 1075 Jesu
1715 1021 1820 1090 pie.
1861 1032 2048 1088 quem,

467 1139 573 1175 nun
612 1118 747 1173 meis
789 1118 1015 1181 meritis,
1048 1119 1140 1170 scd
1173 1125 1261 1169 tua
1292 1114 1464 1184 gratia
1495 1112 1630 1179 sola,
1672 1111 1925 1166 Ecclesia:
1949 1117 2052 1162 ttae

436 1192 898 1281 qualemcunque
939 1217 1211 1278 pastorem
1264 1214 1356 1257 aut
1404 1203 1615 1257 voluisti
1650 1200 1786 1265 lieri,
1817 1208 2055 1268 autpcr-

469 1304 663 1359 misisti
688 1320 703 1364 ;
732 1311 786 1356 et
810 1317 995 1369 quem,
1031 1300 1152 1352 licet
1178 1297 1481 1365 indignum,
1507 1295 1571 1348 ad
1596 1292 1825 1361 pastoris
1846 1290 2051 1345 vocasti

468 1394 729 1460 ollicium,
770 1392 948 1462 perire
985 1406 1090 1443 non
1147 1387 1295 1441 sinas
1328 1400 1343 1439 :
1375 1386 1470 1440 sed
1529 1384 1671 1438 inter
1705 1392 1901 1435 cretera
1950 1391 2055 1433 tua:

418 1475 659 1555 'gratize
721 1484 859 1535 dona
915 1479 1090 1533 tribue
1141 1486 1199 1530 ιιι
1264 1488 1349 1529 nte
1410 1473 1674 1527 veraciter
1715 1481 2053 1539 peccatorem

470 1591 795 1647 agnoscens,
859 1582 1148 1640 antequam
1204 1570 1269 1622 dc
1307 1566 1557 1637 praesenti
1602 1566 1712 1619 vita
1762 1563 1939 1627 tollar,
1987 1561 2055 1616 de

470 1663 711 1736 peccatis
744 1661 875 1715 meis
904 1660 997 1713 tibi
1027 1658 1184 1729 digne
1205 1655 1537 1711 satisfaciam
1579 1672 1591 1707 :
1625 1663 1679 1707 et
1700 1653 2054 1723 quotiescun-

471 1772 579 1826 que
603 1754 767 1825 309
794 1752 1077 1821 cujuslibet
1120 1749 1307 1803 fratris
1337 1747 1440 1802 mei
1482 1755 1762 1816 peccatum
1804 1744 2052 1806 audiero,

477 1863 585 1900 non
617 1848 847 1913 superbe
893 1843 1184 1909 increpeat,
1235 1839 1328 1892 sed
1361 1836 1683 1906 eompatiar,
1716 1843 1770 1889 et
1807 1835 2056 1903 quamvis

472 1938 599 1991 odio
629 1937 852 1989 habeam
882 1942 1187 2003 peccatum,
1218 1932 1387 1998 ipsum
1416 1937 1593 1981 tamett
1616 1926 1835 1997 diligant
1862 1938 2057 1994 pecca-

475 2038 667 2083 torem.
725 2026 809 2079 Sit
865 2024 992 2077 tttibi
1042 2036 1260 2091 semper
1292 2035 1397 2073 non
1431 2019 1640 2071 modica
1673 2017 1738 2071 de
1775 2025 2058 2085 peccatore

472 2118 798 2189 compassio,
830 2127 882 2169 et
913 2123 1103 2169 contra
1146 2118 1423 2181 peccatum
1462 2110 1737 2163 moderata
1768 2105 2055 2161 correctio.

470 2213 628 2266 Absit
672 2219 732 2263 ιιι
783 2207 907 2262 o.lio
948 2205 1119 2275 culpa:
1173 2205 1352 2273 perire.
1402 2202 1596 2256 faciam
1646 2199 1768 2270 jura
1817 2197 2054 2253 naturae!

470 2300 673 2354 Natura
731 2297 873 2352 enim
929 2297 1166 2349 ltumaua
1224 2291 1327 2346 sibi
1388 2291 1653 2361 indulgeri
1695 2288 1912 2359 quaerit,
1952 2304 2057 2341 non

471 2390 614 2444 ultra
662 2386 878 2442 modum
918 2383 1109 2454 atlligi;
1143 2392 1198 2437 et
1233 2382 1359 2453 quia
1402 2381 1532 2435 satis
1562 2381 1670 2435 cito
1700 2395 1799 2450 per
1837 2395 1895 2433 sc
1928 2379 2059 2433 labi-

474 2488 584 2538 tur.
614 2490 732 2530 eam
781 2474 913 2544 erigi
946 2487 1170 2527 necesse
1216 2480 1315 2534 est,
1361 2487 1467 2524 non
1524 2468 1854 2525 conculcari.
1904 2467 2058 2533 Quod

474 2580 563 2625 est
607 2568 804 2622 diaboli
853 2570 904 2620 in
941 2566 1157 2619 homine
1211 2563 1351 2619 Dens
1385 2563 1563 2633 perire
1596 2560 1790 2627 faciat;
1822 2568 1878 2615 et
1914 2559 2058 2629 quod

475 2673 632 2714 suum
674 2667 779 2721 est,
817 2665 997 2710 servet
1052 2670 1120 2708 ne
1171 2664 1375 2723 pereat.
1427 2653 1469 2707 A
1516 2651 1734 2706 diabolo
1770 2653 1923 2722 culpa
1952 2660 2056 2719 est,

473 2759 728 2807 creatura
782 2766 810 2801 a
870 2747 998 2801 Deo.
1061 2746 1251 2800 Divina
1302 2745 1481 2816 itaque
1521 2744 1819 2799 moderatio
1868 2745 1921 2798 in
1972 2759 2059 2800 me

422 2840 427 2847 ’
476 2861 629 2902 suam
680 2844 844 2898 etiaut
892 2840 1159 2910 j'hliliilﬂ]
1220 2848 1525 2909 temperet,
1564 2853 1671 2903 ne,
1724 2839 1848 2891 dum
1903 2838 2057 2907 quasi

474 2948 660 2990 amore
685 2932 908 3001 iustitia:
945 2931 1157 3000 tulpant
1198 2928 1447 2997 persequi
1486 2929 1691 2989 videor,
1720 2927 1897 2996 perire
1923 2941 2056 2981 con-

476 3026 651 3096 tingat
698 3033 1034 3085 creaturam;
1080 3029 1134 3073 et
1187 3020 1231 3073 si
1281 3035 1440 3088 quem
1487 3018 1784 3087 disciplina:
1830 3018 2059 3072 vinculis

476 3098 564 3173 tne
598 3119 764 3187 ligare
799 3114 1106 3182 contigerit,
1140 3128 1244 3167 non
1274 3127 1390 3165 mea
1425 3112 1745 3164 auctoritate
1783 3125 1904 3164 eum
1937 3125 2059 3180 pre-

477 3224 643 3269 mam.
691 3211 785 3263 sed
823 3208 1040 3277 dignum
1076 3206 1267 3260 faciam
1300 3203 1660 3259 absolutione.
1699 3202 1911 3256 Nullum
1955 3203 2055 3257 sub

478 3311 642 3351 manu
696 3312 812 3351 mea
849 3296 1208 3366 pernimium
1243 3294 1515 3348 tristitiam
1550 3293 1726 3362 perire
1760 3295 2055 3364 contingat,

477 3389 573 3444 sed
597 3404 787 3444 omnes
827 3386 1006 3458 potius
1038 3402 1135 3457 per
1160 3385 1544 3456 indulgentiam
1571 3384 1787 3439 valeant
1816 3383 2051 3438 liberari.

476 3481 631 3549 Quod
676 3480 790 3549 ipse
824 3489 1081 3551 praestare
1122 3478 1381 3547 digneris,
1414 3475 1538 3528 Jcsu
1570 3478 1655 3545 pie
1688 3485 1741 3530 et
1780 3477 1936 3538 bone.
1967 3477 2059 3544 qui

476 3588 599 3626 cum
647 3572 806 3626 Putre
860 3580 914 3626 et
967 3570 1171 3640 Spiritu
1217 3579 1406 3623 sancto
1455 3584 1651 3638 regnas
1682 3579 1737 3623 et
1764 3567 2061 3623 dominaris

450 3728 453 3731 η
479 3677 575 3733 per
607 3661 802 3716 saecula
840 3662 957 3715 sine
988 3662 1091 3714 line
1122 3676 1395 3714 mansura.
1436 3660 1633 3713 Amen.

1107 3751 1270 3822 310
1309 3750 1423 3805 XV.

479 3874 826 3917 LAIENTATIO
863 3875 1128 3916 εωυεωιι
1172 3874 1495 3915 PECCATOMS
1534 3872 1857 3916 ACCUSANTIS
1894 3874 1955 3918 SE
1989 3875 2061 3916 ΕΤ

1099 3946 1427 3985 JL'DICAN'I'IS.

556 4018 669 4077 Non
708 4029 915 4074 tantum
971 4036 1056 4075 me
1109 4030 1278 4075 terret
1331 4021 1525 4074 misera
1567 4021 1673 4075 vita
1715 4036 1854 4087 mea,
1901 4036 2065 4091 quan-

480 4119 595 4168 tum
632 4098 836 4166 torrere
862 4114 1117 4168 deberet:
1149 4129 1271 4167 nam
1313 4113 1492 4167 anima
1526 4129 1668 4177 mea,
1700 4125 1922 4185 propter
1948 4127 2065 4168 sor-

482 4203 634 4258 didas
688 4204 1041 4274 cogitationes
1079 4219 1203 4259 suas
1244 4220 1273 4258 a
1330 4204 1471 4260 fideli
1523 4207 1699 4260 amico
1745 4205 1977 4274 deiecta,
2008 4214 2065 4261 et

481 4297 685 4350 crudeli
720 4295 958 4365 subjecta
995 4297 1238 4361 inimico,
1271 4298 1397 4350 dum
1421 4298 1568 4367 pium
1601 4294 1881 4353 Pastorem
1909 4301 2065 4354 desc-

420 4408 437 4419 ι-
481 4388 611 4449 ruit,
645 4385 784 4441 facta
815 4397 898 4439 est
926 4390 1100 4455 pneda
1127 4385 1270 4455 lupo,
1295 4396 1352 4439 et
1378 4401 1498 4455 qum
1519 4398 1648 4442 ante
1675 4387 1849 4443 fuerat
1868 4404 2062 4459 sponsa

2154 579 2207 624 tu
2245 568 2439 631 fecisti,
2492 574 2549 622 et
2595 565 2810 634 qualem
2869 572 2924 617 tu
2981 569 3033 617 te
3081 562 3277 627 fecisti,
3325 571 3595 631 quatenus
3642 575 3741 622 aut

2152 676 2335 714 I‘lttil't'.
2364 656 2641 713 Creatoris
2669 656 2768 716 tui,
2797 664 2890 708 aut
2922 655 3115 708 timore
3144 652 3340 707 inferni
3379 669 3608 723 peccare
3643 658 3739 710 de-

2153 750 2392 816 sisteres,
2440 757 2494 802 et
2538 748 2678 817 quod
2717 762 2745 800 a
2778 754 2830 799 te
2870 746 3031 814 impie
3063 754 3244 799 actum
3282 754 3388 811 est,
3432 742 3738 814 pteniteudo

2153 839 2399 903 dellercs,
2437 848 2489 891 nt
2517 839 2559 892 si
2590 837 2747 907 311
2783 849 2886 889 non
2926 836 3115 904 requ'e
3152 836 3337 904 digna,
3362 851 3514 889 esses
3547 837 3734 891 Saltem

2153 931 2325 984 aliena
2359 948 2388 983 a
2425 944 2606 999 pinna.
2640 928 2906 996 Benignus
2936 928 3074 980 Deus
3116 936 3168 979 et
3198 928 3458 981 D-uuinus
3495 929 3606 996 ipse
3630 938 3735 988 est.

2153 1021 2243 1090 qui
2275 1018 2384 1073 sola
2424 1018 2594 1090 gratia
2643 1026 2693 1071 te
2727 1016 2852 1072 fecit
2877 1012 2998 1075 cum
3029 1031 3133 1069 non
3169 1032 3336 1075 esses.
3364 1028 3611 1071 sanctam
3637 1021 3739 1072 δεῖ·

2154 1110 2280 1164 licet
2307 1119 2358 1164 et
2391 1106 2776 1170 immortalem,
2805 1107 2848 1160 si
2874 1122 2977 1159 non
3011 1117 3194 1176 postea
3220 1110 3439 1176 propria
3467 1108 3740 1165 voluntate

2154 1214 2459 1271 peccasses.
2505 1197 2637 1252 Nam
2685 1197 2755 1252 ibi
2805 1204 3013 1250 mortua
3061 1195 3232 1261 fuisti,
3270 1197 3363 1251 ubi
3409 1200 3479 1253 ab
3519 1214 3586 1253 eo
3617 1216 3741 1268 pec-

2154 1298 2326 1351 cando
2374 1293 2669 1358 recessisti,
2731 1293 2844 1363 ipse
2881 1303 3060 1346 tamen
3115 1303 3172 1346 ιιι
3210 1294 3433 1362 majoris
3462 1296 3741 1350 charitatis

2153 1387 2386 1442 vinculis
2425 1397 2477 1440 te
2518 1386 2618 1439 sibi
2652 1385 2953 1456 colligaret,
2992 1400 3111 1453 qua:
3144 1400 3451 1440 recesseras
3477 1390 3545 1438 ab
3574 1401 3663 1451 eo,
3688 1398 3743 1441 et

2156 1488 2310 1547 capta
2348 1492 2469 1532 eras
2518 1492 2546 1529 a
2580 1474 2813 1540 diabolo,
2857 1484 2910 1529 te
2943 1474 3193 1539 redemit,
3225 1490 3325 1531 nec
3368 1475 3741 1546 qualecunque

2155 1568 2387 1636 pretituu
2416 1581 2514 1637 pro
2547 1574 2635 1619 tua
2667 1566 3055 1635 redemptione.
3099 1565 3190 1619 sed
3237 1566 3517 1636 proprium
3548 1567 3665 1620 Fili:
3686 1581 3741 1622 ιιι

2122 1674 2127 1681 ν
2155 1658 2343 1721 dedit;
2378 1657 2471 1710 tibi
2502 1655 2719 1724 quidem
2753 1667 2945 1710 natura
2987 1664 3041 1709 et
3067 1655 3297 1709 veritate
3330 1656 3516 1710 carnis
3538 1665 3590 1710 et
3623 1657 3743 1709 ani-

2157 1766 2258 1803 mze
2294 1748 2544 1809 similem,
2599 1748 2694 1801 sed
2743 1748 2946 1801 virtute
2991 1754 3045 1801 et
3095 1747 3490 1817 omnipotentia
3520 1748 3742 1803 deitatis

2090 1817 2132 1872 Β
2163 1842 2320 1909 longe
2345 1838 2685 1893 dissimilem.
2729 1836 2796 1893 Et
2826 1839 2949 1908 quia
2983 1847 3272 1908 utrumque
3305 1849 3358 1895 te
3383 1841 3605 1910 quidem
3632 1842 3746 1912 pri-

2161 1946 2304 1985 munt
2332 1938 2386 1984 et
2409 1929 2611 1982 sociam
2649 1943 2869 1983 carnem
2900 1930 3208 2000 corrupisse
3241 1930 3333 1984 Dei
3368 1930 3538 1985 Filius
3568 1946 3741 2007 agno-

2159 2023 2253 2085 vit,
2294 2030 2352 2075 ttt
2399 2030 2690 2090 utrumque
2745 2020 3075 2087 redimeret,
3131 2029 3421 2090 utrumque
3480 2023 3743 2094 suscepit.

2160 2113 2297 2166 Ecce
2336 2126 2433 2180 pro
2469 2120 2522 2165 te
2567 2109 2741 2164 lactus
2767 2119 2853 2164 est
2900 2110 3062 2165 homo
3090 2111 3250 2165 Deus.
3284 2112 3481 2167 Factus
3512 2123 3600 2168 est
3630 2128 3749 2168 ser-

2160 2218 2258 2255 vus
2282 2202 2539 2257 Dominus
2574 2216 2673 2269 pro
2711 2201 2929 2257 ancilla.
2958 2201 3062 2256 Pro
3086 2211 3137 2256 te
3171 2199 3347 2258 factus
3371 2214 3455 2258 est
3482 2215 3747 2261 creatura

2159 2296 2405 2357 Creator,
2440 2294 2673 2363 pretium
2699 2301 2804 2347 tuae
2831 2293 3216 2362 redemptionis
3245 2295 3360 2364 ipse
3389 2294 3749 2367 Redemptor.

2160 2385 2205 2442 Ο
2240 2385 2421 2441 infelix
2450 2387 2630 2439 anima
2678 2401 2817 2449 mea,
2848 2383 3065 2455 indigna
3111 2387 3316 2456 requie,
3347 2395 3403 2441 et
3431 2387 3593 2458 digna
3625 2400 3752 2458 per.

2160 2478 2386 2542 ditione,
2429 2490 2683 2546 agnosce,
2715 2475 2895 2537 erede,
2922 2484 2977 2529 ct
3015 2477 3101 2545 pie
3128 2477 3385 2531 confitere
3411 2494 3533 2548 qua:
3566 2494 3671 2549 pro
3697 2490 3751 2536 te

2160 2570 2378 2635 misera,
2405 2568 2512 2623 imo
2546 2568 2849 2622 miserrima
2883 2566 3023 2622 Dens
3059 2569 3315 2623 sustinuit
3366 2570 3419 2625 in
3450 2584 3622 2626 carne
3656 2584 3749 2628 as-

2159 2660 2401 2728 sumpta!
2446 2655 2753 2727 Conceptus
2819 2657 3085 2727 siquidem
3164 2650 3218 2713 i'n
3280 2659 3497 2728 Virgine
3544 2670 3750 2727 matre,

2160 2752 2360 2805 comite
2380 2762 2435 2805 et
2463 2758 2789 2817 cooperante
2820 2749 3020 2818 Spiritu
3052 2758 3260 2812 sancto,
3282 2755 3585 2821 eodemque
3608 2753 3752 2809 dure

2161 2840 2404 2910 virgineo
2460 2854 2711 2910 egressus
2750 2839 2818 2894 de
2868 2848 3021 2894 utero
3066 2840 3344 2908 speciosus
3403 2840 3577 2895 forma
3635 2856 3752 2911 pra:

2162 2932 2288 2986 filiis
2323 2933 2620 2996 hominum,
2669 2945 2838 2984 novus
2868 2931 3029 2985 homo
3057 2930 3203 2984 venit
3254 2931 3307 2985 in
3346 2932 3635 3001 mundum,
3674 2932 3751 2989 ibi

2159 3037 2257 3090 pro
2310 3031 2361 3076 te
2414 3021 2613 3076 multas
2652 3021 2863 3075 modico
2914 3030 3155 3089 tempore
3184 3037 3377 3092 passus
3420 3023 3675 3093 injurias.
3704 3024 3753 3080 0

2161 3111 2321 3181 impia
2346 3120 2400 3167 ct
2428 3111 2681 3176 crudelis,
2712 3112 2928 3181 quando
2958 3111 3186 3181 superbe
3213 3123 3266 3167 et
3286 3114 3504 3169 sordide
3532 3117 3755 3186 cogita-

2159 3204 2276 3267 bas,
2308 3204 2396 3259 ubi
2423 3212 2541 3259 erat
2569 3204 2829 3257 memoria
2858 3203 3148 3259 Doiuiniete
3174 3205 3316 3273 passi
3343 3205 3426 3261 uis
3454 3215 3512 3261 et
3534 3207 3756 3263 crucis?

2159 3297 2249 3352 ubi
2306 3297 2491 3367 spinea
2521 3310 2720 3351 corona
2764 3297 2926 3364 capiti
2984 3295 3059 3350 tui
3101 3296 3378 3353 Creatoris
3418 3297 3628 3354 infixa?
3660 3300 3757 3356 ubi

2158 3388 2274 3457 ejus
2297 3390 2460 3443 chara
2515 3386 2683 3442 facies
2713 3388 2975 3457 sanguine
3011 3389 3311 3457 prolluente
3350 3389 3512 3459 312
3553 3391 3625 3445 de
3662 3407 3762 3446 ca-

2158 3479 2270 3548 pite
2305 3487 2588 3532 cruentato
2623 3476 2869 3532 suffusa?
2899 3477 2986 3530 ubi
3031 3477 3292 3547 ligatutte,
3338 3480 3536 3547 quibus
3565 3495 3674 3550 pro
3704 3489 3760 3536 te

2161 3572 2321 3626 nimis
2346 3572 2634 3626 crudeliter
2663 3571 2859 3640 ligatus
2886 3572 3106 3640 estpius
3131 3579 3186 3625 et
3218 3570 3434 3625 humilis
3459 3572 3762 3628 Salvator?

2163 3662 2252 3716 ubi
2290 3661 2455 3731 alap:c
2500 3661 2834 3729 palmarum?
2882 3662 2971 3715 tibi
3032 3662 3199 3731 plaga:
3227 3662 3523 3731 virgarum,
3553 3672 3615 3717 et
3656 3679 3762 3733 pn-

2161 3768 2384 3824 gnorum
2441 3754 2601 3818 ictu-5,
2635 3764 2689 3808 et
2740 3754 3023 3823 impiortuu
3071 3763 3224 3822 sputa
3255 3752 3592 3819 Judzeorum,
3626 3772 3759 3826 qua:

2162 3860 2261 3914 pro
2289 3854 2338 3899 te
2361 3845 2621 3900 sustinuit
2652 3853 2971 3899 mansuetus
3014 3843 3373 3913 Redemptor?
3403 3846 3490 3899 ubi
3523 3860 3673 3901 crux
3710 3848 3760 3903 ei

2164 3937 2413 4005 imposita
2460 3937 2526 3989 ad
2555 3935 2906 4005 opprobrium
2937 3933 3075 4003 ejus,
3110 3936 3160 3988 in
3194 3951 3299 4005 qua
3339 3945 3395 3989 et
3425 3937 3540 4006 ipse
3567 3940 3763 3993 cruci-

2165 4028 2303 4081 fixus
2332 4027 2446 4081 est?
2477 4026 2565 4080 ulti
2617 4027 2731 4079 loca
2771 4025 3085 4079 clavorum?
3130 4025 3220 4079 ubi
3266 4024 3517 4095 poculum
3570 4026 3764 4081 fellis?

2165 4116 2254 4171 ulti
2294 4114 2433 4169 latus
2473 4114 2659 4167 lancea
2695 4112 3064 4184 perforatum?
3107 4111 3234 4168 Haec
3263 4113 3445 4167 omnia
3488 4116 3685 4171 (redis
3709 4127 3766 4171 et

2164 4207 2459 4274 discredis;
2493 4205 2769 4261 confiteris
2797 4214 2852 4259 et
2881 4204 3144 4260 dilliteris.
3172 4203 3363 4259 Credis
3389 4204 3581 4269 corde,
3619 4222 3766 4267 cou-

2167 4298 2339 4354 fiteris
2386 4313 2516 4363 ore;
2566 4297 2657 4353 sed
2701 4296 2969 4350 discredis
3016 4306 3072 4351 et
3115 4294 3362 4351 ddliteris
3405 4299 3768 4365 operatione.

2168 4387 2346 4444 llabes
2388 4388 2568 4458 itaque
2611 4386 2792 4451 fidem,
2822 4387 2915 4442 sed
2956 4395 3246 4459 mortuam.
3278 4385 3413 4441 Nam
3442 4387 3582 4442 fides
3614 4406 3755 4444 mor-

460 4475 709 4542 *Cltristi,
740 4492 798 4531 se
833 4477 884 4531 in
922 4478 1236 4531 servitutem
1278 4477 1484 4546 redegit
1523 4479 1860 4534 Antichristi.
1890 4480 2058 4551 Pepe-
2091 4487 2141 4546 ι)
2169 4490 2256 4534 tua
2284 4489 2369 4535 est
2409 4480 2528 4535 sine
2554 4478 2646 4533 Dei
2687 4477 2997 4534 dilectione.
3026 4476 3081 4532 Si
3116 4478 3296 4534 credis
3322 4488 3512 4533 etnon
3545 4479 3767 4551 diligis,

483 4568 553 4620 rit
584 4568 765 4635 itaque
816 4567 1059 4621 adultera
1111 4567 1387 4621 tristitiam
1428 4577 1483 4622 et
1515 4569 1893 4623 verecundiam
1930 4570 2061 4639 Deo,

456 4648 848 4728 gaudiumque
912 4658 1125 4712 diabolo
1171 4670 1335 4728 atque
1387 4660 1691 4715 victoriam.
1741 4659 1787 4715 0
1837 4661 2064 4718 multum

484 4747 758 4815 peccatrix
797 4755 852 4799 et
890 4747 1112 4801 multum
1157 4747 1339 4801 infelix
1370 4750 1550 4803 anima
1584 4750 1731 4805 mea!
1763 4766 1860 4806 cur
1896 4752 2066 4822 pessi-

485 4849 604 4889 ntas
634 4836 986 4905 cogitationes
1017 4836 1338 4906 concepisti,
1366 4837 1562 4907 quibus
1593 4838 1769 4907 ignem
1804 4839 2059 4907 libidinis,

484 4923 863 4988 iuunuuditizc,
913 4934 970 4980 et
996 4927 1242 4981 avaritim
1283 4928 1582 4997 prudenter
1616 4938 1672 4983 et
1710 4930 1942 4984 scienter
1973 4946 2065 4986 ac-

487 5017 739 5080 ceudisti,
774 5018 973 5086 quibus
1002 5019 1167 5073 etiam
1205 5020 1429 5091 iugiter,
1467 5029 1521 5075 et
1569 5036 1673 5076 non
1718 5023 2065 5077 mediocriter

488 5108 763 5175 exarsisti,
800 5119 855 5164 et
897 5119 950 5165 te
979 5112 1237 5180 gehenna:
1279 5111 1492 5179 ignibus
1520 5121 1779 5181 perpetuo
1811 5127 2060 5167 cremen-

487 5200 615 5253 dam
641 5199 906 5255 tradidisti
929 5199 953 5255 ἵ
980 5199 1166 5254 Nonne
1198 5199 1425 5270 legeras,
1448 5211 1504 5255 et
1538 5201 1763 5271 legendo
1788 5203 2057 5266 audieras,

489 5290 602 5345 into
652 5288 859 5358 legeras
895 5301 950 5345 et
1004 5290 1349 5345 intellexeras
1386 5292 1697 5360 Apostoluut
1740 5291 2007 5346 dicentem
2044 5310 2058 5344 :

491 5378 631 5445 Quia
654 5381 821 5434 omnis
863 5381 1175 5450 fornicator,
1201 5390 1291 5433 aut
1327 5381 1648 5448 immundus,
1679 5390 1768 5434 aut
1792 5397 1983 5435 avarus
2006 5381 2061 5434 in

491 5488 649 5541 regno
697 5472 888 5527 Christi
932 5484 978 5528 et
1010 5474 1103 5528 Dei
1133 5490 1236 5529 non
1258 5473 1407 5527 habet
1434 5474 1820 5528 hereditatem?
1844 5471 2060 5542 (Epltes.

488 5576 543 5623 ν,
586 5561 642 5633 5)
691 5562 940 5618 Habebas
998 5564 1187 5632 utique
1235 5563 1398 5628 unde,
1447 5563 1490 5617 si
1530 5562 1826 5628 voluisses,
1858 5563 2063 5616 utiliter

489 5653 732 5722 cogitare
756 5653 1041 5721 potuisses.
1075 5652 1280 5708 scilicet
1307 5651 1569 5707 benelieia
1601 5652 1717 5716 Dei,
1748 5661 1803 5705 et
1837 5652 1978 5721 quod
2005 5660 2059 5705 ttt

492 5755 679 5798 contra
710 5745 887 5814 egisti.
938 5743 1242 5800 Meminisse
1271 5742 1471 5800 etenim
1499 5752 1553 5799 et
1593 5744 1832 5812 cogitare
1864 5742 2061 5800 debue-

2167 4572 2435 4629 diabolum
2469 4571 2719 4625 imitaris.
2757 4570 2946 4625 Credit
2991 4570 3135 4625 enim
3169 4570 3442 4633 diabolus,
3481 4580 3541 4625 et
3576 4570 3769 4626 Dami-

2168 4681 2297 4719 nnm
2329 4663 2641 4725 confitetur,
2676 4670 2732 4715 et
2760 4661 3019 4730 quoniam
3072 4660 3222 4714 illum
3272 4675 3378 4714 non
3410 4660 3618 4730 diligit.
3662 4678 3771 4719 nec

2168 4756 2251 4811 vel
2304 4756 2463 4810 unius
2503 4754 2758 4809 momenti
2802 4754 3103 4809 remedium
3142 4753 3321 4813 habet.
3361 4762 3415 4806 et
3462 4754 3575 4809 line
3607 4765 3773 4812 caret

2166 4845 2284 4916 ejus
2312 4842 2655 4913 supplicium.
2695 4842 2740 4904 Ο
2790 4842 3176 4904 inverecunda.
3205 4842 3443 4904 sordida,
3478 4843 3767 4910 nequam!

2165 4930 2430 4985 veraciter
2452 4929 2530 4983 sic
2558 4928 2737 4999 egisti.
2768 4927 3054 4983 Credidisti
3082 4927 3320 4997 quidem,
3352 4935 3407 4981 et
3431 4926 3620 4983 adhuc
3654 4929 3773 4984 for-

2166 5022 2310 5077 sitan
2353 5020 2568 5083 credis;
2601 5020 2695 5074 sed
2737 5017 2905 5073 Deum
2940 5018 3160 5071 minime
3186 5016 3446 5071 dilexisti.
3496 5016 3686 5083 Quem
3720 5018 3770 5073 si

2166 5112 2474 5175 dilexisses,
2524 5110 2733 5164 odisses
2785 5110 2972 5176 utique
3023 5105 3320 5171 diabolum,
3365 5115 3421 5159 et
3464 5119 3770 5177 acceptant

2166 5199 2413 5256 notitiam
2439 5199 2685 5253 veritatis
2715 5198 2999 5267 diligenter
3027 5199 3347 5261 observans,
3384 5212 3485 5251 nec
3514 5200 3771 5265 primam

2166 5292 2325 5346 tidem
2357 5289 2564 5344 irritam
2601 5288 2841 5356 fecisses,
2885 5304 2985 5344 nec
3032 5291 3343 5344 secundam.
3375 5288 3773 5353 Abrettuntia-

2163 5392 2325 5433 veras
2352 5377 2616 5447 siquidem
2645 5376 2857 5431 diabolo
2881 5377 2932 5430 in
2961 5377 3317 5449 baptismate;
3353 5376 3403 5431 in
3443 5384 3772 5434 tuonast‘ca

2164 5480 2345 5525 autem
2404 5467 2760 5541 proiessione,
2810 5469 3026 5524 diabolo
3073 5467 3232 5523 simul
3281 5476 3335 5522 et
3382 5472 3612 5522 εςιιειιευ.
3655 5469 3775 5524 Sed

2157 5559 2271 5629 jam
2328 5574 2429 5615 nec
2473 5559 2645 5629 prima
2683 5558 2947 5629 professio
2979 5569 3066 5614 tua
3098 5560 3231 5637 Deo
3272 5569 3423 5629 grata
3475 5561 3613 5627 erit,
3666 5575 3778 5631 nec

2165 5650 2426 5719 secunda,
2452 5652 2578 5722 quia
2608 5649 2901 5722 periurium
2926 5652 3129 5723 pariter
3154 5649 3473 5706 (omittisisti
3501 5662 3553 5705 et
3584 5654 3779 5709 sacri-

2163 5742 2384 5813 legium.
2427 5741 2755 5813 Perjurium,
2787 5743 2912 5799 dum
2959 5742 3101 5814 quod
3155 5744 3267 5799 Dce
3303 5740 3601 5812 iuraveras
3655 5763 3776 5802 non
