4034 6364
283 361 394 416 233

1621 354 2007 414 OPUSCULA.
2041 387 2109 396 ν-
2149 353 2307 410 XVII.

3445 354 3559 412 235

313 474 546 532 enuisti:
600 471 960 545 sacrilegium,
1015 471 1141 527 dum
1187 472 1259 536 ei,
1315 472 1401 525 cui
1455 479 1504 526 te
1555 472 1872 536 devoveras,
1904 483 1946 544 Α
1978 485 2083 524 non
2106 469 2324 523 audires
2343 481 2458 533 eos,
2485 466 2609 536 quia
2626 465 2888 522 surdaes.
2915 465 3052 534 Quid
3080 464 3440 538 faciesiquod
3460 469 3556 523 tibi

289 565 583 623 abstulisti.
625 565 787 636 313
833 564 964 632 Qua:
1013 577 1119 618 non
1159 573 1211 619 te
1254 561 1449 625 solam,
1483 577 1666 616 verum
1703 547 1910 618 etiam.

289 670 514 711 carnem
560 656 761 709 sociam
799 655 870 708 ita
916 651 1179 708 voluntati
1227 660 1282 706 et
1328 650 1608 721 cupiditati
1671 651 1870 721 turpis-

292 745 417 801 simi
485 755 541 800 et
600 743 884 799 foedissimi
936 743 1268 814 corruptoris
1324 741 1663 812 exposuisti,
1729 743 1870 812 quod

293 837 545 891 universa
587 837 660 890 tui
693 834 936 904 corporis
960 833 1202 887 membra
1232 847 1359 887 vasa
1386 832 1638 886 vitiorum
1668 831 1867 886 fecisti.

291 927 338 982 0
363 929 592 998 superba
623 939 678 982 et
723 927 927 994 inflata,
967 929 1117 999 cujus
1151 929 1292 984 bona
1331 945 1494 1001 opera
1524 945 1630 984 non
1663 929 1872 999 sprevi-

292 1021 403 1076 sti?
425 1021 539 1075 Tua
571 1034 720 1088 vero,
750 1036 871 1090 quae
896 1021 986 1076 vis
1014 1021 1236 1091 aliquid,
1268 1021 1354 1077 vel
1379 1038 1514 1093 pene
1544 1022 1678 1077 nihil
1721 1023 1876 1078 boni-

294 1109 424 1164 tatis
467 1109 753 1174 habebant,
808 1124 1020 1180 semper
1066 1110 1384 1166 admirando
1435 1110 1687 1166 laudasti.
1738 1112 1872 1169 Cum

295 1201 492 1256 millies
511 1211 566 1256 et
591 1202 785 1257 millies
809 1212 904 1256 aut
924 1203 1250 1274 cogitatione
1269 1203 1407 1270 sola,
1423 1195 1527 1259 aut
1551 1204 1877 1276 cogitatione

294 1293 459 1347 simul
485 1302 539 1348 et
563 1295 776 1349 actione
820 1292 1012 1349 fuisses
1041 1303 1318 1364 corrupta,
1351 1281 1402 1349 te
1427 1295 1579 1363 quasi
1609 1294 1877 1350 coloribus

299 1384 568 1439 castitatis
597 1384 873 1455 pingebas,
929 1393 984 1438 et
1029 1399 1150 1439 cum
1203 1385 1632 1441 immundissima
1702 1400 1875 1450 esses,

295 1474 489 1545 pudica
535 1474 639 1530 dici
691 1475 983 1546 gaudebas.
1017 1473 1168 1542 Quod
1204 1476 1248 1530 si
1298 1476 1588 1547 aliquando
1634 1485 1684 1531 te
1730 1493 1876 1532 ream

295 1567 562 1622 conﬁtens
590 1569 880 1635 accusasti,
907 1569 1140 1622 auditori
1178 1570 1376 1638 potius,
1403 1584 1508 1623 non
1538 1567 1646 1623 Deo
1669 1569 1875 1622 auctori

298 1659 514 1729 placere
561 1659 928 1716 desiderabas.
969 1660 1104 1716 Filia
1146 1660 1367 1726 diaboli,
1417 1660 1667 1715 violatrix
1697 1661 1876 1732 templi

299 1748 538 1820 Spiritus
584 1751 782 1816 sancti,
812 1752 943 1822 quid
988 1752 1056 1806 de
1090 1760 1144 1807 te
1196 1750 1396 1817 dicam,
1428 1751 1538 1806 imo
1565 1751 1693 1821 quid
1722 1752 1880 1821 digne

1973 560 2266 616 remedium
2297 559 2576 616 invenies?
2604 558 2768 614 Multa
2803 568 2857 614 et
2882 557 3046 613 multa
3087 567 3212 613 sunt
3251 567 3467 626 ret-cita
3506 569 3563 615 et

1971 652 2199 707 crimina
2229 662 2336 706 tua.
2372 650 2468 708 llis
2490 660 2666 707 tamen
2689 653 2940 708 omnibus
2965 652 3137 722 major
3164 661 3246 706 est
3273 651 3367 706 Dei
3391 651 3559 708 mise-

1972 741 2226 798 ricordia.
2266 743 2615 811 Omnipotens
2643 753 2727 797 est
2747 741 2907 808 Deus,
2939 741 3057 812 pius
3083 751 3185 808 est,
3217 743 3371 812 cujus
3388 742 3564 798 omni-

1971 834 2210 904 potentia
2248 843 2301 888 et
2328 833 2498 903 pietas
2543 834 2800 888 immensa
2839 835 3106 890 neminem
3137 836 3341 904 patitur
3376 836 3566 905 despc-

1977 940 2100 981 rare
2187 924 2558 995 pmnitentem.
2645 925 2891 993 Agnosce
2948 924 3112 997 igitur
3189 926 3560 980 inﬁrmitatem

1977 1031 2155 1084 tuam;
2181 1016 2437 1072 conﬁtere
2461 1027 2511 1072 te
2538 1017 2759 1088 propria
2787 1017 3070 1088 iniquitate
3099 1017 3406 1074 damnatam
3440 1009 3561 1074 etsi

1976 1111 2042 1167 ad
2066 1112 2328 1182 piscinam
2372 1108 2624 1164 salutaris
2651 1125 2824 1180 aquae,
2875 1111 2926 1164 in
2975 1125 3136 1180 quam
3192 1109 3412 1182 angelus
3453 1110 3563 1163 Du-

1979 1202 2109 1256 mini
2144 1200 2521 1263 descendebat,
2553 1200 2784 1271 propriis
2810 1200 3034 1268 pedibus
3055 1215 3159 1254 non
3181 1212 3336 1270 potes
3359 1202 3562 1265 venire,

1977 1293 2167 1346 saltem
2189 1291 2343 1346 home
2367 1289 2657 1346 voluntatis
2683 1291 2956 1358 gressibus
2982 1291 3210 1354 accede,
3243 1299 3296 1344 et
3329 1289 3373 1344 si
3420 1291 3564 1344 voci—

1981 1385 2140 1439 ferari
2169 1383 2251 1439 vel
2297 1385 2439 1456 loqui
2493 1400 2597 1439 non
2649 1393 2828 1455 potes,
2875 1383 3144 1452 respirare
3193 1392 3248 1436 et
3286 1382 3565 1452 suspirare

1979 1475 2152 1530 adhuc
2191 1485 2364 1544 potes.
2425 1475 2651 1545 Respira
2704 1474 2940 1539 tandem,
2989 1483 3042 1526 et
3084 1487 3149 1527 ex
3188 1473 3376 1526 intimo
3400 1471 3566 1527 corde

1979 1569 2290 1638 suspira,et
2334 1567 2580 1624 fortassis
2625 1567 2856 1622 inveniet
2905 1576 2954 1621 te
2997 1565 3246 1621 Christus
3289 1565 3566 1632 suspiran-

1981 1669 2108 1725 tem,
2136 1661 2228 1728 qui
2251 1659 2523 1714 hominem
2550 1659 2767 1727 triginta
2791 1667 2916 1713 octo
2945 1672 3114 1712 annos
3160 1658 3214 1712 in
3250 1657 3562 1712 infirmitate

1984 1749 2269 1804 habentem
2298 1749 2534 1815 invenit,
2587 1759 2645 1806 et
2699 1759 2802 1804 tua:
2843 1748 3144 1804 inﬁrmitati
3199 1748 3568 1818 compatiens,

297 1855 489 1896 contra
519 1851 570 1897 te
599 1841 894 1911 proferam,
918 1857 1038 1912 qua:
1067 1857 1203 1912 pene
1236 1852 1286 1898 te
1313 1852 1500 1907 totam,
1542 1841 1626 1898 vel
1665 1843 1877 1912 penitus
1911 1847 1950 1905 Β
1979 1851 2138 1911 prout
2174 1843 2294 1912 pius
2349 1853 2405 1900 et
2456 1842 2718 1911 benignus
2775 1843 3076 1906 consuevit,
3109 1840 3254 1896 dicet
3281 1841 3375 1895 tibi
3411 1856 3427 1900 ;
3475 1838 3567 1894 Vis

296 1943 474 1992 totam
501 1936 764 1992 abstulisti
794 1936 924 2001 Deo,
947 1947 1001 1993 et
1013 1936 1286 1992 contulisti
1315 1937 1563 1993 diabolo?
1585 1937 1870 2005 Memento,

295 2027 540 2096 captiva,
569 2041 678 2096 quo
703 2027 876 2096 pretio
901 2026 1048 2082 fuisti
1082 2027 1544 2100 redempta,cnjus
1563 2032 1741 2100 sponsi
1761 2029 1875 2084 fne-

297 2115 384 2170 ris
436 2131 655 2186 sponsa,
705 2109 868 2188 quam
916 2117 1168 2189 pulchra,
1219 2135 1378 2190 quam
1422 2128 1609 2176 sancta
1656 2136 1777 2175 cum
1812 2135 1878 2176 eo

297 2224 521 2279 semper
573 2211 886 2278 mansisses,
937 2212 982 2268 si
1029 2214 1078 2267 ei
1125 2211 1285 2268 ﬁdem
1331 2228 1550 2270 serVare
1596 2213 1875 2269 voluisses.

300 2298 575 2355 Memento
611 2301 774 2356 etiam
822 2303 986 2368 unde,
1041 2311 1098 2359 et
1139 2321 1246 2376 quo
1279 2305 1540 2360 cecidisti.
1585 2303 1880 2362 Vocatioae

302 2391 490 2461 utique
518 2400 573 2446 et
600 2391 864 2448 electione
889 2394 983 2449 Dei
1013 2410 1184 2466 usque
1222 2397 1288 2449 ad
1309 2396 1504 2453 ccelum
1532 2397 1877 2463 ascenderas,

300 2495 362 2534 et
403 2483 456 2536 in
494 2482 762 2538 infernum
796 2486 1066 2541 corruisti.
1097 2485 1323 2557 Oquam
1365 2488 1653 2558 pessimam
1678 2497 1878 2543 sortem

301 2571 496 2625 sortita
534 2587 614 2639 es,
656 2587 776 2642 qua:
837 2574 1267 2630 crudelissimum
1313 2575 1682 2632 damnatorem
1730 2586 1879 2632 tuum

304 2670 513 2728 secuta,
579 2664 742 2719 totius
789 2665 1044 2721 bonitatis
1082 2678 1357 2722 auctorem
1405 2667 1692 2738 reliquisti!
1740 2667 1881 2723 Deus

307 2761 454 2819 tuus,
486 2753 740 2811 Dominus
784 2765 926 2822 tuus,
963 2758 1223 2814 Conditor
1264 2769 1318 2814 et
1368 2759 1695 2832 Redemptor
1734 2770 1876 2828 tuus,

303 2847 540 2916 amplius
569 2862 728 2918 quam
758 2849 994 2920 seipsum
1025 2851 1119 2905 tibi
1159 2851 1406 2908 conferre
1442 2867 1545 2908 non
1574 2851 1769 2924 potuit',
1799 2853 1880 2910 vel

307 2941 526 2996 melius.
563 2941 802 2999 Primum
843 2945 1057 3014 quidem
1084 2948 1299 3016 quando
1335 2956 1385 3002 te
1415 2946 1561 3016 fecit,
1605 2948 1701 3005 tibi
1733 2948 1880 3005 dedit

305 3034 569 3103 seipsum.
610 3033 803 3090 Postea
851 3052 973 3091 cum
1003 3046 1224 3108 peccato
1250 3039 1456 3110 perdita
1487 3054 1659 3106 esses,
1690 3055 1748 3095 se
1779 3050 1881 3096 ulte

307 3125 695 3196 redemptionis
738 3125 902 3198 314
930 3126 1160 3182 contulit
1201 3128 1451 3198 pretium.
1481 3127 1559 3182 'l‘u
1597 3138 1740 3184 certe
1762 3145 1884 3200 pee-

307 3217 469 3284 casti,
497 3227 552 3272 et
582 3217 693 3288 ipse
733 3220 805 3272 tui
843 3219 1216 3289 paenitentiam
1249 3221 1374 3274 fecit
1402 3222 1627 3291 peccati.
1664 3221 1709 3278 0
1741 3223 1877 3278 mul-
1907 3203 1950 3260 (ἶ

307 3314 425 3362 tum
481 3309 714 3378 ingrata!
770 3307 1049 3380 abnegasti
1105 3309 1394 3380 benignum
1445 3308 1880 3382 Redemptor-em,

310 3398 406 3470 qui
455 3414 554 3470 pro
584 3408 658 3470 te,
699 3414 766 3454 ne
811 3401 1041 3470 perires,
1073 3411 1319 3456 mortuus
1365 3409 1472 3466 est,
1500 3411 1554 3456 et
1587 3402 1884 3458 terribilem

310 3491 590 3547 inimicum
622 3502 794 3558 tuum,
821 3493 913 3564 qui
953 3509 1050 3562 per
1075 3492 1286 3563 linguas
1311 3491 1640 3560 Iudaeorum,
1682 3504 1739 3551 ct
1773 3511 1886 3550 ma-

311 3601 418 3639 nus
462 3585 687 3639 militum
726 3599 848 3640 eum
883 3584 1173 3650 interfecit,
1218 3583 1314 3639 tibi
1343 3585 1626 3639 Dominum
1655 3586 1881 3657 elegisti.

311 3677 516 3731 Sancto
553 3676 700 3732 fonte
741 3677 868 3733 olim
919 3677 1286 3741 exstinxeras,
1335 3685 1389 3731 et
1417 3677 1650 3747 suscepti
1681 3679 1886 3734 ordinis

309 3768 598 3823 sanctitate
644 3769 966 3822 exstinctum
1019 3768 1376 3835 contriveras,
1429 3783 1589 3838 quem
1638 3770 1705 3824 ad
1736 3778 1884 3825 tuam

311 3868 626 3930 perpetuam
681 3875 897 3930 poenam
961 3861 1234 3932 peccando
1297 3861 1592 3916 suscitasti.
1641 3861 1886 3928 Quandin

311 3970 436 4009 cum
489 3954 630 4010 bono
672 3954 783 4010 Deo
828 3963 884 4010 et
904 3954 1011 4026 'piu
1056 3953 1286 4010 Domino
1333 3954 1505 4021 fuisti,
1552 3969 1676 4011 eras
1701 3967 1888 4013 contra

310 4044 585 4100 diabolum
633 4045 810 4110 fortis,
837 4055 889 4101 et
924 4045 1115 4101 debilis
1149 4055 1340 4100 contra
1372 4053 1422 4100 te
1455 4053 1575 4100 erat
1603 4045 1884 4113 diabolus;

313 4148 370 4192 tu
416 4154 566 4204 sana,
611 4139 700 4197 ille
741 4141 1027 4206 inﬁrmus;
1063 4150 1117 4194 tu
1163 4141 1400 4205 domina,
1449 4140 1537 4196 ille
1582 4157 1789 4199 servus.
1819 4143 1890 4199 At

313 4239 600 4297 postquam
627 4231 694 4284 ab
720 4245 784 4285 eo
815 4231 1106 4295 recessisti,
1139 4233 1228 4302 qui
1263 4241 1315 4288 te
1343 4248 1437 4286 sua
1468 4232 1708 4288 bonitate
1735 4249 1889 4289 crea-

311 4320 413 4382 vit,
459 4329 514 4375 et
565 4321 958 4378 inaestimabilis
1001 4323 1282 4378 charitatis
1311 4323 1598 4380 dilectione
1637 4325 1885 4394 redemit,

311 4414 503 4466 contra
550 4423 619 4481 te,
678 4416 900 4485 Spiritus
960 4413 1340 4471 fornicationis
1393 4417 1570 4472 erexit
1617 4429 1799 4489 caput,
1834 4429 1891 4476 et

314 4506 455 4557 intra
504 4505 708 4574 viscera
740 4517 829 4561 tua
864 4523 923 4562 se
965 4515 1132 4562 totum
1177 4509 1464 4565 immersit.
1514 4511 1590 4569 lbi
1622 4515 1888 4584 pessimus

312 4595 612 4651 fornicator
643 4595 786 4653 fmda
820 4599 1043 4654 nimium
1081 4597 1378 4670 pollutione
1425 4610 1476 4657 te
1505 4603 1804 4670 maculans,
1827 4615 1883 4659 et

311 4686 380 4740 ad
414 4695 466 4742 te
501 4701 624 4742 cum
672 4688 1012 4745 multitudine
1059 4692 1361 4748 daemonum
1412 4694 1610 4764 saepius
1652 4697 1883 4763 intrans,

310 4777 478 4834 fetida
529 4780 582 4834 in
631 4789 682 4836 te
720 4782 943 4853 vestigia
978 4783 1284 4854 dereliquit.
1315 4783 1502 4858 Itaque
1526 4803 1738 4844 veneno
1764 4789 1888 4844 libi-

313 4870 459 4926 dinis
483 4872 828 4944 impraegnata
860 4875 1152 4945 concepisti
1181 4875 1440 4943 dolorem,
1464 4889 1519 4934 et
1544 4879 1881 4951 iniquitatem

310 4965 590 5036 peperisti.
622 4964 832 5022 Talium
858 4965 1143 5039 conjugum
1167 4978 1249 5024 est
1277 4979 1462 5038 partus
1487 4982 1880 5042 monstruosas,

312 5055 611 5123 horribilis,
655 5059 848 5128 turpis,
902 5059 1228 5116 immundus.
1267 5059 1358 5116 Vae
1389 5062 1482 5118 tibi
1515 5063 1731 5132 misera,
1763 5080 1884 5136 qua:

311 5149 391 5204 tui
419 5149 661 5204 vilissimi
715 5151 853 5206 servi
905 5151 1099 5206 ancilla
1145 5151 1285 5208 facta
1325 5169 1404 5220 es,
1447 5163 1502 5210 et
1541 5155 1886 5216 fornicatoris

310 5245 533 5315 pessimi
564 5248 897 5302 concubina!
935 5247 980 5304 0
1010 5249 1128 5305 vilis
1158 5249 1300 5306 facta
1331 5251 1510 5318 nimis,
1544 5252 1634 5308 ubi
1663 5253 1885 5323 speras?

311 5340 445 5409 quid
481 5341 806 5411 exspectas?
842 5340 1024 5411 jacere
1057 5344 1109 5397 in
1141 5344 1389 5400 sordibus
1423 5354 1506 5400 est
1543 5345 1881 5412 damnabile;

310 5447 537 5503 surgere
565 5433 632 5488 de
677 5434 921 5489 sordibus
949 5443 1033 5490 est
1073 5435 1167 5490 tibi
1209 5435 1558 5506 impossibile.
1587 5437 1686 5494 Dic
1726 5435 1880 5504 mihi,

310 5522 360 5578 si
400 5522 562 5591 nosti,
608 5538 637 5576 a
668 5538 776 5594 quo
801 5523 897 5578 tibi
939 5524 1245 5595 consilium,
1281 5542 1378 5597 per
1405 5543 1562 5597 quem
1600 5528 1878 5596 auxilium,

312 5612 384 5666 ad
433 5628 593 5685 quem
647 5611 947 5684 refugium?
987 5613 1104 5670 Non
1151 5615 1297 5672 vales
1358 5618 1616 5675 accedere
1655 5618 1723 5674 ad
1751 5633 1882 5676 san-

310 5711 450 5768 ctos,
488 5704 614 5775 quia
661 5702 821 5776 ligata
867 5718 946 5769 es,
993 5719 1094 5762 nec
1136 5707 1385 5767 invocare
1415 5724 1531 5776 eos,
1577 5710 1700 5781 quia
1731 5719 1880 5766 muta

307 5809 392 5848 es.
442 5792 594 5863 Quod
662 5795 705 5850 si
757 5793 924 5850 etiam
969 5795 1063 5850 tibi
1115 5795 1259 5870 loqui
1295 5799 1872 5873 dignarentur;3l5

636 5893 906 5953 Ρηιιοι..
953 5891 1194 5958 CLVII.

1975 1951 2108 1990 sana
2132 1935 2287 2004 ﬁeri?
2317 1933 2563 2007 (Joan.v,
2601 1932 2680 2005 6.)
2707 1932 2858 2000 Quod
2879 1932 2924 1987 si
2964 1932 3238 1988 miseriam
3285 1939 3341 1986 et
3392 1932 3567 2000 impo-

1978 2028 2200 2084 tentiam
2241 2038 2387 2082 tuam
2419 2027 2696 2082 humiliter
2720 2025 2971 2081 confessa
2999 2024 3189 2089 fueris,
3235 2034 3291 2080 et
3317 2026 3569 2094 omnipo-

1980 2121 2206 2176 tentiam
2236 2121 2465 2175 ﬁrmiter
2493 2119 2722 2175 credens
2769 2117 3057 2188 agnoveris
3104 2133 3256 2172 suam
3278 2157 3293 2182 ,
3330 2119 3470 2187 quod
3495 2117 3572 2172 illi

1980 2213 2245 2280 exhibuit,
2266 2223 2322 2268 et
2343 2213 2438 2268 tibi
2459 2211 2756 2276 exhibebit,
2785 2221 2840 2265 et
2864 2209 3007 2280 quod
3038 2208 3220 2264 Maria:
3247 2209 3572 2280 Magdalenze

1979 2304 2285 2374 poenitenti,
2306 2311 2361 2358 ct
2394 2301 2646 2374 lacrymis
2667 2310 2888 2372 peccata
2923 2301 3201 2357 conﬁtenti
3235 2301 3456 2356 minime
3478 2315 3574 2355 ne-

1981 2397 2146 2466 gavit,
2178 2410 2278 2451 nec
2325 2396 2421 2451 tibi
2455 2394 2688 2464 negabit.
2720 2394 2810 2460 Et,
2847 2393 2938 2464 qui
2967 2393 3236 2464 leprosum
3293 2393 3574 2451 mandavit

1982 2486 2264 2551 humilem,
2289 2499 2506 2541 omnem
2541 2485 2742 2556 lepram
2785 2493 3130 2555 peccatorum
3181 2493 3238 2540 et
3285 2483 3570 2540 criminum

1983 2584 2194 2631 tuorum
2246 2575 2565 2638 mundabit;
2623 2584 2680 2630 et
2737 2582 2788 2629 te
2809 2575 2962 2646 quasi
2986 2574 3399 2645 quatriduanum
3430 2590 3572 2628 mor-

1981 2677 2157 2731 tuum,
2183 2667 2346 2722 etiam
2371 2667 2482 2738 jam
2531 2665 2816 2732 fetentem,
2860 2666 2926 2722 de
2975 2665 3226 2737 sepulcro
3263 2665 3516 2732 miserim,
3545 2681 3574 2720 e

1980 2756 2189 2813 delato
2235 2757 2385 2813 fzecis
2436 2757 2750 2825 suscitabit,
2801 2764 2858 2813 et
2900 2755 3035 2812 solvi
3090 2757 3365 2841 praecipiet
3415 2753 3573 2811 Iesus

1981 2853 2230 2910 Christus
2276 2853 2536 2910 Dominus
2581 2865 2787 2918 noster,
2819 2853 2912 2926 qui
2945 2853 3226 2908 immensas
3273 2851 3490 2922 pietatis
3518 2861 3574 2906 et

1983 2945 2386 3013 oninipotentize
2443 2943 2615 3009 Deus.
2661 2946 2793 3000 vivit
2827 2954 2884 3000 et
2915 2953 3103 3016 regnat
3144 2958 3267 2998 cum
3309 2939 3470 2998 Patre
3515 2952 3574 2997 et

1985 3036 2192 3108 Spiritu
2243 3049 2474 3104 sancto,
2547 3051 2644 3108 per
2717 3037 2897 3093 omnia
2964 3036 3162 3094 sarcula
3230 3036 3570 3093 saeculorum.

1986 3133 2179 3187 Amen.
2546 3175 2549 3178 -

2627 3220 2791 3294 313
2833 3219 2972 3277 xvr.

2545 3327 2747 3368 ORATIO
2793 3328 2862 3369 AD
2895 3327 3079 3368 JESUI.

2051 3407 2180 3463 Iesu
2215 3407 2354 3464 bone
2378 3414 2432 3460 et
2455 3404 2562 3475 pie,
2592 3403 2694 3459 Fili
2728 3403 2817 3460 Dei
2853 3403 2961 3459 vivi
3009 3413 3064 3458 et
3091 3403 3358 3470 David,te
3385 3403 3576 3471 adoro,

1987 3510 2038 3557 te
2067 3502 2248 3568 laudo,
2283 3512 2334 3556 te
2365 3499 2624 3572 gloriﬁco.
2649 3496 2770 3554 Tibi
2796 3498 3150 3568 omnipotenti
3176 3497 3304 3564 Deo,
3332 3497 3576 3555 Creatori

1985 3607 2106 3646 meo
2129 3591 2394 3663 piissimo,
2425 3606 2639 3650 summo
2675 3603 2728 3648 et
2751 3606 2882 3646 vero
2905 3590 3207 3657 Sacerdoti,
3235 3601 3290 3646 et
3319 3601 3421 3646 tua:
3450 3593 3577 3648 bea-

1986 3682 2210 3736 tissima:
2261 3681 2420 3736 matri
2469 3681 2653 3740 Mariae
2703 3697 2918 3754 semper
2956 3681 3173 3754 virgini,
3224 3692 3279 3739 et
3326 3684 3578 3740 omnibus

1986 3774 2190 3829 sanctis
2211 3774 2336 3839 tuis,
2367 3777 2627 3832 confiteor
2647 3792 2732 3832 me
2769 3777 2994 3832 multum
3027 3776 3281 3832 miserum
3309 3785 3363 3832 et
3390 3791 3576 3848 pecea-

1989 3873 2182 3930 torem,
2228 3875 2284 3920 et
2318 3866 2532 3937 qualem
2567 3877 2625 3922 tu
2664 3869 2823 3925 nosti.
2861 3867 3016 3924 Sient
3065 3870 3198 3923 meis
3246 3869 3453 3924 meritis
3489 3869 3577 3940 ju-

1987 3953 2210 4010 stificari
2239 3971 2338 4012 nec
2365 3971 2603 4027 possum,
2637 3973 2740 4012 nec
2766 3957 2938 4028 potui,
2967 3957 3048 4012 sic
3077 3968 3164 4012 tua
3193 3971 3386 4024 magna
3411 3959 3576 4012 mise-

1989 4049 2222 4103 ricordia
2247 4063 2331 4105 me
2360 4064 2519 4120 posse
2543 4050 2738 4105 salvari
2765 4049 3042 4120 profiteor,
3066 4050 3133 4104 de
3173 4048 3328 4118 cnjns
3368 4050 3577 4119 magni-

1991 4141 2177 4195 tudine
2221 4155 2552 4210 praesumens
2604 4141 2656 4195 in
2715 4149 2767 4196 te
2821 4139 3054 4210 speravi.
3111 4139 3331 4194 Possem
3357 4140 3574 4208 quidem

1990 4231 2298 4302 desperare,
2329 4233 2456 4302 quia
2489 4232 2646 4287 aliter
2677 4230 2786 4288 vixi
2819 4244 2980 4302 quam
3011 4230 3171 4286 debui
3199 4247 3211 4284 :
3237 4228 3330 4285 sed
3372 4231 3460 4286 illa
3483 4240 3574 4286 tua

1993 4338 2188 4394 magna
2220 4323 2500 4380 miseratio
2538 4338 2624 4378 me
2651 4323 2940 4394 desperare
2976 4339 3082 4379 non
3128 4324 3351 4395 patitur,
3379 4339 3498 4395 quae
3522 4335 3575 4380 te

1991 4419 2059 4473 de
2086 4417 2243 4474 cmlis
2265 4416 2594 4488 deposuitad
2620 4428 2814 4483 terras,
2841 4435 2910 4474 ne
2931 4418 3190 4489 perirem.
3219 4417 3436 4474 Salvum
3464 4417 3570 4486 fac,

1991 4525 2198 4582 quaeso,
2225 4511 2454 4581 benigne
2501 4509 2627 4566 Jesu
2654 4552 2669 4575 ,
2705 4526 2918 4567 servum
2970 4521 3142 4574 tuum,
3173 4512 3428 4582 quoniam
3450 4526 3572 4582 spe--

1992 4601 2104 4655 ravi
2138 4600 2192 4654 in
2220 4611 2312 4668 te;
2344 4610 2400 4657 et
2419 4616 2606 4657 omnes
2629 4601 2718 4672 qui
2743 4601 2974 4672 speratis
3003 4600 3056 4657 in
3103 4590 3277 4671 ipeu‘i'n
3303 4610 3454 4656 orate
3475 4616 3574 4672 pro

1990 4707 2098 4757 me,
2131 4701 2212 4760 ut,
2245 4693 2288 4748 si
2326 4709 2431 4748 non
2461 4693 2530 4748 ad
2555 4708 2792 4764 prasens
2820 4693 3004 4762 requie
3025 4693 3240 4764 dignus,
3281 4692 3471 4750 saltem
3503 4694 3574 4748 ab

1988 4796 2188 4840 aeterna
2222 4800 2402 4854 poena,
2431 4785 2546 4856 ipso
2576 4786 2890 4849 miserante,
2920 4784 3124 4840 alienus
3152 4784 3414 4840 inveniar.

2706 4876 2866 4931 XVII.

2389 4985 2589 5028 ORATIO
2621 4983 2686 5025 AD
2713 4985 2932 5026 ΙΙΑΤΒΕΙ
2957 4985 3164 5028 υοιιιδι.

2266 5061 2310 5118 Ο
2341 5062 2506 5118 Maria
2539 5064 2788 5135 gloriosa,

2204 5153 2357 5211 Jesse
2384 5154 2558 5226 proles
2586 5169 2866 5226 generosa,

2206 5247 2308 5304 Per
2327 5263 2488 5319 quam
2517 5246 2617 5302 fuit
2640 5261 2784 5303 mors
2815 5247 3089 5312 damnata,

2201 5339 2374 5408 Atque
2398 5339 2506 5393 vita
2538 5337 2818 5408 reparata!

2276 5427 2433 5501 Virgo
2457 5443 2670 5500 semper
2689 5430 2922 5501 pretiosa
2945 5428 3127 5503 317.

2199 5520 2372 5591 Super
2388 5535 2576 5576 omnes
2603 5519 2882 5591 speciosa;

2197 5610 2358 5667 Stella
2388 5610 2570 5675 maris,
2609 5609 2730 5667 caeli
2761 5620 2940 5682 porta,

2197 5705 2274 5761 Ex
2305 5720 2407 5776 qua
2439 5706 2638 5760 mundo
2663 5703 2753 5760 lux
2778 5712 2863 5760 est
2879 5709 3019 5759 orta.

2270 5796 2545 5869 Templum
2582 5812 2795 5853 sacrum
2823 5795 3142 5863 Salvatoris,
