4034 6364
478 376 588 432 ⁸155

1610 365 1926 424 COFFBIBI
1969 365 2261 424 ABBATIS
2301 367 2825 426 VINDOCINENSIS

677 471 977 562 IRelugium
1002 486 1324 559 peceatoris,

699 578 880 636 Mundi
905 578 1072 643 salus,
1100 591 1242 630 mors
1265 582 1488 645 peccati.

689 667 898 724 Summi
921 666 1064 721 laeta
1091 679 1285 735 parens
1313 663 1444 717 nati.

758 755 886 824 Quae
915 753 1276 810 tilium-habes
1299 767 1500 824 regem,

686 845 790 914 Qui
815 845 1052 903 divinam
1084 843 1230 900 dedit
1260 844 1429 916 legem
1454 856 1472 897 :

685 938 768 994 'l‘u
803 947 996 1002 mater,
1037 945 1092 992 tu
1125 950 1321 1006 sponsa
1346 935 1475 1002 Dei,

695 1031 802 1088 Mei
830 1030 1090 1087 miserere
1118 1029 1219 1084 rei.

755 1123 834 1179 De
852 1121 1095 1179 convalle
1116 1120 1477 1192 lacrymarum
1498 1157 1514 1184 ,

685 1216 916 1273 Pressus
957 1213 1099 1271 mole
1127 1221 1497 1285 peccatorum,

693 1307 774 1364 Ad
805 1317 857 1363 te
881 1307 1077 1372 clamo,
1105 1305 1267 1376 Virgo
1286 1305 1373 1375 pia
1393 1343 1409 1370 ,

691 1398 780 1456 Sis
816 1399 945 1454 mibi
976 1399 1113 1464 dux,
1137 1408 1299 1468 atque
1321 1398 1427 1451 via.

762 1490 934 1559 Quem
959 1498 1013 1544 tu
1049 1488 1332 1544 benedicta
1359 1488 1529 1558 regis,

691 1580 957 1638 Observat
978 1588 1245 1650 pnecepta
1278 1577 1410 1650 legis
1425 1618 1440 1644 ,

689 1677 859 1732 Deum
885 1683 1055 1740 amat,
1080 1673 1254 1728 Deum
1277 1673 1466 1739 credit,

691 1763 977 1836 Nunquam
1007 1764 1075 1820 ab
1115 1763 1206 1819 illo
1237 1763 1458 1818 recedit.

763 1856 929 1927 Rege,
961 1871 1164 1926 quaeso,
1199 1871 1284 1911 me
1311 1855 1564 1910 miserum
1586 1895 1602 1920 ,

692 1947 1050 2004 Sanctissima
1089 1945 1406 2014 mulierum,

690 2041 761 2098 Ut
782 2041 974 2097 divina;
1010 2054 1218 2096 memor
1247 2038 1380 2111 legis

699 2133 813 2190 Sim
839 2133 906 2187 ad
939 2131 1078 2189 velle
1106 2130 1287 2203 magni
1315 2131 1481 2203 regis.

749 2222 852 2291 Qui
877 2237 975 2294 per
1010 2237 1166 2278 suam
1193 2221 1536 2288 charitatem,

691 2315 923 2371 Praestet
942 2314 1074 2370 mihi
1115 2314 1418 2370 castitatem
1444 2331 1460 2370 :

701 2405 772 2461 Et
792 2404 1027 2460 mundus
1051 2403 1120 2458 ab
1147 2403 1294 2459 omni
1324 2403 1504 2468 sorde,

695 2497 852 2553 Hunc
875 2496 1092 2566 diligam
1118 2511 1254 2566 puro
1279 2497 1462 2551 corde.

766 2585 867 2641 Hic
895 2585 1050 2656 cujus
1077 2593 1162 2640 est
1191 2599 1407 2656 semper
1433 2601 1578 2649 esse,

699 2679 815 2735 Scit
837 2678 965 2748 quid
993 2677 1125 2733 mihi
1163 2677 1236 2733 sit
1263 2692 1484 2734 necesse
1508 2696 1520 2731 :

698 2770 874 2826 Meam
900 2769 1004 2825 scit
1031 2768 1425 2836 inﬁrmitatem,

697 2863 871 2932 Quam
901 2870 1058 2918 sanet
1081 2874 1178 2932 per
1211 2858 1486 2930 pietatem.

767 2954 867 3009 Est
892 2953 1010 3008 haec
1034 2965 1155 3006 mea
1187 2950 1492 3012 inﬁrmitas.

694 3047 984 3102 Peccatum
1015 3052 1069 3099 et
1090 3042 1344 3114 iniquitas
1369 3061 1382 3097 :

697 3137 865 3210 318
891 3135 1132 3192 Cicatrix
1168 3135 1272 3191 mei
1300 3135 1557 3200 vulneris.

697 3227 996 3286 Obduratio
1023 3227 1264 3284 sceleris.

767 3319 954 3376 Morbo
978 3318 1183 3391 peccati
1212 3317 1468 3388 langueu.

699 3412 802 3481 Qui
829 3426 917 3467 me
949 3420 1106 3467 curet
1137 3425 1243 3466 non
1276 3407 1446 3465 habeo
1475 3426 1487 3462 :

696 3504 827 3561 Sola
849 3501 1096 3559 misereri
1120 3501 1226 3556 mei

694 3597 884 3653 Potest
905 3594 1170 3650 medicina
1202 3593 1318 3649 Dei.

772 3685 1011 3740 Peccans
1032 3681 1218 3749 corde,
1247 3698 1478 3754 peccans
1504 3699 1598 3740 ore

699 3776 918 3834 Recessi
946 3791 976 3831 a
995 3774 1254 3832 Creatore
1280 3794 1293 3830 :

707 3871 815 3928 Sed
835 3885 1094 3927 succurre
1120 3869 1252 3925 mihi
1285 3885 1397 3938 reo,

700 3963 871 4019 Mater
893 3961 1030 4034 ejus,
1059 3950 1244 4018 sancta
1274 3961 1457 4034 Virgo.

768 4056 879 4112 Fac
905 4055 1033 4110 mibi
1056 4054 1372 4126 propitium,

700 4145 869 4215 Quem
896 4145 1128 4220 genuisti
1160 4145 1395 4201 Filium:

702 4241 806 4296 Pro
829 4255 915 4296 me
934 4240 1075 4311 apud
1102 4239 1276 4310 ipsum
1301 4253 1396 4295 ora
1413 4281 1428 4306 ,

694 4332 765 4389 Et
792 4345 1049 4388 succurre
1081 4330 1198 4386 sine
1223 4345 1396 4386 mora.

766 4424 869 4492 Qui
899 4422 1192 4492 assumpsit
1223 4436 1289 4476 ex
1313 4431 1366 4476 te
1390 4436 1608 4478 carnem

693 4517 960 4576 Exaudiat
989 4525 1134 4570 tuam
1157 4529 1408 4586 precem;

700 4608 843 4666 Nihil
870 4608 963 4665 tibi
987 4605 1293 4677 denegabit,

693 4704 866 4772 Quem
891 4697 1128 4754 mamilla
1165 4705 1258 4751 tua
1278 4695 1442 4767 pavit.

769 4793 838 4848 Et
859 4791 944 4848 cui
971 4790 1116 4845 inter
1137 4785 1407 4844 cunabula

693 4884 870 4939 Cbara
895 4879 1085 4938 dedisti
1112 4877 1295 4936 oscula
1310 4921 1326 4947 ,

697 4975 968 5046 Quidquid
991 4974 1139 5030 illum
1169 4970 1392 5044 petieris
1415 5010 1434 5036 ,

693 5071 989 5139 [mpetrare
1011 5067 1245 5139 poteris.
1464 5059 1466 5063 ’

775 5161 916 5218 Deus
937 5176 1069 5233 puer
1093 5176 1160 5217 ex
1189 5171 1242 5216 te
1260 5167 1438 5219 natus.

697 5258 766 5314 Et
791 5255 961 5311 Filius
987 5253 1145 5309 nobis
1169 5252 1356 5319 datus,

693 5349 914 5406 Mundet
937 5361 1034 5403 sua
1063 5345 1288 5416 pietate,

692 5443 776 5500 Me
800 5440 869 5498 ab
893 5438 1041 5497 omni
1069 5438 1372 5508 iniquitate.
1401 5434 1596 5490 Amen.

1171 5525 1361 5586 XVIII.

797 5639 1006 5684 IYINUS
1029 5639 1098 5681 ΠΙ
1128 5637 1175 5678 ὃ.
1204 5637 1371 5678 ΙΔΒῙΔ
1397 5635 1731 5679 ιλριδλιειυ.

1087 5716 1170 5771 Ad
1196 5731 1451 5786 superas.

751 5810 930 5884 Maria
949 5808 1278 5884 penitentize

2379 483 2630 539 Formula
2657 483 2841 555 lapsis,
2867 498 2990 556 spes
3018 484 3217 552 veniae,

2375 573 2542 646 319
2565 573 2637 630 Ut
2660 589 2758 632 nos
2782 587 2972 632 auctor
2998 575 3254 631 bonitatis

2379 664 2496 720 Jam
2523 666 2760 737 sepultos
2789 666 2843 722 in
2874 671 3108 739 peccatis

2378 761 2706 830 Besuscitet,
2726 763 2932 819 obtine.

2407 863 2418 893 τ
2449 848 2555 905 Ora
2593 865 2693 921 pro
2717 852 2954 922 peccatis
2980 853 3202 920 nostris,

2378 941 2678 998 Justilicata
2699 945 2976 1014 peccatrix
2996 985 3011 1012 ,

2371 1033 2456 1088 ‘Eo
2473 1035 2670 1090 mentis
2691 1035 2892 1106 studio,

2375 1125 2494 1192 Quo
2518 1135 2747 1196 aeterno,
2770 1128 2911 1198 vivo,
2941 1144 3071 1186 vero

2377 1217 2706 1289 Snpp’licasti
2729 1219 2982 1278 Domino.

2450 1308 2696 1380 lrrigavit
2723 1318 2794 1377 te,
2815 1309 3008 1377 Maria,

2385 1397 2588 1454 Christi
2625 1400 2840 1470 pietatis
2867 1402 3030 1458 unda.

2379 1487 2480 1555 Qui
2508 1497 2558 1544 te
2598 1490 2730 1546 lavit
2755 1502 2812 1548 et
2839 1493 3152 1561 mundavit,

2377 1579 2486 1636 Nos
2519 1580 2703 1638 abluat
2726 1598 2754 1638 a
2779 1587 3018 1656 peccatis

2376 1671 2668 1730 Charitatis
2693 1677 2887 1746 gratia.

2451 1751 2574 1821 ﬂare
2596 1763 2808 1821 intirma
2838 1767 2906 1823 ad
2930 1767 3201 1824 medicum

2380 1855 2561 1922 Venit,
2593 1873 2842 1928 quaerens
2871 1859 3199 1927 remedium;

2384 1944 2780 2014 Prosternitur,
2818 1963 2923 2004 non
2956 1948 3200 2020 loquitur
3305 1962 3308 1964 ‘

2390 2036 2497 2093 Sed
2521 2038 2772 2111 lacrymis
2793 2040 3081 2098 confitetur
3105 2059 3120 2098 :

2386 2127 2479 2185 Sic
2503 2129 2614 2201 agit
2635 2131 2931 2202 negotium.

2451 2217 2649 2276 Plenus
2673 2220 3042 2278 misericordia

2386 2313 2487 2367 Dat
2523 2313 2762 2369 medicus
2787 2315 3048 2370 remedia.

2388 2399 2542 2456 Nulla
2569 2401 3020 2473 respuitvulnera

2379 2491 2732 2564 Omnipotens
2768 2493 3038 2549 medicina
3070 2511 3084 2548 :

2383 2583 2454 2638 At
2484 2583 2600 2638 vult
2625 2583 2803 2640 cordis
2833 2584 3045 2641 in'tima.

2455 2673 2625 2732 Otl'ert
2659 2675 2774 2732 hzec
2799 2677 3190 2748 paenitentiam,

2384 2765 2484 2822 Hic
2507 2765 2721 2823 confert
2747 2767 3130 2841 indulgentiam
3156 2785 3171 2822 :

2382 2859 2554 2930 Fugat
2575 2869 2779 2930 septem
2806 2858 3072 2915 daemonia

2389 2949 2734 3020 Septil'ormis
2759 2949 3064 3016 clementia,

2385 3044 2431 3099 Δ
2464 3057 2727 3100 conversa
2763 3041 2984 3099 femina.

2457 3136 2777 3193 Pmnitentis
2798 3137 3012 3194 devotio

2389 3228 2742 3285 Peccatorum
2775 3229 3023 3286 remissio

2388 3319 2508 3375 Fiat
2531 3321 2708 3386 nobis,
2740 3336 2952 3378 summo
2979 3321 3109 3386 Deo,

2391 3411 2491 3478 Qui
2517 3420 2599 3468 est
2619 3421 2804 3468 nostra
2836 3413 3154 3482 redemptio,

2394 3503 2563 3570 Laus,
2590 3503 2763 3560 honor
2788 3511 2844 3559 et
2883 3503 3074 3575 gloria.
3104 3504 3297 3560 Amen.

2649 3593 2812 3664 320
2839 3594 2922 3648 Ad
2953 3593 3272 3651 Nocturnos.
3309 3613 3312 3615 λ

2458 3683 2626 3739 Maria
2655 3685 2900 3754 quaedam
2931 3685 3148 3741 nomine

2388 3775 2702 3848 Magdalena
2741 3777 3079 3848 cognomine,

2387 3869 2516 3923 Arte
2541 3871 2760 3924 seducta
2789 3871 3113 3935 demonum,

2382 3961 2668 4018 Peccatrix
2697 3962 2798 4018 fuit
2823 3964 3070 4018 nimium.
3173 3984 3176 3986 τ

2456 4053 2585 4120 Qua:
2603 4054 2780 4124 specie
2801 4055 3073 4125 intumuit,

2385 4144 2453 4199 Et
2482 4145 2712 4215 turpiter
2738 4145 3043 4213 succubuit,

2385 4234 2642 4306 Superbze
2661 4237 2856 4292 mentis
2884 4239 3014 4294 vitio

2389 4329 2548 4384 Venit
2568 4330 2750 4386 carnis
2776 4333 3051 4402 corruptio

2455 4417 2672 4476 Crimen
2699 4421 2914 4493 quidem
2944 4431 3027 4478 est
3050 4425 3269 4494 gravius

2385 4510 2600 4579 Mentis,
2628 4515 2722 4568 sed
2761 4513 2942 4569 carnis
2972 4515 3210 4585 turpius;

2387 4603 2522 4658 Dum
2556 4605 2763 4675 turpius
2797 4605 3032 4674 erubuit,

2390 4693 2543 4765 Quod
2569 4701 2652 4750 est
2679 4698 2895 4767 gravius
2922 4697 3120 4752 timuit.

2455 4787 2660 4853 Qumrit
2680 4789 2872 4844 ancilla
2899 4789 3202 4855 Dominum.

2385 4877 2548 4949 Optat
2567 4879 2776 4935 infirma
2799 4881 3096 4950 medicum;

2385 4971 2592 5026 Obtulit
2622 4973 2736 5028 haec
2763 4975 3109 5044 obsequium,

2385 5063 2484 5118 llic
2505 5065 2730 5121 contulit
2757 5066 3053 5123 remedium
3067 5107 3085 5136 ,

2454 5155 2677 5212 Miriﬁca
2712 5159 2979 5228 polentia,

2380 5248 2448 5304 Et
2474 5250 2690 5319 pietatis
2713 5251 2913 5320 gratia,

2379 5340 2513 5408 Quae
2543 5341 2596 5396 in
2625 5341 2726 5395 ista
2752 5342 3053 5412 peccatrice

2379 5431 2586 5492 Vulnus
2616 5429 2830 5488 Sanavit
2853 5433 3094 5490 vulnere.

2447 5524 2629 5581 Gloria
2657 5525 2729 5580 sit
2751 5524 2899 5581 Patri
2920 5539 3152 5591 summo,

2375 5618 2518 5674 Laus
2544 5616 2662 5689 ejus
2695 5617 3004 5689 Unigenito,

2383 5701 2576 5767 BOnor
2603 5711 2828 5780 Spiritui
2855 5716 3066 5777 sancto,

2381 5803 2655 5874 Trlnitati,
2685 5803 2776 5860 uni
2806 5803 2936 5863 Deo.
2975 5805 3169 5861 Amen.
