4034 6364
298 387 411 446 237

740 495 808 551 In
833 493 1100 549 matutinis
1130 491 1418 547 Laudibus.

550 638 557 647 .
586 589 652 645 Et
672 588 896 645 miseras
937 593 992 641 et
1013 585 1237 640 miseros

519 677 688 736 Vocat
711 678 852 735 Deus
876 676 1186 733 misericors
1200 715 1216 739 ,

513 767 713 824 Omnes
739 767 808 824 ad
832 765 1224 839 paenitentiam.

511 859 671 931 32],
698 859 762 913 Et
790 857 1070 928 pollicetur
1095 856 1329 911 veniam.

583 954 934 1021 Contemptor
959 948 1289 1021 poenitentia:

514 1039 673 1097 Solus
695 1050 781 1097 est
806 1053 1002 1111 expers
1020 1038 1225 1095 venim:

514 1133 710 1191 Factor
736 1131 1118 1190 misericordiae

514 1223 750 1292 Christe,
777 1222 945 1279 nostri
975 1221 1248 1277 miserere.

583 1315 850 1371 lmmensa
883 1323 972 1369 tua
998 1313 1213 1369 bonitas

514 1404 696 1462 Marias
719 1406 865 1463 dedit
890 1405 1196 1478 lacrymas:

514 1499 619 1555 Per
643 1498 1002 1572 lacrymarum
1038 1498 1260 1553 fluvium

512 1589 742 1647 Fluxuut
768 1591 1051 1648 restrinxit
1072 1588 1388 1645 criminum.

586 1683 712 1740 Haec
739 1685 953 1741 subdita
979 1681 1259 1739 daemoniis
1278 1721 1293 1745 .

513 1774 691 1848 Atque
711 1773 887 1831 dedita
915 1772 1088 1839 vitiis,

306 1934 1556 1964 MI—

1646 403 1649 406 ν
1742 374 2132 434 ειιωοκεε.

1913 500 1963 552 Α

2203 490 2249 546 Δ
2273 499 2324 545 te
2340 488 2490 559 prius
2513 488 2778 558 obtinuit,

2208 584 2476 655 Quidquid
2506 583 2603 639 tibi
2636 583 2894 641 exhibuit.

2262 674 2315 731 ‘A
2340 684 2394 732 te
2413 676 2592 732 cordis
2613 679 2957 745 compunctio
2976 718 2994 743 ,

2198 764 2268 824 Et
2289 765 2607 837 capillorum
2645 767 2810 823 tersio
2827 809 2842 833 ,

2192 857 2263 915 Et
2289 858 2481 928 pedum
2515 857 2778 914 osculatio
2792 898 2808 923 ,

2193 945 2539 1017 Etﬁunguenti
2568 943 2779 1002 eﬂ‘usio.
2868 1004 2875 1009 ,

2265 1034 2459 1093 Totum
2484 1044 2589 1093 tua:
2623 1038 2861 1109 pietatis,

2191 1127 2348 1197 Quod
2375 1128 2506 1186 fecit
2527 1131 2641 1186 haec
2661 1146 2759 1201 pro
2779 1132 3040 1201 peccatis,
3263 1192 3271 1199 ,
3368 1180 3377 1193 .
3514 1194 3521 1205 ,

2191 1220 2347 1288 Quod
2367 1236 2466 1292 pro
2491 1221 2691 1279 nostris
2710 1222 3004 1288 faciamus,
3364 1276 3391 1293 ι,
3422 1270 3432 1297 τ
3460 1268 3467 1293 ,
3508 1252 3525 1297 ς

2193 1310 2292 1376 Da,
2329 1311 2442 1381 pie,
2463 1327 2532 1367 ne
2550 1325 2853 1382 pereamus.

2270 1403 2380 1460 Deo
2402 1403 2573 1471 Patri,
2595 1412 2652 1461 et
2673 1403 2841 1470 Filio,

2192 1500 2423 1573 Spiritui
2461 1500 2725 1573 paraclito
2738 1542 2757 1568 ,

2196 1591 2400 1659 Honor,
2421 1593 2615 1658 virtus,
2643 1600 2700 1648 et
2718 1592 2890 1665 gloria

2193 1685 2253 1741 In
2278 1685 2608 1757 sempiterna
2634 1684 2848 1741 sacula.
2872 1684 3064 1743 Amen.

1560 1928 3555 1963 Μή

1356 2004 2468 2255 GOFFRIDI

841 2358 1191 2434 322-323
1213 2360 1502 2417 ABBATIS
1539 2359 2059 2418 VINDOCINENSIS
2093 2360 2156 2416 Β.
2196 2359 2463 2418 PRISCE
2503 2360 2911 2420 CARDINALIS

1525 2536 2310 2652 SERMONES.

816 2867 1047 2929 SERMO
1079 2867 1361 2926 PRIMUS.

722 2979 775 3020 IN
820 2978 1145 3021 ΝΔΤΠΙΤΛΤΒ
1180 2977 1365 3017 DOIIM
1401 2978 1437 3017 l.

372 3062 562 3128 Hodie,
598 3059 951 3124 dilectissimi,
978 3056 1305 3115 venerabilis
1330 3065 1386 3112 et
1431 3056 1751 3115 universalis
1778 3071 1872 3114 re-

296 3154 428 3228 gina
483 3150 795 3223 angelorum
840 3157 897 3204 et
937 3148 1215 3205 hominum
1262 3144 1416 3217 virgo
1460 3145 1660 3214 Maria,
1710 3163 1873 3219 quem

294 3247 467 3304 verbo
493 3243 738 3314 concepit
767 3240 1030 3314 angelico,
1059 3239 1243 3296 clauso
1264 3246 1421 3295 utero
1459 3248 1643 3294 natum
1670 3242 1873 3296 mundo

294 3336 471 3393 edidit
499 3332 854 3389 Salvatorem.
883 3328 928 3386 Ο
951 3344 1072 3386 cum
1096 3328 1293 3401 gaudio
1336 3336 1391 3383 et
1418 3329 1522 3385 tide
1550 3330 1867 3385 admiranda

296 3427 589 3486 nativitas!
634 3426 776 3482 Ecce
819 3424 1013 3481 mulier
1049 3424 1344 3482 sine'coitn
1372 3423 1625 3494 concipit,
1655 3423 1875 3494 gravida

298 3522 422 3578 sine
445 3514 716 3593 gravitate
739 3516 992 3581 edicitur,
1020 3516 1166 3586 parit
1190 3517 1307 3573 sine
1339 3516 1542 3582 dolore,
1568 3515 1722 3587 virgo
1743 3530 1870 3570 san-

293 3625 389 3670 eta
414 3618 575 3668 ‘ante‘
599 3620 835 3682 partum,
883 3608 935 3664 in
964 3617 1119 3679 partu
1167 3608 1319 3680 virgo
1347 3609 1605 3674 sanctior,
1642 3608 1874 3664 sanctis-

293 3705 435 3761 sima
468 3704 621 3774 virgo
661 3710 783 3772 post
824 3708 1064 3772 partum,
1097 3699 1212 3754 haec
1239 3699 1351 3756 sola
1398 3698 1639 3753 laetitiam
1681 3698 1872 3752 matris

292 3797 459 3854 simul
498 3795 744 3851 obtinere
789 3792 1009 3854 meruit,
1060 3799 1114 3844 et
1143 3789 1370 3860 gloriam
1399 3789 1726 3861 virginitatis
1757 3806 1773 3843 :
1805 3789 1873 3845 de

294 3886 456 3958 cujus
502 3884 668 3939 castis
709 3880 1029 3944 visceribus,
1085 3879 1227 3933 Deus
1272 3880 1433 3933 homo
1461 3877 1636 3934 factus
1672 3879 1740 3934 ad
1773 3893 1873 3934 nos

294 3974 472 4041 venit,
512 3975 565 4028 in
600 3973 716 4027 sinu
738 3970 971 4040 Virginis
1022 3968 1211 4022 matris
1259 3968 1412 4021 heata
1465 3969 1628 4021 ubera
1678 3968 1895 4037 quibus

292 4158 619 4228 dediguans.‘
662 4154 731 4209 Et
758 4169 877 4219 nos,
913 4152 1134 4216 fratres,
1168 4150 1259 4206 Dei
1282 4159 1337 4205 et
1362 4149 1595 4204 hominis
1625 4148 1871 4203 nativita-

1834 2901 1842 2911 ν
1909 2877 1955 2934 Β

1981 2870 2122 2927 tiens
2140 2870 2362 2936 misero.
2392 2885 2460 2928 ne
2486 2871 2655 2929 miser
2696 2871 2749 2928 in
2795 2872 3013 2931 miseria
3039 2884 3362 2943 remaneret,
3386 2875 3554 2936 mise-

1983 2961 2270 3018 ricordiam
2322 2962 2468 3030 fecit,
2513 2971 2570 3019 et
2612 2961 2706 3035 qui
2750 2963 2899 3036 prius
2953 2976 3268 3034 peccantem
3297 2967 3546 3040 angelum

1969 3050 2118 3120 juste
2157 3054 2528 3119 damnaverat,
2557 3053 2625 3109 ab
2665 3068 2731 3109 eo
2776 3055 3055 3112 seductum
3087 3057 3356 3115 hominem
3389 3060 3551 3116 miseo

1978 3144 2267 3201 ricorditer
2290 3147 2546 3216 respexit.
2580 3146 2835 3203 Peccavit
2884 3149 3130 3220 angelus,
3182 3161 3238 3206 et
3271 3167 3300 3207 a
3348 3151 3460 3209 Deo
3489 3154 3545 3210 in

1974 3243 2237 3290 aeternum
2263 3235 2595 3290 damnatur:
2626 3236 2870 3306 peccavit
2894 3237 3078 3305 homo,
3100 3247 3156 3295 et
3178 3240 3318 3299 Deus
3349 3241 3401 3297 in
3429 3252 3551 3298 tan-

1950 3331 2089 3379 ‘tum
2118 3324 2194 3379 illi
2219 3325 2568 3395 compatitur,
2599 3336 2658 3381 ut
2682 3341 2790 3381 non
2825 3326 3000 3383 solum
3027 3342 3126 3399 pro
3156 3328 3249 3384 illo
3276 3330 3549 3391 incarnari

1975 3424 2032 3471 et
2058 3415 2209 3472 nasci
2241 3417 2576 3489 dignaretur,
2606 3418 2704 3474 sed
2744 3419 2903 3474 mori.
2947 3417 2992 3477 Ο
3017 3420 3150 3476 mira
3179 3433 3233 3478 et
3265 3422 3545 3481 inenarra«

1972 3508 2101 3564 bilis
2117 3510 2259 3566 circa
2284 3509 2552 3566 hominem
2577 3509 2786 3567 Domini
2812 3512 3014 3583 pietas!
3047 3511 3091 3569 Ο
3105 3512 3259 3571 valJe
3277 3515 3543 3577 districta.

1974 3603 2069 3657 sed
2098 3601 2320 3658 omnino
2365 3601 2510 3672 justa
2554 3612 2742 3659 contra
2793 3604 3044 3676 angelum
3096 3606 3191 3663 Dei
3246 3611 3541 3668 severitas!

1953 3692 2161 3749 Justus
2188 3695 2371 3765 itaq’ne
2393 3705 2445 3751 et
2468 3696 2587 3766 pius
2613 3695 2775 3767 325
2800 3698 3060 3756 Dominus
3088 3709 3143 3755 et
3163 3711 3353 3758 contra
3382 3718 3547 3775 ange-

1975 3781 2085 3838 lum
2113 3784 2222 3854 egit
2246 3785 2553 3847 severitate,
2572 3794 2629 3840 et
2655 3800 2781 3855 erga
2806 3786 3081 3843 hominem
3100 3789 3316 3860 pietatis
3337 3807 3541 3849 amore.

1975 3873 2214 3944 Uterque
2232 3877 2508 3944 peccando
2527 3886 2822 3938 corruerat,
2848 3879 2941 3933 sed
2967 3879 3211 3948 angelum
3236 3882 3303 3936 ad
3326 3897 3542 3953 poenam

1954 3962 2117 4017 Deus
2145 3964 2420 4032 deputavit
2455 3974 2713 4019 aeternam
2745 3963 2977 4020 Eensnra
3014 3967 3257 4035 jnstiti:e,
3286 3979 3341 4024 et
3373 3972 3546 4033 homi-

292 4066 384 4137 pie
404 4063 745 4119 nutriebatur
774 4058 938 4133 324
974 4057 1722 4127 lilialidilectione'appetere
1762 4070 1867 4111 non
1972 4071 2097 4110 nem
2148 4057 2421 4111 revocavit
2463 4058 2530 4111 ad
2591 4056 2818 4126 gloriam
2879 4059 3074 4111 intuitu
3135 4060 3540 4116 tttiset'icot'dim.

1973 4146 2200 4201 Provida
2256 4161 2489 4216 namque
2535 4154 2592 4201 et
2640 4145 2947 4201 rationabili
2998 4147 3090 4203 Dei
3144 4148 3545 4218 dispensatione

294 4258 407 4304 tem
430 4249 715 4304 devotione
738 4244 1078 4301 celebrantes
1109 4242 1462 4305 exsultemus,
1486 4240 1610 4310 quia
1639 4240 1753 4295 lucc
1778 4239 1871 4295 Dei
1898 4252 1945 4316 ο
1975 4248 2156 4295 actum
2179 4247 2262 4295 est
2290 4247 2349 4293 nt
2376 4238 2530 4310 cujus
2554 4238 2758 4309 gradus
2804 4238 2981 4294 fuerat
3022 4240 3201 4308 altior,
3245 4240 3362 4310 eius
3383 4259 3544 4302 casus

287 4349 349 4395 et
377 4336 591 4394 Domini
619 4336 790 4392 nostri
820 4334 1080 4389 nativitas
1105 4333 1378 4403 perditum
1409 4334 1537 4386 vitae
1567 4330 1866 4386 remedium

295 4427 615 4484 hominibus
653 4425 919 4489 reddidit;
954 4438 1155 4479 novum
1198 4420 1381 4476 intulit
1409 4418 1547 4476 caelo
1589 4418 1864 4489 gaudium.

290 4517 593 4590 charatio
615 4518 835 4587 generis
864 4513 1086 4570 humani
1146 4512 1284 4567 facta
1333 4521 1417 4567 est
1458 4526 1604 4567 mors
1632 4512 1864 4582 peccati,

292 4609 499 4666 diaboli
526 4608 791 4674 confusio,
835 4605 1155 4678 exspoliatio
1194 4602 1407 4660 inferni.
1446 4601 1592 4668 llaec,
1628 4603 1869 4671 inquam,

294 4700 611 4764 ineﬂ‘abilis,
640 4701 803 4755 chara
829 4696 1053 4768 angelis,
1098 4694 1402 4751 hominibus
1433 4695 1739 4751 necessaria
1770 4695 1866 4751 Dei

291 4795 558 4853 nativitas
612 4791 931 4854 hominezn,‘
991 4789 1225 4859 primum
1272 4800 1487 4842 servum
1528 4786 1724 4843 diaboli
1777 4802 1871 4858 per

293 4886 680 4945 inobedientia:
728 4892 1040 4955 peccatum,
1112 4879 1339 4936 liberum
1396 4877 1553 4945 fecit;
1608 4892 1866 4950 eumque,

292 4980 442 5039 unde
469 4978 759 5045 ceciderat,
785 4975 999 5031 reduxit
1044 4972 1112 5027 ad
1154 4971 1489 5043 paradisum,
1527 4986 1633 5026 non
1688 4972 1869 5027 minus

292 5071 483 5146 gloria:
514 5063 867 5131 obtinentem,
906 5080 1066 5136 quam
1112 5073 1401 5134 antequam
1443 5071 1741 5134 peccasset,
1772 5064 1883 5119 ha—

290 5162 510 5219 inierat.
549 5161 632 5216 Ad
682 5157 1041 5230 dejiciendum
1070 5156 1347 5212 hominem
1391 5162 1585 5226 potens
1627 5153 1727 5211 fuit
1753 5154 1868 5210 ino-

290 5252 585 5309 bedientite
610 5250 791 5323 culpa,
821 5249 916 5306 sed
956 5248 1024 5305 ad
1053 5245 1201 5302 illum
1235 5243 1869 5317 erigendum-Dominicze

292 5345 604 5402 nativitatis
631 5342 911 5416 potentior
957 5339 1168 5396 exstitit
1204 5337 1398 5410 gratia.
1422 5335 1867 5406 Valnitequidem

290 5436 524 5494 inlicere
551 5436 779 5507 antiqui"
805 5432 1075 5504 serpentis
1100 5442 1369 5513 venenosa
1396 5428 1619 5494 astutia,
1649 5427 1745 5483 sed
1788 5428 1866 5482 in—

286 5530 502 5586 fectum
531 5529 741 5586 curavit
782 5528 894 5583 nati
931 5522 1228 5583 Salvatoris
1249 5534 1555 5592 praepotens
1583 5521 1863 5576 medicina.

1971 4332 2129 4386 fieret
2156 4331 2405 4402 gravior;
2435 4339 2490 4385 et
2524 4331 2639 4400 qui,
2679 4330 2826 4386 nullo
2852 4331 2984 4399 alio,
3014 4334 3118 4389 nisi
3165 4333 3363 4406 seipso,
3415 4352 3544 4392 sua-

1971 4423 2131 4478 dente
2157 4421 2240 4479 vel
2265 4421 2586 4491 decipiente,
2639 4437 2742 4479 nec
2785 4436 3006 4478 carnem
3053 4424 3308 4496 portabat
3347 4426 3543 4483 buma~

1971 4529 2119 4580 nam,
2140 4515 2207 4570 de
2228 4530 2335 4586 qua
2357 4512 2604 4581 forsitan,
2629 4514 2756 4570 licet
2778 4512 3298 4584 injuste,'materiam
3314 4534 3543 4589 peccan-

1971 4603 2025 4659 di
2048 4612 2229 4674 posset
2254 4604 2595 4671 contrabere,
2625 4604 2741 4669 sed,
2796 4604 2908 4662 sola
2939 4605 3226 4677 iniquitate
3252 4609 3540 4681 superbia}.

1980 4711 2092 4753 sua:
2120 4696 2438 4768 perditionis
2465 4695 2641 4752 factor
2677 4694 2780 4752 fuit
2823 4706 2880 4752 et
2917 4696 3144 4755 alterius
3182 4698 3372 4770 culpat.
3410 4702 3537 4760 dum

1974 4788 2029 4844 in
2058 4789 2156 4846 illo
2175 4789 2426 4860 superbia
2456 4789 2593 4859 cepit
2620 4789 2852 4851 initium,
2877 4789 2997 4871 ejus
3025 4801 3240 4848 careret
3268 4792 3374 4849 line
3408 4810 3538 4867 sup-

1935 4894 1941 4898 '
1973 4883 2218 4954 plicium,
2244 4898 2345 4938 nec
2374 4880 2478 4935 ulla
2504 4882 2758 4952 deinceps
2789 4882 2997 4941 ratione
3024 4886 3075 4941 ei
3109 4884 3296 4947 liceret
3337 4890 3542 4949 habere

1971 4989 2122 5045 spem
2148 4973 2344 5040 veniae,
2383 4973 2474 5043 qni
2506 4972 2757 5029 inventor
2803 4976 3015 5033 exstitit
3045 4988 3101 5034 et
3126 4989 3308 5037 manet
3346 4992 3542 5040 auctor

1971 5074 2136 5120 tantae
2189 5065 2464 5132 nequitias.
2538 5063 2711 5121 llomo
2756 5076 2885 5122 vero
2945 5068 3354 5139 inexcusabilis,
3411 5073 3536 5146 quia

1965 5156 2215 5229 peccavit
2242 5170 2340 5226 per
2371 5156 2815 5222 inobedientiam.
2841 5169 2897 5216 et
2926 5160 3293 5236 interrogatus
3326 5165 3537 5239 culpam

1958 5248 2214 5305 confiteri
2247 5247 2476 5315 distulit,
2531 5249 2886 5321 dejectionem
2943 5256 3143 5310 meruit
3186 5265 3259 5321 et,
3290 5257 3530 5312 ruinam.

1970 5339 2041 5397 Et
2061 5339 2154 5411 qui
2174 5347 2306 5397 ante
2324 5341 2379 5397 in
2407 5340 2656 5412 paradiso
2675 5341 2847 5398 solam
2876 5343 3263 5403 beatitudinem
3287 5352 3536 5411 noverat,

1968 5448 2092 5491 cum
2114 5448 2176 5490 se
2202 5449 2298 5505 per
2317 5442 2597 5503 peccatum
2621 5434 2845 5492 diabolo.
2864 5438 3224 5508 mancipatum
3265 5449 3534 5510 cerneret,

1969 5533 2025 5580 et
2052 5526 2295 5580 diversas
2335 5524 2389 5578 in
2436 5524 2637 5579 mundo
2684 5527 3025 5597 experiretur
3064 5525 3337 5591 miserias,
3370 5526 3533 5589 nimia

280 5624 555 5680 Inimicus
589 5621 681 5678 Dei
711 5632 766 5678 et
792 5614 1026 5678 hominis
1070 5615 1315 5671 diabolus
1360 5615 1586 5672 miseria!
1622 5614 1866 5671 inventor
1897 5600 1944 5658 Ι)
1970 5615 2293 5672 infelicitate
2321 5615 2635 5684 compulsus
2663 5616 2920 5670 amissam
2946 5612 3259 5671 felicitatem
3282 5615 3535 5689 plangere

277 5716 547 5783 exstitit,
615 5716 709 5770 sed
762 5718 902 5771 Dens
961 5712 1133 5766 factor
1187 5706 1585 5763 misericordias.
1642 5706 1735 5763 Ille
1768 5722 1862 5763 sua

1970 5708 2134 5780 carpit
2163 5720 2455 5764 conversus
2482 5707 2549 5763 ad
2579 5707 2869 5779 lacrymas.
2899 5705 3162 5765 Gemebat
3196 5707 3367 5773 homo
3410 5724 3535 5766 reus

274 5808 485 5867 fraude
546 5808 818 5863 hominem
866 5788 1121 5862 miserum
1177 5794 1408 5852 reddidit
1435 5812 1450 5863 ;
1478 5797 1617 5854 Deus
1647 5813 1864 5870 compa-
1971 5802 2071 5857 sub
2100 5815 2266 5859 onere
2297 5809 2630 5907 reatumnqc
2661 5800 2773 5856 suis
2811 5797 3122 5869 lacrymisa
3145 5809 3366 5871 peccato
3394 5801 3537 5859 valeo
