4034 6364
545 425 652 480 959

1574 421 1892 476 σοπιιιυι
1927 416 2219 476 ABDATIS
2261 417 2776 476 VINDOCISENSXS

3689 424 3803 480 249

550 555 641 596 nat
687 540 850 602 ablui,
903 538 1030 608 quia
1084 528 1370 610 lacrymas
1401 535 1544 590 illius
1593 537 1775 590 miseri
1830 547 2118 604 superanat
2147 546 2187 600 Α
2221 537 2548 590 nuntiemus.
2581 534 2831 589 Perfecto
2855 532 2980 588 odio
3004 534 3243 604 peccatis
3271 536 3587 593 renuntiare
3605 546 3712 606 cst,
3737 557 3801 596 se

553 631 866 699 magnitudo
894 627 1120 697 peccati.
1157 626 1268 683 Sed
1311 627 1452 681 Deus
1503 641 1650 679 rcntn
1683 624 1892 684 salt-are
1936 624 2116 678 volens

549 733 605 777 et
655 724 913 775 damnare
959 729 1189 782 reatum,
1224 719 1506 774 nuntiante
1571 718 1780 785 angelo,
1825 727 1879 772 et
1925 732 2114 786 super-

546 813 796 870 veniente
821 805 1027 883 Spiritu
1057 821 1271 873 sancto,
1297 810 1348 864 in
1381 821 1593 863 utermn
1628 809 1864 879 Virginis
1895 811 2117 863 descen-

549 905 658 969 dit;
690 912 744 959 et
774 904 825 958 in
860 918 966 972 qua
1001 917 1102 973 pro
1139 901 1358 956 homine
1402 909 1704 968 pateretur,
1759 914 1976 952 carnem
2025 913 2114 952 as-

545 996 792 1067 stunpsit.
825 993 870 1050 Ο
925 993 1212 1064 stupenda,
1243 1003 1296 1046 et
1323 991 1487 1063 326
1537 991 1658 1044 fidei
1703 1006 1768 1044 ac
1815 989 2117 1044 dilectionis

543 1091 785 1147 brachiis
812 1087 1189 1156 amplectenda
1225 1087 1542 1154 assumptio,
1590 1099 1686 1155 per
1712 1100 1873 1153 quam
1911 1083 2116 1138 factura

541 1181 782 1246 Faetori,
814 1192 1002 1235 natura
1053 1187 1234 1233 creata
1285 1178 1466 1231 unitnr
1508 1176 1780 1241 Creatori,
1829 1177 1992 1240 Deus,
2022 1192 2119 1246 pro

547 1275 766 1331 homine
797 1275 978 1337 homo,
997 1271 1306 1327 misericors
1331 1269 1562 1326 edicitur
1589 1285 1690 1354 pgo
1714 1268 2119 1337 misero,justus

545 1381 647 1438 pro
700 1375 986 1436 peccatore
1031 1363 1340 1422 damnatur,
1401 1361 1522 1432 pius
1559 1378 1655 1432 pro
1702 1363 1897 1431 impio!
1954 1360 1998 1416 Ο
2041 1361 2121 1414 in-

546 1453 1086 1510 aestimabilisdiviuzc
1103 1451 1314 1522 pietatis
1341 1451 1630 1514 miseratio,
1665 1465 1762 1518 per
1789 1466 1946 1519 quam
1966 1458 2120 1503 natus

547 1545 643 1601 Dei
673 1543 844 1598 Filius
891 1543 1092 1598 mundo
1121 1541 1394 1611 apparuit;
1445 1550 1500 1596 et
1533 1556 1656 1595 cum
1681 1549 1826 1594 esset
1866 1539 2122 1593 Dominus

547 1635 812 1697 omnium,
841 1642 898 1687 ut
925 1648 955 1686 a
1007 1640 1178 1686 morte
1219 1644 1434 1684 servmn
1464 1629 1768 1692 redimeret,
1801 1628 2120 1683 immortalis

549 1732 781 1779 mortem
819 1721 1085 1791 suscepit;
1120 1719 1236 1785 sed,
1271 1719 1392 1788 quia
1438 1719 1608 1774 beata:
1634 1719 1756 1772 vitzr
1783 1734 1926 1772 mors
1957 1719 2122 1772 domi-

555 1814 672 1869 nari
699 1814 957 1884 nequivit,
987 1813 1072 1868 die
1105 1813 1260 1866 tertia
1298 1810 1553 1866 Dominus
1591 1811 1903 1866 resurrexit.
1951 1811 2119 1865 Morte

527 1923 644 1968 ,sna
700 1906 947 1962 Salvator
993 1915 1177 1960 n05ter
1238 1904 1524 1958 hominem
1572 1903 1851 1958 susi:itavit
1897 1913 2118 1972 peccato
2151 1890 2193 1947 Β

552 2009 846 2065 mortuum,
874 2012 1157 2068 resurgens
1184 2013 1212 2050 a
1243 1997 1469 2060 mortuis
1500 2012 1602 2051 non
1634 1996 1806 2051 solum
1850 1997 1923 2051 illi
1957 2012 2117 2066 para-

546 2093 722 2147 disum
753 2090 1001 2154 reddidit,
1048 2090 1141 2144 sed
1171 2087 1400 2143 contulit
1446 2087 1662 2143 malum.
1691 2087 1989 2144 lncarnatio
2019 2087 2121 2142 ita-

544 2195 652 2252 que
681 2179 1062 2250 Redemptoris
1105 2181 1295 2244 nostri,
1329 2179 1601 2242 nativitas,
1633 2193 1800 2246 mors,
1849 2190 1906 2233 et
1933 2194 2118 2234 resur-

546 2273 738 2338 rectio,
785 2280 982 2326 nostrae
1033 2271 1221 2325 salutis
1263 2272 1506 2340 operatio
1557 2271 1679 2335 fuit,
1743 2282 1798 2326 et
1843 2271 2120 2328 diabolica!

549 2366 686 2420 artis
723 2365 1033 2419 destructio.
1089 2364 1195 2417 Sua
1253 2373 1510 2435 praeterea
1549 2364 1922 2420 incarnatione
1971 2364 2120 2418 beni-

558 2473 696 2528 gnus
723 2456 881 2511 Jcsus
923 2457 1080 2513 nobis
1122 2457 1436 2512 humilitatis
1481 2457 1779 2528 exemplum
1819 2459 2115 2528 proposuit.

485 2613 491 2619 ἔ
549 2545 722 2600 Natus
749 2561 1014 2616 apparens
1059 2546 1258 2602 mundo
1303 2556 1357 2601 ct
1406 2547 1630 2616 ioquens
1673 2548 2000 2614 hominibus,
2032 2564 2117 2603 sa-

479 2617 491 2630 ς
556 2637 773 2706 pientire
803 2651 912 2692 sua:
954 2636 1197 2691 doctrina
1244 2653 1340 2692 nos
1370 2638 1646 2702 instruxit,
1676 2648 1848 2694 morte
1881 2653 1976 2694 sua
2021 2655 2119 2694 nos

548 2727 731 2783 docuit
766 2727 1119 2798 patientiam;
1159 2730 1574 2796 resurrectione,
1629 2729 1873 2785 invitavit
1909 2732 1973 2784 ad
2003 2732 2118 2802 glo-

551 2823 709 2878 riam.
744 2821 928 2892 Igitur,
959 2821 1294 2875 dilectissimi
1347 2822 1560 2884 fratres,
1595 2838 1713 2893 quae
1747 2838 1958 2878 sursum
1994 2836 2118 2880 sunt

543 2911 856 2983 diligamus,
884 2928 989 2966 non
1028 2927 1146 2982 qua:
1186 2929 1348 2983 super
1403 2923 1632 2980 terram;
1679 2923 1733 2969 et
1761 2916 1962 2970 sanctis
1991 2932 2118 2986 ope-

547 3003 696 3058 ribus
751 3003 1159 3074 Retlt'mplorcm
1210 3014 1450 3058 nostrum
1491 3020 1780 3076 sequamur
1804 3007 1872 3060 ad
1919 3008 2122 3077 gaudia

513 3123 518 3126 -
545 3108 762 3150 aeterna:
793 3095 1087 3158 felicitatis,
1110 3111 1216 3166 quo
1246 3111 1344 3150 nos
1368 3098 1479 3167 ipse
1509 3099 1559 3150 in
1582 3113 1745 3152 carnc
1767 3108 1951 3152 nostra
1981 3115 2116 3168 prae-

523 3187 734 3249 cessit,
765 3197 819 3241 ct
846 3198 1000 3242 vocat
1037 3189 1234 3241 sedens
1279 3189 1344 3243 ad
1389 3190 1664 3242 dexteram
1710 3188 1904 3243 Patris.
1937 3189 2110 3258 Ipsum

541 3276 705 3330 etiam
735 3291 834 3346 pro
867 3276 1021 3332 nobis
1047 3277 1184 3346 apud
1207 3276 1422 3332 Patrem
1455 3279 1791 3333 intercedere
1814 3288 1924 3333 toto
1950 3281 2111 3334 corde

541 3367 848 3434 credamus,
879 3369 1024 3439 quia,
1059 3368 1160 3423 nisi
1192 3367 1308 3436 ejus
1355 3369 1694 3424 sanctissima
1728 3370 2112 3425 intercessione

541 3468 597 3511 et
627 3458 827 3515 virtute
856 3461 1179 3517 ntuniamur.
1209 3460 1420 3514 diabolo
1443 3477 1546 3514 non
1576 3467 1814 3516 valemus
1839 3463 2110 3524 resistere,

540 3549 630 3618 qui
674 3550 819 3604 vires
847 3565 973 3605 suas
1023 3551 1246 3604 mutavit
1285 3551 1445 3621 327
1492 3551 1738 3623 quidem,
1780 3567 1884 3607 non
1932 3554 2111 3608 amisit

538 3637 798 3707 dejectus.
833 3639 970 3696 Vere
1017 3651 1138 3696 erat
1193 3657 1288 3711 pro
1335 3642 1488 3696 nobis
1537 3641 1792 3697 Dominus
1848 3644 1900 3696 in
1949 3659 2110 3698 carne

538 3745 702 3802 quam
727 3733 1018 3802 assumpsit
1045 3748 1143 3802 pro
1170 3733 1342 3788 nobis.
1377 3732 1486 3788 Nec
1514 3733 1835 3794 mirandum,
1881 3733 1926 3787 si
1963 3733 2108 3790 Patri

538 3839 640 3882 suo
660 3839 848 3896 preces
876 3824 1273 3896 prapitiationis
1300 3840 1396 3896 pro
1425 3824 1594 3880 salute
1619 3825 1850 3878 hominis
1869 3826 2104 3888 exhibet,

535 3917 627 3987 qui
673 3916 834 3972 homo
861 3917 978 3972 ﬁeri
1026 3916 1212 3985 voluit,
1262 3932 1330 3973 ne
1364 3918 1524 3974 homo
1553 3919 1773 3986 periret.
1811 3916 1924 3971 bon
1958 3917 2107 3971 dedi-

531 4017 730 4078 gnatur
755 4007 876 4077 pius
899 4007 1156 4062 Dominus
1181 4011 1234 4062 in
1256 4007 1450 4063 caelum
1479 4014 1808 4077 assumptus,
1835 4006 2105 4061 hominem

525 4095 717 4166 juvare
749 4098 804 4152 in
839 4101 1022 4163 terris,
1057 4113 1216 4169 quem
1256 4109 1308 4154 et
1334 4115 1364 4154 a
1395 4108 1618 4169 peccato
1668 4099 1927 4152 mundare
1970 4101 2103 4164 vult,

529 4195 588 4244 et
614 4203 798 4244 secum
839 4203 1066 4258 regnare
1105 4189 1159 4244 in
1205 4188 1380 4255 endis,
1426 4188 1684 4257 illumque
1731 4196 1880 4240 tanto
1920 4201 2105 4242 amore

509 4279 897 4350 amplectitur,
923 4289 982 4334 ut
1010 4281 1054 4334 si
1087 4295 1209 4334 eum
1234 4281 1412 4334 adhuc
1461 4296 1560 4350 pro
1602 4279 1692 4333 illo
1719 4277 1855 4332 mori
1878 4276 2104 4348 justitiaa

523 4367 648 4438 jura
681 4373 984 4441 exigerent,
1036 4370 1251 4440 pietatis
1288 4371 1386 4424 sibi
1440 4372 1648 4425 viscera
1697 4385 1803 4422 non
1834 4371 2099 4425 deessent.

528 4463 648 4519 Non
687 4463 848 4518 debet
877 4465 1037 4518 homo
1093 4465 1381 4533 desperare
1432 4464 1498 4518 de
1547 4466 1764 4532 proprio
1810 4465 1983 4534 lapsu,
2013 4464 2099 4518 cui

2217 626 2425 696 qualem
2455 626 2604 680 illum
2654 627 2794 680 Deus
2838 625 2964 680 fecit
2999 625 3165 696 328
3196 626 3450 698 deligere,
3482 638 3537 684 et
3582 632 3800 699 qualem

2221 719 2398 787 seipse
2430 717 2703 788 peccando
2731 716 2880 781 fecit,
2918 717 3114 771 odisse.
3150 715 3422 772 Ponamns
3449 729 3574 774 ante
3600 720 3801 777 faciem

2218 812 2412 865 anima:
2441 818 2656 874 nostra,
2685 823 2739 864 ct
2766 810 2817 863 in
2850 811 3108 863 memoria
3138 810 3301 864 fixum
3332 822 3613 866 teneamus
3632 829 3802 882 quam

2219 899 2519 954 admirabili
2575 900 2766 971 gratia,
2824 907 3112 968 antequam
3161 914 3434 972 essemus,
3499 901 3645 957 Deus
3696 919 3802 959 nos

2219 991 2494 1056 condidit;
2533 992 2599 1046 de
2623 1000 2821 1062 qttanta
2845 991 3088 1056 miseria,
3123 1001 3178 1045 ct
3202 1001 3402 1062 quanta
3436 990 3552 1060 ejus
3588 995 3804 1050 miseri-

2219 1086 2405 1140 cordia
2436 1083 2648 1138 liberati
2677 1093 2859 1154 postea
2886 1099 3105 1148 sumus;
3130 1094 3184 1139 et
3221 1083 3392 1148 illum,
3422 1085 3512 1154 qui
3547 1085 3710 1142 hodie
3730 1087 3802 1143 de

2220 1191 2314 1229 sua
2340 1174 2680 1229 sanctissima
2719 1174 2929 1245 virgine
2959 1184 3132 1228 matre
3179 1173 3410 1244 gloriosa
3439 1175 3609 1230 Maria
3639 1187 3804 1231 natus

2220 1277 2300 1322 est
2333 1266 2508 1328 nobis,
2543 1265 2668 1320 totis
2698 1264 2996 1319 visceribus
3035 1264 3340 1334 diligamus.
3373 1263 3475 1331 Qui
3526 1282 3646 1330 nos,
3673 1267 3804 1322 licet

2221 1371 2362 1419 reos,
2389 1364 2447 1410 et
2476 1354 2670 1426 diligit,
2696 1363 2752 1410 et
2783 1362 2996 1408 nostros
3016 1354 3130 1408 odit
3158 1363 3358 1409 reatus.
3383 1355 3530 1422 Quos
3552 1358 3666 1426 ipse
3690 1373 3802 1414 sua:

2221 1448 2436 1516 pietatis
2490 1447 2666 1517 gratia
2717 1448 2979 1501 mundare
3042 1447 3290 1517 dignetur
3343 1445 3500 1502 Jesns
3548 1449 3804 1506 Christus

2221 1538 2362 1592 Deus
2391 1549 2444 1592 et
2473 1538 2734 1592 Dominus
2771 1547 2974 1600 noster,
3009 1537 3094 1591 cui
3124 1545 3207 1591 est
3233 1553 3357 1592 etim
3387 1537 3554 1594 Patre
3594 1549 3647 1594 et
3681 1541 3802 1609 Spi-

2223 1633 2325 1683 ritu
2353 1643 2541 1686 sancto
2569 1631 2746 1685 omnis
2775 1631 2948 1685 honor
2968 1641 3023 1685 et
3048 1629 3237 1700 gloria,
3273 1645 3369 1700 per
3393 1631 3578 1686 omnia
3602 1635 3800 1688 saecula

2221 1723 2556 1777 saeculorum.
2589 1723 2775 1778 Amen.

2835 1813 3069 1872 SERMO
3105 1814 3166 1869 ll.

2628 1922 2679 1962 IN
2718 1923 3048 1963 NA'I‘IVITA'I‘E
3091 1923 3270 1962 DOMINI
3305 1924 3364 1963 ll.

2297 1993 2486 2054 Hodie.
2517 1996 2874 2061 dilectissimi,
2907 1996 3288 2066 Redemptoris
3342 1997 3512 2052 nostri
3546 1997 3690 2053 facta
3721 2009 3803 2054 est

2220 2086 2474 2156 quaedam
2507 2085 2775 2156 specialis,
2805 2096 2858 2141 et
2889 2086 3180 2158 singularis
3213 2086 3481 2158 operatio,
3528 2091 3654 2158 quia
3687 2091 3799 2161 ipse

2221 2190 2379 2234 natus
2402 2187 2485 2232 est
2519 2178 2584 2231 de
2612 2186 2782 2232 matre
2822 2177 2940 2232 sine
2987 2187 3140 2248 patre
3183 2178 3248 2232 vin
3296 2177 3516 2240 saeculo.
3545 2181 3639 2250 qui
3671 2193 3796 2236 ante

2219 2272 2411 2327 saecula
2441 2272 2556 2326 sine
2584 2280 2757 2324 matre
2785 2270 2852 2325 de
2903 2268 3061 2324 Patre
3110 2281 3270 2324 natus
3318 2279 3421 2336 est,
3474 2273 3541 2326 ad
3589 2288 3692 2328 nos
3711 2289 3798 2328 ve-

2220 2365 2374 2418 niens
2392 2362 2458 2418 de
2488 2363 2646 2417 caelo.
2675 2360 2842 2416 Natus
2889 2370 2974 2416 est
3014 2361 3198 2430 itaque
3225 2361 3292 2415 de
3328 2360 3529 2416 femina
3562 2364 3792 2434 virgine,

2217 2455 2604 2525 omnipotentia
2657 2453 2954 2508 divinitatis
2989 2453 3230 2508 ordinem
3263 2463 3470 2508 natura:
3523 2465 3794 2526 transgre-

2218 2545 2391 2612 diens,
2419 2555 2475 2601 et
2503 2546 2760 2600 honorem
2792 2559 2902 2599 suae
2944 2544 3338 2600 honestissima:
3387 2546 3610 2610 matris,
3643 2548 3794 2616 pudi-

2217 2637 2358 2692 citia:
2385 2646 2439 2692 et
2465 2637 2785 2706 virginitatis
2810 2633 2986 2706 sigillo
3036 2635 3368 2690 custodiens.
3402 2635 3516 2690 Non
3560 2647 3648 2690 est
3683 2637 3793 2706 jam

2218 2727 2448 2797 amplius
2493 2726 2706 2780 miseris
2741 2723 3136 2794 desperandum
3166 2725 3232 2780 de
3280 2725 3458 2791 venia,
3507 2728 3548 2779 si
3586 2735 3790 2781 tantum

2218 2819 2575 2872 admissorum
2642 2817 2959 2887 pteniteant,
3008 2817 3202 2880 quibus
3261 2818 3418 2872 hodie
3469 2820 3520 2872 in
3557 2819 3788 2874 humana

2217 2923 2381 2965 carne
2418 2911 2658 2964 nascitur
2697 2911 2763 2964 de
2792 2907 3012 2979 Virgine
3052 2907 3437 2963 misericordia.
3472 2909 3644 2966 Hodie
3679 2927 3788 2966 me-

2218 3001 2392 3056 dicina
2424 3001 2490 3054 de
2517 3000 2654 3055 coelo
2681 3000 2842 3054 datur
2876 3000 3096 3063 mundo,
3149 3015 3246 3069 per
3284 3016 3446 3070 quant
3480 3002 3710 3057 infirma:
3737 3013 3789 3058 et

2217 3090 2740 3162 peccatrices.329
2787 3091 2980 3145 animae
3017 3101 3296 3156 sanantur,
3327 3102 3382 3146 et
3427 3093 3685 3148 danmata
3715 3105 3791 3148 at-

2216 3199 2321 3251 que
2380 3181 2518 3237 facta
2570 3183 2828 3238 deformis
2896 3194 3119 3253 peccato
3171 3185 3419 3239 humana!
3463 3188 3789 3243 conditionis

2214 3287 2428 3339 natura,
2461 3277 2511 3330 in
2566 3286 2764 3332 statum
2814 3277 3101 3346 pristinum
3153 3277 3499 3333 réformatur.
3531 3279 3704 3337 llodie
3727 3283 3788 3337 de

2211 3367 2485 3438 splendida
2520 3369 2672 3424 stella
2705 3371 2888 3425 radius
2918 3373 3052 3426 satis
3075 3371 3404 3441 Splendidior
3433 3377 3502 3428 ad
3536 3377 3786 3433 tenebras

2212 3461 2492 3526 processit,
2545 3459 2636 3528 qui
2690 3459 2815 3514 inibi
2867 3461 3165 3517 residentes
3214 3461 3460 3517 homines
3507 3480 3788 3536 magnoet

2211 3549 2513 3605 admirabili
2548 3552 2754 3622 fulgore
2803 3552 3087 3616 irradians,
3131 3555 3401 3610 houorans
3453 3569 3783 3625 creaturam,

2187 3651 2263 3697 .el
2288 3658 2614 3698 consumens
2639 3644 2871 3714 culpam,
2909 3646 2975 3700 ad
3002 3647 3190 3716 patriae
3214 3646 3452 3702 celestis
3478 3649 3782 3706 claritatem

2189 3735 2474 3806 provexit.
2502 3734 2642 3800 llaec,
2669 3735 3006 3793 dilectissimi
3037 3739 3256 3807 fratres,
3283 3742 3348 3796 de
3391 3744 3564 3798 nostri
3600 3745 3786 3799 Salva-

2209 3827 2737 3897 torisonmipotentia
2756 3839 2811 3882 et
2831 3829 3028 3898 pietate
3050 3831 3334 3902 diligenter
3350 3835 3784 3897 considerantes.

2209 3934 2314 3973 non
2339 3919 2688 3988 desperemus
2705 3920 2875 3990 magis
2899 3925 2964 3974 de
2985 3924 3186 3978 nostris
3205 3923 3518 3979 excessibus
3543 3941 3709 3994 quam
3723 3930 3786 3980 de

2205 4009 2349 4064 illius
2394 4011 2631 4064 bonitate
2677 4013 3003 4080 preni'tentes
3055 4027 3461 4081 praesumamus.
3481 4017 3520 4070 F
3527 4030 3781 4074 ructuosa

2205 4111 2289 4157 est
2333 4102 2506 4166 valde,
2548 4101 2641 4157 sed
2677 4103 2744 4156 de
2770 4101 2981 4157 Domini
3016 4105 3215 4174 pietate
3249 4109 3625 4180 praesumptio,
3659 4126 3782 4166 cum

2203 4192 2354 4262 prius
2365 4192 2676 4262 pernitendo
2691 4203 2977 4248 accusatur
3001 4196 3178 4250 anima
3194 4206 3249 4251 et
3269 4211 3516 4265 sanatur,
3533 4203 3784 4270 proditur

2202 4293 2479 4353 peccatum
2492 4295 2545 4338 et
2560 4283 2789 4348 deletur,
2805 4287 2961 4357 etqui
2975 4298 3100 4343 ante
3112 4301 3367 4357 peccator
3379 4293 3698 4363 exstiterat,
3713 4311 3781 4351 ex

2201 4387 2485 4446 peccatore
2499 4374 2676 4446 justus
2696 4373 2947 4434 efﬁcitur.
2996 4376 3144 4434 Talis
3171 4396 3404 4452 namque
3427 4387 3780 4456 prmsumptio

2199 4469 2442 4526 Iudicem
2471 4472 2697 4540 mitigat,
2736 4489 2840 4527 non
2875 4485 3129 4543 provocat
3171 4477 3325 4547 cujus
3343 4487 3426 4534 est
3451 4478 3684 4537 intenti.»
3713 4485 3782 4537 ab

533 4557 671 4611 Deus
694 4556 1024 4626 compatitur
1044 4562 1206 4609 tantae
1233 4555 1534 4610 dilectionis
1553 4553 1766 4620 affet-tu,
1796 4559 2098 4614 neciterum
2126 4579 2178 4640 ι)
2204 4571 2516 4617 accusatore
2545 4562 2756 4618 diabolo
2783 4575 3092 4620 accusatum
3124 4567 3394 4624 hominem
3421 4569 3459 4624 li
3495 4585 3676 4638 crare,
3714 4590 3781 4629 ne

527 4645 646 4702 sine
675 4645 868 4701 timore
889 4659 1128 4715 sperare,
1159 4658 1227 4699 ne
1260 4653 1438 4698 sumat
1478 4645 1815 4704 occasionem
1846 4647 2098 4716 peccandi

515 4737 594 4792 de
622 4737 985 4810 magnitudine
1037 4735 1439 4791 misericordiae.
1476 4736 1769 4807 Culpabilis
1811 4746 1895 4792 est
1935 4737 2090 4792 valde

525 4830 689 4886 homo
731 4831 842 4897 ille,
869 4831 974 4896 ille,
1024 4830 1270 4900 inquam,
1320 4831 1540 4886 omnino
1570 4829 1873 4900 culpabilis,
1902 4833 1991 4900 qui
2029 4834 2096 4888 de

512 4925 725 4990 pietate
747 4924 1040 4980 Salvatoris
1063 4940 1121 4980 se
1142 4924 1270 4978 facit
1293 4923 1536 4994 impium,
1559 4933 1612 4977 et
1631 4924 1748 4992 ejus
1773 4924 2094 4981 beneficium

516 5012 828 5068 dilectionis
855 5017 1014 5069 vertit
1037 5016 1087 5069 in
1115 5014 1411 5084 iniquitatis
1432 5024 1796 5085 augmentum.
1833 5015 2095 5072 Christia-

527 5118 613 5156 na
646 5101 769 5156 fidei
797 5102 996 5166 obviat,
1019 5113 1075 5158 et
1093 5105 1312 5174 derogat
1337 5103 1542 5173 pietati,
1567 5104 1656 5173 qui
1685 5120 2012 5174 praesumens
2028 5110 2095 5163 de

525 5191 896 5248 misericordia
911 5192 1002 5247 Dei
1033 5196 1275 5248 securius
1302 5202 1508 5263 peccat,
1536 5192 1617 5247 vel
1641 5209 1733 5262 spe
1748 5195 1966 5265 agenda:
1983 5212 2096 5266 po:-

525 5284 766 5341 nitentite
781 5295 1005 5358 peccata
1033 5283 1290 5340 cumulat.
1313 5283 1502 5339 Divina
1527 5285 1670 5340 enim
1701 5285 2088 5352 misericordia,

527 5390 583 5436 et
605 5381 950 5452 pmnitentia,
977 5393 1098 5450 qua!
1138 5379 1206 5436 ab
1237 5378 1324 5434 illa
1367 5379 1522 5436 nobis
1561 5388 1817 5450 tanquam
1861 5381 2092 5437 infirmis

526 5474 819 5546 porrigitur
845 5474 1134 5541 medicina,
1190 5473 1427 5530 remedia
1485 5482 1608 5529 sunt
1650 5475 1931 5544 peccandi,
1981 5489 2088 5530 non

526 5569 870 5625 incitamenta
899 5568 1130 5639 peccati.
1177 5566 1312 5624 Cum
1343 5569 1534 5624 timore
1561 5571 1766 5640 pariter
1807 5578 1862 5623 et
1883 5583 2089 5636 amore,

511 5662 719 5720 "fratres
741 5664 1067 5730 charissimi,
1093 5663 1422 5719 admiremus
1450 5671 1505 5717 et
1552 5659 1870 5717 admirando
1898 5659 2089 5716 intelli-

510 5773 714 5828 'gantus
741 5757 936 5813 collata
961 5758 1118 5815 nobis
1139 5756 1334 5813 divina:
1355 5755 1656 5811 dilectionis
1682 5765 1734 5810 et
1765 5755 1949 5826 gratiae
1971 5769 2086 5808 mu-

507 5859 652 5904 ‘nera
677 5851 932 5921 pretiosa,
954 5858 1009 5905 et
1059 5850 1290 5923 peccatis
1339 5848 1538 5903 nostris
1572 5845 1808 5918 perfecto
1855 5845 1977 5900 odio
2001 5859 2083 5900 rc-

2200 4665 2405 4724 pereat.
2432 4655 2496 4708 Et
2524 4656 2568 4710 si
2591 4657 2877 4726 al'quando
2901 4658 3024 4728 pius
3043 4659 3292 4716 dominus
3331 4663 3485 4718 nobis
3527 4675 3778 4734 peccato-

2201 4747 2348 4802 ribus
2370 4747 2650 4818 indignans
2699 4748 2975 4812 irascitur,
3027 4751 3093 4804 ad
3119 4751 3220 4806 hoc
3245 4751 3375 4808 facit
3406 4763 3464 4807 ιιι
3498 4770 3612 4810 sua:
3638 4756 3778 4811 ind-

2199 4840 2464 4910 gnationis
2493 4851 2698 4896 terrore
2723 4856 2820 4893 nos
2849 4851 3130 4896 convertat
3173 4853 3229 4898 et
3272 4845 3390 4915 ejus
3417 4848 3493 4900 ira
3524 4854 3604 4900 vel
3631 4847 3723 4904 ind
3747 4877 3773 4888 -

2197 4929 2395 5000 gnatio,
2431 4944 2535 4985 non
2560 4931 2834 4984 exsecutio
2863 4931 3100 5000 ultionis,
3124 4933 3216 4987 sed
3234 4937 3403 5004 magis
3425 4949 3648 5006 peccato
3684 4955 3771 4990 um

2195 5027 2502 5073 nostrorum
2527 5018 2796 5074 absolutio
2815 5019 2926 5074 fiat.
2961 5019 3097 5076 Vere
3132 5023 3304 5078 bonus
3331 5035 3385 5076 et
3409 5026 3512 5079 ben
3533 5041 3672 5096 guns
3690 5034 3774 5080 est

2193 5121 2291 5177 per
2311 5109 2490 5162 omnia
2511 5109 2784 5173 Dominus,
2826 5109 2983 5179 cujus
3023 5111 3321 5183 indignatio
3349 5125 3522 5170 artem
3551 5119 3773 5172 cxbilet

2194 5199 2296 5268 piae
2328 5209 2382 5254 et
2427 5202 2799 5270 compatientis
2826 5203 3049 5273 justitia‘.
3075 5215 3129 5262 et
3157 5206 3273 5276 ejus
3305 5209 3382 5263 ira
3417 5223 3496 5265 est
3527 5216 3772 5281 operam

2186 5289 2332 5360 juste
2377 5291 2703 5348 consulentis
2739 5294 3145 5353 misericordiae.
3179 5298 3353 5366 llujus
3403 5299 3630 5368 piissnni
3660 5301 3771 5355 lte-

2191 5382 2486 5452 demptoris
2511 5385 2677 5439 nostri
2711 5389 3252 5459 estmcomparabilis
3268 5391 3528 5452 amicitia,
3563 5391 3769 5445 incom-

2190 5473 2568 5543 prehensibilis
2589 5476 2877 5546 patientia;
2909 5481 3000 5550 qui
3056 5482 3349 5547 hominem,
3375 5499 3475 5554 pro
3499 5498 3609 5554 quo
3639 5500 3765 5554 pas-

2189 5581 2282 5621 sus
2346 5576 2430 5621 est
2473 5578 2727 5636 mortem,
2788 5572 3028 5641 quotidie
3067 5584 3378 5643 peccantem
3425 5577 3650 5646 patitur,
3675 5573 3767 5628 diu

2187 5660 2349 5732 33o
2370 5670 2668 5732 exspectat,
2695 5671 2770 5726 et,
2800 5673 2855 5718 ut
2879 5676 3180 5721 revertatur
3205 5668 3274 5728 ad
3301 5669 3496 5740 ipsum,
3543 5683 3649 5721 non
3673 5683 3764 5725 so-

2181 5753 2296 5806 lum
2319 5752 2554 5817 veniam,
2582 5751 2676 5807 sed
2714 5757 3017 5812 mercedem
3045 5757 3348 5827 pollicetur.
3397 5758 3612 5818 Homini
3666 5768 3766 5814 .ta-

2187 5858 2290 5912 que
2318 5845 2588 5913 peccanti,
2608 5847 2706 5902 sed
2721 5848 3030 5916 ptenitenti,
3065 5865 3168 5906 non
3199 5852 3322 5923 quia
3362 5849 3636 5922 peccavit,
3668 5851 3761 5904 δέ]
