3986 6454
216 405 314 461 9η
1455 473 1459 479 ,
1721 427 2112 484 ΒΕΒΜΟΝΕΞ.
3456 425 3560 478 2η

226 525 362 592 quia
382 529 696 597 mnium,
733 533 1006 591 Dominus
1057 539 1426 609 indulget,qu
1456 538 1499 591 si
1527 555 1630 592 non
1659 556 1880 608 peceas-
1912 544 1956 598 Δ
1985 557 2080 595 sua
2133 541 2360 611 quisque
2405 539 2576 593 utitur
2619 545 2900 609 potestate.
2965 536 3043 590 Ad
3084 539 3345 608 agendam
3390 545 3559 608 punii-

231 623 342 675 Bt‘l.
378 631 684 687 nunquam
745 627 1021 693 ptenitere
1049 629 1112 682 de
1141 639 1358 699 peccato
1388 629 1646 698 potuisset
1667 639 1722 685 et
1749 631 1875 700 quid
1981 632 2199 688 tentiam
2229 648 2332 686 non
2365 630 2622 686 debemus
2652 638 2968 699 ex5peetare
3014 629 3138 682 vita:
3166 638 3361 684 nostra?
3381 638 3560 682 extre-

245 717 520 764 Cl‘eallll'm
549 711 814 772 Creator
843 720 1164 785 dimitteret,
1193 738 1297 774 non
1323 722 1562 775 haberet.
1591 721 1685 775 Est
1716 721 1878 792 igitur
1980 741 2124 780 mum
2151 725 2287 780 diem
2342 724 2618 792 quoniam,
2648 722 2737 790 qui
2767 736 2935 791 usque
2979 721 3030 774 in
3085 731 3386 775 extremum
3415 720 3554 774 diem

251 799 454 854 ὶιθιὶιιηι
488 801 793 861 hominem
827 826 1055 878 peccare
1083 813 1171 881 qui
1201 814 1456 881 pteuitel?
1481 811 1874 884 Nominquam,
1977 816 2348 886 prenitentiam
2383 815 2654 878 dilferunt,
2695 814 2779 867 vix
2813 823 2904 866 aut
2943 828 3214 882 nunquam
3240 809 3560 880 perveniunt

261 896 354 949 sed
396 895 607 950 bonum
667 909 760 952 est
790 919 916 955 eum
970 904 1233 972 pmnitere
1264 905 1352 972 qui
1387 905 1650 973 peccavit,
1691 913 1744 960 et
1771 921 1875 959 non

275 997 480 1061 peccet.
521 988 638 1044 Nec
665 992 880 1048 iterum
931 996 1298 1066 peccauimus,
1323 993 1381 1052 ut
1425 995 1873 1069 Deusiguoscat:

282 1083 436 1138 absit.
461 1082 573 1139 Sed
607 1096 844 1153 peccata
888 1103 1009 1158 quae
1058 1087 1305 1154 facimus,
1351 1089 1625 1155 utdeleat,
1663 1090 1876 1146 confes-

289 1179 434 1234 sione
487 1178 818 1243 prodamus,
875 1189 932 1234 et
969 1189 1210 1250 tegamus
1253 1183 1590 1251 ptenitentia,
1664 1198 1729 1236 ne
1767 1183 1881 1252 ipse

291 1280 560 1342 agnoscat.
586 1270 904 1340 Aliquando
951 1281 1128 1327 tamen
1161 1273 1334 1327 bonus
1369 1282 1423 1328 et
1451 1274 1568 1342 pius
1604 1274 1881 1341 Dominus,

294 1363 356 1416 ad
380 1362 751 1418 ostensionem
807 1379 920 1419 suae
972 1365 1126 1419 bona:
1179 1364 1635 1435 voiuntatis,qua
1669 1380 1881 1434 semper

294 1457 431 1510 circa
488 1465 842 1523 peccatores,
899 1457 1050 1524 quasi
1079 1456 1310 1526 quodam
1360 1457 1431 1526 pii
1479 1456 1656 1512 Patris
1688 1457 1879 1512 affectu

301 1550 488 1613 bzeret,
519 1563 585 1602 ne
613 1549 682 1601 ad
723 1564 942 1619 pamam
975 1549 1150 1603 tradat
1195 1558 1466 1616 errantes,
1495 1565 1616 1604 cmn
1647 1565 1765 1614 nos,
1790 1551 1879 1620 qui

299 1657 392 1695 nec
423 1641 581 1695 bouis
627 1639 768 1696 bene
800 1642 1024 1704 utimur,
1053 1641 1120 1696 de
1147 1641 1410 1695 medicina
1448 1653 1633 1696 nostra
1660 1642 1883 1698 facimus

297 1731 506 1800 plagam
532 1771 546 1788 .
573 1732 689 1801 ipse
728 1732 794 1786 de
825 1731 1042 1786 vulnere
1076 1743 1260 1787 nostro
1284 1733 1438 1786 nobis
1467 1733 1686 1786 adhibet
1716 1732 1884 1788 medi-

295 1826 500 1879 cinam.
533 1824 609 1877 De
639 1823 907 1877 medicina
946 1825 1148 1878 etenim
1187 1837 1370 1879 nostra
1423 1825 1602 1879 miseri
1649 1835 1702 1878 ct
1757 1824 1885 1878 insi-

1979 908 2046 962 ad
2072 908 2318 962 salutem.
2372 907 2456 962 Fit
2493 907 2808 976 plerumque
2861 906 2912 959 in
2961 906 3174 960 miseris
3227 904 3556 966 hominibus,

1979 1003 2120 1072 quod
2145 1018 2328 1056 eorum
2359 1000 2466 1054 vita
2522 1015 2618 1070 per
2661 997 2984 1068 voluptatem
3015 999 3194 1052 carnis
3239 999 3560 1069 expenditur

1980 1092 2072 1146 sed
2095 1109 2215 1146 cum
2243 1099 2460 1160 repente
2482 1089 2729 1158 voluptas
2759 1088 2870 1157 ipsa
2900 1087 3255 1151 subtrahitur,
3284 1104 3404 1143 cum
3433 1102 3558 1142 caro

1982 1183 2296 1237 infirmitate
2319 1183 2592 1247 atteritur,
2615 1196 2735 1234 cmn
2760 1179 2870 1250 jam
2896 1180 3075 1249 egredi
3113 1181 3290 1234 anima
3318 1190 3557 1250 urgetur,

1983 1282 2108 1327 tunc.
2137 1273 2289 1342 quasi
2313 1273 2376 1327 ad
2401 1272 2538 1326 bene
2573 1269 2857 1325 vivendum
2903 1270 3049 1324 salus
3094 1270 3288 1323 amissa
3348 1273 3412 1324 ab
3459 1271 3565 1326 illis

1983 1363 2298 1434 requiritur,
2349 1363 2545 1434 quibus
2573 1377 2670 1429 pro
2698 1360 2971 1428 voluptate
2994 1359 3142 1412 brevi
3175 1369 3425 1430 perpetua
3452 1374 3564 1428 pte-

1983 1473 2049 1511 na
2115 1456 2358 1511 debetur.
2425 1455 2500 1510 De
2532 1455 2726 1508 talibus
2777 1454 2920 1507 enim
2971 1452 3167 1506 dicitur
3219 1454 3268 1505 in
3307 1453 3560 1507 Psalmo:

1984 1547 2112 1604 Cum
2129 1547 2268 1602 Deus
2289 1547 2543 1602 occideret
2571 1563 2679 1609 eos,
2699 1546 3000 1612 qumrrbaut
3021 1562 3136 1598 eum
3161 1541 3332 1614 (Psnl.
3361 1560 3565 1606 Lxxvn,

1983 1639 2096 1710 84).
2128 1638 2286 1693 Certe
2323 1637 2483 1692 nimis
2535 1637 2688 1692 tarde
2713 1646 2838 1690 ante
2883 1633 3147 1700 Judicem,
3178 1637 3266 1705 qui
3294 1635 3419 1689 facit
3447 1651 3566 1689 om-

1986 1731 2072 1786 nia
2099 1730 2267 1801 juste,
2299 1745 2450 1785 suam
2480 1727 2710 1799 quisque
2763 1742 2981 1782 causam
3009 1741 3279 1794 exponere
3318 1725 3567 1794 coeperit.

1987 1837 2109 1877 cum
2139 1822 2192 1876 in
2225 1838 2282 1877 se
2315 1821 2576 1892 prolatam
2635 1820 2843 1874 tristem
2893 1829 2948 1873 et
3013 1817 3401 1873 immutabilem
3458 1834 3571 1872 suze

301 1917 518 1984 pientes
574 1915 946 1978 vuineramur,
973 1931 1094 1969 cum
1127 1917 1193 1970 de.
1228 1917 1576 1980 abstinentia,
1601 1916 1681 1970 vel
1707 1916 1880 1983 quali-
1917 1884 1960 1939 Β
1985 1914 2349 1970 damnationis
2391 1913 2713 1970 sententiam
2768 1913 2834 1967 ab
2889 1912 2979 1966 illo
3037 1912 3353 1981 susceperit.
3407 1911 3573 1982 igitur

301 2008 400 2063 bet
417 2008 619 2062 virtute
647 2017 847 2068 nostra.
867 2023 987 2077 qua:
1027 2008 1290 2062 medicina
1313 2024 1431 2062 esse
1457 2009 1641 2064 debuit
1670 2009 1882 2073 animre,

304 2099 673 2169 superbiam-1.
703 2098 805 2154 Sed
843 2099 1155 2154 misericors
1185 2111 1240 2153 et
1285 2101 1626 2170 omnipotens
1651 2100 1792 2155 Deus
1821 2103 1896 2156 de.

308 2190 546 2249 vulnere
596 2198 772 2249 nostro
804 2191 1128 2249 medicinam
1183 2202 1456 2264 operatur,
1481 2209 1602 2246 cum
1648 2193 1699 2248 in
1734 2193 1888 2247 luxu-

313 2287 450 2340 riam
480 2302 568 2342 cor
583 2297 812 2350 ruentes,
849 2302 953 2340 non
992 2289 1114 2357 quia
1147 2289 1217 2342 sit
1244 2287 1449 2342 luxuria
1480 2287 1728 2358 superbia
1768 2301 1904 2360 gra-

304 2381 444 2440 vior.
468 2379 565 2432 sed
591 2381 714 2448 quia
744 2381 950 2447 turpior
973 2395 1092 2434 esse
1118 2381 1348 2444 videtur,
1400 2397 1497 2435 nos
1525 2383 1807 2446 luuniliat;
1838 2391 1900 2439 et

306 2471 385 2525 sic
414 2471 468 2525 in
499 2473 656 2525 nobis
683 2473 874 2526 vulnus
923 2474 989 2527 de.
1045 2474 1266 2529 vulnere
1297 2485 1471 2530 sanat.
1497 2476 1602 2531 Iste
1633 2477 1894 2532 veraciter

309 2581 470 2619 verus
500 2575 556 2619 et
593 2566 782 2634 plenus
813 2567 1028 2635 pictatis
1076 2568 1371 2622 visceribus
1403 2570 1896 2635 medicus,’nostr:e

307 2657 613 2712 infirmitati
646 2658 868 2711 omnino
910 2659 1262 2728 compatiens,
1296 2676 1392 2729 pro
1418 2661 1715 2715 exhibenda
1744 2661 1897 2715 nobis

310 2748 541 2804 iulirmis
570 2749 806 2804 sanitate
827 2750 1026 2804 mdium
1047 2752 1214 2822 exigit
1237 2754 1494 2822 pretium;
1521 2753 1636 2816 sed,
1665 2752 1822 2823 331
1854 2753 1898 2808 si

308 2849 520 2895 tantum
551 2841 621 2896 ab
670 2841 762 2896 il!o
789 2843 969 2896 sanari
1005 2842 1372 2897 desideramus
1395 2885 1412 2908 ,
1453 2845 1752 2898 mercedem
1780 2859 1903 2912 pro-

311 2936 752 3006 tuittit,seipsum
767 2936 1017 2992 videlicet
1036 2947 1088 2990 et
1106 2936 1306 2991 tribuit.
1328 2935 1560 2991 chitde.
1571 2936 1721 2991 cmlis
1736 2935 1904 2990 caelo-

313 3043 435 3082 rum
463 3026 722 3082 Conditor
744 3028 1010 3082 bodiosrua
1030 3027 1141 3092 die,
1159 3038 1216 3080 ut
1237 3042 1395 3094 supra
1417 3026 1672 3087 diximus.
1694 3026 1761 3080 de
1790 3026 1906 3081 Vir.

309 3120 437 3188 giue
461 3128 633 3172 matre
661 3128 839 3181 natus,
857 3119 948 3188 qui
970 3128 1157 3171 contra
1183 3117 1557 3183 superbientes
1578 3125 1635 3171 et
1662 3099 1914 3186 impeeni-I

1985 2005 2110 2062 dum
2143 2006 2288 2069 licet,
2320 2015 2372 2060 et
2404 2006 2624 2077 agenda:
2683 2003 3014 2074 paenitentitc
3072 2013 3280 2072 tempus
3321 2003 3573 2057 concedi-
3613 2069 3619 2080 ⁷

1989 2104 2098 2156 tur.
2135 2110 2232 2150 nos
2256 2094 2413 2150 otiari
2455 2095 2760 2156 uon’decet,
2788 2109 2884 2149 nec
2914 2094 3136 2147 nimium
3164 2107 3282 2147 esse
3314 2109 3568 2158 securos;

1989 2185 2184 2256 quibus
2227 2200 2326 2254 pro
2377 2183 2587 2239 meritis
2652 2183 3007 2252 singulorum,
3051 2190 3171 2252 post
3212 2180 3404 2245 vitam,
3451 2195 3574 2250 qua:
3611 2243 3616 2249 δ

1989 2277 2169 2332 brevis
2189 2289 2292 2341 est,
2337 2287 2392 2332 et
2439 2279 2556 2348 ejus
2590 2276 2826 2332 brevitas
2863 2275 3094 2340 incerta,
3123 2283 3214 2327 aut
3244 2275 3569 2343 sempiterna

1995 2368 2221 2429 telicitas
2258 2378 2585 2433 reservatur,
2627 2379 2720 2423 aut
2743 2366 2958 2422 miseria
2989 2366 3108 2421 sine
3155 2363 3260 2418 fine
3297 2380 3569 2417 mansura.

1995 2465 2068 2519 Ea
2092 2465 2287 2519 mentis
2328 2463 2625 2519 intentione
2675 2456 3049 2532 paenitentiam
3091 2469 3332 2526 agamus,
3363 2461 3419 2504 ut
3451 2450 3574 2505 inde

1997 2570 2102 2608 non
2127 2552 2436 2607 allectemus
2466 2553 2652 2607 laudes
2685 2553 2986 2616 hominum,
3013 2551 3109 2606 sed
3137 2544 3233 2607 soli
3466 2542 3575 2604 Β(ξο

1997 2644 2064 2697 de
2111 2645 2252 2698 bono
2272 2643 2598 2714 pamitentice
2638 2642 2966 2711 placeamus,
2996 2641 3084 2696 cui
3115 2639 3396 2710 displicere
3423 2654 3576 2694 vera-

2001 2734 2133 2788 citer
2163 2749 2265 2788 non
2310 2742 2538 2802 possunt
2584 2733 2928 2804 pteniteutes,
2975 2741 3029 2785 et
3090 2731 3209 2785 sine
3259 2731 3587 2800 paenitentia-

2002 2826 2218 2897 placere
2247 2825 2350 2881 ulla
2379 2826 2591 2882 ratione
2622 2835 2926 2896 peccantes.
2953 2825 3028 2879 ita
3055 2823 3322 2893 prteterita
3359 2830 3576 2893 peccata

2005 2926 2186 2972 nostra
2220 2916 2576 2986 plangamus,
2629 2924 2686 2969 ut
2749 2914 2910 2969 nullar
2949 2915 3200 2982 deinceps
3257 2911 3574 2983 plangentia,

2006 3012 2298 3066 auxiliante
2319 3011 2518 3082 pietate
2546 3010 2748 3075 divina,
2803 3009 3082 3064 faciamus.
3114 3007 3291 3061 Pietas
3317 3006 3460 3062 enim
3492 3006 3577 3060 di-

2008 3103 2132 3156 vina
2151 3099 2395 3155 auxiliari
2413 3098 2706 3164 desiderat,
2746 3098 2789 3153 si
2812 3097 2974 3154 homo
3004 3113 3107 3152 non
3139 3093 3354 3150 differat
3405 3096 3579 3165 ptrni~

313 3221 486 3266 tentes
514 3210 735 3280 angelos
764 3211 1082 3265 sententiam
1102 3209 1316 3278 protulit
1339 3185 1767 3263 danmationiset
1787 3223 1898 3277 pte-

2011 3202 2129 3246 tcns
2149 3189 2418 3253 confiteri,
2463 3189 2803 3244 occasionem
2857 3186 3050 3257 quaerit
3107 3201 3204 3240 vas
3243 3185 3611 3268 confractum.

314 3303 608 3359 nitentibus
621 3303 802 3358 attulit
825 3301 1179 3358 absolutionis
1191 3304 1502 3357 remedium.
1523 3302 1693 3367 Licet,
1709 3303 1900 3358 fratres

314 3398 643 3461 cltarissimi,
665 3399 804 3453 inme
831 3398 1252 3452 sacratissimum
1270 3399 1412 3453 diem
1433 3399 1482 3453 in
1499 3398 1705 3454 laudem
1723 3397 1902 3453 Domi-

251 3555 258 3560 _
316 3492 453 3547 uice
483 3492 782 3547 na‘ivitatis
809 3502 978 3545 totum
1011 3491 1301 3546 debeamus
1327 3492 1602 3547 celebrare
1626 3490 1898 3556 festivum,

314 3594 370 3636 et
399 3584 453 3638 in
475 3585 574 3639 bac
596 3593 703 3638 tam
726 3583 959 3653 jucunda
985 3583 1329 3639 solemnitate
1353 3584 1579 3638 triStitiav
1595 3583 1898 3654 temporali,

317 3689 411 3726 seu
453 3687 684 3728 maerore
736 3674 938 3727 carnali
996 3673 1134 3730 allici
1199 3689 1308 3728 non
1360 3682 1628 3743 oporteat,
1669 3688 1768 3743 pro
1791 3688 1900 3742 quo

320 3762 480 3816 hodie
518 3772 678 3817 natus
696 3773 781 3818 est
827 3763 1098 3827 Christus,
1145 3762 1556 3824 Christianum;
1613 3771 1792 3817 tamen

319 3854 511 3920 placet,
540 3854 684 3923 quod
733 3855 866 3910 satis
916 3855 1134 3924 placere
1165 3854 1570 3923 debet,aliquid
1596 3855 1677 3908 vel
1707 3871 1898 3922 partnn

322 3945 604 4013 loquamur
657 3947 723 4001 de
775 3947 1092 4015 paenitentia
1125 3988 1141 4013 ,
1182 3949 1298 4001 sine
1349 3962 1456 4015 qua
1522 3947 1902 4016 peccatoribus

322 4037 458 4090 nulla
487 4047 711 4106 prosunt
738 4049 1098 4102 sacramenta,
1153 4039 1295 4094 nul’a
1339 4037 1408 4092 ab
1451 4038 1532 4092 eis
1575 4038 1736 4110 digne
1765 4037 1907 4094 festa

320 4126 685 4181 celebrantur.
734 4127 984 4182 Dicamus
1041 4130 1191 4199 prius
1241 4129 1367 4198 quid
1421 4138 1504 4183 est
1557 4127 1896 4198 ptenitcntia.

323 4235 427 4284 quo
473 4219 682 4289 agenda
710 4219 780 4272 sit
813 4219 1006 4280 fructu,
1063 4236 1171 4289 quo
1203 4230 1464 4290 tempore,
1493 4229 1548 4274 et
1571 4237 1674 4290 qua
1704 4221 1899 4274 mentis

321 4310 640 4363 intentione.
677 4307 1000 4363 Pumiteutia
1030 4320 1113 4364 est
1140 4311 1535 4380 praeteritorum
1578 4308 1800 4364 humilis
1816 4323 1901 4361 sa-

321 4399 562 4455 tisfactio
606 4407 978 4467 peccatorum,
1004 4409 1057 4454 et
1087 4401 1450 4475 cavendorum
1483 4399 1702 4468 provida
1755 4396 1902 4450 solli-

323 4494 505 4545 citudo
543 4489 873 4556 futurorum,
901 4489 1027 4545 finis
1051 4501 1106 4546 et
1129 4492 1310 4545 odium
1337 4489 1482 4551 mali,
1507 4489 1774 4558 quoddam
1800 4487 1900 4540 ini-

327 4587 452 4638 tium
481 4591 539 4637 et
565 4595 722 4634 amor
743 4583 888 4637 boni.
930 4583 1158 4637 Fructus
1193 4580 1522 4652 paenitentire
1551 4587 1636 4633 est
1663 4591 1904 4648 magnus.

326 4682 470 4736 utilis
506 4682 714 4752 pariter
744 4689 799 4734 et
837 4676 1196 4732 necessarius.
1231 4671 1364 4726 Nam
1394 4669 1708 4740 pteniteutia
1735 4709 1747 4726 ,
1773 4684 1906 4737 prte-

327 4776 548 4828 cedente
578 4771 822 4826 bonitate
852 4769 1054 4830 divina,
1098 4775 1155 4818 ut
1179 4765 1358 4835 justus
1386 4761 1497 4826 fiat,
1531 4759 1692 4814 vertit
1719 4773 1908 4827 pecca~

330 4877 532 4934 turem;
587 4865 859 4920 hominem
911 4877 942 4914 a
986 4858 1200 4913 diabolo
1255 4856 1482 4916 victum,
1529 4851 1726 4906 diaboli
1783 4851 1912 4904 facit

329 4959 610 5013 victorem.
643 4955 848 5010 Delicta
892 4952 1110 5007 lasciva:
1149 4947 1443 5020 iuventutis
1498 4944 1662 4998 Deum
1719 4943 1911 4996 memi-

332 5051 474 5104 nisse
517 5064 626 5103 non
688 5045 841 5106 sinit,
893 5059 993 5098 nec
1039 5039 1372 5112 ignorautias
1423 5034 1698 5105 pueritim;
1751 5047 1910 5086 senes

330 5142 490 5194 etiam
518 5139 679 5203 longa
706 5134 962 5206 peccandi
985 5131 1370 5186 consuetudine
1395 5128 1646 5194 deceptos
1671 5131 1910 5190 reparat,

333 5235 423 5285 sed
448 5230 872 5299 virtutepotius
927 5225 1139 5288 mentis,
1177 5237 1336 5292 quam
1367 5219 1608 5288 corporis
1653 5214 1909 5268 novitate.

333 5324 488 5394 332
553 5321 883 5376 Ptenitentia
935 5317 1199 5386 siquidem
1255 5328 1400 5366 more
1451 5309 1624 5365 lidclis
1681 5305 1916 5362 ostiariae

335 5434 524 5485 gerens
551 5417 812 5475 oﬂicimn,
849 5413 1049 5467 ostium
1106 5406 1338 5479 paradisi
1393 5399 1740 5472 peccantibus
1769 5396 1920 5454 claua

336 5524 476 5570 sum,
497 5509 714 5578 quando
752 5505 887 5567 vult,
918 5501 1122 5574 aperit;
1148 5509 1203 5553 et
1227 5511 1362 5566 quos
1407 5492 1728 5563 pmnitentes
1753 5502 1915 5557 agno-

337 5601 457 5662 scit,
507 5598 700 5668 recipit
748 5597 931 5657 intra;
981 5593 1380 5661 iiupmnitenles
1413 5599 1541 5639 vero
1591 5598 1690 5637 nec
1735 5597 1912 5652 prece,

339 5706 437 5746 nec
464 5692 635 5762 pretio
662 5692 870 5744 intrare
893 5684 1154 5756 permittit
1182 5681 1305 5746 sed,
1343 5678 1469 5748 quia
1514 5683 1739 5730 mortem
1787 5672 1917 5727 dile-

343 5797 549 5851 xerunt,
579 5801 676 5841 eos
701 5782 920 5854 penitus
948 5777 1182 5834 excludit
1237 5791 1263 5829 a
1317 5775 1447 5828 vita.
1477 5772 1550 5826 Eo
1601 5769 1802 5841 agenda
1835 5773 1919 5820 est

343 5876 654 5942 paenitentia
687 5883 934 5941 tempore
957 5884 1063 5938 quo
1088 5867 1231 5942 salus
1262 5865 1504 5934 corporis
1561 5864 1766 5922 manet,
1814 5872 1918 5926 quo

2006 3279 2319 3352 reparandi,
2341 3297 2457 3334 non
2498 3279 2807 3335 conterendi
2847 3289 3158 3347 quassatum
3178 3318 3192 3339 .
3217 3287 3272 3333 et
3302 3286 3362 3331 ut
3381 3292 3593 3348 pecca-

2005 3385 2087 3426 tor
2116 3373 2181 3426 ad
2216 3371 2383 3426 Deum
2411 3382 2798 3438 convertatur,
2816 3371 3083 3440 patienter
3109 3379 3408 3440 exspectat,
3440 3380 3498 3424 ut
3519 3385 3578 3423 se

2003 3465 2142 3520 Deus
2196 3465 2262 3518 ad
2312 3474 2650 3534 peccatorem
2714 3473 3012 3519 convertat.
3064 3460 3286 3517 Nostros
3343 3461 3580 3532 gemitus

2001 3562 2172 3625 optat.
2211 3554 2302 3609 sed
2356 3553 2698 3625 temporales,
2743 3562 2801 3607 nt
2851 3553 3091 3606 remittat
3137 3559 3444 3621 perpetuos.
3496 3549 3590 3604 Ab.

2000 3647 2172 3702 oculis
2194 3647 2393 3703 nostris
2408 3646 2586 3702 brevis
2610 3644 2780 3714 hujus.
2799 3647 3059 3715 temporis
3096 3642 3361 3714 lacrymas
3383 3641 3576 3712 exigit.

2001 3749 2058 3794 ut
2111 3739 2282 3794 sancti
2335 3738 2574 3810 Spiritus
2622 3738 2931 3792 unctionem
2965 3749 3128 3806 super
3178 3750 3277 3788 nos
3303 3727 3575 3794 elfundat;

2001 3847 2120 3902 quae
2145 3840 2201 3886 et
2231 3846 2260 3885 a
2305 3831 2462 3885 nobis
2505 3829 2558 3884 in
2589 3828 2840 3900 praesenti
2888 3843 3101 3882 omnem
3125 3824 3407 3886 maculam.
3435 3825 3581 3878 etab

2000 3922 2172 3978 oculis
2219 3923 2419 3978 nostris
2460 3922 2511 3976 in
2562 3921 2742 3976 futuro
2789 3935 3003 3975 omnem
3057 3919 3350 3990 Iacrymam
3384 3927 3579 3986 tergat.

2001 4015 2116 4070 Non
2143 4025 2249 4078 est,
2277 4013 2493 4079 fratres,
2519 4013 2587 4068 de
2615 4012 2845 4067 Domino
2869 4021 3030 4064 tantze
3061 4009 3580 4078 pietatisdesperati—

2001 4107 2128 4162 dum
2156 4122 2256 4161 nec
2282 4107 2349 4161 ab
2373 4107 2486 4170 illo,
2518 4106 2612 4160 sed
2643 4104 2709 4157 ad
2735 4103 2884 4156 illum
2931 4085 3384 4168 fugiendunt,‘qui
3411 4100 3602 4168 magis.

2003 4197 2337 4253 voluntarius
2363 4197 2601 4251 creditur
2631 4196 2697 4248 ad
2726 4191 3110 4265 ignoscendum
3147 4206 3307 4259 quam
3334 4189 3604 4250 diabolus.

2003 4294 2071 4347 ad
2109 4291 2500 4363 suggerendnm
2553 4289 2736 4353 fuerit,
2780 4287 2863 4341 vel
2912 4287 3070 4340 homo
3118 4283 3183 4338 ad
3222 4283 3578 4353 peccandum.

2003 4383 2154 4452 Quod
2195 4384 2278 4435 hic
2305 4396 2338 4433 a
2357 4379 2510 4434 nobis
2535 4377 2735 4432 dictum
2762 4386 2847 4432 est
2866 4377 2930 4430 de
2959 4374 3297 4445 pteniteutia,
3325 4390 3427 4426 non
3449 4383 3572 4426 erat
3595 4451 3601 4456 Δ

2004 4468 2466 4542 prmtereuudum;
2495 4482 2616 4536 quae
2663 4466 2776 4521 sola
2826 4464 3091 4520 medicina
3121 4461 3325 4533 peccati
3352 4459 3582 4514 homini-

1943 4567 2112 4634 Dbus
2138 4563 2456 4634 relinquitur
2479 4570 2602 4632 post
2647 4559 3002 4630 baptismum.
3051 4556 3128 4611 De
3177 4554 3456 4610 nativitate
3489 4553 3602 4635 Dei;

2008 4667 2062 4711 et
2089 4653 2386 4711 Salvatoris
2419 4653 2590 4707 nostri
2614 4649 2738 4706 Iesu
2769 4649 2993 4714 Christi,
3032 4647 3175 4702 unde
3201 4655 3432 4701 tractare
3457 4659 3600 4728 prof

2008 4749 2307 4819 posuimus,
2364 4745 2613 4815 quamvis
2652 4743 2760 4796 vita
2818 4754 2999 4798 nostra
3045 4755 3149 4794 non
3210 4746 3504 4801 mereatur,
3527 4747 3584 4791 et

2011 4817 2255 4893 facundia
2285 4839 2350 4890 ad
2376 4834 2701 4903 loquendum
2751 4847 2853 4886 non
2904 4839 3152 4900 suppetat
3180 4838 3236 4884 et
3281 4844 3470 4899 parum
3500 4817 3597 4882 Vel

2009 4931 2222 5001 penitus
2264 4927 2392 4980 nihil
2424 4925 2652 4980 scicntia
2702 4933 2883 4979 nostra
2915 4921 3262 4991 suffragetur,
3300 4929 3477 4975 tamen
3517 4920 3584 4972 de

2012 5022 2318 5079 dulcissima
2349 5018 2560 5074 Domini
2606 5018 2894 5080 ebaritate,
2937 5025 2993 5070 et
3036 5016 3121 5084 pia
3165 5015 3282 5084 ejus
3328 5010 3583 5082 patientia

2013 5115 2244 5186 amplius
2279 5120 2686 5181 prtesumeutes,
2721 5124 2882 5178 quam
2932 5107 2998 5162 de
3040 5116 3218 5162 nostra
3246 5105 3588 5175 desperantes

2017 5205 2422 5276 itnperl‘ectione
2445 5210 2605 5273 prout
2630 5201 2744 5270 ipse
2767 5215 2873 5268 quo
2894 5198 3128 5268 indignis
3158 5194 3319 5268 334
3333 5208 3471 5264 saepe
3493 5192 3598 5270 ινξ-⁴

2015 5298 2147 5359 buit,
2180 5295 2336 5363 digna
2383 5293 2527 5363 loqui
2586 5289 2885 5352 donaverit,
2932 5303 3336 5359 prosequemur.
3381 5281 3596 5364 Solem-3

2019 5389 2159 5444 nitas
2188 5388 2300 5442 inec
2327 5399 2446 5455 quae
2497 5382 2654 5438 hodie
2681 5396 2710 5434 τι
2765 5379 3088 5456 Christiana
3129 5377 3381 5444 religione
3408 5387 3583 5425 annua

2017 5481 2342 5542 celebratur,
2367 5475 2755 5547 jucuuditatem
2783 5471 2976 5526 mentis
3002 5471 3173 5538 magis
3203 5482 3360 5536 quam
3405 5463 3588 5518 carnis

2019 5572 2357 5626 aﬂlictionem
2391 5566 2613 5636 requirit
2639 5564 2763 5634 quia
2807 5563 3061 5617 hodierna
3111 5559 3194 5614 die
3225 5557 3377 5610 valde
3400 5555 3594 5625 jucun-_

2019 5663 2131 5718 dari
2164 5669 2218 5716 et
2239 5657 2404 5714 laetari
2428 5663 2660 5726 oportet.
2704 5667 2808 5722 qua
2852 5652 3012 5704 homo
3054 5647 3292 5719 perditus
3340 5643 3588 5698 inventus

2019 5762 2120 5814 est,
2150 5761 2203 5806 et
2237 5749 2326 5820 qui
2350 5758 2592 5802 mortuus
2616 5743 2809 5806 fuerat,
2863 5740 3076 5796 revixit.
3121 5736 3290 5792 Natus
3314 5743 3398 5790 est
3427 5733 3586 5788 hodie

2027 5843 2165 5898 Deus
2193 5841 2366 5895 factus
2389 5838 2567 5902 homo,
2597 5850 2690 5904 pro
2714 5831 2866 5886 nobis
2895 5829 3103 5884 modico
3128 5837 3364 5897 tempore
3394 5823 3606 5879 multas.
