3986 6454
433 448 540 504 ἓιῖι

1460 429 1774 490 GOFFRIDI
1817 410 2107 482 ABBATIS
2145 416 2657 477 vmoocmsnsrs

3585 397 3684 452 2H

432 574 624 631 passus
662 557 900 626 injurias.
930 554 1030 623 Qui
1085 568 1204 609 cum
1237 551 1288 606 in
1318 562 1478 604 cruce
1523 547 1731 617 positus
1769 541 2004 598 essetab
2037 547 2080 603 Α
2110 550 2208 607 pro
2230 535 2413 590 mundi
2448 532 2620 587 Salute
2648 528 2796 584 nasci
2827 527 3076 597 dignatus
3118 531 3220 584 est.
3255 535 3351 576 sua
3383 516 3689 571 dulcissima

2151 630 2156 631 ,
2255 629 2262 631 _
2514 625 2524 631 .
2627 622 2637 631 .
2761 620 2791 631 ,ο
3007 616 3020 631 ι
3119 615 3211 631 ’ΔΑι
3234 629 3241 631 .
3297 610 3448 631 _,-I,!-
3502 609 3689 631 ,ΞΑ-.-.Α

433 652 540 706 illis
561 666 657 720 pro
686 651 880 719 quibus
902 653 1142 709 venerat,
1179 643 1246 697 de
1283 639 1650 694 sacratissimo
1675 637 1792 706 ejus
1837 633 2006 688 latere

433 743 622 798 lancea
647 741 944 804 vulnerato,
981 735 1120 788 unda
1165 731 1345 804 potius
1390 728 1606 800 pietatis
1657 725 1824 782 exivit
1845 739 2006 794 quam

432 830 730 901 sanguinis.
763 827 807 885 Ο
829 829 1060 882 humana
1093 825 1365 895 impietas,
1397 822 1498 876 nisi
1521 837 1549 875 a
1585 822 1692 876 Deo
1720 819 2005 891 permissa,

431 925 652 980 omnino
700 925 982 991 impotens,
1025 921 1146 976 audi
1177 926 1234 975 ct
1257 917 1489 988 intellige
1517 933 1635 986 quae
1672 930 1770 985 pro
1817 925 1869 968 te
1893 921 1947 968 et
1977 929 2008 966 a

431 1027 485 1071 te
508 1015 724 1086 pertulit
751 1015 890 1069 Deus
915 1013 1281 1082 omnipotens.
1321 1009 1452 1063 Tuis
1500 1005 1850 1063 exsecrandis
1895 1019 2010 1058 ma-

430 1109 606 1175 nibus,
631 1123 767 1178 quas
793 1107 997 1163 faciens
1023 1106 1110 1161 ille
1146 1111 1478 1165 sacraverat,
1511 1117 1616 1156 non
1652 1111 1736 1156 est
1759 1099 2012 1169 alligatus

429 1199 600 1265 cruci,
633 1201 725 1255 sed
748 1199 918 1267 clavis
939 1197 1150 1265 aﬂixus,
1182 1205 1239 1251 ut
1296 1194 1484 1265 majori
1517 1194 1698 1249 dolore
1719 1207 1842 1246 eum
1877 1204 2010 1246 con-

430 1291 752 1362 stringeres,
799 1291 888 1360 qui
943 1297 1163 1343 venerat
1191 1298 1248 1341 ut
1300 1296 1350 1341 te
1383 1288 1450 1340 ab
1496 1285 1715 1340 aeternis
1742 1282 2014 1338 doloribus

433 1384 712 1446 liberaret.
745 1395 796 1439 et
822 1377 1126 1455 graviorem
1155 1382 1205 1436 in
1237 1396 1359 1436 eum
1387 1393 1675 1433 exerceres
1698 1376 2012 1438 vindictam,

430 1477 525 1546 qui
555 1476 753 1530 nullam
779 1476 1130 1530 commiserat
1173 1473 1407 1542 culpant.
1463 1470 1542 1523 'l’u
1585 1470 1799 1539 quidem
1825 1475 2015 1522 contra

431 1583 557 1621 eum
591 1567 751 1635 impie
773 1566 1024 1631 saeviens,
1066 1565 1160 1620 sed
1219 1565 1272 1618 in
1315 1564 1417 1618 hoc
1457 1562 1618 1616 etiam
1660 1561 1772 1629 ipse
1801 1560 1892 1614 tibi
1931 1559 2016 1629 pie

434 1659 790 1728 compatiens,
828 1657 1029 1714 idcirco
1058 1657 1316 1712 sustinuit
1355 1655 1602 1727 graviora
1646 1665 1748 1707 tua:
1786 1652 2020 1708 crudeli-

434 1751 563 1804 tatis
586 1759 872 1813 tormenta,
899 1758 956 1802 ut
990 1749 1106 1817 tibi,
1150 1749 1241 1819 qui
1285 1763 1408 1801 eum
1469 1747 1662 1799 oderas
1689 1744 1804 1798 sine
1833 1758 2017 1806 causa,

433 1841 698 1910 majorem
729 1840 1071 1896 dilectionem
1109 1837 1421 1894 ostenderet
1472 1846 1531 1890 et
1562 1851 1658 1904 per
1704 1832 2017 1888 memoriam

2115 629 2402 690 charitate,
2456 620 2829 678 misericordia
2887 632 2950 672 ac
3005 615 3248 671 bonitate
3293 610 3451 665 nobis
3497 609 3690 662 donare

2111 723 2384 792 dignetur,
2413 717 2502 788 qui
2531 731 2652 770 cum
2705 712 2866 768 Patre
2910 718 2964 765 et
3017 706 3220 778 Spiritu
3273 712 3466 758 sancto
3483 698 3611 756 vivit
3640 707 3692 754 et

2111 821 2303 886 regnat
2330 826 2428 883 per
2448 809 2628 868 omnia
2650 805 2844 862 sarcula
2881 801 3221 858 saeculorum.
3250 798 3442 852 Amen.

2728 895 2960 954 SERMO
3011 894 3100 949 111.

2527 1012 2580 1052 IN
2611 1004 2938 1049 NATIVITATE
2978 1001 3161 1041 DOMINI
3197 1000 3278 1038 111.

2183 1093 2428 1149 Christus
2451 1089 2541 1144 Dei
2558 1086 2749 1148 Filius,
2774 1081 2969 1135 fratres
2991 1075 3315 1136 charissimi,
3337 1072 3428 1144 qui
3457 1073 3508 1126 in
3531 1072 3693 1127 Evan-

2114 1187 2276 1258 gelio,
2309 1196 2368 1240 ut
2412 1198 2533 1238 eum
2573 1178 2833 1235 hodierna
2871 1176 2955 1230 die
2977 1167 3330 1241 corporaliter
3373 1176 3554 1221 natum
3580 1180 3690 1221 cre-

2117 1280 2329 1341 damus,
2368 1276 2525 1329 docet
2545 1282 2599 1327 et
2629 1267 2895 1341 praecipit,
2923 1266 3036 1335 ipse
3087 1262 3248 1317 etiam
3316 1259 3459 1329 quod
3521 1259 3693 1314 conci-

2117 1369 2343 1439 piendus
2372 1374 2517 1422 esset
2543 1365 2596 1418 in
2623 1361 2851 1432 virgine,
2880 1368 2934 1414 et
2960 1355 3103 1428 quod
3131 1353 3196 1408 de
3220 1353 3424 1423 virgine
3455 1366 3694 1405 nascere-

2118 1469 2206 1514 tur
2257 1474 2353 1527 per
2400 1455 2718 1526 prepbctam
2759 1451 2966 1504 dixerat
3006 1455 3162 1508 ante,
3224 1442 3364 1512 quod
3410 1442 3491 1496 sic
3543 1441 3695 1494 fuisse

2118 1550 2435 1620 praedictum
2464 1543 2778 1615 agnoscitur
2808 1559 2820 1594 :
2857 1541 2992 1594 Ecce
3020 1537 3165 1603 virgo
3194 1535 3446 1602 concipiet
3473 1541 3520 1586 et
3545 1543 3694 1600 pariet

2119 1644 2290 1714 ﬁlium
2341 1639 2498 1710 (lani.
2529 1653 2627 1704 vn,
2670 1636 2778 1706 14).
2837 1631 2991 1700 Quod
3017 1629 3143 1683 olim
3174 1642 3200 1678 a
3237 1627 3498 1696 prepheta
3529 1625 3593 1677 de
3622 1625 3698 1677 in-

2123 1734 2440 1790 carnatione
2467 1739 2520 1784 ct
2569 1729 2849 1783 nativitate
2898 1724 2987 1778 Dei
3016 1729 3070 1774 et
3104 1717 3316 1773 Domini
3367 1717 3537 1772 nostri
3579 1714 3697 1771 Jesu

2123 1825 2322 1879 Christi
2351 1823 2591 1877 futurum
2647 1817 3061 1888 praedicabatur,
3091 1814 3204 1882 jam
3240 1813 3438 1866 factum
3483 1808 3700 1878 agnovi‘

438 1945 550 1987 tam
582 1933 855 2003 iujuriosac
903 1932 1188 2002 passionis,
1236 1929 1387 2000 quasi
1437 1925 1756 1998 quibusdam
1810 1925 2013 1978 miseri-
2051 1908 2096 1962 Β
2123 1933 2262 1971 mus.
2293 1914 2426 1969 Nam
2458 1912 2754 1969 secundum
2781 1908 3092 1963 vaticinium
3121 1903 3451 1961 sanctissimi
3477 1901 3701 1974 prophe-

435 2023 634 2078 cordia:
655 2022 822 2078 clavis
875 2025 1113 2080 animam
1161 2022 1502 2090 transtigeret
1550 2016 1931 2088 peccatricem,
1963 2025 2021 2070 ut

435 2113 518 2167 vel
554 2113 633 2168 sic
663 2121 945 2168 revocaret
975 2121 1266 2176 errantem,
1299 2124 1367 2165 ne
1419 2110 1640 2180 periret.
1667 2107 1796 2161 Pius
1827 2122 1891 2161 ac
1926 2108 2017 2162 be-

436 2204 630 2274 nignus
661 2204 824 2271 Deus,
850 2220 970 2260 cum
1009 2205 1061 2259 in
1081 2219 1244 2259 cruce
1275 2218 1334 2258 se
1383 2203 1536 2258 sitire
1580 2199 1916 2272 perhiberet.
1967 2206 2022 2254 et

436 2297 504 2350 ab
531 2296 845 2352 illoinlideli
878 2297 1071 2368 populo
1101 2297 1400 2366 accepisset
1452 2293 1872 2347 amaritudinem
1925 2288 2024 2344 fel-

439 2386 528 2450 lis,
550 2401 650 2456 pro
679 2385 785 2441 illis
827 2402 992 2442 orans
1039 2386 1378 2441 dulcedinem
1426 2382 1672 2438 exhibuit
1725 2379 2021 2435 charitatis.

439 2477 549 2532 Nec
577 2487 705 2533 tunc
731 2477 958 2532 multum
1006 2477 1222 2532 humilis
1253 2475 1413 2548 335
1438 2475 1780 2548 dispensator
1827 2480 2027 2526 nostrae

440 2568 656 2637 salutis,
688 2580 797 2623 tam
825 2569 950 2624 vitis
976 2569 1059 2624 vel
1093 2584 1245 2639 aquae
1288 2568 1535 2634 calicem,
1569 2582 1730 2637 quam
1757 2564 1935 2636 populi
1968 2578 2029 2619 se

441 2660 818 2716 interficientis
845 2662 1062 2717 sitiebat
1085 2660 1332 2716 salutem.
1363 2661 1407 2716 Ο
1439 2659 1831 2714 inaestimabilis
1860 2657 1952 2711 Dei
1975 2663 2029 2710 et

444 2747 654 2805 Domini
683 2750 856 2806 nostri
885 2749 1011 2804 Jesu
1033 2749 1232 2805 Christi
1264 2749 1409 2805 circa
1438 2759 1756 2819 peccatores
1785 2745 2032 2816 benigni-

442 2844 566 2896 tas!
608 2859 640 2896 ο
691 2840 976 2897 ineffabilia
1026 2842 1394 2897 misericordia
1422 2842 1435 2896 !
1462 2856 1495 2896 ο
1529 2839 1896 2896 misericordia
1946 2838 2030 2891 in-

444 2934 758 2990 enarrabilis
782 2935 798 2991 ἱ
821 2949 854 2989 o
873 2933 1204 2991 admirabilis
1225 2933 1511 3004 patientia!
1535 2933 1662 3001 Quae
1689 2931 1831 2987 enim
1859 2929 2036 3000 major

445 3024 772 3096 benignitas,
796 3026 911 3080 sive
940 3025 1334 3092 misericordia,
1359 3024 1637 3079 humilitas
1666 3023 1748 3078 vel
1774 3022 2031 3094 patientia

445 3112 817 3181 peccatoribus
843 3114 1089 3170 exhiberi
1119 3116 1295 3185 p0tuit
1347 3129 1509 3185 quam
1544 3123 1603 3169 ut
1650 3114 1763 3185 ipse
1795 3115 1935 3169 Deus
1973 3128 2036 3173 se

446 3207 843 3264 contemnentis
886 3206 1041 3262 fieret
1089 3207 1324 3278 pretium
1381 3206 1618 3262 heroinis
1650 3205 1723 3260 ita
1751 3214 2032 3263 utcontra

447 3296 614 3351 Deum
646 3308 896 3366 peccaret
923 3299 1106 3365 homo,
1135 3307 1189 3354 et
1225 3298 1365 3353 Deus
1394 3297 1770 3368 pomitentiam
1824 3296 2033 3354 faceret

447 3403 544 3457 pro
568 3398 812 3458 peccato,
849 3391 1012 3445 homo
1037 3391 1200 3447 etiam
1229 3400 1416 3446 contra
1473 3389 1639 3444 Deum
1672 3388 1908 3454 saeviret,
1941 3405 2036 3444 sae-

453 3475 619 3529 vienti
650 3478 816 3534 etiam
846 3478 990 3534 Deus
1028 3480 1371 3550 prepitiaret,
1399 3477 1628 3533 formam
1661 3480 1801 3533 servi
1831 3479 1952 3534 caeli
1981 3487 2037 3534 et

448 3575 610 3622 terrae
632 3567 891 3626 Dominus
913 3579 1254 3637 assumeret,
1298 3571 1350 3624 in
1382 3585 1488 3639 qua
1545 3571 1662 3642 ipse
1684 3571 1840 3640 panis
1875 3585 2037 3626 verus

448 3658 703 3721 esuriret,
745 3660 864 3714 fons
903 3660 1058 3714 vivus
1086 3661 1284 3726 sitiret,
1326 3660 1498 3714 virtus
1547 3661 1854 3716 firmissima
1884 3659 2036 3714 infir—

449 3758 712 3815 maretur,
735 3747 1056 3803 immortalis
1079 3749 1188 3803 vita
1220 3765 1318 3819 pro
1347 3765 1446 3804 suo
1478 3748 1826 3804 interfectore
1857 3765 2032 3804 more-

449 3840 642 3894 retur?
679 3839 947 3911 Quidquid
993 3840 1119 3895 boni
1154 3841 1207 3894 in
1264 3850 1406 3895 terra
1454 3841 1706 3896 exhibuit
1731 3842 1902 3904 Deus,
1937 3856 2039 3909 pro

451 3930 669 3986 homine
690 3931 816 3986 fecit
839 3949 856 3996 ς
883 3943 936 3986 et
962 3931 1223 4002 quidquid
1256 3931 1383 3986 mali
1414 3931 1693 3998 sustinuit,
1717 3932 1786 3987 ab
1818 3932 2038 3986 homine

451 4029 509 4076 et
531 4036 628 4092 pro
679 4021 896 4076 homine
918 4020 1038 4077 fuit.
1085 4021 1225 4089 Quid
1256 4022 1324 4076 ad
1357 4021 1493 4084 haec,
1530 4020 1751 4089 fratres,
1773 4021 2034 4092 cogitabi-

453 4112 610 4167 mus?
636 4111 764 4182 quid
801 4111 1084 4168 dicemus?
1111 4113 1240 4183 quid
1264 4111 1544 4178 faciemus,
1580 4127 1703 4166 cum
1743 4111 1883 4166 Deus
1915 4110 2038 4168 talis

452 4203 684 4259 sitcirca
718 4219 838 4271 nos,
860 4204 1004 4273 quod
1063 4205 1257 4259 melior
1305 4218 1429 4258 esse
1460 4220 1564 4258 non
1612 4202 1820 4272 possit;
1856 4188 1910 4255 εἷ
1938 4216 2038 4256 nos

456 4294 592 4350 tales
615 4307 804 4352 contra
843 4312 966 4351 eum
1005 4296 1194 4360 simus,
1221 4295 1362 4366 quod
1384 4310 1520 4365 pene
1547 4295 1758 4364 pejores
1778 4308 1899 4348 esse
1932 4308 2037 4345 non

455 4401 489 4456 p
523 4389 771 4442 Isuntus?
814 4403 921 4458 quo
964 4386 1194 4442 ibimus?
1251 4401 1357 4454 quo
1416 4384 1724 4455 fugiemus?
1753 4393 1846 4438 aut
1876 4398 2037 4453 quem

455 4479 858 4534 eonsiliatorem
889 4487 982 4532 aut
1013 4477 1388 4531 auxiliatorem
1442 4485 1631 4530 contra
1664 4474 1863 4543 justum
1891 4475 2038 4544 judi-

2124 2019 2189 2064 ιω
2229 2008 2390 2072 illius,
2416 2006 2567 2074 virgo
2595 2003 2840 2073 qumdam
2867 2009 2983 2054 erat
3005 2009 3356 2067 couceptura,
3389 2007 3444 2050 et
3464 1995 3700 2064 paritura

2123 2105 2326 2168 tilium;
2357 2110 2412 2156 et
2434 2101 2548 2155 haec
2572 2099 2722 2169 virgo
2773 2094 2876 2149 fuit
2921 2093 3082 2165 337
3139 2092 3279 2146 bona
3335 2089 3521 2144 Maria.
3588 2087 3705 2143 "ac

2124 2199 2266 2252 enim
2322 2193 2570 2263 concepit
2599 2201 2654 2246 et
2695 2188 2930 2258 peperit,
2991 2201 3094 2240 non
3141 2183 3458 2254 quemlibet,
3510 2180 3705 2235 velcu-

2121 2286 2340 2356 juslibet
2368 2284 2538 2338 tilium
2568 2322 2584 2345 ,
2625 2280 2716 2333 sed
2758 2279 2925 2332 Deum
2954 2287 3007 2332 et
3042 2275 3236 2330 Filium
3266 2274 3379 2328 Dei.
3419 2272 3562 2326 Deus
3585 2285 3704 2326 cum

2126 2378 2308 2445 Patre,
2339 2376 2508 2431 Filius
2542 2373 2608 2429 de
2630 2371 2810 2435 Patre,
2863 2370 3002 2425 Deus
3038 2385 3175 2424 unus
3229 2382 3352 2424 cum
3406 2364 3566 2419 Patre
3587 2363 3705 2434 quia

2129 2473 2288 2525 unius
2318 2466 2655 2533 substantiae,
2695 2465 2852 2519 unius
2881 2463 3156 2528 essentne,
3195 2462 3355 2515 unius
3389 2458 3708 2525 divinitatis,

2130 2565 2288 2618 unius
2311 2561 2566 2631 potentiae
2595 2568 2652 2613 et
2681 2567 2909 2612 naturae.
2963 2557 3040 2610 De
3075 2554 3236 2609 Patre
3269 2552 3437 2608 Filius
3481 2551 3604 2622 quia
3659 2552 3710 2605 in

2128 2653 2311 2718 Patre,
2351 2661 2406 2706 et
2435 2652 2500 2706 de
2530 2649 2689 2704 Patre
2723 2658 2803 2704 est
2825 2646 3090 2717 sapientia
3113 2643 3249 2713 ejus.
3281 2641 3476 2698 Merito
3499 2642 3708 2711 sapien-

2133 2747 2261 2802 tiam
2292 2741 2468 2798 Patris
2497 2740 2611 2811 ejus
2642 2741 2835 2796 Filium
2861 2739 3091 2795 dicimus
3132 2738 3281 2807 quia,
3314 2735 3454 2790 sicut
3485 2750 3575 2788 rex
3601 2734 3712 2803 qui-

2133 2837 2261 2890 libet
2291 2833 2604 2904 temporalis
2637 2847 2732 2904 per
2780 2831 3079 2901 sapientem
3125 2828 3292 2882 lilium
3349 2842 3509 2882 suum
3552 2841 3709 2897 regna

2136 2937 2401 2980 terrarum
2435 2925 2568 2994 regit
2594 2932 2649 2979 et
2667 2923 2906 2988 ordinat,
2931 2922 3005 2974 ita
3045 2919 3204 2973 Pater
3239 2917 3480 2973 caelestis
3511 2930 3711 2986 persa-

2134 3017 2397 3089 pientiam
2426 3031 2578 3071 suam
2609 3015 2790 3071 omnia
2820 3013 3046 3079 creavit,
3085 3011 3320 3082 disponit
3343 3020 3399 3066 et
3429 3009 3713 3082 gubernat.

2137 3112 2291 3167 llunc
2320 3109 2703 3166 charissimum
2742 3106 2937 3162 Filium
2994 3120 3151 3161 suum
3206 3100 3716 3158 consubstantialem

2138 3203 2268 3271 sibi,
2323 3211 2489 3272 atque
2519 3209 2846 3256 coaeternum
2895 3198 3188 3261 iucarnari,
3213 3197 3264 3252 id
3296 3204 3380 3250 est
3402 3196 3470 3251 ab
3493 3194 3582 3250 illo
3627 3194 3721 3250 ho-

2135 3300 2338 3354 minem
2371 3295 2590 3360 assumi,
2650 3303 2705 3350 et
2754 3294 2927 3364 ipsum
2973 3292 3246 3349 hominem
3296 3287 3719 3345 misericorditer

2136 3391 2276 3448 mori
2300 3389 2584 3460 disposuit,
2626 3397 2683 3442 ut
2735 3386 2971 3441 hominis
3009 3394 3180 3439 morte
3210 3381 3452 3446 secundi,
3489 3379 3716 3451 primum

2136 3483 2422 3540 suscitaret
2475 3497 2503 3534 a
2559 3489 2732 3534 morte
2790 3479 3020 3549 peccati.
3070 3477 3162 3531 Sic
3205 3473 3442 3531 cwiestis
3469 3483 3524 3528 et
3557 3487 3722 3527 novus

2134 3576 2328 3638 Adam,
2355 3573 2525 3628 Adam
2557 3579 2867 3626 terrestrem
2897 3578 2952 3623 et
2990 3576 3248 3630 veterem,
3281 3565 3424 3618 unde
3481 3579 3720 3618 reccssc~

2139 3678 2245 3734 rat,
2271 3664 2543 3736 reparavit
2574 3664 2640 3716 ad
2701 3664 2887 3717 vitam.
2934 3659 3058 3715 llaec
3094 3668 3284 3714 sancta
3337 3657 3635 3715 miseratio.
3668 3653 3721 3708 id

2136 3767 2240 3823 est,
2273 3755 2668 3811 inenarrabilis
2711 3755 2908 3809 divinae
2951 3750 3171 3822 pietatis
3213 3751 3352 3804 circa
3417 3756 3727 3819 peccatores

2137 3848 2418 3915 exhibitio,
2451 3865 2482 3903 a
2512 3849 2618 3902 Deo
2647 3846 2810 3902 Patre
2833 3859 2924 3916 per
2946 3843 3142 3899 Filium
3165 3883 3180 3907 ,
3211 3849 3537 3912 cooperante
3596 3837 3722 3907 Spi-

2139 3944 2242 3998 ritu
2274 3951 2480 4006 sanclo,
2504 3944 2570 3996 de
2591 3941 2822 4011 virgine,
2851 3949 2906 3994 ct
2930 3939 2980 3992 in
3003 3937 3231 4008 virgine,
3265 3945 3318 3991 et
3341 3950 3435 4005 per
3459 3932 3725 4004 virginem

2138 4033 2281 4090 facta
2322 4043 2430 4100 est,
2455 4034 2740 4088 nuntiante
2773 4029 3123 4100 archangelo.
3177 4028 3339 4082 Pater
3388 4025 3608 4096 quidem
3668 4033 3728 4077 ut

2138 4127 2310 4181 Filius
2350 4127 2748 4190 incarnaretur,
2810 4123 3061 4195 pra‘ccpil
3109 4120 3406 4184 charitate;
3441 4117 3612 4172 Filius
3642 4130 3730 4170 voc.

2139 4219 2346 4274 luntale
2363 4232 2578 4273 carnem
2604 4217 2873 4286 suscepit;
2899 4229 3116 4268 carnem
3150 4213 3342 4283 ipsam,
3365 4225 3527 4281 quam
3547 4224 3728 4263 susce-

2139 4312 2219 4380 pit
2247 4310 2438 4375 Filius,
2469 4308 2829 4364 sanctificavit
2859 4308 2909 4360 iu
2937 4304 3102 4358 Maria
3136 4302 3372 4372 Spiritus
3393 4309 3633 4355 sanctus.
3665 4296 3729 4351 Et

2140 4402 2423 4456 sicutsunt
2461 4400 2571 4455 duo
2602 4409 2864 4470 praecepta
2902 4395 3203 4461 charitatis,
3229 4395 3302 4448 ita
3330 4393 3539 4447 duobus
3568 4393 3717 4462 prin-

2140 4493 2388 4562 cipaliter
2409 4493 2584 4548 modis
2605 4492 2843 4560 Spiritus
2867 4498 3089 4544 sanctus
3117 4495 3371 4557 operatus
3401 4494 3484 4538 est
3528 4483 3580 4536 in
3608 4498 3729 4536 sau-

455 4585 572 4625 ce'"
626 4569 794 4625 Deum
842 4584 940 4624 "05
968 4569 1149 4639 inium
1198 4568 1397 4661 habere
1442 4565 1780 4661 Ρυίθτίξξξυεῗ
1817 4563 2033 4661 Νυηυιξι
2063 4601 2112 4661 ι)
2139 4585 2461 4640 ctifieatione
2484 4580 2940 4654 Virginis.Prima
2969 4580 3019 4632 in
3055 4577 3273 4649 Virgine
3297 4575 3468 4630 sancti
3495 4573 3730 4644 Spiritus

455 4664 690 4734 penitus,
731 4662 833 4717 nisi
861 4662 1056 4730 ipsum.
1097 4661 1177 4714 Ab
1207 4660 1299 4714 illo
1329 4675 1457 4729 ergo
1487 4657 1773 4713 consilium
1805 4667 1859 4712 et
1883 4657 2035 4709 auxi-

458 4757 586 4808 lium
647 4755 960 4819 dilectione,
1019 4750 1345 4817 humilitatc,
1403 4750 1662 4820 patientia
1699 4759 1751 4804 et
1790 4749 2038 4804 castitate

459 4847 830 4915 ittlplOt‘eltlttS,
855 4845 1006 4912 cujus
1064 4843 1321 4897 bonitatis
1342 4851 1396 4896 et
1421 4841 1806 4897 misericordia:
1831 4851 2039 4897 nonest

459 4952 740 4992 numerus.
786 4936 1003 4991 Utinam
1057 4934 1201 4989 enim
1233 4942 1340 4987 taun
1395 4934 1505 4988 cito
1537 4933 1904 5005 unusquisque
1943 4949 2039 4988 nos

459 5040 637 5084 struut
667 5043 726 5082 se
754 5027 1064 5096 paenitendo
1113 5036 1431 5096 agnosceret
1484 5041 1667 5090 reum,
1715 5041 1878 5096 quam
1932 5027 2039 5081 cito

459 5121 628 5193 336
654 5121 793 5175 Deus
853 5119 1158 5188 ignosceret
1212 5126 1441 5172 reatum.
1497 5116 1712 5173 Utinam
1777 5126 1884 5172 tam
1933 5118 2040 5172 cito

462 5223 905 5266 converteremur
964 5211 1029 5263 ad
1091 5211 1464 5279 pceuiteutiam
1517 5223 1678 5280 quam
1742 5208 1848 5264 cito
1922 5209 2040 5278 pius

463 5303 724 5360 Cunditor
749 5310 931 5356 noster
957 5302 1117 5355 etiam
1166 5301 1486 5372 pr.etiuitam
1532 5301 1599 5354 de
1647 5301 1801 5355 nobis
1848 5311 2043 5370 praesto

463 5406 608 5451 esset
638 5405 849 5449 mutare
873 5395 1218 5449 sententiam.
1275 5393 1513 5447 Mutatur
1549 5392 1811 5446 sententia
1839 5394 2044 5445 incom-

464 5487 739 5543 mutabilis
774 5485 1083 5543 Conditoris
1101 5503 1200 5558 pro
1225 5487 1597 5551 conversione,
1650 5493 1702 5539 et
1754 5484 1891 5538 bona
1915 5499 2045 5537 con-

464 5582 770 5637 versatione
823 5584 1123 5651 peccatoris
1157 5590 1212 5636 et
1234 5581 1316 5635 cui
1350 5579 1592 5648 peccanti
1631 5585 1758 5632 autc
1806 5593 1902 5646 pro
1949 5593 2043 5631 sua

468 5676 754 5745 iniquitate
787 5676 1134 5729 minabantur
1188 5683 1440 5736 mortem,
1471 5669 1646 5725 eidem
1677 5685 1938 5725 converso
1969 5670 2046 5722 vi-

470 5776 574 5819 tam
606 5768 872 5836 promittit
922 5776 977 5820 et
1027 5765 1216 5820 tr.buit
1268 5763 1694 5834 sempiternam,
1725 5778 1884 5832 quam
1936 5763 2048 5830 ipse

468 5855 610 5914 Deus
641 5869 694 5914 et
723 5859 983 5914 Dominus
1029 5866 1212 5912 nostrr
1249 5854 1406 5912 Jesus
1463 5855 1730 5920 Christus,
1758 5854 1845 5923 qui
1890 5854 2047 5908 hodie

2139 4675 2384 4746 operatio
2410 4675 2655 4739 exstitit;
2700 4672 2753 4726 in
2785 4686 2848 4726 ea
2879 4668 3122 4723 omnium
3154 4675 3503 4738 peccatorum
3544 4662 3729 4716 morti.

2142 4771 2345 4825 ficatio.
2379 4767 2545 4839 338
2576 4765 2848 4829 Secunda,
2873 4763 3042 4817 beata:
3072 4759 3189 4828 ejus
3219 4755 3549 4828 virginitatis
3603 4769 3729 4808 san-

2140 4873 2228 4918 ela
2259 4862 2525 4918 custodia.
2555 4859 2617 4914 Ισὶῐ
2647 4858 2749 4913 hoc
2772 4867 2851 4910 est
2882 4857 3022 4925 quod
3057 4851 3238 4905 Mariae
3264 4851 3331 4902 ab
3375 4846 3568 4918 angelo
3597 4845 3729 4901 dici-

2141 4967 2246 5022 tur,
2275 4957 2588 5027 priusquam
2627 4953 2680 5007 in
2709 4967 2772 5005 ea
2809 4949 2906 5003 Dei
2952 4948 3120 5002 Filius
3159 4944 3541 5012 conciperetur
3570 4957 3583 4993 :
3613 4939 3728 5008 Spi-

2143 5050 2272 5104 ritus
2309 5057 2519 5103 sanctus
2573 5043 2891 5113 superveniet
2934 5043 2988 5094 in
3038 5050 3110 5104 te,
3158 5049 3206 5093 et
3257 5039 3420 5092 virtus
3473 5030 3731 5086 Attissimi

2143 5142 2465 5197 obumbrabit
2515 5139 2609 5192 tibi
2645 5136 2794 5208 (Luc.
2864 5150 2902 5199 ι,
2959 5133 3072 5201 53).
3145 5128 3471 5202 Supervenit
3505 5127 3560 5179 in
3611 5138 3732 5176 eam

2145 5236 2378 5305 Spiritus
2400 5241 2618 5288 sanctus
2644 5230 2772 5300 quia
2802 5244 3001 5298 corpus
3023 5223 3140 5294 ejus
3174 5234 3228 5278 et
3249 5223 3486 5276 animam
3520 5219 3589 5270 ab
3613 5231 3733 5270 om-

2144 5330 2197 5383 ni
2222 5334 2441 5401 peccato
2489 5319 2881 5377 mundilicavit.
2929 5315 3195 5371 Altissimi
3237 5313 3409 5366 virtus
3452 5309 3500 5362 ei
3539 5306 3734 5362 obum-

2145 5419 2324 5474 bravit
2350 5417 2474 5492 quia
2504 5415 2716 5468 beatam
2767 5410 2883 5478 ejus
2921 5408 3283 5480 virginitatem
3318 5403 3581 5458 illibatam
3619 5414 3736 5454 ser-

2147 5510 2312 5565 vavit.
2362 5509 2423 5561 Et
2453 5521 2571 5577 quae
2627 5511 2753 5557 ante
2807 5511 3019 5573 partum
3068 5510 3183 5554 erat
3232 5498 3386 5567 virgo
3435 5505 3647 5561 sancta,
3682 5493 3738 5547 in

2147 5608 2300 5671 partu
2326 5601 2466 5654 facta
2494 5605 2578 5650 cst
2607 5597 2760 5664 virgo
2798 5593 3057 5656 sanctior,
3111 5601 3165 5644 et
3191 5598 3310 5659 post
3337 5596 3554 5656 partum
3584 5586 3737 5653 virgo

2150 5691 2518 5754 sanctissima;
2549 5687 2784 5756 Spiritus
2810 5694 3033 5739 sanctus
3062 5692 3115 5737 et
3139 5679 3399 5734 Altissimi
3433 5679 3611 5732 virtus
3630 5692 3736 5730 non

2150 5792 2277 5838 sunt
2311 5783 2436 5849 duo,
2473 5780 2566 5836 sed
2599 5795 2788 5845 unum,
2840 5777 2980 5832 sicut
3027 5776 3080 5830 in
3136 5771 3424 5843 Evangelio
3455 5769 3738 5840 discipulis

2152 5875 2263 5930 suis
2302 5873 2549 5928 Christus
2604 5870 2773 5927 dicit:
2811 5867 2920 5938 Ego
2972 5867 3170 5921 mittam
3210 5862 3520 5934 premissr-m
3562 5859 3738 5914 Patris
