  <div class='ocr_page' id='page_1' title='image "/cluster/home/n/w/nwhite01/storage/ocr_20150623/157/hvd.32044010248185/128.png"; bbox 0 0 4034 6364; ppageno 0'>
   <div class='ocr_carea' id='block_1_1' title="bbox 296 357 407 412">
    <p class='ocr_par' dir='ltr' id='par_1_1' title="bbox 296 357 407 412">
     <span class='ocr_line' id='line_1_1' title="bbox 296 357 407 412; baseline -0.027 0"><span class='ocrx_word' id='word_1_1' title='bbox 296 357 407 412; x_wconf 68' lang='grc'><strong>243</strong></span> 
     </span>
    </p>
   </div>
   <div class='ocr_carea' id='block_1_2' title="bbox 1713 362 2101 421">
    <p class='ocr_par' dir='ltr' id='par_1_2' title="bbox 1713 362 2101 421">
     <span class='ocr_line' id='line_1_2' title="bbox 1713 362 2101 421; baseline 0.005 -4"><span class='ocrx_word' id='word_1_2' title='bbox 1713 362 2101 421; x_wconf 69' lang='lat' dir='ltr'><strong>SERMONES.</strong></span> 
     </span>
    </p>
   </div>
   <div class='ocr_carea' id='block_1_3' title="bbox 3443 362 3565 425">
    <p class='ocr_par' dir='ltr' id='par_1_3' title="bbox 3443 362 3565 425">
     <span class='ocr_line' id='line_1_3' title="bbox 3443 362 3565 425; baseline 0 -1"><span class='ocrx_word' id='word_1_3' title='bbox 3443 367 3511 425; x_wconf 64' lang='grc' dir='ltr'>τι</span> <span class='ocrx_word' id='word_1_4' title='bbox 3519 362 3565 425; x_wconf 66' lang='grc' dir='ltr'><strong>ϐ²</strong></span> 
     </span>
    </p>
   </div>
   <div class='ocr_carea' id='block_1_4' title="bbox 296 468 3553 548">
    <p class='ocr_par' dir='ltr' id='par_1_4' title="bbox 296 468 3553 548">
     <span class='ocr_line' id='line_1_4' title="bbox 296 468 3553 548; baseline 0 -18"><span class='ocrx_word' id='word_1_5' title='bbox 296 478 355 530; x_wconf 83' lang='lat' dir='ltr'><strong>in</strong></span> <span class='ocrx_word' id='word_1_6' title='bbox 387 493 486 531; x_wconf 72' lang='lat' dir='ltr'><strong>vos.</strong></span> <span class='ocrx_word' id='word_1_7' title='bbox 525 472 784 543; x_wconf 83' lang='lat' dir='ltr'><strong>Spiritum</strong></span> <span class='ocrx_word' id='word_1_8' title='bbox 816 471 1065 527; x_wconf 83' lang='lat' dir='ltr'><strong>videlicet</strong></span> <span class='ocrx_word' id='word_1_9' title='bbox 1093 480 1372 526; x_wconf 86' lang='lat' dir='ltr'><strong>sanctum:</strong></span> <span class='ocrx_word' id='word_1_10' title='bbox 1413 468 1515 525; x_wconf 83' lang='lat' dir='ltr'><strong>Vas</strong></span> <span class='ocrx_word' id='word_1_11' title='bbox 1547 483 1723 526; x_wconf 86' lang='lat' dir='ltr'><strong>autem</strong></span> <span class='ocrx_word' id='word_1_12' title='bbox 1741 476 1879 528; x_wconf 87' lang='lat' dir='ltr'><strong>sede-</strong></span> <span class='ocrx_word' id='word_1_13' title='bbox 1911 479 1957 534; x_wconf 78' lang='grc' dir='ltr'><strong>Α</strong></span> <span class='ocrx_word' id='word_1_14' title='bbox 1985 477 2260 548; x_wconf 85' lang='lat' dir='ltr'><strong>fragilitati</strong></span> <span class='ocrx_word' id='word_1_15' title='bbox 2288 477 2513 531; x_wconf 87' lang='lat' dir='ltr'><strong>multum</strong></span> <span class='ocrx_word' id='word_1_16' title='bbox 2544 474 2896 544; x_wconf 86' lang='lat' dir='ltr'><strong>compatiens.</strong></span> <span class='ocrx_word' id='word_1_17' title='bbox 2925 486 3119 542; x_wconf 88' lang='lat' dir='ltr'><strong>pueros</strong></span> <span class='ocrx_word' id='word_1_18' title='bbox 3147 478 3422 545; x_wconf 67' lang='lat' dir='ltr'><strong>quaerebat</strong></span> <span class='ocrx_word' id='word_1_19' title='bbox 3447 495 3553 537; x_wconf 82' lang='lat' dir='ltr'><strong>non</strong></span> 
     </span>
    </p>
   </div>
   <div class='ocr_carea' id='block_1_5' title="bbox 295 562 1878 635">
    <p class='ocr_par' dir='ltr' id='par_1_5' title="bbox 295 562 1878 635">
     <span class='ocr_line' id='line_1_5' title="bbox 295 562 1878 635; baseline -0.001 -14"><span class='ocrx_word' id='word_1_20' title='bbox 295 576 349 622; x_wconf 74' lang='lat' dir='ltr'><strong>te</strong></span> <span class='ocrx_word' id='word_1_21' title='bbox 375 567 431 621; x_wconf 81' lang='lat' dir='ltr'><strong>in</strong></span> <span class='ocrx_word' id='word_1_22' title='bbox 462 567 684 627; x_wconf 75' lang='lat' dir='ltr'><strong>civitate,</strong></span> <span class='ocrx_word' id='word_1_23' title='bbox 746 564 1083 635; x_wconf 78' lang='lat' dir='ltr'><strong>quoadusque</strong></span> <span class='ocrx_word' id='word_1_24' title='bbox 1112 562 1409 617; x_wconf 77' lang='lat' dir='ltr'><strong>induamini</strong></span> <span class='ocrx_word' id='word_1_25' title='bbox 1466 565 1661 618; x_wconf 74' lang='lat' dir='ltr'><strong>virtute</strong></span> <span class='ocrx_word' id='word_1_26' title='bbox 1680 582 1744 619; x_wconf 79' lang='lat' dir='ltr'><strong>ea:</strong></span> <span class='ocrx_word' id='word_1_27' title='bbox 1773 566 1878 619; x_wconf 79' lang='lat' dir='ltr'><strong>ulto</strong></span> 
     </span>
    </p>
   </div>
   <div class='ocr_carea' id='block_1_6' title="bbox 292 653 1877 727">
    <p class='ocr_par' dir='ltr' id='par_1_6' title="bbox 292 653 1877 727">
     <span class='ocr_line' id='line_1_6' title="bbox 292 653 1877 727; baseline -0.002 -13"><span class='ocrx_word' id='word_1_28' title='bbox 292 659 453 724; x_wconf 82' lang='lat' dir='ltr'><strong>(Luc.</strong></span> <span class='ocrx_word' id='word_1_29' title='bbox 485 674 631 721; x_wconf 80' lang='lat' dir='ltr'><strong>xxw,</strong></span> <span class='ocrx_word' id='word_1_30' title='bbox 655 656 769 725; x_wconf 68' lang='lat'><strong>49),</strong></span> <span class='ocrx_word' id='word_1_31' title='bbox 807 656 859 711; x_wconf 89' lang='lat' dir='ltr'><strong>id</strong></span> <span class='ocrx_word' id='word_1_32' title='bbox 899 664 1004 721; x_wconf 88' lang='lat' dir='ltr'><strong>est,</strong></span> <span class='ocrx_word' id='word_1_33' title='bbox 1054 654 1367 727; x_wconf 85' lang='lat' dir='ltr'><strong>repleamini</strong></span> <span class='ocrx_word' id='word_1_34' title='bbox 1423 653 1626 725; x_wconf 80' lang='lat' dir='ltr'><strong>Spiritu</strong></span> <span class='ocrx_word' id='word_1_35' title='bbox 1669 666 1877 712; x_wconf 88' lang='lat' dir='ltr'><strong>sancto.</strong></span> 
     </span>
    </p>
   </div>
   <div class='ocr_carea' id='block_1_7' title="bbox 294 746 1878 821">
    <p class='ocr_par' dir='ltr' id='par_1_7' title="bbox 294 746 1878 821">
     <span class='ocr_line' id='line_1_7' title="bbox 294 746 1878 821; baseline -0.006 -12"><span class='ocrx_word' id='word_1_36' title='bbox 294 748 674 821; x_wconf 75' lang='lat' dir='ltr'><strong>Archangelus</strong></span> <span class='ocrx_word' id='word_1_37' title='bbox 702 747 921 804; x_wconf 80' lang='lat' dir='ltr'><strong>Gabriel</strong></span> <span class='ocrx_word' id='word_1_38' title='bbox 968 747 1166 802; x_wconf 90' lang='lat' dir='ltr'><strong>missus</strong></span> <span class='ocrx_word' id='word_1_39' title='bbox 1190 764 1217 801; x_wconf 93' lang='lat' dir='ltr'><strong>a</strong></span> <span class='ocrx_word' id='word_1_40' title='bbox 1249 748 1359 801; x_wconf 92' lang='lat' dir='ltr'><strong>Deo</strong></span> <span class='ocrx_word' id='word_1_41' title='bbox 1390 747 1539 800; x_wconf 89' lang='lat' dir='ltr'><strong>venit</strong></span> <span class='ocrx_word' id='word_1_42' title='bbox 1567 748 1633 801; x_wconf 89' lang='lat' dir='ltr'><strong>ad</strong></span> <span class='ocrx_word' id='word_1_43' title='bbox 1658 746 1878 801; x_wconf 82' lang='lat' dir='ltr'><strong>Mariam</strong></span> 
     </span>
    </p>
   </div>
   <div class='ocr_carea' id='block_1_8' title="bbox 294 826 1925 914">
    <p class='ocr_par' dir='ltr' id='par_1_8' title="bbox 294 826 1925 914">
     <span class='ocr_line' id='line_1_8' title="bbox 294 826 1925 914; baseline -0.003 -16"><span class='ocrx_word' id='word_1_44' title='bbox 294 844 586 914; x_wconf 86' lang='lat' dir='ltr'><strong>virginem,</strong></span> <span class='ocrx_word' id='word_1_45' title='bbox 630 840 958 894; x_wconf 89' lang='lat' dir='ltr'><strong>annuntians</strong></span> <span class='ocrx_word' id='word_1_46' title='bbox 988 840 1034 895; x_wconf 91' lang='lat' dir='ltr'><strong>ei</strong></span> <span class='ocrx_word' id='word_1_47' title='bbox 1063 841 1299 894; x_wconf 77' lang='lat' dir='ltr'><strong>divinam</strong></span> <span class='ocrx_word' id='word_1_48' title='bbox 1330 838 1559 895; x_wconf 91' lang='lat' dir='ltr'><strong>simulet</strong></span> <span class='ocrx_word' id='word_1_49' title='bbox 1589 839 1877 895; x_wconf 81' lang='lat' dir='ltr'><strong>humanam</strong></span> <span class='ocrx_word' id='word_1_50' title='bbox 1906 826 1925 847; x_wconf 73' lang='grc'><em>’</em></span> 
     </span>
    </p>
   </div>
   <div class='ocr_carea' id='block_1_9' title="bbox 296 932 1881 1003">
    <p class='ocr_par' dir='ltr' id='par_1_9' title="bbox 296 932 1881 1003">
     <span class='ocr_line' id='line_1_9' title="bbox 296 932 1881 1003; baseline -0.003 -12"><span class='ocrx_word' id='word_1_51' title='bbox 296 951 363 991; x_wconf 73' lang='lat' dir='ltr'><strong>ex</strong></span> <span class='ocrx_word' id='word_1_52' title='bbox 384 951 444 989; x_wconf 90' lang='lat' dir='ltr'><strong>ea</strong></span> <span class='ocrx_word' id='word_1_53' title='bbox 475 933 709 988; x_wconf 81' lang='lat' dir='ltr'><strong>futuram</strong></span> <span class='ocrx_word' id='word_1_54' title='bbox 737 932 1096 987; x_wconf 77' lang='lat' dir='ltr'><strong>nativitatem.</strong></span> <span class='ocrx_word' id='word_1_55' title='bbox 1125 932 1375 989; x_wconf 90' lang='lat' dir='ltr'><strong>Christus</strong></span> <span class='ocrx_word' id='word_1_56' title='bbox 1418 935 1599 1003; x_wconf 84' lang='lat' dir='ltr'><strong>itaque</strong></span> <span class='ocrx_word' id='word_1_57' title='bbox 1637 933 1703 987; x_wconf 88' lang='lat' dir='ltr'><strong>de</strong></span> <span class='ocrx_word' id='word_1_58' title='bbox 1756 932 1881 987; x_wconf 88' lang='lat' dir='ltr'><strong>Vir-</strong></span> 
     </span>
    </p>
   </div>
   <div class='ocr_carea' id='block_1_10' title="bbox 294 1021 1880 1098">
    <p class='ocr_par' dir='ltr' id='par_1_10' title="bbox 294 1021 1880 1098">
     <span class='ocr_line' id='line_1_10' title="bbox 294 1021 1880 1098; baseline -0.003 -17"><span class='ocrx_word' id='word_1_59' title='bbox 294 1028 422 1098; x_wconf 89' lang='lat' dir='ltr'><strong>gine</strong></span> <span class='ocrx_word' id='word_1_60' title='bbox 468 1039 686 1080; x_wconf 90' lang='lat' dir='ltr'><strong>carnem</strong></span> <span class='ocrx_word' id='word_1_61' title='bbox 749 1023 804 1079; x_wconf 92' lang='lat' dir='ltr'><strong>in</strong></span> <span class='ocrx_word' id='word_1_62' title='bbox 865 1021 1111 1095; x_wconf 84' lang='lat' dir='ltr'><strong>Virgine,</strong></span> <span class='ocrx_word' id='word_1_63' title='bbox 1160 1040 1267 1079; x_wconf 91' lang='lat' dir='ltr'><strong>non</strong></span> <span class='ocrx_word' id='word_1_64' title='bbox 1315 1026 1529 1095; x_wconf 85' lang='lat' dir='ltr'><strong>quidem</strong></span> <span class='ocrx_word' id='word_1_65' title='bbox 1587 1024 1654 1079; x_wconf 92' lang='lat' dir='ltr'><strong>de</strong></span> <span class='ocrx_word' id='word_1_66' title='bbox 1708 1022 1880 1078; x_wconf 84' lang='lat' dir='ltr'><strong>Adam</strong></span> 
     </span>
    </p>
   </div>
   <div class='ocr_carea' id='block_1_11' title="bbox 292 1112 1883 1185">
    <p class='ocr_par' dir='ltr' id='par_1_11' title="bbox 292 1112 1883 1185">
     <span class='ocr_line' id='line_1_11' title="bbox 292 1112 1883 1185; baseline -0.003 -14"><span class='ocrx_word' id='word_1_67' title='bbox 292 1124 597 1185; x_wconf 78' lang='lat' dir='ltr'><strong>peccatore,</strong></span> <span class='ocrx_word' id='word_1_68' title='bbox 664 1112 757 1170; x_wconf 88' lang='lat' dir='ltr'><strong>sed</strong></span> <span class='ocrx_word' id='word_1_69' title='bbox 824 1116 963 1169; x_wconf 91' lang='lat' dir='ltr'><strong>unde</strong></span> <span class='ocrx_word' id='word_1_70' title='bbox 1026 1114 1199 1170; x_wconf 85' lang='lat' dir='ltr'><strong>Adam</strong></span> <span class='ocrx_word' id='word_1_71' title='bbox 1258 1113 1439 1183; x_wconf 85' lang='lat' dir='ltr'><strong>justus</strong></span> <span class='ocrx_word' id='word_1_72' title='bbox 1493 1114 1728 1168; x_wconf 88' lang='lat' dir='ltr'><strong>animam</strong></span> <span class='ocrx_word' id='word_1_73' title='bbox 1790 1128 1883 1168; x_wconf 90' lang='lat' dir='ltr'><strong>su-</strong></span> 
     </span>
    </p>
   </div>
   <div class='ocr_carea' id='block_1_12' title="bbox 294 1207 1883 1280">
    <p class='ocr_par' dir='ltr' id='par_1_12' title="bbox 294 1207 1883 1280">
     <span class='ocr_line' id='line_1_12' title="bbox 294 1207 1883 1280; baseline -0.001 -17"><span class='ocrx_word' id='word_1_74' title='bbox 294 1210 489 1275; x_wconf 82' lang='lat' dir='ltr'><strong>scepit,</strong></span> <span class='ocrx_word' id='word_1_75' title='bbox 524 1218 577 1263; x_wconf 92' lang='lat' dir='ltr'><strong>et</strong></span> <span class='ocrx_word' id='word_1_76' title='bbox 601 1223 697 1280; x_wconf 90' lang='lat' dir='ltr'><strong>per</strong></span> <span class='ocrx_word' id='word_1_77' title='bbox 722 1209 982 1280; x_wconf 79' lang='lat' dir='ltr'><strong>virginem</strong></span> <span class='ocrx_word' id='word_1_78' title='bbox 1008 1224 1224 1265; x_wconf 87' lang='lat' dir='ltr'><strong>carnem</strong></span> <span class='ocrx_word' id='word_1_79' title='bbox 1248 1209 1528 1279; x_wconf 87' lang='lat' dir='ltr'><strong>egrediens</strong></span> <span class='ocrx_word' id='word_1_80' title='bbox 1558 1208 1611 1261; x_wconf 80' lang='grc' dir='ltr'><strong>Ι).</strong></span> <span class='ocrx_word' id='word_1_81' title='bbox 1634 1223 1695 1263; x_wconf 91' lang='lat' dir='ltr'><strong>us</strong></span> <span class='ocrx_word' id='word_1_82' title='bbox 1722 1207 1883 1262; x_wconf 91' lang='lat' dir='ltr'><strong>homo</strong></span> 
     </span>
    </p>
   </div>
   <div class='ocr_carea' id='block_1_13' title="bbox 294 1298 1880 1369">
    <p class='ocr_par' dir='ltr' id='par_1_13' title="bbox 294 1298 1880 1369">
     <span class='ocr_line' id='line_1_13' title="bbox 294 1298 1880 1369; baseline 0 -16"><span class='ocrx_word' id='word_1_83' title='bbox 294 1300 499 1355; x_wconf 79' lang='lat' dir='ltr'><strong>tnuudo</strong></span> <span class='ocrx_word' id='word_1_84' title='bbox 529 1300 856 1369; x_wconf 80' lang='lat' dir='ltr'><strong>apparuit.A</strong></span> <span class='ocrx_word' id='word_1_85' title='bbox 888 1300 997 1354; x_wconf 92' lang='lat' dir='ltr'><strong>Deo</strong></span> <span class='ocrx_word' id='word_1_86' title='bbox 1021 1300 1144 1354; x_wconf 85' lang='lat' dir='ltr'><strong>data</strong></span> <span class='ocrx_word' id='word_1_87' title='bbox 1172 1308 1254 1355; x_wconf 90' lang='lat' dir='ltr'><strong>est</strong></span> <span class='ocrx_word' id='word_1_88' title='bbox 1282 1300 1408 1354; x_wconf 79' lang='lat' dir='ltr'><strong>Adae</strong></span> <span class='ocrx_word' id='word_1_89' title='bbox 1429 1301 1630 1362; x_wconf 86' lang='lat' dir='ltr'><strong>anima,</strong></span> <span class='ocrx_word' id='word_1_90' title='bbox 1656 1299 1795 1353; x_wconf 88' lang='lat' dir='ltr'><strong>sicut</strong></span> <span class='ocrx_word' id='word_1_91' title='bbox 1826 1298 1880 1353; x_wconf 92' lang='lat' dir='ltr'><strong>in</strong></span> 
     </span>
    </p>
   </div>
   <div class='ocr_carea' id='block_1_14' title="bbox 295 1389 1885 1463">
    <p class='ocr_par' dir='ltr' id='par_1_14' title="bbox 295 1389 1885 1463">
     <span class='ocr_line' id='line_1_14' title="bbox 295 1389 1885 1463; baseline -0.003 -17"><span class='ocrx_word' id='word_1_92' title='bbox 295 1390 495 1447; x_wconf 83' lang='lat' dir='ltr'><strong>Genesi</strong></span> <span class='ocrx_word' id='word_1_93' title='bbox 536 1391 728 1463; x_wconf 76' lang='lat' dir='ltr'><strong>legitur</strong></span> <span class='ocrx_word' id='word_1_94' title='bbox 788 1410 803 1448; x_wconf 89' lang='lat'><strong>:</strong></span> <span class='ocrx_word' id='word_1_95' title='bbox 862 1391 1143 1462; x_wconf 73' lang='lat' dir='ltr'><strong>[aspiravit</strong></span> <span class='ocrx_word' id='word_1_96' title='bbox 1196 1392 1252 1445; x_wconf 88' lang='lat' dir='ltr'><strong>in</strong></span> <span class='ocrx_word' id='word_1_97' title='bbox 1300 1390 1487 1459; x_wconf 80' lang='lat' dir='ltr'><strong>faciem</strong></span> <span class='ocrx_word' id='word_1_98' title='bbox 1537 1389 1649 1460; x_wconf 83' lang='lat' dir='ltr'><strong>ejus</strong></span> <span class='ocrx_word' id='word_1_99' title='bbox 1710 1390 1885 1459; x_wconf 79' lang='lat' dir='ltr'><strong>spira-</strong></span> 
     </span>
    </p>
   </div>
   <div class='ocr_carea' id='block_1_15' title="bbox 296 1469 1883 1555">
    <p class='ocr_par' dir='ltr' id='par_1_15' title="bbox 296 1469 1883 1555">
     <span class='ocr_line' id='line_1_15' title="bbox 296 1469 1883 1555; baseline -0.003 -16"><span class='ocrx_word' id='word_1_100' title='bbox 296 1483 478 1539; x_wconf 79' lang='lat' dir='ltr'><strong>culum</strong></span> <span class='ocrx_word' id='word_1_101' title='bbox 541 1485 657 1539; x_wconf 66' lang='lat' dir='ltr'><strong>rita:</strong></span> <span class='ocrx_word' id='word_1_102' title='bbox 716 1480 868 1553; x_wconf 82' lang='lat' dir='ltr'><strong>(Cen.</strong></span> <span class='ocrx_word' id='word_1_103' title='bbox 932 1500 1011 1544; x_wconf 86' lang='grc' dir='ltr'>ιι.</span> <span class='ocrx_word' id='word_1_104' title='bbox 1078 1469 1155 1555; x_wconf 72' lang='lat'><strong>&#39;7).</strong></span> <span class='ocrx_word' id='word_1_105' title='bbox 1196 1483 1265 1538; x_wconf 90' lang='lat' dir='ltr'><strong>Et</strong></span> <span class='ocrx_word' id='word_1_106' title='bbox 1329 1482 1421 1553; x_wconf 89' lang='lat' dir='ltr'><strong>qui</strong></span> <span class='ocrx_word' id='word_1_107' title='bbox 1481 1496 1703 1538; x_wconf 90' lang='lat' dir='ltr'><strong>carnem</strong></span> <span class='ocrx_word' id='word_1_108' title='bbox 1753 1480 1883 1535; x_wconf 63' lang='lat' dir='ltr'><strong>Adae</strong></span> 
     </span>
    </p>
   </div>
   <div class='ocr_carea' id='block_1_16' title="bbox 300 1572 1882 1638">
    <p class='ocr_par' dir='ltr' id='par_1_16' title="bbox 300 1572 1882 1638">
     <span class='ocr_line' id='line_1_16' title="bbox 300 1572 1882 1638; baseline 0 -12"><span class='ocrx_word' id='word_1_109' title='bbox 300 1574 564 1628; x_wconf 77' lang='lat' dir='ltr'><strong>animavit</strong></span> <span class='ocrx_word' id='word_1_110' title='bbox 614 1572 809 1629; x_wconf 89' lang='lat' dir='ltr'><strong>factam</strong></span> <span class='ocrx_word' id='word_1_111' title='bbox 857 1578 921 1630; x_wconf 91' lang='lat' dir='ltr'><strong>de</strong></span> <span class='ocrx_word' id='word_1_112' title='bbox 960 1574 1111 1638; x_wconf 90' lang='lat' dir='ltr'><strong>limo,</strong></span> <span class='ocrx_word' id='word_1_113' title='bbox 1155 1574 1418 1629; x_wconf 91' lang='lat' dir='ltr'><strong>animavit</strong></span> <span class='ocrx_word' id='word_1_114' title='bbox 1447 1581 1501 1628; x_wconf 90' lang='lat' dir='ltr'><strong>et</strong></span> <span class='ocrx_word' id='word_1_115' title='bbox 1530 1572 1729 1628; x_wconf 88' lang='lat' dir='ltr'><strong>Christi</strong></span> <span class='ocrx_word' id='word_1_116' title='bbox 1764 1587 1882 1626; x_wconf 85' lang='lat' dir='ltr'><strong>car-</strong></span> 
     </span>
    </p>
   </div>
   <div class='ocr_carea' id='block_1_17' title="bbox 311 1665 1883 1737">
    <p class='ocr_par' dir='ltr' id='par_1_17' title="bbox 311 1665 1883 1737">
     <span class='ocr_line' id='line_1_17' title="bbox 311 1665 1883 1737; baseline 0 -18"><span class='ocrx_word' id='word_1_117' title='bbox 311 1680 436 1720; x_wconf 89' lang='lat' dir='ltr'><strong>nem</strong></span> <span class='ocrx_word' id='word_1_118' title='bbox 502 1666 553 1719; x_wconf 93' lang='lat' dir='ltr'><strong>iu</strong></span> <span class='ocrx_word' id='word_1_119' title='bbox 614 1666 804 1722; x_wconf 83' lang='lat' dir='ltr'><strong>matris</strong></span> <span class='ocrx_word' id='word_1_120' title='bbox 874 1675 1028 1722; x_wconf 87' lang='lat' dir='ltr'><strong>utero</strong></span> <span class='ocrx_word' id='word_1_121' title='bbox 1106 1667 1341 1737; x_wconf 89' lang='lat' dir='ltr'><strong>Spiritus</strong></span> <span class='ocrx_word' id='word_1_122' title='bbox 1415 1676 1653 1721; x_wconf 89' lang='lat' dir='ltr'><strong>sanctus.</strong></span> <span class='ocrx_word' id='word_1_123' title='bbox 1718 1665 1883 1735; x_wconf 90' lang='lat' dir='ltr'><strong>Igitur</strong></span> 
     </span>
    </p>
   </div>
   <div class='ocr_carea' id='block_1_18' title="bbox 298 1760 1883 1832">
    <p class='ocr_par' dir='ltr' id='par_1_18' title="bbox 298 1760 1883 1832">
     <span class='ocr_line' id='line_1_18' title="bbox 298 1760 1883 1832; baseline -0.001 -19"><span class='ocrx_word' id='word_1_124' title='bbox 298 1760 447 1813; x_wconf 84' lang='lat' dir='ltr'><strong>unde</strong></span> <span class='ocrx_word' id='word_1_125' title='bbox 500 1760 669 1815; x_wconf 79' lang='lat' dir='ltr'><strong>Adam</strong></span> <span class='ocrx_word' id='word_1_126' title='bbox 724 1760 880 1832; x_wconf 91' lang='lat' dir='ltr'><strong>longe</strong></span> <span class='ocrx_word' id='word_1_127' title='bbox 945 1770 1071 1816; x_wconf 84' lang='lat' dir='ltr'><strong>ante</strong></span> <span class='ocrx_word' id='word_1_128' title='bbox 1117 1769 1432 1830; x_wconf 87' lang='lat' dir='ltr'><strong>susceperat</strong></span> <span class='ocrx_word' id='word_1_129' title='bbox 1486 1760 1763 1825; x_wconf 90' lang='lat' dir='ltr'><strong>animam,</strong></span> <span class='ocrx_word' id='word_1_130' title='bbox 1828 1767 1883 1813; x_wconf 89' lang='lat' dir='ltr'><strong>et</strong></span> 
     </span>
    </p>
   </div>
   <div class='ocr_carea' id='block_1_19' title="bbox 1980 566 3556 641">
    <p class='ocr_par' dir='ltr' id='par_1_19' title="bbox 1980 566 3556 641">
     <span class='ocr_line' id='line_1_19' title="bbox 1980 566 3556 641; baseline 0.003 -19"><span class='ocrx_word' id='word_1_131' title='bbox 1980 576 2157 630; x_wconf 75' lang='lat' dir='ltr'><strong>tetate,</strong></span> <span class='ocrx_word' id='word_1_132' title='bbox 2183 566 2275 623; x_wconf 90' lang='lat' dir='ltr'><strong>sed</strong></span> <span class='ocrx_word' id='word_1_133' title='bbox 2312 568 2644 639; x_wconf 80' lang='lat' dir='ltr'><strong>malignitate</strong></span> <span class='ocrx_word' id='word_1_134' title='bbox 2674 583 2887 638; x_wconf 88' lang='lat' dir='ltr'><strong>parvos,</strong></span> <span class='ocrx_word' id='word_1_135' title='bbox 2946 584 3053 624; x_wconf 83' lang='lat' dir='ltr'><strong>nec</strong></span> <span class='ocrx_word' id='word_1_136' title='bbox 3096 577 3273 623; x_wconf 89' lang='lat' dir='ltr'><strong>tamen</strong></span> <span class='ocrx_word' id='word_1_137' title='bbox 3321 571 3556 641; x_wconf 61' lang='lat' dir='ltr'><strong>mquales</strong></span> 
     </span>
    </p>
   </div>
   <div class='ocr_carea' id='block_1_20' title="bbox 1982 660 3558 733">
    <p class='ocr_par' dir='ltr' id='par_1_20' title="bbox 1982 660 3558 733">
     <span class='ocr_line' id='line_1_20' title="bbox 1982 660 3558 733; baseline 0.002 -18"><span class='ocrx_word' id='word_1_138' title='bbox 1982 661 2109 724; x_wconf 87' lang='lat' dir='ltr'><strong>sibi,</strong></span> <span class='ocrx_word' id='word_1_139' title='bbox 2133 660 2225 717; x_wconf 89' lang='lat' dir='ltr'><strong>sed</strong></span> <span class='ocrx_word' id='word_1_140' title='bbox 2254 661 2479 717; x_wconf 88' lang='lat' dir='ltr'><strong>similes.</strong></span> <span class='ocrx_word' id='word_1_141' title='bbox 2513 661 2647 716; x_wconf 83' lang='lat' dir='ltr'><strong>Huic</strong></span> <span class='ocrx_word' id='word_1_142' title='bbox 2665 662 2807 716; x_wconf 90' lang='lat' dir='ltr'><strong>enim</strong></span> <span class='ocrx_word' id='word_1_143' title='bbox 2832 676 2997 730; x_wconf 89' lang='lat' dir='ltr'><strong>puero</strong></span> <span class='ocrx_word' id='word_1_144' title='bbox 3043 662 3242 731; x_wconf 63' lang='lat' dir='ltr'><strong>arqnari</strong></span> <span class='ocrx_word' id='word_1_145' title='bbox 3268 678 3427 718; x_wconf 84' lang='lat' dir='ltr'><strong>nemo</strong></span> <span class='ocrx_word' id='word_1_146' title='bbox 3462 678 3558 733; x_wconf 79' lang='lat' dir='ltr'><strong>po-</strong></span> 
     </span>
    </p>
   </div>
   <div class='ocr_carea' id='block_1_21' title="bbox 1983 755 3558 824">
    <p class='ocr_par' dir='ltr' id='par_1_21' title="bbox 1983 755 3558 824">
     <span class='ocr_line' id='line_1_21' title="bbox 1983 755 3558 824; baseline -0.001 -12"><span class='ocrx_word' id='word_1_147' title='bbox 1983 765 2085 812; x_wconf 89' lang='lat' dir='ltr'><strong>test</strong></span> <span class='ocrx_word' id='word_1_148' title='bbox 2110 755 2265 823; x_wconf 84' lang='lat' dir='ltr'><strong>;sed,</strong></span> <span class='ocrx_word' id='word_1_149' title='bbox 2291 756 2431 811; x_wconf 87' lang='lat' dir='ltr'><strong>sicut</strong></span> <span class='ocrx_word' id='word_1_150' title='bbox 2464 756 2513 810; x_wconf 90' lang='lat' dir='ltr'><strong>ei</strong></span> <span class='ocrx_word' id='word_1_151' title='bbox 2543 771 2702 810; x_wconf 92' lang='lat' dir='ltr'><strong>nemo</strong></span> <span class='ocrx_word' id='word_1_152' title='bbox 2741 765 2918 821; x_wconf 85' lang='lat' dir='ltr'><strong>potest</strong></span> <span class='ocrx_word' id='word_1_153' title='bbox 2940 756 3165 824; x_wconf 74' lang='lat' dir='ltr'><strong>aequari,</strong></span> <span class='ocrx_word' id='word_1_154' title='bbox 3188 755 3261 809; x_wconf 91' lang='lat' dir='ltr'><strong>ita</strong></span> <span class='ocrx_word' id='word_1_155' title='bbox 3283 771 3443 810; x_wconf 89' lang='lat' dir='ltr'><strong>nemo</strong></span> <span class='ocrx_word' id='word_1_156' title='bbox 3472 765 3558 812; x_wconf 84' lang='lat' dir='ltr'><strong>est</strong></span> 
     </span>
    </p>
   </div>
   <div class='ocr_carea' id='block_1_22' title="bbox 1982 845 3553 919">
    <p class='ocr_par' dir='ltr' id='par_1_22' title="bbox 1982 845 3553 919">
     <span class='ocr_line' id='line_1_22' title="bbox 1982 845 3553 919; baseline 0.001 -18"><span class='ocrx_word' id='word_1_157' title='bbox 1982 849 2075 919; x_wconf 88' lang='lat' dir='ltr'><strong>qui</strong></span> <span class='ocrx_word' id='word_1_158' title='bbox 2094 864 2216 903; x_wconf 89' lang='lat' dir='ltr'><strong>eum</strong></span> <span class='ocrx_word' id='word_1_159' title='bbox 2242 848 2295 901; x_wconf 90' lang='lat' dir='ltr'><strong>in</strong></span> <span class='ocrx_word' id='word_1_160' title='bbox 2326 847 2527 915; x_wconf 88' lang='lat' dir='ltr'><strong>aliquo,</strong></span> <span class='ocrx_word' id='word_1_161' title='bbox 2565 862 2673 915; x_wconf 90' lang='lat' dir='ltr'><strong>quo</strong></span> <span class='ocrx_word' id='word_1_162' title='bbox 2713 846 2911 901; x_wconf 86' lang='lat' dir='ltr'><strong>salvari</strong></span> <span class='ocrx_word' id='word_1_163' title='bbox 2938 846 3135 912; x_wconf 86' lang='lat' dir='ltr'><strong>valeat,</strong></span> <span class='ocrx_word' id='word_1_164' title='bbox 3162 862 3226 901; x_wconf 92' lang='lat' dir='ltr'><strong>eo</strong></span> <span class='ocrx_word' id='word_1_165' title='bbox 3251 845 3553 914; x_wconf 72' lang='lat' dir='ltr'><strong>adiuvante,</strong></span> 
     </span>
    </p>
   </div>
   <div class='ocr_carea' id='block_1_23' title="bbox 1982 934 3560 1009">
    <p class='ocr_par' dir='ltr' id='par_1_23' title="bbox 1982 934 3560 1009">
     <span class='ocr_line' id='line_1_23' title="bbox 1982 934 3560 1009; baseline -0.001 -15"><span class='ocrx_word' id='word_1_166' title='bbox 1982 955 2089 994; x_wconf 90' lang='lat' dir='ltr'><strong>non</strong></span> <span class='ocrx_word' id='word_1_167' title='bbox 2115 938 2288 1009; x_wconf 88' lang='lat' dir='ltr'><strong>possit</strong></span> <span class='ocrx_word' id='word_1_168' title='bbox 2317 936 2536 991; x_wconf 89' lang='lat' dir='ltr'><strong>imitari.</strong></span> <span class='ocrx_word' id='word_1_169' title='bbox 2569 934 2741 989; x_wconf 84' lang='lat' dir='ltr'><strong>Natus</strong></span> <span class='ocrx_word' id='word_1_170' title='bbox 2777 946 2851 989; x_wconf 85' lang='lat' dir='ltr'><strong>est</strong></span> <span class='ocrx_word' id='word_1_171' title='bbox 2880 936 3048 998; x_wconf 88' lang='lat' dir='ltr'><strong>nobis,</strong></span> <span class='ocrx_word' id='word_1_172' title='bbox 3087 945 3285 991; x_wconf 71' lang='lat' dir='ltr'><strong>nostrae</strong></span> <span class='ocrx_word' id='word_1_173' title='bbox 3309 937 3560 993; x_wconf 80' lang='lat' dir='ltr'><strong>videlicet</strong></span> 
     </span>
    </p>
   </div>
   <div class='ocr_carea' id='block_1_24' title="bbox 1982 1025 3560 1090">
    <p class='ocr_par' dir='ltr' id='par_1_24' title="bbox 1982 1025 3560 1090">
     <span class='ocr_line' id='line_1_24' title="bbox 1982 1025 3560 1090; baseline -0.001 -4"><span class='ocrx_word' id='word_1_174' title='bbox 1982 1044 2144 1086; x_wconf 91' lang='lat' dir='ltr'><strong>causa</strong></span> <span class='ocrx_word' id='word_1_175' title='bbox 2178 1027 2389 1084; x_wconf 85' lang='lat' dir='ltr'><strong>salutis.</strong></span> <span class='ocrx_word' id='word_1_176' title='bbox 2419 1026 2499 1081; x_wconf 82' lang='lat' dir='ltr'><strong>Ad</strong></span> <span class='ocrx_word' id='word_1_177' title='bbox 2532 1026 2636 1080; x_wconf 92' lang='lat' dir='ltr'><strong>hoc</strong></span> <span class='ocrx_word' id='word_1_178' title='bbox 2685 1025 2829 1079; x_wconf 90' lang='lat' dir='ltr'><strong>enim</strong></span> <span class='ocrx_word' id='word_1_179' title='bbox 2890 1034 3049 1080; x_wconf 84' lang='lat' dir='ltr'><strong>natus</strong></span> <span class='ocrx_word' id='word_1_180' title='bbox 3080 1035 3183 1090; x_wconf 90' lang='lat' dir='ltr'><strong>est,</strong></span> <span class='ocrx_word' id='word_1_181' title='bbox 3216 1036 3273 1081; x_wconf 92' lang='lat' dir='ltr'><strong>ut</strong></span> <span class='ocrx_word' id='word_1_182' title='bbox 3304 1028 3560 1084; x_wconf 84' lang='lat' dir='ltr'><strong>sacerdos</strong></span> 
     </span>
    </p>
   </div>
   <div class='ocr_carea' id='block_1_25' title="bbox 1984 1117 3557 1185">
    <p class='ocr_par' dir='ltr' id='par_1_25' title="bbox 1984 1117 3557 1185">
     <span class='ocr_line' id='line_1_25' title="bbox 1984 1117 3557 1185; baseline -0.002 -9"><span class='ocrx_word' id='word_1_183' title='bbox 1984 1128 2148 1185; x_wconf 88' lang='lat' dir='ltr'><strong>esset,</strong></span> <span class='ocrx_word' id='word_1_184' title='bbox 2185 1133 2284 1174; x_wconf 90' lang='lat' dir='ltr'><strong>nec</strong></span> <span class='ocrx_word' id='word_1_185' title='bbox 2310 1118 2567 1173; x_wconf 85' lang='lat' dir='ltr'><strong>sacerdos</strong></span> <span class='ocrx_word' id='word_1_186' title='bbox 2591 1124 2821 1176; x_wconf 88' lang='lat' dir='ltr'><strong>tantum.</strong></span> <span class='ocrx_word' id='word_1_187' title='bbox 2856 1129 2947 1169; x_wconf 91' lang='lat' dir='ltr'><strong>see</strong></span> <span class='ocrx_word' id='word_1_188' title='bbox 2987 1117 3238 1172; x_wconf 84' lang='lat' dir='ltr'><strong>sacerdos</strong></span> <span class='ocrx_word' id='word_1_189' title='bbox 3261 1126 3317 1172; x_wconf 91' lang='lat' dir='ltr'><strong>et</strong></span> <span class='ocrx_word' id='word_1_190' title='bbox 3345 1119 3557 1174; x_wconf 82' lang='lat' dir='ltr'><strong>sacrifi-</strong></span> 
     </span>
    </p>
   </div>
   <div class='ocr_carea' id='block_1_26' title="bbox 1983 1206 3561 1278">
    <p class='ocr_par' dir='ltr' id='par_1_26' title="bbox 1983 1206 3561 1278">
     <span class='ocr_line' id='line_1_26' title="bbox 1983 1206 3561 1278; baseline -0.001 -9"><span class='ocrx_word' id='word_1_191' title='bbox 1983 1216 2146 1270; x_wconf 91' lang='lat' dir='ltr'><strong>cium.</strong></span> <span class='ocrx_word' id='word_1_192' title='bbox 2178 1212 2294 1267; x_wconf 84' lang='lat' dir='ltr'><strong>Nou</strong></span> <span class='ocrx_word' id='word_1_193' title='bbox 2326 1221 2408 1266; x_wconf 92' lang='lat' dir='ltr'><strong>est</strong></span> <span class='ocrx_word' id='word_1_194' title='bbox 2430 1208 2687 1265; x_wconf 86' lang='lat' dir='ltr'><strong>sacerdos</strong></span> <span class='ocrx_word' id='word_1_195' title='bbox 2716 1206 3012 1263; x_wconf 89' lang='lat' dir='ltr'><strong>secundum</strong></span> <span class='ocrx_word' id='word_1_196' title='bbox 3046 1208 3097 1262; x_wconf 89' lang='lat' dir='ltr'><strong>id</strong></span> <span class='ocrx_word' id='word_1_197' title='bbox 3127 1211 3270 1278; x_wconf 90' lang='lat' dir='ltr'><strong>quod</strong></span> <span class='ocrx_word' id='word_1_198' title='bbox 3294 1223 3455 1267; x_wconf 87' lang='lat' dir='ltr'><strong>natus</strong></span> <span class='ocrx_word' id='word_1_199' title='bbox 3475 1219 3561 1268; x_wconf 75' lang='lat' dir='ltr'><strong>est</strong></span> 
     </span>
    </p>
   </div>
   <div class='ocr_carea' id='block_1_27' title="bbox 1983 1299 3562 1373">
    <p class='ocr_par' dir='ltr' id='par_1_27' title="bbox 1983 1299 3562 1373">
     <span class='ocr_line' id='line_1_27' title="bbox 1983 1299 3562 1373; baseline -0.001 -15"><span class='ocrx_word' id='word_1_200' title='bbox 1983 1304 2049 1358; x_wconf 90' lang='lat' dir='ltr'><strong>de</strong></span> <span class='ocrx_word' id='word_1_201' title='bbox 2082 1300 2264 1364; x_wconf 86' lang='lat' dir='ltr'><strong>Patre,</strong></span> <span class='ocrx_word' id='word_1_202' title='bbox 2290 1300 2382 1356; x_wconf 91' lang='lat' dir='ltr'><strong>sed</strong></span> <span class='ocrx_word' id='word_1_203' title='bbox 2406 1307 2624 1369; x_wconf 88' lang='lat' dir='ltr'><strong>propter</strong></span> <span class='ocrx_word' id='word_1_204' title='bbox 2650 1312 2867 1352; x_wconf 88' lang='lat' dir='ltr'><strong>carnem</strong></span> <span class='ocrx_word' id='word_1_205' title='bbox 2898 1306 3232 1368; x_wconf 80' lang='lat' dir='ltr'><strong>assumptum</strong></span> <span class='ocrx_word' id='word_1_206' title='bbox 3264 1301 3329 1355; x_wconf 86' lang='lat' dir='ltr'><strong>tle</strong></span> <span class='ocrx_word' id='word_1_207' title='bbox 3344 1299 3562 1373; x_wconf 81' lang='lat' dir='ltr'><strong>Virgine</strong></span> 
     </span>
    </p>
   </div>
   <div class='ocr_carea' id='block_1_28' title="bbox 1983 1388 3558 1463">
    <p class='ocr_par' dir='ltr' id='par_1_28' title="bbox 1983 1388 3558 1463">
     <span class='ocr_line' id='line_1_28' title="bbox 1983 1388 3558 1463; baseline -0.001 -14"><span class='ocrx_word' id='word_1_208' title='bbox 1983 1405 2175 1450; x_wconf 87' lang='lat' dir='ltr'><strong>matre.</strong></span> <span class='ocrx_word' id='word_1_209' title='bbox 2209 1392 2433 1463; x_wconf 88' lang='lat' dir='ltr'><strong>Propter</strong></span> <span class='ocrx_word' id='word_1_210' title='bbox 2457 1391 2729 1446; x_wconf 86' lang='lat' dir='ltr'><strong>victimam</strong></span> <span class='ocrx_word' id='word_1_211' title='bbox 2762 1388 2946 1459; x_wconf 80' lang='lat' dir='ltr'><strong>utique</strong></span> <span class='ocrx_word' id='word_1_212' title='bbox 2966 1404 3131 1459; x_wconf 91' lang='lat' dir='ltr'><strong>quam</strong></span> <span class='ocrx_word' id='word_1_213' title='bbox 3163 1392 3375 1462; x_wconf 89' lang='lat' dir='ltr'><strong>accepit</strong></span> <span class='ocrx_word' id='word_1_214' title='bbox 3402 1408 3431 1447; x_wconf 91' lang='lat' dir='ltr'><strong>a</strong></span> <span class='ocrx_word' id='word_1_215' title='bbox 3457 1408 3558 1448; x_wconf 85' lang='lat' dir='ltr'><strong>no-</strong></span> 
     </span>
    </p>
   </div>
   <div class='ocr_carea' id='block_1_29' title="bbox 1982 1478 3563 1553">
    <p class='ocr_par' dir='ltr' id='par_1_29' title="bbox 1982 1478 3563 1553">
     <span class='ocr_line' id='line_1_29' title="bbox 1982 1478 3563 1553; baseline -0.001 -12"><span class='ocrx_word' id='word_1_216' title='bbox 1982 1486 2086 1547; x_wconf 90' lang='lat' dir='ltr'><strong>bis,</strong></span> <span class='ocrx_word' id='word_1_217' title='bbox 2115 1493 2169 1539; x_wconf 91' lang='lat' dir='ltr'><strong>et</strong></span> <span class='ocrx_word' id='word_1_218' title='bbox 2198 1499 2294 1553; x_wconf 93' lang='lat' dir='ltr'><strong>pro</strong></span> <span class='ocrx_word' id='word_1_219' title='bbox 2323 1482 2477 1538; x_wconf 90' lang='lat' dir='ltr'><strong>nobis</strong></span> <span class='ocrx_word' id='word_1_220' title='bbox 2512 1480 2707 1537; x_wconf 88' lang='lat' dir='ltr'><strong>obtulit</strong></span> <span class='ocrx_word' id='word_1_221' title='bbox 2732 1479 2867 1549; x_wconf 91' lang='lat' dir='ltr'><strong>ipse.</strong></span> <span class='ocrx_word' id='word_1_222' title='bbox 2920 1478 3002 1534; x_wconf 88' lang='lat' dir='ltr'><strong>Ad</strong></span> <span class='ocrx_word' id='word_1_223' title='bbox 3066 1482 3166 1535; x_wconf 91' lang='lat' dir='ltr'><strong>hoc</strong></span> <span class='ocrx_word' id='word_1_224' title='bbox 3194 1482 3359 1537; x_wconf 90' lang='lat' dir='ltr'><strong>etiam</strong></span> <span class='ocrx_word' id='word_1_225' title='bbox 3406 1484 3563 1540; x_wconf 85' lang='lat' dir='ltr'><strong>nobis</strong></span> 
     </span>
    </p>
   </div>
   <div class='ocr_carea' id='block_1_30' title="bbox 1984 1573 3557 1647">
    <p class='ocr_par' dir='ltr' id='par_1_30' title="bbox 1984 1573 3557 1647">
     <span class='ocr_line' id='line_1_30' title="bbox 1984 1573 3557 1647; baseline -0.001 -15"><span class='ocrx_word' id='word_1_226' title='bbox 1984 1577 2250 1647; x_wconf 87' lang='lat' dir='ltr'><strong>apparuit,</strong></span> <span class='ocrx_word' id='word_1_227' title='bbox 2281 1584 2341 1631; x_wconf 92' lang='lat' dir='ltr'><strong>ut</strong></span> <span class='ocrx_word' id='word_1_228' title='bbox 2371 1591 2480 1630; x_wconf 63' lang='lat' dir='ltr'><strong>sua:</strong></span> <span class='ocrx_word' id='word_1_229' title='bbox 2503 1591 2602 1632; x_wconf 91' lang='lat' dir='ltr'><strong>nos</strong></span> <span class='ocrx_word' id='word_1_230' title='bbox 2630 1575 2975 1641; x_wconf 69' lang='lat' dir='ltr'><strong>innocentiae,</strong></span> <span class='ocrx_word' id='word_1_231' title='bbox 3009 1573 3351 1639; x_wconf 75' lang='lat' dir='ltr'><strong>humilitatis,</strong></span> <span class='ocrx_word' id='word_1_232' title='bbox 3375 1585 3429 1630; x_wconf 91' lang='lat' dir='ltr'><strong>et</strong></span> <span class='ocrx_word' id='word_1_233' title='bbox 3465 1592 3557 1645; x_wconf 88' lang='lat' dir='ltr'><strong>pa-</strong></span> 
     </span>
    </p>
   </div>
   <div class='ocr_carea' id='block_1_31' title="bbox 1983 1666 3560 1739">
    <p class='ocr_par' dir='ltr' id='par_1_31' title="bbox 1983 1666 3560 1739">
     <span class='ocr_line' id='line_1_31' title="bbox 1983 1666 3560 1739; baseline -0.003 -14"><span class='ocrx_word' id='word_1_234' title='bbox 1983 1672 2186 1725; x_wconf 65' lang='lat' dir='ltr'><strong>tientiae</strong></span> <span class='ocrx_word' id='word_1_235' title='bbox 2207 1669 2357 1739; x_wconf 91' lang='lat' dir='ltr'><strong>prius</strong></span> <span class='ocrx_word' id='word_1_236' title='bbox 2378 1668 2624 1738; x_wconf 80' lang='lat' dir='ltr'><strong>exemplo</strong></span> <span class='ocrx_word' id='word_1_237' title='bbox 2653 1666 2896 1731; x_wconf 85' lang='lat' dir='ltr'><strong>doceret,</strong></span> <span class='ocrx_word' id='word_1_238' title='bbox 2928 1681 3088 1735; x_wconf 91' lang='lat' dir='ltr'><strong>quam</strong></span> <span class='ocrx_word' id='word_1_239' title='bbox 3116 1680 3214 1736; x_wconf 88' lang='lat' dir='ltr'><strong>pro</strong></span> <span class='ocrx_word' id='word_1_240' title='bbox 3235 1667 3392 1722; x_wconf 90' lang='lat' dir='ltr'><strong>nobis</strong></span> <span class='ocrx_word' id='word_1_241' title='bbox 3410 1682 3560 1721; x_wconf 88' lang='lat' dir='ltr'><strong>mor-</strong></span> 
     </span>
    </p>
   </div>
   <div class='ocr_carea' id='block_1_32' title="bbox 1986 1759 3561 1829">
    <p class='ocr_par' dir='ltr' id='par_1_32' title="bbox 1986 1759 3561 1829">
     <span class='ocr_line' id='line_1_32' title="bbox 1986 1759 3561 1829; baseline -0.003 -10"><span class='ocrx_word' id='word_1_242' title='bbox 1986 1773 2091 1819; x_wconf 91' lang='lat' dir='ltr'><strong>tem</strong></span> <span class='ocrx_word' id='word_1_243' title='bbox 2142 1762 2367 1818; x_wconf 87' lang='lat' dir='ltr'><strong>subiret.</strong></span> <span class='ocrx_word' id='word_1_244' title='bbox 2393 1760 2565 1815; x_wconf 85' lang='lat' dir='ltr'><strong>Vitam</strong></span> <span class='ocrx_word' id='word_1_245' title='bbox 2609 1776 2762 1814; x_wconf 82' lang='lat' dir='ltr'><strong>suam</strong></span> <span class='ocrx_word' id='word_1_246' title='bbox 2813 1773 3008 1815; x_wconf 88' lang='lat' dir='ltr'><strong>novam</strong></span> <span class='ocrx_word' id='word_1_247' title='bbox 3036 1775 3132 1814; x_wconf 92' lang='lat' dir='ltr'><strong>nos</strong></span> <span class='ocrx_word' id='word_1_248' title='bbox 3158 1759 3366 1823; x_wconf 87' lang='lat' dir='ltr'><strong>docuit,</strong></span> <span class='ocrx_word' id='word_1_249' title='bbox 3399 1775 3561 1829; x_wconf 87' lang='lat' dir='ltr'><strong>quam</strong></span> 
     </span>
    </p>
   </div>
   <div class='ocr_carea' id='block_1_33' title="bbox 297 1837 3561 1921">
    <p class='ocr_par' dir='ltr' id='par_1_33' title="bbox 297 1837 3561 1921">
     <span class='ocr_line' id='line_1_33' title="bbox 297 1837 3561 1921; baseline -0.003 -4"><span class='ocrx_word' id='word_1_250' title='bbox 297 1851 517 1921; x_wconf 70' lang='lat' dir='ltr'><strong>qualem</strong></span> <span class='ocrx_word' id='word_1_251' title='bbox 558 1862 890 1918; x_wconf 67' lang='lat' dir='ltr'><strong>SUSCCDBPal.</strong></span> <span class='ocrx_word' id='word_1_252' title='bbox 913 1862 966 1906; x_wconf 75' lang='lat' dir='ltr'><strong>el</strong></span> <span class='ocrx_word' id='word_1_253' title='bbox 990 1854 1239 1908; x_wconf 70' lang='lat' dir='ltr'><strong>Chl‘iSlHS</strong></span> <span class='ocrx_word' id='word_1_254' title='bbox 1286 1852 1539 1919; x_wconf 71' lang='grc' dir='ltr'>ειιεεερῑι,</span> <span class='ocrx_word' id='word_1_255' title='bbox 1585 1866 1692 1905; x_wconf 76' lang='lat' dir='ltr'><strong>non</strong></span> <span class='ocrx_word' id='word_1_256' title='bbox 1724 1849 1882 1905; x_wconf 73' lang='lat' dir='ltr'><strong>lalem</strong></span> <span class='ocrx_word' id='word_1_257' title='bbox 1914 1837 1959 1896; x_wconf 75' lang='grc' dir='ltr'><strong>Β</strong></span> <span class='ocrx_word' id='word_1_258' title='bbox 1990 1867 2301 1920; x_wconf 87' lang='lat' dir='ltr'><strong>teneamus;</strong></span> <span class='ocrx_word' id='word_1_259' title='bbox 2332 1855 2583 1910; x_wconf 85' lang='lat' dir='ltr'><strong>dedecuit</strong></span> <span class='ocrx_word' id='word_1_260' title='bbox 2603 1862 2842 1908; x_wconf 87' lang='lat' dir='ltr'><strong>veterem</strong></span> <span class='ocrx_word' id='word_1_261' title='bbox 2893 1863 3158 1919; x_wconf 87' lang='lat' dir='ltr'><strong>nostram,</strong></span> <span class='ocrx_word' id='word_1_262' title='bbox 3182 1864 3236 1909; x_wconf 91' lang='lat' dir='ltr'><strong>et</strong></span> <span class='ocrx_word' id='word_1_263' title='bbox 3263 1852 3561 1917; x_wconf 78' lang='lat' dir='ltr'><strong>interdixit,</strong></span> 
     </span>
    </p>
   </div>
   <div class='ocr_carea' id='block_1_34' title="bbox 297 1940 1881 2013">
    <p class='ocr_par' dir='ltr' id='par_1_34' title="bbox 297 1940 1881 2013">
     <span class='ocr_line' id='line_1_34' title="bbox 297 1940 1881 2013; baseline 0.001 -20"><span class='ocrx_word' id='word_1_264' title='bbox 297 1941 518 2009; x_wconf 84' lang='lat' dir='ltr'><strong>qualem</strong></span> <span class='ocrx_word' id='word_1_265' title='bbox 540 1943 708 1995; x_wconf 79' lang='lat' dir='ltr'><strong>Adam</strong></span> <span class='ocrx_word' id='word_1_266' title='bbox 733 1958 851 1997; x_wconf 90' lang='lat' dir='ltr'><strong>eam</strong></span> <span class='ocrx_word' id='word_1_267' title='bbox 888 1945 1160 2013; x_wconf 82' lang='lat' dir='ltr'><strong>peccando</strong></span> <span class='ocrx_word' id='word_1_268' title='bbox 1184 1951 1371 2011; x_wconf 89' lang='lat' dir='ltr'><strong>postea</strong></span> <span class='ocrx_word' id='word_1_269' title='bbox 1413 1940 1561 1996; x_wconf 79' lang='lat' dir='ltr'><strong>fecit.</strong></span> <span class='ocrx_word' id='word_1_270' title='bbox 1584 1941 1776 1997; x_wconf 79' lang='lat' dir='ltr'><strong>Caeteri</strong></span> <span class='ocrx_word' id='word_1_271' title='bbox 1804 1940 1881 1995; x_wconf 86' lang='lat' dir='ltr'><strong>si-</strong></span> 
     </span>
    </p>
   </div>
   <div class='ocr_carea' id='block_1_35' title="bbox 298 2034 1884 2105">
    <p class='ocr_par' dir='ltr' id='par_1_35' title="bbox 298 2034 1884 2105">
     <span class='ocr_line' id='line_1_35' title="bbox 298 2034 1884 2105; baseline 0.002 -19"><span class='ocrx_word' id='word_1_272' title='bbox 298 2034 526 2103; x_wconf 85' lang='lat' dir='ltr'><strong>quidem</strong></span> <span class='ocrx_word' id='word_1_273' title='bbox 554 2035 818 2098; x_wconf 88' lang='lat' dir='ltr'><strong>homiues.</strong></span> <span class='ocrx_word' id='word_1_274' title='bbox 843 2036 934 2105; x_wconf 89' lang='lat' dir='ltr'><strong>qui</strong></span> <span class='ocrx_word' id='word_1_275' title='bbox 959 2046 1084 2091; x_wconf 85' lang='lat' dir='ltr'><strong>sunt</strong></span> <span class='ocrx_word' id='word_1_276' title='bbox 1111 2037 1358 2091; x_wconf 88' lang='lat' dir='ltr'><strong>homines</strong></span> <span class='ocrx_word' id='word_1_277' title='bbox 1394 2045 1620 2097; x_wconf 90' lang='lat' dir='ltr'><strong>tantum,</strong></span> <span class='ocrx_word' id='word_1_278' title='bbox 1650 2050 1884 2090; x_wconf 89' lang='lat' dir='ltr'><strong>nascun-</strong></span> 
     </span>
    </p>
   </div>
   <div class='ocr_carea' id='block_1_36' title="bbox 301 2124 1884 2196">
    <p class='ocr_par' dir='ltr' id='par_1_36' title="bbox 301 2124 1884 2196">
     <span class='ocr_line' id='line_1_36' title="bbox 301 2124 1884 2196; baseline 0 -17"><span class='ocrx_word' id='word_1_279' title='bbox 301 2133 399 2179; x_wconf 89' lang='lat' dir='ltr'><strong>tur</strong></span> <span class='ocrx_word' id='word_1_280' title='bbox 430 2124 545 2193; x_wconf 83' lang='lat' dir='ltr'><strong>lege</strong></span> <span class='ocrx_word' id='word_1_281' title='bbox 577 2124 742 2196; x_wconf 80' lang='lat'><strong>339</strong></span> <span class='ocrx_word' id='word_1_282' title='bbox 788 2126 1087 2191; x_wconf 89' lang='lat' dir='ltr'><strong>hominum,</strong></span> <span class='ocrx_word' id='word_1_283' title='bbox 1133 2126 1184 2180; x_wconf 92' lang='lat' dir='ltr'><strong>in</strong></span> <span class='ocrx_word' id='word_1_284' title='bbox 1216 2134 1441 2196; x_wconf 91' lang='lat' dir='ltr'><strong>peccato</strong></span> <span class='ocrx_word' id='word_1_285' title='bbox 1498 2125 1735 2191; x_wconf 87' lang='lat' dir='ltr'><strong>scilicet,</strong></span> <span class='ocrx_word' id='word_1_286' title='bbox 1762 2141 1884 2180; x_wconf 90' lang='lat' dir='ltr'><strong>cum</strong></span> 
     </span>
    </p>
   </div>
   <div class='ocr_carea' id='block_1_37' title="bbox 303 2216 1886 2287">
    <p class='ocr_par' dir='ltr' id='par_1_37' title="bbox 303 2216 1886 2287">
     <span class='ocr_line' id='line_1_37' title="bbox 303 2216 1886 2287; baseline 0.001 -16"><span class='ocrx_word' id='word_1_287' title='bbox 303 2216 493 2273; x_wconf 87' lang='lat' dir='ltr'><strong>dolore</strong></span> <span class='ocrx_word' id='word_1_288' title='bbox 520 2228 573 2271; x_wconf 92' lang='lat' dir='ltr'><strong>et</strong></span> <span class='ocrx_word' id='word_1_289' title='bbox 603 2218 951 2287; x_wconf 88' lang='lat' dir='ltr'><strong>corruptione</strong></span> <span class='ocrx_word' id='word_1_290' title='bbox 976 2226 1226 2271; x_wconf 87' lang='lat' dir='ltr'><strong>matrtnu.</strong></span> <span class='ocrx_word' id='word_1_291' title='bbox 1260 2217 1430 2272; x_wconf 86' lang='lat' dir='ltr'><strong>Filius</strong></span> <span class='ocrx_word' id='word_1_292' title='bbox 1459 2226 1638 2272; x_wconf 88' lang='lat' dir='ltr'><strong>autem</strong></span> <span class='ocrx_word' id='word_1_293' title='bbox 1680 2216 1772 2272; x_wconf 89' lang='lat' dir='ltr'><strong>Dei</strong></span> <span class='ocrx_word' id='word_1_294' title='bbox 1796 2216 1886 2286; x_wconf 90' lang='lat' dir='ltr'><strong>qui</strong></span> 
     </span>
    </p>
   </div>
   <div class='ocr_carea' id='block_1_38' title="bbox 306 2305 1885 2377">
    <p class='ocr_par' dir='ltr' id='par_1_38' title="bbox 306 2305 1885 2377">
     <span class='ocr_line' id='line_1_38' title="bbox 306 2305 1885 2377; baseline -0.001 -16"><span class='ocrx_word' id='word_1_295' title='bbox 306 2305 453 2361; x_wconf 90' lang='lat' dir='ltr'><strong>Deus</strong></span> <span class='ocrx_word' id='word_1_296' title='bbox 476 2315 594 2361; x_wconf 89' lang='lat' dir='ltr'><strong>erat</strong></span> <span class='ocrx_word' id='word_1_297' title='bbox 623 2314 675 2360; x_wconf 89' lang='lat' dir='ltr'><strong>et</strong></span> <span class='ocrx_word' id='word_1_298' title='bbox 732 2308 913 2369; x_wconf 91' lang='lat' dir='ltr'><strong>homo,</strong></span> <span class='ocrx_word' id='word_1_299' title='bbox 943 2306 1056 2377; x_wconf 83' lang='lat' dir='ltr'><strong>lege</strong></span> <span class='ocrx_word' id='word_1_300' title='bbox 1086 2307 1302 2375; x_wconf 87' lang='lat' dir='ltr'><strong>quidem</strong></span> <span class='ocrx_word' id='word_1_301' title='bbox 1339 2305 1574 2361; x_wconf 88' lang='lat' dir='ltr'><strong>hominis</strong></span> <span class='ocrx_word' id='word_1_302' title='bbox 1604 2315 1762 2359; x_wconf 90' lang='lat' dir='ltr'><strong>natus</strong></span> <span class='ocrx_word' id='word_1_303' title='bbox 1783 2314 1885 2371; x_wconf 86' lang='lat' dir='ltr'><strong>est,</strong></span> 
     </span>
    </p>
   </div>
   <div class='ocr_carea' id='block_1_39' title="bbox 306 2396 1891 2469">
    <p class='ocr_par' dir='ltr' id='par_1_39' title="bbox 306 2396 1891 2469">
     <span class='ocr_line' id='line_1_39' title="bbox 306 2396 1891 2469; baseline -0.002 -15"><span class='ocrx_word' id='word_1_304' title='bbox 306 2397 404 2454; x_wconf 82' lang='lat' dir='ltr'><strong>sed</strong></span> <span class='ocrx_word' id='word_1_305' title='bbox 436 2398 665 2467; x_wconf 86' lang='lat' dir='ltr'><strong>amplius</strong></span> <span class='ocrx_word' id='word_1_306' title='bbox 685 2397 803 2469; x_wconf 88' lang='lat' dir='ltr'><strong>lege</strong></span> <span class='ocrx_word' id='word_1_307' title='bbox 836 2398 951 2452; x_wconf 87' lang='lat' dir='ltr'><strong>Dei.</strong></span> <span class='ocrx_word' id='word_1_308' title='bbox 982 2398 1037 2451; x_wconf 90' lang='lat' dir='ltr'><strong>lu</strong></span> <span class='ocrx_word' id='word_1_309' title='bbox 1068 2408 1328 2466; x_wconf 86' lang='lat' dir='ltr'><strong>quantum</strong></span> <span class='ocrx_word' id='word_1_310' title='bbox 1360 2407 1518 2453; x_wconf 89' lang='lat' dir='ltr'><strong>natus</strong></span> <span class='ocrx_word' id='word_1_311' title='bbox 1547 2407 1631 2452; x_wconf 89' lang='lat' dir='ltr'><strong>est</strong></span> <span class='ocrx_word' id='word_1_312' title='bbox 1652 2397 1716 2452; x_wconf 90' lang='lat' dir='ltr'><strong>de</strong></span> <span class='ocrx_word' id='word_1_313' title='bbox 1739 2396 1891 2452; x_wconf 83' lang='lat' dir='ltr'><strong>femi-</strong></span> 
     </span>
    </p>
   </div>
   <div class='ocr_carea' id='block_1_40' title="bbox 314 2480 1886 2553">
    <p class='ocr_par' dir='ltr' id='par_1_40' title="bbox 314 2480 1886 2553">
     <span class='ocr_line' id='line_1_40' title="bbox 314 2480 1886 2553; baseline -0.001 -13"><span class='ocrx_word' id='word_1_314' title='bbox 314 2500 412 2549; x_wconf 87' lang='lat' dir='ltr'><strong>na,</strong></span> <span class='ocrx_word' id='word_1_315' title='bbox 442 2494 602 2538; x_wconf 88' lang='lat' dir='ltr'><strong>natns</strong></span> <span class='ocrx_word' id='word_1_316' title='bbox 650 2492 733 2538; x_wconf 88' lang='lat' dir='ltr'><strong>est</strong></span> <span class='ocrx_word' id='word_1_317' title='bbox 786 2483 901 2553; x_wconf 84' lang='lat' dir='ltr'><strong>lege</strong></span> <span class='ocrx_word' id='word_1_318' title='bbox 942 2484 1205 2549; x_wconf 88' lang='lat' dir='ltr'><strong>hominis,</strong></span> <span class='ocrx_word' id='word_1_319' title='bbox 1234 2485 1326 2539; x_wconf 89' lang='lat' dir='ltr'><strong>sed</strong></span> <span class='ocrx_word' id='word_1_320' title='bbox 1370 2483 1599 2553; x_wconf 85' lang='lat' dir='ltr'><strong>amplius</strong></span> <span class='ocrx_word' id='word_1_321' title='bbox 1647 2480 1762 2552; x_wconf 88' lang='lat' dir='ltr'><strong>lege</strong></span> <span class='ocrx_word' id='word_1_322' title='bbox 1792 2484 1886 2538; x_wconf 88' lang='lat' dir='ltr'><strong>Dei</strong></span> 
     </span>
    </p>
   </div>
   <div class='ocr_carea' id='block_1_41' title="bbox 309 2575 1891 2646">
    <p class='ocr_par' dir='ltr' id='par_1_41' title="bbox 309 2575 1891 2646">
     <span class='ocr_line' id='line_1_41' title="bbox 309 2575 1891 2646; baseline -0.001 -15"><span class='ocrx_word' id='word_1_323' title='bbox 309 2586 471 2631; x_wconf 88' lang='lat' dir='ltr'><strong>natus</strong></span> <span class='ocrx_word' id='word_1_324' title='bbox 499 2575 744 2645; x_wconf 90' lang='lat' dir='ltr'><strong>est,quia</strong></span> <span class='ocrx_word' id='word_1_325' title='bbox 767 2576 886 2630; x_wconf 85' lang='lat' dir='ltr'><strong>sine</strong></span> <span class='ocrx_word' id='word_1_326' title='bbox 909 2585 1131 2646; x_wconf 91' lang='lat' dir='ltr'><strong>peccato</strong></span> <span class='ocrx_word' id='word_1_327' title='bbox 1160 2587 1215 2631; x_wconf 88' lang='lat' dir='ltr'><strong>et</strong></span> <span class='ocrx_word' id='word_1_328' title='bbox 1237 2576 1355 2631; x_wconf 90' lang='lat' dir='ltr'><strong>sine</strong></span> <span class='ocrx_word' id='word_1_329' title='bbox 1380 2576 1565 2633; x_wconf 88' lang='lat' dir='ltr'><strong>dolore</strong></span> <span class='ocrx_word' id='word_1_330' title='bbox 1619 2585 1674 2631; x_wconf 88' lang='lat' dir='ltr'><strong>et</strong></span> <span class='ocrx_word' id='word_1_331' title='bbox 1708 2591 1891 2632; x_wconf 62' lang='lat' dir='ltr'><strong>corruo</strong></span> 
     </span>
    </p>
   </div>
   <div class='ocr_carea' id='block_1_42' title="bbox 307 2667 1889 2739">
    <p class='ocr_par' dir='ltr' id='par_1_42' title="bbox 307 2667 1889 2739">
     <span class='ocr_line' id='line_1_42' title="bbox 307 2667 1889 2739; baseline 0.003 -21"><span class='ocrx_word' id='word_1_332' title='bbox 307 2668 493 2739; x_wconf 79' lang='lat' dir='ltr'><strong>ptiouc</strong></span> <span class='ocrx_word' id='word_1_333' title='bbox 515 2667 721 2723; x_wconf 84' lang='lat' dir='ltr'><strong>matris.</strong></span> <span class='ocrx_word' id='word_1_334' title='bbox 750 2668 805 2722; x_wconf 94' lang='lat' dir='ltr'><strong>lu</strong></span> <span class='ocrx_word' id='word_1_335' title='bbox 832 2683 898 2723; x_wconf 90' lang='lat' dir='ltr'><strong>eo</strong></span> <span class='ocrx_word' id='word_1_336' title='bbox 923 2668 1063 2738; x_wconf 86' lang='lat' dir='ltr'><strong>quod</strong></span> <span class='ocrx_word' id='word_1_337' title='bbox 1091 2668 1156 2724; x_wconf 87' lang='lat' dir='ltr'><strong>de</strong></span> <span class='ocrx_word' id='word_1_338' title='bbox 1180 2668 1377 2723; x_wconf 79' lang='lat' dir='ltr'><strong>femina</strong></span> <span class='ocrx_word' id='word_1_339' title='bbox 1407 2677 1566 2723; x_wconf 88' lang='lat' dir='ltr'><strong>natus</strong></span> <span class='ocrx_word' id='word_1_340' title='bbox 1585 2677 1766 2730; x_wconf 90' lang='lat' dir='ltr'><strong>est,se</strong></span> <span class='ocrx_word' id='word_1_341' title='bbox 1796 2684 1889 2723; x_wconf 57' lang='lat' dir='ltr'><strong>ve-</strong></span> 
     </span>
    </p>
   </div>
   <div class='ocr_carea' id='block_1_43' title="bbox 308 2761 1890 2831">
    <p class='ocr_par' dir='ltr' id='par_1_43' title="bbox 308 2761 1890 2831">
     <span class='ocr_line' id='line_1_43' title="bbox 308 2761 1890 2831; baseline 0 -14"><span class='ocrx_word' id='word_1_342' title='bbox 308 2778 432 2817; x_wconf 87' lang='lat' dir='ltr'><strong>rum</strong></span> <span class='ocrx_word' id='word_1_343' title='bbox 464 2761 733 2817; x_wconf 87' lang='lat' dir='ltr'><strong>hominem</strong></span> <span class='ocrx_word' id='word_1_344' title='bbox 769 2762 1033 2826; x_wconf 86' lang='lat' dir='ltr'><strong>ostendit;</strong></span> <span class='ocrx_word' id='word_1_345' title='bbox 1069 2766 1120 2816; x_wconf 88' lang='lat' dir='ltr'><strong>lu</strong></span> <span class='ocrx_word' id='word_1_346' title='bbox 1166 2778 1231 2818; x_wconf 93' lang='lat' dir='ltr'><strong>eo</strong></span> <span class='ocrx_word' id='word_1_347' title='bbox 1261 2778 1390 2817; x_wconf 87' lang='lat' dir='ltr'><strong>vero</strong></span> <span class='ocrx_word' id='word_1_348' title='bbox 1414 2763 1557 2831; x_wconf 88' lang='lat' dir='ltr'><strong>quod</strong></span> <span class='ocrx_word' id='word_1_349' title='bbox 1616 2772 1771 2817; x_wconf 89' lang='lat' dir='ltr'><strong>natus</strong></span> <span class='ocrx_word' id='word_1_350' title='bbox 1805 2770 1890 2818; x_wconf 88' lang='lat' dir='ltr'><strong>est</strong></span> 
     </span>
    </p>
   </div>
   <div class='ocr_carea' id='block_1_44' title="bbox 312 2854 1890 2927">
    <p class='ocr_par' dir='ltr' id='par_1_44' title="bbox 312 2854 1890 2927">
     <span class='ocr_line' id='line_1_44' title="bbox 312 2854 1890 2927; baseline -0.001 -18"><span class='ocrx_word' id='word_1_351' title='bbox 312 2856 435 2909; x_wconf 86' lang='lat' dir='ltr'><strong>sine</strong></span> <span class='ocrx_word' id='word_1_352' title='bbox 464 2863 684 2924; x_wconf 91' lang='lat' dir='ltr'><strong>peccato</strong></span> <span class='ocrx_word' id='word_1_353' title='bbox 711 2864 766 2909; x_wconf 88' lang='lat' dir='ltr'><strong>et</strong></span> <span class='ocrx_word' id='word_1_354' title='bbox 791 2855 856 2910; x_wconf 88' lang='lat' dir='ltr'><strong>de</strong></span> <span class='ocrx_word' id='word_1_355' title='bbox 882 2854 1092 2927; x_wconf 87' lang='lat' dir='ltr'><strong>virgine</strong></span> <span class='ocrx_word' id='word_1_356' title='bbox 1116 2864 1291 2909; x_wconf 86' lang='lat' dir='ltr'><strong>matre</strong></span> <span class='ocrx_word' id='word_1_357' title='bbox 1308 2894 1324 2919; x_wconf 92' lang='lat'><strong>,</strong></span> <span class='ocrx_word' id='word_1_358' title='bbox 1348 2854 1515 2909; x_wconf 92' lang='lat' dir='ltr'><strong>Deum</strong></span> <span class='ocrx_word' id='word_1_359' title='bbox 1547 2855 1890 2925; x_wconf 89' lang='lat' dir='ltr'><strong>omnipoten-</strong></span> 
     </span>
    </p>
   </div>
   <div class='ocr_carea' id='block_1_45' title="bbox 310 2945 1888 3017">
    <p class='ocr_par' dir='ltr' id='par_1_45' title="bbox 310 2945 1888 3017">
     <span class='ocr_line' id='line_1_45' title="bbox 310 2945 1888 3017; baseline 0.001 -17"><span class='ocrx_word' id='word_1_360' title='bbox 310 2956 446 3001; x_wconf 85' lang='lat' dir='ltr'><strong>tem.</strong></span> <span class='ocrx_word' id='word_1_361' title='bbox 478 2945 589 3002; x_wconf 89' lang='lat' dir='ltr'><strong>Nee</strong></span> <span class='ocrx_word' id='word_1_362' title='bbox 625 2946 953 3003; x_wconf 89' lang='lat' dir='ltr'><strong>credendum</strong></span> <span class='ocrx_word' id='word_1_363' title='bbox 982 2955 1067 3003; x_wconf 88' lang='lat' dir='ltr'><strong>est</strong></span> <span class='ocrx_word' id='word_1_364' title='bbox 1114 2945 1451 3017; x_wconf 87' lang='lat' dir='ltr'><strong>impossibile</strong></span> <span class='ocrx_word' id='word_1_365' title='bbox 1485 2945 1656 3001; x_wconf 90' lang='lat' dir='ltr'><strong>fuisse</strong></span> <span class='ocrx_word' id='word_1_366' title='bbox 1697 2946 1746 3002; x_wconf 93' lang='lat' dir='ltr'><strong>ei</strong></span> <span class='ocrx_word' id='word_1_367' title='bbox 1799 2946 1888 3017; x_wconf 86' lang='lat' dir='ltr'><strong>qui</strong></span> 
     </span>
    </p>
   </div>
   <div class='ocr_carea' id='block_1_46' title="bbox 310 3036 1890 3109">
    <p class='ocr_par' dir='ltr' id='par_1_46' title="bbox 310 3036 1890 3109">
     <span class='ocr_line' id='line_1_46' title="bbox 310 3036 1890 3109; baseline 0 -18"><span class='ocrx_word' id='word_1_368' title='bbox 310 3036 496 3091; x_wconf 86' lang='lat' dir='ltr'><strong>omnia</strong></span> <span class='ocrx_word' id='word_1_369' title='bbox 526 3044 720 3107; x_wconf 90' lang='lat' dir='ltr'><strong>potest,</strong></span> <span class='ocrx_word' id='word_1_370' title='bbox 744 3047 801 3093; x_wconf 91' lang='lat' dir='ltr'><strong>et</strong></span> <span class='ocrx_word' id='word_1_371' title='bbox 855 3037 1092 3109; x_wconf 88' lang='lat' dir='ltr'><strong>seipsum</strong></span> <span class='ocrx_word' id='word_1_372' title='bbox 1150 3037 1204 3093; x_wconf 91' lang='lat' dir='ltr'><strong>in</strong></span> <span class='ocrx_word' id='word_1_373' title='bbox 1260 3046 1469 3101; x_wconf 88' lang='lat' dir='ltr'><strong>matre,</strong></span> <span class='ocrx_word' id='word_1_374' title='bbox 1513 3046 1568 3090; x_wconf 92' lang='lat' dir='ltr'><strong>et</strong></span> <span class='ocrx_word' id='word_1_375' title='bbox 1600 3036 1669 3092; x_wconf 91' lang='lat' dir='ltr'><strong>de</strong></span> <span class='ocrx_word' id='word_1_376' title='bbox 1715 3045 1890 3091; x_wconf 89' lang='lat' dir='ltr'><strong>matre</strong></span> 
     </span>
    </p>
   </div>
   <div class='ocr_carea' id='block_1_47' title="bbox 310 3126 1891 3197">
    <p class='ocr_par' dir='ltr' id='par_1_47' title="bbox 310 3126 1891 3197">
     <span class='ocr_line' id='line_1_47' title="bbox 310 3126 1891 3197; baseline -0.003 -12"><span class='ocrx_word' id='word_1_377' title='bbox 310 3142 534 3185; x_wconf 88' lang='lat' dir='ltr'><strong>creasse</strong></span> <span class='ocrx_word' id='word_1_378' title='bbox 565 3129 863 3194; x_wconf 89' lang='lat' dir='ltr'><strong>hominem,</strong></span> <span class='ocrx_word' id='word_1_379' title='bbox 893 3138 947 3184; x_wconf 84' lang='lat' dir='ltr'><strong>et</strong></span> <span class='ocrx_word' id='word_1_380' title='bbox 973 3128 1162 3184; x_wconf 89' lang='lat' dir='ltr'><strong>matris</strong></span> <span class='ocrx_word' id='word_1_381' title='bbox 1198 3143 1308 3183; x_wconf 65' lang='lat' dir='ltr'><strong>suae</strong></span> <span class='ocrx_word' id='word_1_382' title='bbox 1334 3141 1583 3184; x_wconf 89' lang='lat' dir='ltr'><strong>servasse</strong></span> <span class='ocrx_word' id='word_1_383' title='bbox 1606 3126 1891 3197; x_wconf 88' lang='lat' dir='ltr'><strong>virginita-</strong></span> 
     </span>
    </p>
   </div>
   <div class='ocr_carea' id='block_1_48' title="bbox 310 3219 1891 3292">
    <p class='ocr_par' dir='ltr' id='par_1_48' title="bbox 310 3219 1891 3292">
     <span class='ocr_line' id='line_1_48' title="bbox 310 3219 1891 3292; baseline 0.001 -17"><span class='ocrx_word' id='word_1_384' title='bbox 310 3230 449 3276; x_wconf 90' lang='lat' dir='ltr'><strong>tem.</strong></span> <span class='ocrx_word' id='word_1_385' title='bbox 479 3220 661 3277; x_wconf 86' lang='lat' dir='ltr'><strong>Potuit</strong></span> <span class='ocrx_word' id='word_1_386' title='bbox 687 3222 870 3292; x_wconf 83' lang='lat' dir='ltr'><strong>itaque</strong></span> <span class='ocrx_word' id='word_1_387' title='bbox 902 3230 958 3277; x_wconf 90' lang='lat' dir='ltr'><strong>et</strong></span> <span class='ocrx_word' id='word_1_388' title='bbox 985 3221 1156 3276; x_wconf 89' lang='lat' dir='ltr'><strong>voluit</strong></span> <span class='ocrx_word' id='word_1_389' title='bbox 1209 3220 1351 3276; x_wconf 89' lang='lat' dir='ltr'><strong>Deus</strong></span> <span class='ocrx_word' id='word_1_390' title='bbox 1386 3229 1442 3275; x_wconf 90' lang='lat' dir='ltr'><strong>et</strong></span> <span class='ocrx_word' id='word_1_391' title='bbox 1471 3219 1634 3275; x_wconf 89' lang='lat' dir='ltr'><strong>homo</strong></span> <span class='ocrx_word' id='word_1_392' title='bbox 1668 3219 1804 3285; x_wconf 84' lang='lat' dir='ltr'><strong>tleri,</strong></span> <span class='ocrx_word' id='word_1_393' title='bbox 1838 3231 1891 3275; x_wconf 85' lang='lat' dir='ltr'><strong>et</strong></span> 
     </span>
    </p>
   </div>
   <div class='ocr_carea' id='block_1_49' title="bbox 314 3314 1885 3386">
    <p class='ocr_par' dir='ltr' id='par_1_49' title="bbox 314 3314 1885 3386">
     <span class='ocr_line' id='line_1_49' title="bbox 314 3314 1885 3386; baseline -0.003 -15"><span class='ocrx_word' id='word_1_394' title='bbox 314 3315 383 3371; x_wconf 89' lang='lat' dir='ltr'><strong>de</strong></span> <span class='ocrx_word' id='word_1_395' title='bbox 410 3314 619 3385; x_wconf 86' lang='lat' dir='ltr'><strong>virgine</strong></span> <span class='ocrx_word' id='word_1_396' title='bbox 646 3316 821 3381; x_wconf 90' lang='lat' dir='ltr'><strong>nasci,</strong></span> <span class='ocrx_word' id='word_1_397' title='bbox 852 3323 914 3370; x_wconf 91' lang='lat' dir='ltr'><strong>ut</strong></span> <span class='ocrx_word' id='word_1_398' title='bbox 934 3331 1028 3386; x_wconf 89' lang='lat' dir='ltr'><strong>per</strong></span> <span class='ocrx_word' id='word_1_399' title='bbox 1053 3317 1156 3372; x_wconf 92' lang='lat' dir='ltr'><strong>hoc</strong></span> <span class='ocrx_word' id='word_1_400' title='bbox 1184 3316 1327 3386; x_wconf 87' lang='lat' dir='ltr'><strong>quod</strong></span> <span class='ocrx_word' id='word_1_401' title='bbox 1378 3314 1555 3375; x_wconf 89' lang='lat' dir='ltr'><strong>factus</strong></span> <span class='ocrx_word' id='word_1_402' title='bbox 1584 3325 1667 3374; x_wconf 90' lang='lat' dir='ltr'><strong>est</strong></span> <span class='ocrx_word' id='word_1_403' title='bbox 1705 3316 1885 3382; x_wconf 86' lang='lat' dir='ltr'><strong>homo,</strong></span> 
     </span>
    </p>
   </div>
   <div class='ocr_carea' id='block_1_50' title="bbox 315 3407 1892 3482">
    <p class='ocr_par' dir='ltr' id='par_1_50' title="bbox 315 3407 1892 3482">
     <span class='ocr_line' id='line_1_50' title="bbox 315 3407 1892 3482; baseline 0.004 -22"><span class='ocrx_word' id='word_1_404' title='bbox 315 3407 607 3463; x_wconf 88' lang='lat' dir='ltr'><strong>veritatem</strong></span> <span class='ocrx_word' id='word_1_405' title='bbox 638 3407 949 3464; x_wconf 85' lang='lat' dir='ltr'><strong>ostenderet</strong></span> <span class='ocrx_word' id='word_1_406' title='bbox 994 3409 1206 3473; x_wconf 89' lang='lat' dir='ltr'><strong>carnis;</strong></span> <span class='ocrx_word' id='word_1_407' title='bbox 1239 3424 1337 3479; x_wconf 89' lang='lat' dir='ltr'><strong>per</strong></span> <span class='ocrx_word' id='word_1_408' title='bbox 1387 3409 1493 3466; x_wconf 92' lang='lat' dir='ltr'><strong>hoc</strong></span> <span class='ocrx_word' id='word_1_409' title='bbox 1539 3421 1720 3467; x_wconf 92' lang='lat' dir='ltr'><strong>autem</strong></span> <span class='ocrx_word' id='word_1_410' title='bbox 1752 3413 1892 3482; x_wconf 90' lang='lat' dir='ltr'><strong>quod</strong></span> 
     </span>
    </p>
   </div>
   <div class='ocr_carea' id='block_1_51' title="bbox 315 3500 1891 3572">
    <p class='ocr_par' dir='ltr' id='par_1_51' title="bbox 315 3500 1891 3572">
     <span class='ocr_line' id='line_1_51' title="bbox 315 3500 1891 3572; baseline 0.001 -16"><span class='ocrx_word' id='word_1_411' title='bbox 315 3501 584 3556; x_wconf 79' lang='lat' dir='ltr'><strong>inviolato</strong></span> <span class='ocrx_word' id='word_1_412' title='bbox 605 3500 937 3570; x_wconf 83' lang='lat' dir='ltr'><strong>virginitatis</strong></span> <span class='ocrx_word' id='word_1_413' title='bbox 985 3501 1161 3572; x_wconf 86' lang='lat' dir='ltr'><strong>sigillo</strong></span> <span class='ocrx_word' id='word_1_414' title='bbox 1184 3502 1389 3571; x_wconf 87' lang='lat' dir='ltr'><strong>prodiit</strong></span> <span class='ocrx_word' id='word_1_415' title='bbox 1408 3504 1475 3559; x_wconf 93' lang='lat' dir='ltr'><strong>de</strong></span> <span class='ocrx_word' id='word_1_416' title='bbox 1505 3505 1694 3560; x_wconf 90' lang='lat' dir='ltr'><strong>matris</strong></span> <span class='ocrx_word' id='word_1_417' title='bbox 1717 3513 1891 3569; x_wconf 91' lang='lat' dir='ltr'><strong>utero,</strong></span> 
     </span>
    </p>
   </div>
   <div class='ocr_carea' id='block_1_52' title="bbox 312 3592 1892 3663">
    <p class='ocr_par' dir='ltr' id='par_1_52' title="bbox 312 3592 1892 3663">
     <span class='ocr_line' id='line_1_52' title="bbox 312 3592 1892 3663; baseline 0.001 -16"><span class='ocrx_word' id='word_1_418' title='bbox 312 3593 762 3663; x_wconf 89' lang='lat' dir='ltr'><strong>omnipotentiam</strong></span> <span class='ocrx_word' id='word_1_419' title='bbox 833 3592 1135 3648; x_wconf 89' lang='lat' dir='ltr'><strong>divinitatis</strong></span> <span class='ocrx_word' id='word_1_420' title='bbox 1209 3604 1558 3650; x_wconf 89' lang='lat' dir='ltr'><strong>monstraret.</strong></span> <span class='ocrx_word' id='word_1_421' title='bbox 1626 3596 1892 3651; x_wconf 66' lang='lat' dir='ltr'><strong>Praeterea</strong></span> 
     </span>
    </p>
   </div>
   <div class='ocr_carea' id='block_1_53' title="bbox 315 3683 1896 3758">
    <p class='ocr_par' dir='ltr' id='par_1_53' title="bbox 315 3683 1896 3758">
     <span class='ocr_line' id='line_1_53' title="bbox 315 3683 1896 3758; baseline 0.003 -19"><span class='ocrx_word' id='word_1_422' title='bbox 315 3683 549 3739; x_wconf 81' lang='lat' dir='ltr'><strong>aliorum</strong></span> <span class='ocrx_word' id='word_1_423' title='bbox 581 3685 859 3739; x_wconf 88' lang='lat' dir='ltr'><strong>hominum</strong></span> <span class='ocrx_word' id='word_1_424' title='bbox 882 3685 1034 3755; x_wconf 91' lang='lat' dir='ltr'><strong>prius</strong></span> <span class='ocrx_word' id='word_1_425' title='bbox 1058 3684 1361 3741; x_wconf 78' lang='lat' dir='ltr'><strong>formantur</strong></span> <span class='ocrx_word' id='word_1_426' title='bbox 1392 3702 1617 3758; x_wconf 90' lang='lat' dir='ltr'><strong>corpora</strong></span> <span class='ocrx_word' id='word_1_427' title='bbox 1645 3689 1698 3744; x_wconf 93' lang='lat' dir='ltr'><strong>in</strong></span> <span class='ocrx_word' id='word_1_428' title='bbox 1728 3689 1896 3745; x_wconf 89' lang='lat' dir='ltr'><strong>uteris</strong></span> 
     </span>
    </p>
   </div>
   <div class='ocr_carea' id='block_1_54' title="bbox 315 3776 1893 3848">
    <p class='ocr_par' dir='ltr' id='par_1_54' title="bbox 315 3776 1893 3848">
     <span class='ocr_line' id='line_1_54' title="bbox 315 3776 1893 3848; baseline 0.002 -16"><span class='ocrx_word' id='word_1_429' title='bbox 315 3787 589 3843; x_wconf 88' lang='lat' dir='ltr'><strong>matrum,</strong></span> <span class='ocrx_word' id='word_1_430' title='bbox 613 3785 668 3831; x_wconf 91' lang='lat' dir='ltr'><strong>et</strong></span> <span class='ocrx_word' id='word_1_431' title='bbox 712 3776 959 3833; x_wconf 82' lang='lat' dir='ltr'><strong>formatis</strong></span> <span class='ocrx_word' id='word_1_432' title='bbox 989 3778 1310 3847; x_wconf 89' lang='lat' dir='ltr'><strong>corporibus</strong></span> <span class='ocrx_word' id='word_1_433' title='bbox 1343 3778 1682 3846; x_wconf 86' lang='lat' dir='ltr'><strong>inspirantur</strong></span> <span class='ocrx_word' id='word_1_434' title='bbox 1711 3790 1893 3848; x_wconf 88' lang='lat' dir='ltr'><strong>postea</strong></span> 
     </span>
    </p>
   </div>
   <div class='ocr_carea' id='block_1_55' title="bbox 317 3869 1897 3939">
    <p class='ocr_par' dir='ltr' id='par_1_55' title="bbox 317 3869 1897 3939">
     <span class='ocr_line' id='line_1_55' title="bbox 317 3869 1897 3939; baseline 0.003 -17"><span class='ocrx_word' id='word_1_435' title='bbox 317 3871 540 3935; x_wconf 68' lang='lat' dir='ltr'><strong>animm,</strong></span> <span class='ocrx_word' id='word_1_436' title='bbox 564 3869 758 3939; x_wconf 88' lang='lat' dir='ltr'><strong>quibus</strong></span> <span class='ocrx_word' id='word_1_437' title='bbox 807 3884 1035 3939; x_wconf 88' lang='lat' dir='ltr'><strong>corpora</strong></span> <span class='ocrx_word' id='word_1_438' title='bbox 1086 3869 1200 3938; x_wconf 82' lang='lat' dir='ltr'><strong>ipsa</strong></span> <span class='ocrx_word' id='word_1_439' title='bbox 1231 3869 1592 3925; x_wconf 90' lang='lat' dir='ltr'><strong>vivilicantur.</strong></span> <span class='ocrx_word' id='word_1_440' title='bbox 1619 3870 1738 3925; x_wconf 88' lang='lat' dir='ltr'><strong>Filii</strong></span> <span class='ocrx_word' id='word_1_441' title='bbox 1768 3887 1897 3927; x_wconf 92' lang='lat' dir='ltr'><strong>vero</strong></span> 
     </span>
    </p>
   </div>
   <div class='ocr_carea' id='block_1_56' title="bbox 320 3960 1898 4033">
    <p class='ocr_par' dir='ltr' id='par_1_56' title="bbox 320 3960 1898 4033">
     <span class='ocr_line' id='line_1_56' title="bbox 320 3960 1898 4033; baseline 0.002 -18"><span class='ocrx_word' id='word_1_442' title='bbox 320 3961 413 4015; x_wconf 85' lang='lat' dir='ltr'><strong>Dci</strong></span> <span class='ocrx_word' id='word_1_443' title='bbox 447 3976 573 4015; x_wconf 87' lang='lat' dir='ltr'><strong>vera</strong></span> <span class='ocrx_word' id='word_1_444' title='bbox 602 3975 754 4027; x_wconf 85' lang='lat' dir='ltr'><strong>caro,</strong></span> <span class='ocrx_word' id='word_1_445' title='bbox 773 3976 878 4017; x_wconf 92' lang='lat' dir='ltr'><strong>non</strong></span> <span class='ocrx_word' id='word_1_446' title='bbox 901 3960 1216 4031; x_wconf 85' lang='lat' dir='ltr'><strong>priusquam</strong></span> <span class='ocrx_word' id='word_1_447' title='bbox 1241 3961 1356 4032; x_wconf 91' lang='lat' dir='ltr'><strong>ipse</strong></span> <span class='ocrx_word' id='word_1_448' title='bbox 1383 3962 1621 4018; x_wconf 89' lang='lat' dir='ltr'><strong>venisset</strong></span> <span class='ocrx_word' id='word_1_449' title='bbox 1653 3962 1706 4016; x_wconf 93' lang='lat' dir='ltr'><strong>in</strong></span> <span class='ocrx_word' id='word_1_450' title='bbox 1736 3962 1898 4033; x_wconf 82' lang='lat' dir='ltr'><strong>virgi-</strong></span> 
     </span>
    </p>
   </div>
   <div class='ocr_carea' id='block_1_57' title="bbox 319 4052 1896 4127">
    <p class='ocr_par' dir='ltr' id='par_1_57' title="bbox 319 4052 1896 4127">
     <span class='ocr_line' id='line_1_57' title="bbox 319 4052 1896 4127; baseline 0.002 -20"><span class='ocrx_word' id='word_1_451' title='bbox 319 4070 468 4115; x_wconf 84' lang='lat' dir='ltr'><strong>nem,</strong></span> <span class='ocrx_word' id='word_1_452' title='bbox 500 4054 553 4107; x_wconf 91' lang='lat' dir='ltr'><strong>in</strong></span> <span class='ocrx_word' id='word_1_453' title='bbox 577 4061 731 4108; x_wconf 88' lang='lat' dir='ltr'><strong>utero</strong></span> <span class='ocrx_word' id='word_1_454' title='bbox 754 4052 979 4124; x_wconf 88' lang='lat' dir='ltr'><strong>virginis</strong></span> <span class='ocrx_word' id='word_1_455' title='bbox 1004 4062 1265 4123; x_wconf 88' lang='lat' dir='ltr'><strong>concepta</strong></span> <span class='ocrx_word' id='word_1_456' title='bbox 1316 4064 1432 4121; x_wconf 91' lang='lat' dir='ltr'><strong>est,</strong></span> <span class='ocrx_word' id='word_1_457' title='bbox 1470 4068 1571 4109; x_wconf 90' lang='lat' dir='ltr'><strong>nec</strong></span> <span class='ocrx_word' id='word_1_458' title='bbox 1613 4064 1896 4127; x_wconf 86' lang='lat' dir='ltr'><strong>postquam</strong></span> 
     </span>
    </p>
   </div>
   <div class='ocr_carea' id='block_1_58' title="bbox 321 4144 1897 4218">
    <p class='ocr_par' dir='ltr' id='par_1_58' title="bbox 321 4144 1897 4218">
     <span class='ocr_line' id='line_1_58' title="bbox 321 4144 1897 4218; baseline 0.004 -22"><span class='ocrx_word' id='word_1_459' title='bbox 321 4162 547 4199; x_wconf 73' lang='lat' dir='ltr'><strong>t‘at&#39;llem</strong></span> <span class='ocrx_word' id='word_1_460' title='bbox 579 4145 836 4215; x_wconf 85' lang='lat' dir='ltr'><strong>suscepit,</strong></span> <span class='ocrx_word' id='word_1_461' title='bbox 882 4144 1033 4201; x_wconf 85' lang='lat' dir='ltr'><strong>carni</strong></span> <span class='ocrx_word' id='word_1_462' title='bbox 1084 4144 1185 4216; x_wconf 88' lang='lat' dir='ltr'><strong>ipsi</strong></span> <span class='ocrx_word' id='word_1_463' title='bbox 1222 4146 1400 4201; x_wconf 89' lang='lat' dir='ltr'><strong>anima</strong></span> <span class='ocrx_word' id='word_1_464' title='bbox 1452 4145 1765 4218; x_wconf 85' lang='lat' dir='ltr'><strong>conjuncta;</strong></span> <span class='ocrx_word' id='word_1_465' title='bbox 1805 4147 1897 4202; x_wconf 89' lang='lat' dir='ltr'><strong>sed</strong></span> 
     </span>
    </p>
   </div>
   <div class='ocr_carea' id='block_1_59' title="bbox 320 4236 1901 4308">
    <p class='ocr_par' dir='ltr' id='par_1_59' title="bbox 320 4236 1901 4308">
     <span class='ocr_line' id='line_1_59' title="bbox 320 4236 1901 4308; baseline 0.001 -19"><span class='ocrx_word' id='word_1_466' title='bbox 320 4251 445 4289; x_wconf 71' lang='lat' dir='ltr'><strong>mox</strong></span> <span class='ocrx_word' id='word_1_467' title='bbox 482 4246 540 4289; x_wconf 92' lang='lat' dir='ltr'><strong>nt</strong></span> <span class='ocrx_word' id='word_1_468' title='bbox 563 4236 675 4305; x_wconf 88' lang='lat' dir='ltr'><strong>ipse</strong></span> <span class='ocrx_word' id='word_1_469' title='bbox 705 4237 852 4291; x_wconf 87' lang='lat' dir='ltr'><strong>venit</strong></span> <span class='ocrx_word' id='word_1_470' title='bbox 879 4236 930 4291; x_wconf 92' lang='lat' dir='ltr'><strong>in</strong></span> <span class='ocrx_word' id='word_1_471' title='bbox 961 4237 1250 4307; x_wconf 88' lang='lat' dir='ltr'><strong>virginem,</strong></span> <span class='ocrx_word' id='word_1_472' title='bbox 1279 4247 1452 4293; x_wconf 90' lang='lat' dir='ltr'><strong>totum</strong></span> <span class='ocrx_word' id='word_1_473' title='bbox 1480 4237 1640 4294; x_wconf 87' lang='lat' dir='ltr'><strong>simul</strong></span> <span class='ocrx_word' id='word_1_474' title='bbox 1664 4237 1901 4308; x_wconf 90' lang='lat' dir='ltr'><strong>suscepit</strong></span> 
     </span>
    </p>
   </div>
   <div class='ocr_carea' id='block_1_60' title="bbox 321 4326 1901 4399">
    <p class='ocr_par' dir='ltr' id='par_1_60' title="bbox 321 4326 1901 4399">
     <span class='ocr_line' id='line_1_60' title="bbox 321 4326 1901 4399; baseline 0.001 -18"><span class='ocrx_word' id='word_1_475' title='bbox 321 4326 619 4392; x_wconf 86' lang='lat' dir='ltr'><strong>hominem,</strong></span> <span class='ocrx_word' id='word_1_476' title='bbox 647 4327 885 4381; x_wconf 88' lang='lat' dir='ltr'><strong>animam</strong></span> <span class='ocrx_word' id='word_1_477' title='bbox 908 4328 1113 4383; x_wconf 88' lang='lat' dir='ltr'><strong>scilicet</strong></span> <span class='ocrx_word' id='word_1_478' title='bbox 1134 4338 1188 4383; x_wconf 90' lang='lat' dir='ltr'><strong>et</strong></span> <span class='ocrx_word' id='word_1_479' title='bbox 1210 4345 1448 4385; x_wconf 90' lang='lat' dir='ltr'><strong>carnem.</strong></span> <span class='ocrx_word' id='word_1_480' title='bbox 1475 4329 1627 4386; x_wconf 87' lang='lat' dir='ltr'><strong>Unde</strong></span> <span class='ocrx_word' id='word_1_481' title='bbox 1649 4329 1901 4399; x_wconf 85' lang='lat' dir='ltr'><strong>Augusti-</strong></span> 
     </span>
    </p>
   </div>
   <div class='ocr_carea' id='block_1_61' title="bbox 320 4417 1902 4489">
    <p class='ocr_par' dir='ltr' id='par_1_61' title="bbox 320 4417 1902 4489">
     <span class='ocr_line' id='line_1_61' title="bbox 320 4417 1902 4489; baseline 0.001 -14"><span class='ocrx_word' id='word_1_482' title='bbox 320 4436 423 4475; x_wconf 84' lang='lat' dir='ltr'><strong>nus</strong></span> <span class='ocrx_word' id='word_1_483' title='bbox 458 4417 630 4473; x_wconf 87' lang='lat' dir='ltr'><strong>:Cum</strong></span> <span class='ocrx_word' id='word_1_484' title='bbox 673 4418 898 4474; x_wconf 82' lang='lat' dir='ltr'><strong>Verbum</strong></span> <span class='ocrx_word' id='word_1_485' title='bbox 927 4420 1021 4474; x_wconf 88' lang='lat' dir='ltr'><strong>Dei</strong></span> <span class='ocrx_word' id='word_1_486' title='bbox 1052 4422 1352 4489; x_wconf 86' lang='lat' dir='ltr'><strong>permistum</strong></span> <span class='ocrx_word' id='word_1_487' title='bbox 1383 4432 1458 4477; x_wconf 83' lang='lat' dir='ltr'><strong>est</strong></span> <span class='ocrx_word' id='word_1_488' title='bbox 1485 4424 1671 4476; x_wconf 69' lang='lat' dir='ltr'><strong>animus</strong></span> <span class='ocrx_word' id='word_1_489' title='bbox 1693 4422 1902 4476; x_wconf 80' lang='lat' dir='ltr'><strong>habenti</strong></span> 
     </span>
    </p>
   </div>
   <div class='ocr_carea' id='block_1_62' title="bbox 1984 1942 3564 2015">
    <p class='ocr_par' dir='ltr' id='par_1_62' title="bbox 1984 1942 3564 2015">
     <span class='ocr_line' id='line_1_62' title="bbox 1984 1942 3564 2015; baseline -0.003 -12"><span class='ocrx_word' id='word_1_490' title='bbox 1984 1963 2055 2003; x_wconf 91' lang='lat' dir='ltr'><strong>ne</strong></span> <span class='ocrx_word' id='word_1_491' title='bbox 2096 1962 2217 2002; x_wconf 85' lang='lat' dir='ltr'><strong>eam</strong></span> <span class='ocrx_word' id='word_1_492' title='bbox 2262 1960 2572 2014; x_wconf 88' lang='lat' dir='ltr'><strong>sequamur,</strong></span> <span class='ocrx_word' id='word_1_493' title='bbox 2604 1947 2728 2014; x_wconf 91' lang='lat' dir='ltr'><strong>quia</strong></span> <span class='ocrx_word' id='word_1_494' title='bbox 2764 1946 2930 2000; x_wconf 83' lang='lat' dir='ltr'><strong>vitam</strong></span> <span class='ocrx_word' id='word_1_495' title='bbox 2978 1944 3174 1999; x_wconf 87' lang='lat' dir='ltr'><strong>malam</strong></span> <span class='ocrx_word' id='word_1_496' title='bbox 3219 1942 3378 2015; x_wconf 65' lang='grc'><strong>34],</strong></span> <span class='ocrx_word' id='word_1_497' title='bbox 3415 1958 3564 2000; x_wconf 84' lang='lat' dir='ltr'><strong>mors</strong></span> 
     </span>
    </p>
   </div>
   <div class='ocr_carea' id='block_1_63' title="bbox 1985 2033 3567 2107">
    <p class='ocr_par' dir='ltr' id='par_1_63' title="bbox 1985 2033 3567 2107">
     <span class='ocr_line' id='line_1_63' title="bbox 1985 2033 3567 2107; baseline -0.001 -14"><span class='ocrx_word' id='word_1_498' title='bbox 1985 2039 2124 2093; x_wconf 83' lang='lat' dir='ltr'><strong>bona</strong></span> <span class='ocrx_word' id='word_1_499' title='bbox 2151 2052 2253 2091; x_wconf 91' lang='lat' dir='ltr'><strong>non</strong></span> <span class='ocrx_word' id='word_1_500' title='bbox 2281 2037 2547 2106; x_wconf 88' lang='lat' dir='ltr'><strong>sequitur.</strong></span> <span class='ocrx_word' id='word_1_501' title='bbox 2573 2036 2822 2092; x_wconf 79' lang='lat' dir='ltr'><strong>Christus</strong></span> <span class='ocrx_word' id='word_1_502' title='bbox 2852 2052 2987 2107; x_wconf 86' lang='lat' dir='ltr'><strong>puer</strong></span> <span class='ocrx_word' id='word_1_503' title='bbox 3025 2033 3279 2106; x_wconf 85' lang='lat' dir='ltr'><strong>parvulus</strong></span> <span class='ocrx_word' id='word_1_504' title='bbox 3313 2044 3472 2090; x_wconf 86' lang='lat' dir='ltr'><strong>natus</strong></span> <span class='ocrx_word' id='word_1_505' title='bbox 3497 2035 3567 2093; x_wconf 80' lang='lat' dir='ltr'><strong>dc</strong></span> 
     </span>
    </p>
   </div>
   <div class='ocr_carea' id='block_1_64' title="bbox 1986 2125 3567 2197">
    <p class='ocr_par' dir='ltr' id='par_1_64' title="bbox 1986 2125 3567 2197">
     <span class='ocr_line' id='line_1_64' title="bbox 1986 2125 3567 2197; baseline -0.001 -14"><span class='ocrx_word' id='word_1_506' title='bbox 1986 2138 2183 2192; x_wconf 90' lang='lat' dir='ltr'><strong>matre,</strong></span> <span class='ocrx_word' id='word_1_507' title='bbox 2206 2127 2377 2183; x_wconf 85' lang='lat' dir='ltr'><strong>Filius</strong></span> <span class='ocrx_word' id='word_1_508' title='bbox 2398 2127 2645 2183; x_wconf 79' lang='lat' dir='ltr'><strong>excelsus</strong></span> <span class='ocrx_word' id='word_1_509' title='bbox 2676 2127 2767 2182; x_wconf 92' lang='lat' dir='ltr'><strong>Dei</strong></span> <span class='ocrx_word' id='word_1_510' title='bbox 2801 2127 2976 2182; x_wconf 79' lang='lat' dir='ltr'><strong>Patris</strong></span> <span class='ocrx_word' id='word_1_511' title='bbox 2996 2136 3101 2193; x_wconf 91' lang='lat' dir='ltr'><strong>est,</strong></span> <span class='ocrx_word' id='word_1_512' title='bbox 3126 2125 3347 2197; x_wconf 74' lang='lat' dir='ltr'><strong>:eqnalis</strong></span> <span class='ocrx_word' id='word_1_513' title='bbox 3389 2126 3439 2180; x_wconf 88' lang='lat' dir='ltr'><strong>ei</strong></span> <span class='ocrx_word' id='word_1_514' title='bbox 3471 2140 3567 2196; x_wconf 89' lang='lat' dir='ltr'><strong>per</strong></span> 
     </span>
    </p>
   </div>
   <div class='ocr_carea' id='block_1_65' title="bbox 1986 2217 3569 2290">
    <p class='ocr_par' dir='ltr' id='par_1_65' title="bbox 1986 2217 3569 2290">
     <span class='ocr_line' id='line_1_65' title="bbox 1986 2217 3569 2290; baseline -0.004 -11"><span class='ocrx_word' id='word_1_515' title='bbox 1986 2227 2165 2280; x_wconf 92' lang='lat' dir='ltr'><strong>omnia</strong></span> <span class='ocrx_word' id='word_1_516' title='bbox 2192 2222 2244 2275; x_wconf 92' lang='lat' dir='ltr'><strong>in</strong></span> <span class='ocrx_word' id='word_1_517' title='bbox 2275 2218 2575 2276; x_wconf 87' lang='lat' dir='ltr'><strong>divinitate.</strong></span> <span class='ocrx_word' id='word_1_518' title='bbox 2619 2218 2718 2275; x_wconf 84' lang='lat' dir='ltr'><strong>Hic</strong></span> <span class='ocrx_word' id='word_1_519' title='bbox 2742 2220 2884 2290; x_wconf 89' lang='lat' dir='ltr'><strong>pius,</strong></span> <span class='ocrx_word' id='word_1_520' title='bbox 2923 2219 3164 2285; x_wconf 89' lang='lat' dir='ltr'><strong>humilis,</strong></span> <span class='ocrx_word' id='word_1_521' title='bbox 3192 2218 3386 2282; x_wconf 87' lang='lat' dir='ltr'><strong>dulcis,</strong></span> <span class='ocrx_word' id='word_1_522' title='bbox 3413 2217 3569 2273; x_wconf 78' lang='grc' dir='ltr'><strong>ι)θηί-</strong></span> 
     </span>
    </p>
   </div>
   <div class='ocr_carea' id='block_1_66' title="bbox 1988 2310 3565 2392">
    <p class='ocr_par' dir='ltr' id='par_1_66' title="bbox 1988 2310 3565 2392">
     <span class='ocr_line' id='line_1_66' title="bbox 1988 2310 3565 2392; baseline -0.006 -19"><span class='ocrx_word' id='word_1_523' title='bbox 1988 2337 2127 2392; x_wconf 79' lang='lat' dir='ltr'><strong>guns</strong></span> <span class='ocrx_word' id='word_1_524' title='bbox 2155 2320 2311 2373; x_wconf 84' lang='lat' dir='ltr'><strong>datus</strong></span> <span class='ocrx_word' id='word_1_525' title='bbox 2334 2327 2409 2373; x_wconf 86' lang='lat' dir='ltr'><strong>est</strong></span> <span class='ocrx_word' id='word_1_526' title='bbox 2437 2316 2611 2379; x_wconf 86' lang='lat' dir='ltr'><strong>nobis,</strong></span> <span class='ocrx_word' id='word_1_527' title='bbox 2630 2324 2829 2368; x_wconf 61' lang='lat' dir='ltr'><strong>nostra;</strong></span> <span class='ocrx_word' id='word_1_528' title='bbox 2852 2312 3037 2381; x_wconf 90' lang='lat' dir='ltr'><strong>utique</strong></span> <span class='ocrx_word' id='word_1_529' title='bbox 3060 2312 3297 2382; x_wconf 91' lang='lat' dir='ltr'><strong>pretium</strong></span> <span class='ocrx_word' id='word_1_530' title='bbox 3348 2310 3565 2366; x_wconf 84' lang='lat' dir='ltr'><strong>redem-</strong></span> 
     </span>
    </p>
   </div>
   <div class='ocr_carea' id='block_1_67' title="bbox 1988 2402 3564 2483">
    <p class='ocr_par' dir='ltr' id='par_1_67' title="bbox 1988 2402 3564 2483">
     <span class='ocr_line' id='line_1_67' title="bbox 1988 2402 3564 2483; baseline -0.006 -17"><span class='ocrx_word' id='word_1_531' title='bbox 1988 2411 2510 2483; x_wconf 84' lang='lat' dir='ltr'><strong>ptionis.l)ehitores</strong></span> <span class='ocrx_word' id='word_1_532' title='bbox 2562 2421 2777 2461; x_wconf 87' lang='lat' dir='ltr'><strong>eramus</strong></span> <span class='ocrx_word' id='word_1_533' title='bbox 2815 2404 3053 2467; x_wconf 87' lang='lat' dir='ltr'><strong>diaboli,</strong></span> <span class='ocrx_word' id='word_1_534' title='bbox 3110 2411 3165 2457; x_wconf 89' lang='lat' dir='ltr'><strong>et</strong></span> <span class='ocrx_word' id='word_1_535' title='bbox 3219 2402 3342 2471; x_wconf 89' lang='lat' dir='ltr'><strong>quia</strong></span> <span class='ocrx_word' id='word_1_536' title='bbox 3401 2416 3564 2456; x_wconf 90' lang='lat' dir='ltr'><strong>nemo</strong></span> 
     </span>
    </p>
   </div>
   <div class='ocr_carea' id='block_1_68' title="bbox 1989 2494 3568 2570">
    <p class='ocr_par' dir='ltr' id='par_1_68' title="bbox 1989 2494 3568 2570">
     <span class='ocr_line' id='line_1_68' title="bbox 1989 2494 3568 2570; baseline -0.008 -10"><span class='ocrx_word' id='word_1_537' title='bbox 1989 2512 2236 2560; x_wconf 88' lang='lat' dir='ltr'><strong>nostrum</strong></span> <span class='ocrx_word' id='word_1_538' title='bbox 2265 2502 2473 2558; x_wconf 88' lang='lat' dir='ltr'><strong>solvere</strong></span> <span class='ocrx_word' id='word_1_539' title='bbox 2503 2507 2714 2570; x_wconf 90' lang='lat' dir='ltr'><strong>poterat</strong></span> <span class='ocrx_word' id='word_1_540' title='bbox 2740 2497 2883 2569; x_wconf 91' lang='lat' dir='ltr'><strong>quod</strong></span> <span class='ocrx_word' id='word_1_541' title='bbox 2905 2496 2954 2551; x_wconf 91' lang='lat' dir='ltr'><strong>ei</strong></span> <span class='ocrx_word' id='word_1_542' title='bbox 2976 2494 3274 2550; x_wconf 89' lang='lat' dir='ltr'><strong>debebatur</strong></span> <span class='ocrx_word' id='word_1_543' title='bbox 3292 2508 3387 2565; x_wconf 90' lang='lat' dir='ltr'><strong>per</strong></span> <span class='ocrx_word' id='word_1_544' title='bbox 3406 2494 3568 2565; x_wconf 87' lang='lat' dir='ltr'><strong>primi</strong></span> 
     </span>
    </p>
   </div>
   <div class='ocr_carea' id='block_1_69' title="bbox 1989 2587 3571 2666">
    <p class='ocr_par' dir='ltr' id='par_1_69' title="bbox 1989 2587 3571 2666">
     <span class='ocr_line' id='line_1_69' title="bbox 1989 2587 3571 2666; baseline -0.008 -13"><span class='ocrx_word' id='word_1_545' title='bbox 1989 2596 2226 2653; x_wconf 89' lang='lat' dir='ltr'><strong>hominis</strong></span> <span class='ocrx_word' id='word_1_546' title='bbox 2281 2602 2597 2666; x_wconf 85' lang='lat' dir='ltr'><strong>peccatum,</strong></span> <span class='ocrx_word' id='word_1_547' title='bbox 2672 2591 2725 2646; x_wconf 92' lang='lat' dir='ltr'><strong>in</strong></span> <span class='ocrx_word' id='word_1_548' title='bbox 2798 2590 2916 2658; x_wconf 85' lang='lat' dir='ltr'><strong>ejus</strong></span> <span class='ocrx_word' id='word_1_549' title='bbox 2964 2600 3187 2648; x_wconf 88' lang='lat' dir='ltr'><strong>carcere</strong></span> <span class='ocrx_word' id='word_1_550' title='bbox 3251 2587 3571 2643; x_wconf 86' lang='lat' dir='ltr'><strong>tenebamur</strong></span> 
     </span>
    </p>
   </div>
   <div class='ocr_carea' id='block_1_70' title="bbox 1990 2679 3567 2762">
    <p class='ocr_par' dir='ltr' id='par_1_70' title="bbox 1990 2679 3567 2762">
     <span class='ocr_line' id='line_1_70' title="bbox 1990 2679 3567 2762; baseline -0.01 -14"><span class='ocrx_word' id='word_1_551' title='bbox 1990 2691 2209 2762; x_wconf 82' lang='lat' dir='ltr'><strong>captivi,</strong></span> <span class='ocrx_word' id='word_1_552' title='bbox 2247 2689 2397 2745; x_wconf 79' lang='lat' dir='ltr'><strong>duris</strong></span> <span class='ocrx_word' id='word_1_553' title='bbox 2438 2697 2489 2743; x_wconf 89' lang='lat' dir='ltr'><strong>et</strong></span> <span class='ocrx_word' id='word_1_554' title='bbox 2522 2686 2657 2741; x_wconf 91' lang='lat' dir='ltr'><strong>diris</strong></span> <span class='ocrx_word' id='word_1_555' title='bbox 2684 2686 2893 2756; x_wconf 89' lang='lat' dir='ltr'><strong>legibus</strong></span> <span class='ocrx_word' id='word_1_556' title='bbox 2935 2694 3283 2755; x_wconf 89' lang='lat' dir='ltr'><strong>peccatorum</strong></span> <span class='ocrx_word' id='word_1_557' title='bbox 3335 2679 3567 2737; x_wconf 89' lang='lat' dir='ltr'><strong>astricti.</strong></span> 
     </span>
    </p>
   </div>
   <div class='ocr_carea' id='block_1_71' title="bbox 1989 2773 3569 2852">
    <p class='ocr_par' dir='ltr' id='par_1_71' title="bbox 1989 2773 3569 2852">
     <span class='ocr_line' id='line_1_71' title="bbox 1989 2773 3569 2852; baseline -0.008 -13"><span class='ocrx_word' id='word_1_558' title='bbox 1989 2784 2099 2840; x_wconf 85' lang='lat' dir='ltr'><strong>Nos</strong></span> <span class='ocrx_word' id='word_1_559' title='bbox 2125 2792 2303 2839; x_wconf 89' lang='lat' dir='ltr'><strong>autem</strong></span> <span class='ocrx_word' id='word_1_560' title='bbox 2334 2799 2363 2837; x_wconf 89' lang='lat' dir='ltr'><strong>a</strong></span> <span class='ocrx_word' id='word_1_561' title='bbox 2389 2789 2613 2852; x_wconf 84' lang='lat' dir='ltr'><strong>peccato</strong></span> <span class='ocrx_word' id='word_1_562' title='bbox 2636 2778 2871 2835; x_wconf 89' lang='lat' dir='ltr'><strong>liberare</strong></span> <span class='ocrx_word' id='word_1_563' title='bbox 2893 2794 3056 2835; x_wconf 91' lang='lat' dir='ltr'><strong>nemo</strong></span> <span class='ocrx_word' id='word_1_564' title='bbox 3079 2778 3314 2841; x_wconf 87' lang='lat' dir='ltr'><strong>valebat,</strong></span> <span class='ocrx_word' id='word_1_565' title='bbox 3345 2774 3447 2830; x_wconf 90' lang='lat' dir='ltr'><strong>nisi</strong></span> <span class='ocrx_word' id='word_1_566' title='bbox 3478 2773 3569 2843; x_wconf 88' lang='lat' dir='ltr'><strong>qui</strong></span> 
     </span>
    </p>
   </div>
   <div class='ocr_carea' id='block_1_72' title="bbox 1991 2864 3572 2943">
    <p class='ocr_par' dir='ltr' id='par_1_72' title="bbox 1991 2864 3572 2943">
     <span class='ocr_line' id='line_1_72' title="bbox 1991 2864 3572 2943; baseline -0.007 -11"><span class='ocrx_word' id='word_1_567' title='bbox 1991 2876 2136 2932; x_wconf 91' lang='lat' dir='ltr'><strong>solus</strong></span> <span class='ocrx_word' id='word_1_568' title='bbox 2174 2883 2293 2931; x_wconf 90' lang='lat' dir='ltr'><strong>erat</strong></span> <span class='ocrx_word' id='word_1_569' title='bbox 2349 2873 2467 2929; x_wconf 89' lang='lat' dir='ltr'><strong>sine</strong></span> <span class='ocrx_word' id='word_1_570' title='bbox 2510 2879 2755 2943; x_wconf 88' lang='lat' dir='ltr'><strong>peccato,</strong></span> <span class='ocrx_word' id='word_1_571' title='bbox 2802 2869 2974 2927; x_wconf 88' lang='lat' dir='ltr'><strong>Filius</strong></span> <span class='ocrx_word' id='word_1_572' title='bbox 3004 2871 3121 2927; x_wconf 89' lang='lat' dir='ltr'><strong>Dei.</strong></span> <span class='ocrx_word' id='word_1_573' title='bbox 3155 2870 3260 2925; x_wconf 89' lang='lat' dir='ltr'><strong>lste</strong></span> <span class='ocrx_word' id='word_1_574' title='bbox 3312 2864 3572 2937; x_wconf 87' lang='lat' dir='ltr'><strong>sapientis</strong></span> 
     </span>
    </p>
   </div>
   <div class='ocr_carea' id='block_1_73' title="bbox 1990 2961 3575 3040">
    <p class='ocr_par' dir='ltr' id='par_1_73' title="bbox 1990 2961 3575 3040">
     <span class='ocr_line' id='line_1_73' title="bbox 1990 2961 3575 3040; baseline -0.008 -14"><span class='ocrx_word' id='word_1_575' title='bbox 1990 2984 2140 3026; x_wconf 90' lang='lat' dir='ltr'><strong>more</strong></span> <span class='ocrx_word' id='word_1_576' title='bbox 2174 2968 2391 3033; x_wconf 90' lang='lat' dir='ltr'><strong>medici,</strong></span> <span class='ocrx_word' id='word_1_577' title='bbox 2426 2968 2515 3037; x_wconf 92' lang='lat' dir='ltr'><strong>qui</strong></span> <span class='ocrx_word' id='word_1_578' title='bbox 2565 2967 2857 3040; x_wconf 87' lang='lat' dir='ltr'><strong>languebat</strong></span> <span class='ocrx_word' id='word_1_579' title='bbox 2883 2966 3112 3037; x_wconf 89' lang='lat' dir='ltr'><strong>diligens</strong></span> <span class='ocrx_word' id='word_1_580' title='bbox 3159 2961 3432 3019; x_wconf 80' lang='lat' dir='ltr'><strong>hominem</strong></span> <span class='ocrx_word' id='word_1_581' title='bbox 3454 3000 3470 3025; x_wconf 91' lang='lat'><strong>,</strong></span> <span class='ocrx_word' id='word_1_582' title='bbox 3518 2966 3575 3014; x_wconf 91' lang='lat' dir='ltr'><strong>et</strong></span> 
     </span>
    </p>
   </div>
   <div class='ocr_carea' id='block_1_74' title="bbox 1991 3048 3572 3134">
    <p class='ocr_par' dir='ltr' id='par_1_74' title="bbox 1991 3048 3572 3134">
     <span class='ocr_line' id='line_1_74' title="bbox 1991 3048 3572 3134; baseline -0.008 -20"><span class='ocrx_word' id='word_1_583' title='bbox 1991 3060 2116 3115; x_wconf 90' lang='lat' dir='ltr'><strong>odio</strong></span> <span class='ocrx_word' id='word_1_584' title='bbox 2147 3059 2354 3114; x_wconf 89' lang='lat' dir='ltr'><strong>habens</strong></span> <span class='ocrx_word' id='word_1_585' title='bbox 2380 3058 2615 3134; x_wconf 72' lang='lat' dir='ltr'><strong>hominis</strong></span> <span class='ocrx_word' id='word_1_586' title='bbox 2644 3060 2979 3130; x_wconf 82' lang='lat' dir='ltr'><strong>languorem,</strong></span> <span class='ocrx_word' id='word_1_587' title='bbox 3010 3069 3230 3113; x_wconf 86' lang='lat' dir='ltr'><strong>carnem</strong></span> <span class='ocrx_word' id='word_1_588' title='bbox 3258 3048 3572 3119; x_wconf 85' lang='lat' dir='ltr'><strong>assumpsit,</strong></span> 
     </span>
    </p>
   </div>
   <div class='ocr_carea' id='block_1_75' title="bbox 1917 3139 3575 3245">
    <p class='ocr_par' dir='ltr' id='par_1_75' title="bbox 1917 3139 3575 3245">
     <span class='ocr_line' id='line_1_75' title="bbox 1917 3139 3575 3245; baseline -0.007 -39"><span class='ocrx_word' id='word_1_589' title='bbox 1917 3181 1964 3245; x_wconf 65' lang='grc' dir='ltr'>ο</span> <span class='ocrx_word' id='word_1_590' title='bbox 1995 3158 2048 3205; x_wconf 88' lang='lat' dir='ltr'><strong>et</strong></span> <span class='ocrx_word' id='word_1_591' title='bbox 2079 3151 2145 3205; x_wconf 93' lang='lat' dir='ltr'><strong>de</strong></span> <span class='ocrx_word' id='word_1_592' title='bbox 2166 3165 2332 3205; x_wconf 88' lang='lat' dir='ltr'><strong>carne</strong></span> <span class='ocrx_word' id='word_1_593' title='bbox 2360 3165 2455 3205; x_wconf 90' lang='lat' dir='ltr'><strong>sua</strong></span> <span class='ocrx_word' id='word_1_594' title='bbox 2483 3150 2655 3205; x_wconf 91' lang='lat' dir='ltr'><strong>nostri</strong></span> <span class='ocrx_word' id='word_1_595' title='bbox 2678 3148 2808 3205; x_wconf 88' lang='lat' dir='ltr'><strong>fecit</strong></span> <span class='ocrx_word' id='word_1_596' title='bbox 2836 3148 3159 3205; x_wconf 84' lang='lat' dir='ltr'><strong>medicinam</strong></span> <span class='ocrx_word' id='word_1_597' title='bbox 3181 3143 3411 3216; x_wconf 87' lang='lat' dir='ltr'><strong>peccati.</strong></span> <span class='ocrx_word' id='word_1_598' title='bbox 3434 3139 3575 3197; x_wconf 89' lang='lat' dir='ltr'><strong>Vere</strong></span> 
     </span>
    </p>
   </div>
   <div class='ocr_carea' id='block_1_76' title="bbox 1998 3235 3575 3313">
    <p class='ocr_par' dir='ltr' id='par_1_76' title="bbox 1998 3235 3575 3313">
     <span class='ocr_line' id='line_1_76' title="bbox 1998 3235 3575 3313; baseline -0.005 -16"><span class='ocrx_word' id='word_1_599' title='bbox 1998 3242 2291 3313; x_wconf 86' lang='lat' dir='ltr'><strong>assumpsit</strong></span> <span class='ocrx_word' id='word_1_600' title='bbox 2318 3257 2561 3304; x_wconf 90' lang='lat' dir='ltr'><strong>carnem,</strong></span> <span class='ocrx_word' id='word_1_601' title='bbox 2591 3240 2982 3297; x_wconf 69' lang='lat' dir='ltr'><strong>inaestimabilis</strong></span> <span class='ocrx_word' id='word_1_602' title='bbox 3010 3240 3219 3295; x_wconf 90' lang='lat' dir='ltr'><strong>scilicet</strong></span> <span class='ocrx_word' id='word_1_603' title='bbox 3262 3235 3575 3292; x_wconf 89' lang='lat' dir='ltr'><strong>misericor-</strong></span> 
     </span>
    </p>
   </div>
   <div class='ocr_carea' id='block_1_77' title="bbox 1996 3325 3569 3390">
    <p class='ocr_par' dir='ltr' id='par_1_77' title="bbox 1996 3325 3569 3390">
     <span class='ocr_line' id='line_1_77' title="bbox 1996 3325 3569 3390; baseline -0.006 -2"><span class='ocrx_word' id='word_1_604' title='bbox 1996 3334 2097 3388; x_wconf 66' lang='lat' dir='ltr'><strong>dia:</strong></span> <span class='ocrx_word' id='word_1_605' title='bbox 2121 3342 2289 3388; x_wconf 91' lang='lat' dir='ltr'><strong>artem</strong></span> <span class='ocrx_word' id='word_1_606' title='bbox 2316 3331 2587 3388; x_wconf 89' lang='lat' dir='ltr'><strong>invenisse</strong></span> <span class='ocrx_word' id='word_1_607' title='bbox 2612 3331 2880 3387; x_wconf 88' lang='lat' dir='ltr'><strong>veraciter</strong></span> <span class='ocrx_word' id='word_1_608' title='bbox 2902 3329 3156 3390; x_wconf 88' lang='lat' dir='ltr'><strong>creditur,</strong></span> <span class='ocrx_word' id='word_1_609' title='bbox 3176 3336 3235 3383; x_wconf 90' lang='lat' dir='ltr'><strong>ut</strong></span> <span class='ocrx_word' id='word_1_610' title='bbox 3259 3327 3415 3382; x_wconf 90' lang='lat' dir='ltr'><strong>beata</strong></span> <span class='ocrx_word' id='word_1_611' title='bbox 3437 3325 3569 3387; x_wconf 86' lang='lat' dir='ltr'><strong>vita,</strong></span> 
     </span>
    </p>
   </div>
   <div class='ocr_carea' id='block_1_78' title="bbox 1997 3420 3572 3496">
    <p class='ocr_par' dir='ltr' id='par_1_78' title="bbox 1997 3420 3572 3496">
     <span class='ocr_line' id='line_1_78' title="bbox 1997 3420 3572 3496; baseline -0.008 -15"><span class='ocrx_word' id='word_1_612' title='bbox 1997 3443 2118 3495; x_wconf 62' lang='lat' dir='ltr'><strong>qum</strong></span> <span class='ocrx_word' id='word_1_613' title='bbox 2141 3427 2276 3482; x_wconf 92' lang='lat' dir='ltr'><strong>mori</strong></span> <span class='ocrx_word' id='word_1_614' title='bbox 2308 3442 2415 3482; x_wconf 92' lang='lat' dir='ltr'><strong>non</strong></span> <span class='ocrx_word' id='word_1_615' title='bbox 2461 3433 2693 3496; x_wconf 74' lang='lat' dir='ltr'><strong>poterat,</strong></span> <span class='ocrx_word' id='word_1_616' title='bbox 2717 3439 2816 3494; x_wconf 91' lang='lat' dir='ltr'><strong>pro</strong></span> <span class='ocrx_word' id='word_1_617' title='bbox 2840 3423 2951 3477; x_wconf 90' lang='lat' dir='ltr'><strong>vita</strong></span> <span class='ocrx_word' id='word_1_618' title='bbox 2979 3420 3215 3477; x_wconf 91' lang='lat' dir='ltr'><strong>hominis</strong></span> <span class='ocrx_word' id='word_1_619' title='bbox 3250 3425 3572 3473; x_wconf 87' lang='lat' dir='ltr'><strong>moreretur.</strong></span> 
     </span>
    </p>
   </div>
   <div class='ocr_carea' id='block_1_79' title="bbox 1998 3508 3575 3588">
    <p class='ocr_par' dir='ltr' id='par_1_79' title="bbox 1998 3508 3575 3588">
     <span class='ocr_line' id='line_1_79' title="bbox 1998 3508 3575 3588; baseline -0.008 -14"><span class='ocrx_word' id='word_1_620' title='bbox 1998 3516 2154 3574; x_wconf 88' lang='lat' dir='ltr'><strong>Unde</strong></span> <span class='ocrx_word' id='word_1_621' title='bbox 2177 3516 2343 3572; x_wconf 91' lang='lat' dir='ltr'><strong>lsaias</strong></span> <span class='ocrx_word' id='word_1_622' title='bbox 2362 3517 2626 3588; x_wconf 85' lang='lat' dir='ltr'><strong>propheta</strong></span> <span class='ocrx_word' id='word_1_623' title='bbox 2658 3515 2738 3571; x_wconf 86' lang='lat' dir='ltr'><strong>sic</strong></span> <span class='ocrx_word' id='word_1_624' title='bbox 2768 3512 3009 3583; x_wconf 86' lang='lat' dir='ltr'><strong>loquitur</strong></span> <span class='ocrx_word' id='word_1_625' title='bbox 3036 3530 3050 3566; x_wconf 91' lang='lat'><strong>:</strong></span> <span class='ocrx_word' id='word_1_626' title='bbox 3080 3510 3145 3564; x_wconf 83' lang='lat' dir='ltr'><strong>Et</strong></span> <span class='ocrx_word' id='word_1_627' title='bbox 3179 3508 3454 3565; x_wconf 78' lang='lat' dir='ltr'><strong>vocabitur</strong></span> <span class='ocrx_word' id='word_1_628' title='bbox 3480 3523 3575 3562; x_wconf 82' lang='lat' dir='ltr'><strong>no-</strong></span> 
     </span>
    </p>
   </div>
   <div class='ocr_carea' id='block_1_80' title="bbox 1999 3596 3571 3678">
    <p class='ocr_par' dir='ltr' id='par_1_80' title="bbox 1999 3596 3571 3678">
     <span class='ocr_line' id='line_1_80' title="bbox 1999 3596 3571 3678; baseline -0.007 -16"><span class='ocrx_word' id='word_1_629' title='bbox 1999 3625 2116 3663; x_wconf 84' lang='lat' dir='ltr'><strong>men</strong></span> <span class='ocrx_word' id='word_1_630' title='bbox 2139 3607 2255 3678; x_wconf 83' lang='lat' dir='ltr'><strong>ejus</strong></span> <span class='ocrx_word' id='word_1_631' title='bbox 2290 3607 2624 3669; x_wconf 82' lang='lat' dir='ltr'><strong>Emmanuel,</strong></span> <span class='ocrx_word' id='word_1_632' title='bbox 2656 3606 2800 3676; x_wconf 88' lang='lat' dir='ltr'><strong>quod</strong></span> <span class='ocrx_word' id='word_1_633' title='bbox 2825 3615 2909 3661; x_wconf 89' lang='lat' dir='ltr'><strong>est</strong></span> <span class='ocrx_word' id='word_1_634' title='bbox 2938 3603 3208 3663; x_wconf 83' lang='lat' dir='ltr'><strong>nobiscum</strong></span> <span class='ocrx_word' id='word_1_635' title='bbox 3240 3599 3382 3655; x_wconf 89' lang='lat' dir='ltr'><strong>Deus</strong></span> <span class='ocrx_word' id='word_1_636' title='bbox 3413 3596 3571 3667; x_wconf 82' lang='lat' dir='ltr'><strong>(Isai.</strong></span> 
     </span>
    </p>
   </div>
   <div class='ocr_carea' id='block_1_81' title="bbox 1997 3689 3579 3770">
    <p class='ocr_par' dir='ltr' id='par_1_81' title="bbox 1997 3689 3579 3770">
     <span class='ocr_line' id='line_1_81' title="bbox 1997 3689 3579 3770; baseline -0.008 -17"><span class='ocrx_word' id='word_1_637' title='bbox 1997 3715 2098 3763; x_wconf 86' lang='lat' dir='ltr'><strong>vn,</strong></span> <span class='ocrx_word' id='word_1_638' title='bbox 2129 3699 2240 3770; x_wconf 64' lang='lat' dir='ltr'><strong>li).</strong></span> <span class='ocrx_word' id='word_1_639' title='bbox 2270 3698 2409 3767; x_wconf 86' lang='lat' dir='ltr'><strong>Quid</strong></span> <span class='ocrx_word' id='word_1_640' title='bbox 2458 3706 2563 3764; x_wconf 91' lang='lat' dir='ltr'><strong>est,</strong></span> <span class='ocrx_word' id='word_1_641' title='bbox 2588 3696 2875 3753; x_wconf 85' lang='lat' dir='ltr'><strong>Nobiscum</strong></span> <span class='ocrx_word' id='word_1_642' title='bbox 2931 3695 3094 3760; x_wconf 81' lang='lat' dir='ltr'><strong>Deus,</strong></span> <span class='ocrx_word' id='word_1_643' title='bbox 3147 3692 3253 3749; x_wconf 88' lang='lat' dir='ltr'><strong>nisi</strong></span> <span class='ocrx_word' id='word_1_644' title='bbox 3313 3692 3455 3747; x_wconf 89' lang='lat' dir='ltr'><strong>Deus</strong></span> <span class='ocrx_word' id='word_1_645' title='bbox 3509 3689 3579 3744; x_wconf 85' lang='lat' dir='ltr'><strong>de</strong></span> 
     </span>
    </p>
   </div>
   <div class='ocr_carea' id='block_1_82' title="bbox 1998 3786 3575 3863">
    <p class='ocr_par' dir='ltr' id='par_1_82' title="bbox 1998 3786 3575 3863">
     <span class='ocr_line' id='line_1_82' title="bbox 1998 3786 3575 3863; baseline -0.01 -11"><span class='ocrx_word' id='word_1_646' title='bbox 1998 3794 2177 3855; x_wconf 86' lang='lat' dir='ltr'><strong>nobis,</strong></span> <span class='ocrx_word' id='word_1_647' title='bbox 2204 3803 2260 3849; x_wconf 88' lang='lat' dir='ltr'><strong>et</strong></span> <span class='ocrx_word' id='word_1_648' title='bbox 2304 3810 2403 3863; x_wconf 93' lang='lat' dir='ltr'><strong>pro</strong></span> <span class='ocrx_word' id='word_1_649' title='bbox 2445 3794 2605 3850; x_wconf 89' lang='lat' dir='ltr'><strong>nobis</strong></span> <span class='ocrx_word' id='word_1_650' title='bbox 2655 3794 2819 3849; x_wconf 88' lang='lat' dir='ltr'><strong>homo</strong></span> <span class='ocrx_word' id='word_1_651' title='bbox 2865 3786 3295 3855; x_wconf 67' lang='lat' dir='ltr'><strong>futurusiouod</strong></span> <span class='ocrx_word' id='word_1_652' title='bbox 3335 3786 3575 3841; x_wconf 85' lang='lat' dir='ltr'><strong>futurum</strong></span> 
     </span>
    </p>
   </div>
   <div class='ocr_carea' id='block_1_83' title="bbox 1997 3873 3577 3958">
    <p class='ocr_par' dir='ltr' id='par_1_83' title="bbox 1997 3873 3577 3958">
     <span class='ocr_line' id='line_1_83' title="bbox 1997 3873 3577 3958; baseline -0.008 -19"><span class='ocrx_word' id='word_1_653' title='bbox 1997 3886 2259 3958; x_wconf 87' lang='lat' dir='ltr'><strong>propheta</strong></span> <span class='ocrx_word' id='word_1_654' title='bbox 2304 3885 2583 3955; x_wconf 66' lang='lat' dir='ltr'><strong>prardixit,</strong></span> <span class='ocrx_word' id='word_1_655' title='bbox 2634 3884 2738 3940; x_wconf 90' lang='lat' dir='ltr'><strong>hoc</strong></span> <span class='ocrx_word' id='word_1_656' title='bbox 2800 3880 3131 3953; x_wconf 87' lang='lat' dir='ltr'><strong>evangelista</strong></span> <span class='ocrx_word' id='word_1_657' title='bbox 3177 3877 3412 3934; x_wconf 85' lang='lat' dir='ltr'><strong>Joannes</strong></span> <span class='ocrx_word' id='word_1_658' title='bbox 3462 3873 3577 3943; x_wconf 86' lang='lat' dir='ltr'><strong>jam</strong></span> 
     </span>
    </p>
   </div>
   <div class='ocr_carea' id='block_1_84' title="bbox 1998 3972 3587 4039">
    <p class='ocr_par' dir='ltr' id='par_1_84' title="bbox 1998 3972 3587 4039">
     <span class='ocr_line' id='line_1_84' title="bbox 1998 3972 3587 4039; baseline -0.006 -6"><span class='ocrx_word' id='word_1_659' title='bbox 1998 3994 2117 4033; x_wconf 81' lang='lat' dir='ltr'><strong>esse</strong></span> <span class='ocrx_word' id='word_1_660' title='bbox 2142 3976 2341 4030; x_wconf 86' lang='lat' dir='ltr'><strong>factum</strong></span> <span class='ocrx_word' id='word_1_661' title='bbox 2374 3976 2585 4039; x_wconf 86' lang='lat' dir='ltr'><strong>asserit,</strong></span> <span class='ocrx_word' id='word_1_662' title='bbox 2620 3977 2839 4031; x_wconf 88' lang='lat' dir='ltr'><strong>dicens:</strong></span> <span class='ocrx_word' id='word_1_663' title='bbox 2864 3973 3086 4028; x_wconf 83' lang='lat' dir='ltr'><strong>Verbum</strong></span> <span class='ocrx_word' id='word_1_664' title='bbox 3108 3986 3231 4026; x_wconf 80' lang='lat' dir='ltr'><strong>caro</strong></span> <span class='ocrx_word' id='word_1_665' title='bbox 3258 3972 3456 4037; x_wconf 79' lang='lat' dir='ltr'><strong>factum</strong></span> <span class='ocrx_word' id='word_1_666' title='bbox 3479 3974 3587 4029; x_wconf 78' lang='lat' dir='ltr'><strong>est,</strong></span> 
     </span>
    </p>
   </div>
   <div class='ocr_carea' id='block_1_85' title="bbox 2001 4056 3577 4135">
    <p class='ocr_par' dir='ltr' id='par_1_85' title="bbox 2001 4056 3577 4135">
     <span class='ocr_line' id='line_1_85' title="bbox 2001 4056 3577 4135; baseline -0.008 -11"><span class='ocrx_word' id='word_1_667' title='bbox 2001 4079 2047 4124; x_wconf 89' lang='lat' dir='ltr'><strong>et</strong></span> <span class='ocrx_word' id='word_1_668' title='bbox 2081 4066 2331 4122; x_wconf 82' lang='lat' dir='ltr'><strong>habitavit</strong></span> <span class='ocrx_word' id='word_1_669' title='bbox 2363 4067 2417 4121; x_wconf 87' lang='lat' dir='ltr'><strong>in</strong></span> <span class='ocrx_word' id='word_1_670' title='bbox 2462 4065 2611 4119; x_wconf 87' lang='lat' dir='ltr'><strong>nobis</strong></span> <span class='ocrx_word' id='word_1_671' title='bbox 2644 4064 2827 4135; x_wconf 83' lang='lat' dir='ltr'><strong>(Joau.</strong></span> <span class='ocrx_word' id='word_1_672' title='bbox 2877 4079 2917 4126; x_wconf 84' lang='grc' dir='ltr'>ι,</span> <span class='ocrx_word' id='word_1_673' title='bbox 2943 4062 3053 4130; x_wconf 79' lang='lat' dir='ltr'><strong>M).</strong></span> <span class='ocrx_word' id='word_1_674' title='bbox 3089 4059 3323 4114; x_wconf 84' lang='lat' dir='ltr'><strong>Verbum</strong></span> <span class='ocrx_word' id='word_1_675' title='bbox 3374 4056 3577 4111; x_wconf 87' lang='lat' dir='ltr'><strong>factum</strong></span> 
     </span>
    </p>
   </div>
   <div class='ocr_carea' id='block_1_86' title="bbox 2001 4148 3575 4224">
    <p class='ocr_par' dir='ltr' id='par_1_86' title="bbox 2001 4148 3575 4224">
     <span class='ocr_line' id='line_1_86' title="bbox 2001 4148 3575 4224; baseline -0.007 -10"><span class='ocrx_word' id='word_1_676' title='bbox 2001 4175 2151 4224; x_wconf 86' lang='lat' dir='ltr'><strong>caro,</strong></span> <span class='ocrx_word' id='word_1_677' title='bbox 2191 4159 2322 4213; x_wconf 90' lang='lat' dir='ltr'><strong>nihil</strong></span> <span class='ocrx_word' id='word_1_678' title='bbox 2348 4169 2431 4213; x_wconf 90' lang='lat' dir='ltr'><strong>est</strong></span> <span class='ocrx_word' id='word_1_679' title='bbox 2460 4156 2602 4209; x_wconf 88' lang='lat' dir='ltr'><strong>aliud</strong></span> <span class='ocrx_word' id='word_1_680' title='bbox 2631 4169 2793 4224; x_wconf 90' lang='lat' dir='ltr'><strong>quam</strong></span> <span class='ocrx_word' id='word_1_681' title='bbox 2826 4152 2918 4207; x_wconf 90' lang='lat' dir='ltr'><strong>Dei</strong></span> <span class='ocrx_word' id='word_1_682' title='bbox 2965 4150 3132 4207; x_wconf 80' lang='lat' dir='ltr'><strong>Filius</strong></span> <span class='ocrx_word' id='word_1_683' title='bbox 3184 4148 3359 4204; x_wconf 89' lang='lat' dir='ltr'><strong>factus</strong></span> <span class='ocrx_word' id='word_1_684' title='bbox 3390 4148 3575 4203; x_wconf 87' lang='lat' dir='ltr'><strong>homo.</strong></span> 
     </span>
    </p>
   </div>
   <div class='ocr_carea' id='block_1_87' title="bbox 2003 4245 3593 4309">
    <p class='ocr_par' dir='ltr' id='par_1_87' title="bbox 2003 4245 3593 4309">
     <span class='ocr_line' id='line_1_87' title="bbox 2003 4245 3593 4309; baseline -0.007 -5"><span class='ocrx_word' id='word_1_685' title='bbox 2003 4250 2275 4305; x_wconf 77' lang='lat' dir='ltr'><strong>Habitavit</strong></span> <span class='ocrx_word' id='word_1_686' title='bbox 2310 4250 2365 4302; x_wconf 86' lang='lat' dir='ltr'><strong>in</strong></span> <span class='ocrx_word' id='word_1_687' title='bbox 2396 4247 2566 4309; x_wconf 82' lang='lat' dir='ltr'><strong>nobis,</strong></span> <span class='ocrx_word' id='word_1_688' title='bbox 2604 4246 2656 4301; x_wconf 89' lang='lat' dir='ltr'><strong>id</strong></span> <span class='ocrx_word' id='word_1_689' title='bbox 2683 4254 2767 4301; x_wconf 91' lang='lat' dir='ltr'><strong>est</strong></span> <span class='ocrx_word' id='word_1_690' title='bbox 2809 4245 2861 4300; x_wconf 91' lang='lat' dir='ltr'><strong>in</strong></span> <span class='ocrx_word' id='word_1_691' title='bbox 2901 4258 3065 4300; x_wconf 89' lang='lat' dir='ltr'><strong>carne</strong></span> <span class='ocrx_word' id='word_1_692' title='bbox 3090 4249 3273 4296; x_wconf 90' lang='lat' dir='ltr'><strong>nostra</strong></span> <span class='ocrx_word' id='word_1_693' title='bbox 3297 4257 3312 4305; x_wconf 86' lang='lat'><strong>;</strong></span> <span class='ocrx_word' id='word_1_694' title='bbox 3340 4247 3593 4294; x_wconf 88' lang='lat' dir='ltr'><strong>nostram-</strong></span> 
     </span>
    </p>
   </div>
   <div class='ocr_carea' id='block_1_88' title="bbox 2002 4331 3579 4406">
    <p class='ocr_par' dir='ltr' id='par_1_88' title="bbox 2002 4331 3579 4406">
     <span class='ocr_line' id='line_1_88' title="bbox 2002 4331 3579 4406; baseline -0.005 -13"><span class='ocrx_word' id='word_1_695' title='bbox 2002 4340 2142 4401; x_wconf 87' lang='lat' dir='ltr'><strong>dico,</strong></span> <span class='ocrx_word' id='word_1_696' title='bbox 2174 4340 2470 4394; x_wconf 89' lang='lat' dir='ltr'><strong>secundum</strong></span> <span class='ocrx_word' id='word_1_697' title='bbox 2494 4337 2676 4393; x_wconf 88' lang='lat' dir='ltr'><strong>carnis</strong></span> <span class='ocrx_word' id='word_1_698' title='bbox 2703 4335 3111 4406; x_wconf 88' lang='lat' dir='ltr'><strong>proprietatem,</strong></span> <span class='ocrx_word' id='word_1_699' title='bbox 3146 4348 3250 4388; x_wconf 92' lang='lat' dir='ltr'><strong>non</strong></span> <span class='ocrx_word' id='word_1_700' title='bbox 3282 4331 3579 4387; x_wconf 83' lang='lat' dir='ltr'><strong>secundum</strong></span> 
     </span>
    </p>
   </div>
   <div class='ocr_carea' id='block_1_89' title="bbox 2003 4425 3580 4504">
    <p class='ocr_par' dir='ltr' id='par_1_89' title="bbox 2003 4425 3580 4504">
     <span class='ocr_line' id='line_1_89' title="bbox 2003 4425 3580 4504; baseline -0.006 -17"><span class='ocrx_word' id='word_1_701' title='bbox 2003 4433 2211 4503; x_wconf 86' lang='lat' dir='ltr'><strong>peccati</strong></span> <span class='ocrx_word' id='word_1_702' title='bbox 2271 4432 2557 4504; x_wconf 89' lang='lat' dir='ltr'><strong>originem.</strong></span> <span class='ocrx_word' id='word_1_703' title='bbox 2600 4429 2720 4500; x_wconf 79' lang='lat' dir='ltr'><strong>Ipse</strong></span> <span class='ocrx_word' id='word_1_704' title='bbox 2772 4428 2916 4484; x_wconf 90' lang='lat' dir='ltr'><strong>enim</strong></span> <span class='ocrx_word' id='word_1_705' title='bbox 2969 4436 3212 4483; x_wconf 88' lang='lat' dir='ltr'><strong>sanctam</strong></span> <span class='ocrx_word' id='word_1_706' title='bbox 3263 4425 3317 4480; x_wconf 93' lang='lat' dir='ltr'><strong>iu</strong></span> <span class='ocrx_word' id='word_1_707' title='bbox 3368 4434 3580 4489; x_wconf 90' lang='lat' dir='ltr'><strong>sancta,</strong></span> 
     </span>
    </p>
   </div>
   <div class='ocr_carea' id='block_1_90' title="bbox 319 4513 1892 4587">
    <p class='ocr_par' dir='ltr' id='par_1_90' title="bbox 319 4513 1892 4586">
     <span class='ocr_line' id='line_1_90' title="bbox 319 4513 1892 4586; baseline 0.004 -23"><span class='ocrx_word' id='word_1_708' title='bbox 319 4529 533 4582; x_wconf 73' lang='lat' dir='ltr'><strong>corpus,</strong></span> <span class='ocrx_word' id='word_1_709' title='bbox 557 4513 714 4565; x_wconf 80' lang='lat' dir='ltr'><strong>simul</strong></span> <span class='ocrx_word' id='word_1_710' title='bbox 757 4522 803 4567; x_wconf 86' lang='lat' dir='ltr'><strong>et</strong></span> <span class='ocrx_word' id='word_1_711' title='bbox 832 4513 1064 4567; x_wconf 88' lang='lat' dir='ltr'><strong>animum</strong></span> <span class='ocrx_word' id='word_1_712' title='bbox 1097 4514 1321 4584; x_wconf 82' lang='lat' dir='ltr'><strong>suscepit</strong></span> <span class='ocrx_word' id='word_1_713' title='bbox 1349 4525 1397 4569; x_wconf 88' lang='lat' dir='ltr'><strong>et</strong></span> <span class='ocrx_word' id='word_1_714' title='bbox 1447 4532 1653 4586; x_wconf 83' lang='lat' dir='ltr'><strong>corpus.</strong></span> <span class='ocrx_word' id='word_1_715' title='bbox 1686 4514 1754 4571; x_wconf 84' lang='lat' dir='ltr'><strong>Et</strong></span> <span class='ocrx_word' id='word_1_716' title='bbox 1792 4515 1892 4571; x_wconf 81' lang='lat' dir='ltr'><strong>Leo</strong></span> 
     </span>
    </p>
   </div>
   <div class='ocr_carea' id='block_1_91' title="bbox 1992 4513 3582 4587">
    <p class='ocr_par' dir='ltr' id='par_1_91' title="bbox 2009 4520 3582 4580">
     <span class='ocr_line' id='line_1_91' title="bbox 2009 4520 3582 4580; baseline -0.006 0"><span class='ocrx_word' id='word_1_717' title='bbox 2009 4524 2411 4580; x_wconf 81' lang='lat' dir='ltr'><strong>immaculatum</strong></span> <span class='ocrx_word' id='word_1_718' title='bbox 2447 4524 2497 4579; x_wconf 92' lang='lat' dir='ltr'><strong>in</strong></span> <span class='ocrx_word' id='word_1_719' title='bbox 2524 4521 2869 4578; x_wconf 89' lang='lat' dir='ltr'><strong>immaculata</strong></span> <span class='ocrx_word' id='word_1_720' title='bbox 2911 4530 3083 4576; x_wconf 90' lang='lat' dir='ltr'><strong>matre</strong></span> <span class='ocrx_word' id='word_1_721' title='bbox 3112 4520 3349 4574; x_wconf 88' lang='lat' dir='ltr'><strong>animam</strong></span> <span class='ocrx_word' id='word_1_722' title='bbox 3398 4531 3582 4573; x_wconf 82' lang='lat' dir='ltr'><strong>susce-</strong></span> 
     </span>
    </p>
   </div>
   <div class='ocr_carea' id='block_1_92' title="bbox 318 4602 1900 4678">
    <p class='ocr_par' dir='ltr' id='par_1_92' title="bbox 318 4602 1900 4678">
     <span class='ocr_line' id='line_1_92' title="bbox 318 4602 1900 4678; baseline 0.004 -22"><span class='ocrx_word' id='word_1_723' title='bbox 318 4602 547 4672; x_wconf 75' lang='lat' dir='ltr'><strong>Magnus</strong></span> <span class='ocrx_word' id='word_1_724' title='bbox 574 4621 588 4656; x_wconf 91' lang='lat'>:</span> <span class='ocrx_word' id='word_1_725' title='bbox 614 4602 709 4657; x_wconf 86' lang='lat' dir='ltr'><strong>Dei</strong></span> <span class='ocrx_word' id='word_1_726' title='bbox 734 4602 780 4656; x_wconf 83' lang='lat' dir='ltr'><em>F</em></span> <span class='ocrx_word' id='word_1_727' title='bbox 785 4603 906 4658; x_wconf 85' lang='lat' dir='ltr'><strong>ilius</strong></span> <span class='ocrx_word' id='word_1_728' title='bbox 921 4606 1115 4674; x_wconf 76' lang='lat' dir='ltr'><strong>accepit</strong></span> <span class='ocrx_word' id='word_1_729' title='bbox 1138 4605 1297 4659; x_wconf 85' lang='lat' dir='ltr'><strong>simul</strong></span> <span class='ocrx_word' id='word_1_730' title='bbox 1325 4608 1381 4661; x_wconf 87' lang='lat' dir='ltr'><strong>in</strong></span> <span class='ocrx_word' id='word_1_731' title='bbox 1417 4604 1627 4678; x_wconf 83' lang='lat' dir='ltr'><strong>Virgine</strong></span> <span class='ocrx_word' id='word_1_732' title='bbox 1671 4608 1900 4662; x_wconf 82' lang='lat' dir='ltr'><strong>animant</strong></span> 
     </span>
    </p>
   </div>
   <div class='ocr_carea' id='block_1_93' title="bbox 317 4695 1898 4772">
    <p class='ocr_par' dir='ltr' id='par_1_93' title="bbox 317 4695 1898 4772">
     <span class='ocr_line' id='line_1_93' title="bbox 317 4695 1898 4772; baseline 0.005 -24"><span class='ocrx_word' id='word_1_733' title='bbox 317 4705 371 4748; x_wconf 81' lang='lat' dir='ltr'><strong>et</strong></span> <span class='ocrx_word' id='word_1_734' title='bbox 405 4712 615 4765; x_wconf 85' lang='lat' dir='ltr'><strong>corpus.</strong></span> <span class='ocrx_word' id='word_1_735' title='bbox 641 4695 704 4750; x_wconf 86' lang='lat' dir='ltr'><strong>Et</strong></span> <span class='ocrx_word' id='word_1_736' title='bbox 743 4695 806 4751; x_wconf 88' lang='grc' dir='ltr'><strong>Β.</strong></span> <span class='ocrx_word' id='word_1_737' title='bbox 834 4695 1147 4767; x_wconf 87' lang='lat' dir='ltr'><strong>Gregorius,</strong></span> <span class='ocrx_word' id='word_1_738' title='bbox 1188 4698 1353 4771; x_wconf 61' lang='grc'><strong>340</strong></span> <span class='ocrx_word' id='word_1_739' title='bbox 1396 4699 1631 4765; x_wconf 88' lang='lat' dir='ltr'><strong>Domini,</strong></span> <span class='ocrx_word' id='word_1_740' title='bbox 1681 4700 1898 4772; x_wconf 86' lang='lat' dir='ltr'><strong>inquit,</strong></span> 
     </span>
    </p>
   </div>
   <div class='ocr_carea' id='block_1_94' title="bbox 319 4789 1902 4862">
    <p class='ocr_par' dir='ltr' id='par_1_94' title="bbox 319 4789 1902 4862">
     <span class='ocr_line' id='line_1_94' title="bbox 319 4789 1902 4862; baseline 0.004 -21"><span class='ocrx_word' id='word_1_741' title='bbox 319 4803 448 4841; x_wconf 79' lang='lat' dir='ltr'><strong>caro</strong></span> <span class='ocrx_word' id='word_1_742' title='bbox 488 4804 594 4842; x_wconf 87' lang='lat' dir='ltr'><strong>non</strong></span> <span class='ocrx_word' id='word_1_743' title='bbox 634 4789 781 4859; x_wconf 84' lang='lat' dir='ltr'><strong>prius</strong></span> <span class='ocrx_word' id='word_1_744' title='bbox 835 4789 892 4842; x_wconf 89' lang='lat' dir='ltr'><strong>in</strong></span> <span class='ocrx_word' id='word_1_745' title='bbox 946 4799 1091 4845; x_wconf 90' lang='lat' dir='ltr'><strong>utero</strong></span> <span class='ocrx_word' id='word_1_746' title='bbox 1134 4789 1360 4862; x_wconf 79' lang='lat' dir='ltr'><strong>Virginis</strong></span> <span class='ocrx_word' id='word_1_747' title='bbox 1408 4802 1653 4861; x_wconf 86' lang='lat' dir='ltr'><strong>concepta</strong></span> <span class='ocrx_word' id='word_1_748' title='bbox 1705 4803 1801 4857; x_wconf 83' lang='lat' dir='ltr'><strong>est,</strong></span> <span class='ocrx_word' id='word_1_749' title='bbox 1852 4804 1902 4848; x_wconf 88' lang='lat' dir='ltr'><strong>et</strong></span> 
     </span>
    </p>
   </div>
   <div class='ocr_carea' id='block_1_95' title="bbox 319 4881 1901 4951">
    <p class='ocr_par' dir='ltr' id='par_1_95' title="bbox 319 4881 1901 4951">
     <span class='ocr_line' id='line_1_95' title="bbox 319 4881 1901 4951; baseline 0.003 -16"><span class='ocrx_word' id='word_1_750' title='bbox 319 4882 655 4951; x_wconf 76' lang='lat' dir='ltr'><strong>postmodum</strong></span> <span class='ocrx_word' id='word_1_751' title='bbox 692 4881 938 4936; x_wconf 81' lang='lat' dir='ltr'><strong>divinitas</strong></span> <span class='ocrx_word' id='word_1_752' title='bbox 990 4883 1124 4936; x_wconf 82' lang='lat' dir='ltr'><strong>venit</strong></span> <span class='ocrx_word' id='word_1_753' title='bbox 1181 4884 1233 4936; x_wconf 88' lang='lat' dir='ltr'><strong>in</strong></span> <span class='ocrx_word' id='word_1_754' title='bbox 1263 4899 1508 4949; x_wconf 87' lang='lat' dir='ltr'><strong>carnem;</strong></span> <span class='ocrx_word' id='word_1_755' title='bbox 1553 4885 1643 4938; x_wconf 83' lang='lat' dir='ltr'><strong>sed</strong></span> <span class='ocrx_word' id='word_1_756' title='bbox 1696 4902 1817 4939; x_wconf 71' lang='lat' dir='ltr'><strong>mox</strong></span> <span class='ocrx_word' id='word_1_757' title='bbox 1846 4897 1901 4939; x_wconf 87' lang='lat' dir='ltr'><strong>ut</strong></span> 
     </span>
    </p>
   </div>
   <div class='ocr_carea' id='block_1_96' title="bbox 328 4970 1901 5045">
    <p class='ocr_par' dir='ltr' id='par_1_96' title="bbox 328 4970 1901 5045">
     <span class='ocr_line' id='line_1_96' title="bbox 328 4970 1901 5045; baseline 0 -16"><span class='ocrx_word' id='word_1_758' title='bbox 328 4970 561 5030; x_wconf 80' lang='lat' dir='ltr'><strong>Verbum</strong></span> <span class='ocrx_word' id='word_1_759' title='bbox 585 4973 717 5027; x_wconf 82' lang='lat' dir='ltr'><strong>venit</strong></span> <span class='ocrx_word' id='word_1_760' title='bbox 740 4975 793 5027; x_wconf 91' lang='lat' dir='ltr'><strong>in</strong></span> <span class='ocrx_word' id='word_1_761' title='bbox 813 4983 1041 5039; x_wconf 85' lang='lat' dir='ltr'><strong>uterum,</strong></span> <span class='ocrx_word' id='word_1_762' title='bbox 1072 4974 1271 5043; x_wconf 80' lang='lat' dir='ltr'><strong>factum</strong></span> <span class='ocrx_word' id='word_1_763' title='bbox 1306 4984 1381 5029; x_wconf 66' lang='lat' dir='ltr'><strong>est</strong></span> <span class='ocrx_word' id='word_1_764' title='bbox 1409 4987 1616 5040; x_wconf 83' lang='lat' dir='ltr'><strong>curo,et</strong></span> <span class='ocrx_word' id='word_1_765' title='bbox 1644 4976 1901 5045; x_wconf 78' lang='lat' dir='ltr'><strong>perfectus</strong></span> 
     </span>
    </p>
   </div>
   <div class='ocr_carea' id='block_1_97' title="bbox 322 5062 1903 5129">
    <p class='ocr_par' dir='ltr' id='par_1_97' title="bbox 322 5062 1903 5129">
     <span class='ocr_line' id='line_1_97' title="bbox 322 5062 1903 5129; baseline 0.002 -11"><span class='ocrx_word' id='word_1_766' title='bbox 322 5062 500 5128; x_wconf 78' lang='lat' dir='ltr'><strong>homo,</strong></span> <span class='ocrx_word' id='word_1_767' title='bbox 538 5064 590 5118; x_wconf 90' lang='lat' dir='ltr'><strong>id</strong></span> <span class='ocrx_word' id='word_1_768' title='bbox 606 5072 711 5129; x_wconf 86' lang='lat' dir='ltr'><strong>est,</strong></span> <span class='ocrx_word' id='word_1_769' title='bbox 738 5065 791 5119; x_wconf 89' lang='lat' dir='ltr'><strong>in</strong></span> <span class='ocrx_word' id='word_1_770' title='bbox 818 5064 1043 5120; x_wconf 88' lang='lat' dir='ltr'><strong>veritate</strong></span> <span class='ocrx_word' id='word_1_771' title='bbox 1066 5066 1244 5121; x_wconf 88' lang='lat' dir='ltr'><strong>carnis</strong></span> <span class='ocrx_word' id='word_1_772' title='bbox 1266 5074 1321 5121; x_wconf 91' lang='lat' dir='ltr'><strong>et</strong></span> <span class='ocrx_word' id='word_1_773' title='bbox 1354 5066 1567 5121; x_wconf 65' lang='lat' dir='ltr'><strong>animm.</strong></span> <span class='ocrx_word' id='word_1_774' title='bbox 1595 5065 1706 5121; x_wconf 85' lang='lat' dir='ltr'><strong>Hoc</strong></span> <span class='ocrx_word' id='word_1_775' title='bbox 1733 5067 1903 5121; x_wconf 90' lang='lat' dir='ltr'><strong>admi-</strong></span> 
     </span>
    </p>
   </div>
   <div class='ocr_carea' id='block_1_98' title="bbox 322 5155 1900 5227">
    <p class='ocr_par' dir='ltr' id='par_1_98' title="bbox 322 5155 1900 5227">
     <span class='ocr_line' id='line_1_98' title="bbox 322 5155 1900 5227; baseline -0.002 -15"><span class='ocrx_word' id='word_1_776' title='bbox 322 5155 486 5212; x_wconf 86' lang='lat' dir='ltr'><strong>rabili</strong></span> <span class='ocrx_word' id='word_1_777' title='bbox 517 5156 698 5221; x_wconf 91' lang='lat' dir='ltr'><strong>modo,</strong></span> <span class='ocrx_word' id='word_1_778' title='bbox 729 5156 1102 5223; x_wconf 89' lang='lat' dir='ltr'><strong>dilectissimi,</strong></span> <span class='ocrx_word' id='word_1_779' title='bbox 1151 5171 1286 5227; x_wconf 89' lang='lat' dir='ltr'><strong>puer</strong></span> <span class='ocrx_word' id='word_1_780' title='bbox 1333 5168 1488 5212; x_wconf 84' lang='lat' dir='ltr'><strong>natus</strong></span> <span class='ocrx_word' id='word_1_781' title='bbox 1539 5167 1611 5211; x_wconf 87' lang='lat' dir='ltr'><strong>est</strong></span> <span class='ocrx_word' id='word_1_782' title='bbox 1656 5158 1822 5219; x_wconf 84' lang='lat' dir='ltr'><strong>nobis,</strong></span> <span class='ocrx_word' id='word_1_783' title='bbox 1853 5168 1900 5210; x_wconf 87' lang='lat' dir='ltr'><strong>et</strong></span> 
     </span>
    </p>
   </div>
   <div class='ocr_carea' id='block_1_99' title="bbox 322 5250 1899 5323">
    <p class='ocr_par' dir='ltr' id='par_1_99' title="bbox 322 5250 1899 5323">
     <span class='ocr_line' id='line_1_99' title="bbox 322 5250 1899 5323; baseline 0 -20"><span class='ocrx_word' id='word_1_784' title='bbox 322 5251 471 5320; x_wconf 79' lang='lat' dir='ltr'><strong>filius</strong></span> <span class='ocrx_word' id='word_1_785' title='bbox 499 5257 654 5305; x_wconf 81' lang='lat' dir='ltr'><strong>datus</strong></span> <span class='ocrx_word' id='word_1_786' title='bbox 687 5262 762 5305; x_wconf 81' lang='lat' dir='ltr'><strong>est</strong></span> <span class='ocrx_word' id='word_1_787' title='bbox 788 5251 933 5305; x_wconf 85' lang='lat' dir='ltr'><strong>nobis</strong></span> <span class='ocrx_word' id='word_1_788' title='bbox 963 5250 1121 5323; x_wconf 84' lang='lat' dir='ltr'><strong>(Isai.</strong></span> <span class='ocrx_word' id='word_1_789' title='bbox 1152 5267 1231 5317; x_wconf 78' lang='lat' dir='ltr'><strong>lx,</strong></span> <span class='ocrx_word' id='word_1_790' title='bbox 1271 5251 1348 5322; x_wconf 85' lang='lat'><strong>6).</strong></span> <span class='ocrx_word' id='word_1_791' title='bbox 1378 5251 1535 5305; x_wconf 91' lang='lat' dir='ltr'><strong>Pueri</strong></span> <span class='ocrx_word' id='word_1_792' title='bbox 1567 5260 1773 5305; x_wconf 80' lang='lat' dir='ltr'><strong>natura:</strong></span> <span class='ocrx_word' id='word_1_793' title='bbox 1793 5260 1899 5317; x_wconf 86' lang='lat' dir='ltr'><strong>est,</strong></span> 
     </span>
    </p>
   </div>
   <div class='ocr_carea' id='block_1_100' title="bbox 323 5341 1902 5410">
    <p class='ocr_par' dir='ltr' id='par_1_100' title="bbox 323 5341 1902 5410">
     <span class='ocr_line' id='line_1_100' title="bbox 323 5341 1902 5410; baseline -0.001 -12"><span class='ocrx_word' id='word_1_794' title='bbox 323 5343 459 5398; x_wconf 87' lang='lat' dir='ltr'><strong>nulli</strong></span> <span class='ocrx_word' id='word_1_795' title='bbox 489 5360 703 5410; x_wconf 89' lang='lat' dir='ltr'><strong>nocere,</strong></span> <span class='ocrx_word' id='word_1_796' title='bbox 732 5343 1005 5398; x_wconf 89' lang='lat' dir='ltr'><strong>humiliter</strong></span> <span class='ocrx_word' id='word_1_797' title='bbox 1029 5343 1435 5410; x_wconf 88' lang='lat' dir='ltr'><strong>obedire,suam</strong></span> <span class='ocrx_word' id='word_1_798' title='bbox 1462 5343 1572 5399; x_wconf 91' lang='lat' dir='ltr'><strong>cito</strong></span> <span class='ocrx_word' id='word_1_799' title='bbox 1595 5341 1902 5399; x_wconf 84' lang='lat' dir='ltr'><strong>condonare</strong></span> 
     </span>
    </p>
   </div>
   <div class='ocr_carea' id='block_1_101' title="bbox 325 5432 1901 5505">
    <p class='ocr_par' dir='ltr' id='par_1_101' title="bbox 325 5432 1901 5505">
     <span class='ocr_line' id='line_1_101' title="bbox 325 5432 1901 5505; baseline -0.001 -16"><span class='ocrx_word' id='word_1_800' title='bbox 325 5434 605 5505; x_wconf 72' lang='lat' dir='ltr'><strong>iniuriam.</strong></span> <span class='ocrx_word' id='word_1_801' title='bbox 645 5433 787 5489; x_wconf 92' lang='lat' dir='ltr'><strong>Puer</strong></span> <span class='ocrx_word' id='word_1_802' title='bbox 814 5432 1060 5488; x_wconf 87' lang='lat' dir='ltr'><strong>Christus</strong></span> <span class='ocrx_word' id='word_1_803' title='bbox 1093 5433 1223 5488; x_wconf 90' lang='lat' dir='ltr'><strong>nulli</strong></span> <span class='ocrx_word' id='word_1_804' title='bbox 1248 5434 1454 5500; x_wconf 91' lang='lat' dir='ltr'><strong>nocuit,</strong></span> <span class='ocrx_word' id='word_1_805' title='bbox 1477 5434 1731 5489; x_wconf 87' lang='lat' dir='ltr'><strong>omnibus</strong></span> <span class='ocrx_word' id='word_1_806' title='bbox 1768 5448 1901 5502; x_wconf 89' lang='lat' dir='ltr'><strong>pro-</strong></span> 
     </span>
    </p>
   </div>
   <div class='ocr_carea' id='block_1_102' title="bbox 328 5525 1903 5596">
    <p class='ocr_par' dir='ltr' id='par_1_102' title="bbox 328 5525 1903 5596">
     <span class='ocr_line' id='line_1_102' title="bbox 328 5525 1903 5596; baseline 0 -17"><span class='ocrx_word' id='word_1_807' title='bbox 328 5526 450 5593; x_wconf 87' lang='lat' dir='ltr'><strong>fuit,</strong></span> <span class='ocrx_word' id='word_1_808' title='bbox 479 5526 625 5581; x_wconf 89' lang='lat' dir='ltr'><strong>Patri</strong></span> <span class='ocrx_word' id='word_1_809' title='bbox 676 5541 845 5596; x_wconf 90' lang='lat' dir='ltr'><strong>usque</strong></span> <span class='ocrx_word' id='word_1_810' title='bbox 886 5525 953 5579; x_wconf 88' lang='lat' dir='ltr'><strong>ad</strong></span> <span class='ocrx_word' id='word_1_811' title='bbox 986 5533 1214 5581; x_wconf 89' lang='lat' dir='ltr'><strong>mortem</strong></span> <span class='ocrx_word' id='word_1_812' title='bbox 1265 5526 1523 5581; x_wconf 76' lang='lat' dir='ltr'><strong>obcdiens</strong></span> <span class='ocrx_word' id='word_1_813' title='bbox 1566 5526 1686 5589; x_wconf 90' lang='lat' dir='ltr'><strong>fuit,</strong></span> <span class='ocrx_word' id='word_1_814' title='bbox 1714 5528 1903 5579; x_wconf 88' lang='lat' dir='ltr'><strong>mortis</strong></span> 
     </span>
    </p>
   </div>
   <div class='ocr_carea' id='block_1_103' title="bbox 326 5616 1901 5688">
    <p class='ocr_par' dir='ltr' id='par_1_103' title="bbox 326 5616 1901 5688">
     <span class='ocr_line' id='line_1_103' title="bbox 326 5616 1901 5688; baseline -0.001 -16"><span class='ocrx_word' id='word_1_815' title='bbox 326 5634 441 5672; x_wconf 85' lang='lat' dir='ltr'><strong>suae</strong></span> <span class='ocrx_word' id='word_1_816' title='bbox 468 5619 790 5673; x_wconf 85' lang='lat' dir='ltr'><strong>condonavit</strong></span> <span class='ocrx_word' id='word_1_817' title='bbox 835 5616 1117 5686; x_wconf 88' lang='lat' dir='ltr'><strong>injuriam;</strong></span> <span class='ocrx_word' id='word_1_818' title='bbox 1166 5632 1265 5686; x_wconf 89' lang='lat' dir='ltr'><strong>pro</strong></span> <span class='ocrx_word' id='word_1_819' title='bbox 1310 5617 1414 5672; x_wconf 91' lang='lat' dir='ltr'><strong>illis</strong></span> <span class='ocrx_word' id='word_1_820' title='bbox 1443 5619 1603 5672; x_wconf 88' lang='lat' dir='ltr'><strong>etiam</strong></span> <span class='ocrx_word' id='word_1_821' title='bbox 1634 5618 1723 5688; x_wconf 85' lang='lat' dir='ltr'><strong>qui</strong></span> <span class='ocrx_word' id='word_1_822' title='bbox 1779 5633 1901 5672; x_wconf 89' lang='lat' dir='ltr'><strong>enm</strong></span> 
     </span>
    </p>
   </div>
   <div class='ocr_carea' id='block_1_104' title="bbox 324 5709 1905 5782">
    <p class='ocr_par' dir='ltr' id='par_1_104' title="bbox 324 5709 1905 5782">
     <span class='ocr_line' id='line_1_104' title="bbox 324 5709 1905 5782; baseline 0 -17"><span class='ocrx_word' id='word_1_823' title='bbox 324 5709 961 5782; x_wconf 87' lang='lat' dir='ltr'><strong>occiderunt,diligcnter</strong></span> <span class='ocrx_word' id='word_1_824' title='bbox 980 5710 1175 5767; x_wconf 86' lang='lat' dir='ltr'><strong>oravit.</strong></span> <span class='ocrx_word' id='word_1_825' title='bbox 1193 5710 1331 5766; x_wconf 87' lang='lat' dir='ltr'><strong>Puer</strong></span> <span class='ocrx_word' id='word_1_826' title='bbox 1353 5710 1474 5776; x_wconf 89' lang='lat' dir='ltr'><strong>iste,</strong></span> <span class='ocrx_word' id='word_1_827' title='bbox 1508 5709 1723 5775; x_wconf 83' lang='lat' dir='ltr'><strong>fratres,</strong></span> <span class='ocrx_word' id='word_1_828' title='bbox 1746 5725 1905 5765; x_wconf 77' lang='lat' dir='ltr'><strong>Verus</strong></span> 
     </span>
    </p>
   </div>
   <div class='ocr_carea' id='block_1_105' title="bbox 331 5804 1905 5875">
    <p class='ocr_par' dir='ltr' id='par_1_105' title="bbox 331 5804 1905 5875">
     <span class='ocr_line' id='line_1_105' title="bbox 331 5804 1905 5875; baseline -0.003 -16"><span class='ocrx_word' id='word_1_829' title='bbox 331 5806 618 5873; x_wconf 83' lang='lat' dir='ltr'><strong>innocens,</strong></span> <span class='ocrx_word' id='word_1_830' title='bbox 668 5818 828 5863; x_wconf 86' lang='lat' dir='ltr'><strong>verus</strong></span> <span class='ocrx_word' id='word_1_831' title='bbox 857 5804 1095 5871; x_wconf 88' lang='lat' dir='ltr'><strong>humilis,</strong></span> <span class='ocrx_word' id='word_1_832' title='bbox 1129 5818 1287 5861; x_wconf 74' lang='lat' dir='ltr'><strong>verus</strong></span> <span class='ocrx_word' id='word_1_833' title='bbox 1324 5804 1550 5875; x_wconf 88' lang='lat' dir='ltr'><strong>patiens,</strong></span> <span class='ocrx_word' id='word_1_834' title='bbox 1608 5812 1658 5859; x_wconf 92' lang='lat' dir='ltr'><strong>et</strong></span> <span class='ocrx_word' id='word_1_835' title='bbox 1710 5810 1905 5859; x_wconf 68' lang='lat' dir='ltr'><strong>nostra:</strong></span> 
     </span>
    </p>
   </div>
   <div class='ocr_carea' id='block_1_106' title="bbox 2004 4606 3581 4684">
    <p class='ocr_par' dir='ltr' id='par_1_106' title="bbox 2004 4606 3581 4684">
     <span class='ocr_line' id='line_1_106' title="bbox 2004 4606 3581 4684; baseline -0.005 -15"><span class='ocrx_word' id='word_1_836' title='bbox 2004 4615 2105 4684; x_wconf 91' lang='lat' dir='ltr'><strong>pit,</strong></span> <span class='ocrx_word' id='word_1_837' title='bbox 2128 4622 2180 4668; x_wconf 93' lang='lat' dir='ltr'><strong>et</strong></span> <span class='ocrx_word' id='word_1_838' title='bbox 2204 4628 2446 4677; x_wconf 91' lang='lat' dir='ltr'><strong>carnem,</strong></span> <span class='ocrx_word' id='word_1_839' title='bbox 2472 4622 2666 4677; x_wconf 91' lang='lat' dir='ltr'><strong>totum,</strong></span> <span class='ocrx_word' id='word_1_840' title='bbox 2690 4609 2851 4683; x_wconf 65' lang='grc'><strong>342</strong></span> <span class='ocrx_word' id='word_1_841' title='bbox 2872 4618 2931 4663; x_wconf 85' lang='grc' dir='ltr'><strong>ιιι</strong></span> <span class='ocrx_word' id='word_1_842' title='bbox 2951 4610 3153 4663; x_wconf 88' lang='lat' dir='ltr'><strong>dictum</strong></span> <span class='ocrx_word' id='word_1_843' title='bbox 3178 4616 3279 4671; x_wconf 90' lang='lat' dir='ltr'><strong>est,</strong></span> <span class='ocrx_word' id='word_1_844' title='bbox 3297 4606 3581 4676; x_wconf 77' lang='lat' dir='ltr'><strong>inVirgiue</strong></span> 
     </span>
    </p>
   </div>
   <div class='ocr_carea' id='block_1_107' title="bbox 2005 4699 3583 4766">
    <p class='ocr_par' dir='ltr' id='par_1_107' title="bbox 2005 4699 3583 4766">
     <span class='ocr_line' id='line_1_107' title="bbox 2005 4699 3583 4766; baseline -0.007 -3"><span class='ocrx_word' id='word_1_845' title='bbox 2005 4707 2297 4763; x_wconf 89' lang='lat' dir='ltr'><strong>hominem.</strong></span> <span class='ocrx_word' id='word_1_846' title='bbox 2325 4703 2595 4765; x_wconf 89' lang='lat' dir='ltr'><strong>Christus,</strong></span> <span class='ocrx_word' id='word_1_847' title='bbox 2623 4702 2837 4766; x_wconf 89' lang='lat' dir='ltr'><strong>fratres,</strong></span> <span class='ocrx_word' id='word_1_848' title='bbox 2864 4702 3005 4756; x_wconf 89' lang='lat' dir='ltr'><strong>Deus</strong></span> <span class='ocrx_word' id='word_1_849' title='bbox 3042 4709 3095 4754; x_wconf 90' lang='lat' dir='ltr'><strong>et</strong></span> <span class='ocrx_word' id='word_1_850' title='bbox 3129 4699 3387 4755; x_wconf 90' lang='lat' dir='ltr'><strong>Dominus</strong></span> <span class='ocrx_word' id='word_1_851' title='bbox 3415 4711 3583 4766; x_wconf 72' lang='lat' dir='ltr'><strong>ange-</strong></span> 
     </span>
    </p>
   </div>
   <div class='ocr_carea' id='block_1_108' title="bbox 2003 4789 3579 4863">
    <p class='ocr_par' dir='ltr' id='par_1_108' title="bbox 2003 4789 3579 4863">
     <span class='ocr_line' id='line_1_108' title="bbox 2003 4789 3579 4863; baseline -0.006 -11"><span class='ocrx_word' id='word_1_852' title='bbox 2003 4796 2213 4863; x_wconf 91' lang='lat' dir='ltr'><strong>lorum,</strong></span> <span class='ocrx_word' id='word_1_853' title='bbox 2242 4805 2303 4851; x_wconf 86' lang='lat' dir='ltr'><strong>nt</strong></span> <span class='ocrx_word' id='word_1_854' title='bbox 2332 4812 2360 4849; x_wconf 93' lang='lat' dir='ltr'><strong>a</strong></span> <span class='ocrx_word' id='word_1_855' title='bbox 2408 4795 2607 4851; x_wconf 88' lang='lat' dir='ltr'><strong>diaboli</strong></span> <span class='ocrx_word' id='word_1_856' title='bbox 2664 4794 2925 4850; x_wconf 89' lang='lat' dir='ltr'><strong>servitute</strong></span> <span class='ocrx_word' id='word_1_857' title='bbox 2976 4791 3249 4847; x_wconf 90' lang='lat' dir='ltr'><strong>hominem</strong></span> <span class='ocrx_word' id='word_1_858' title='bbox 3298 4789 3579 4853; x_wconf 85' lang='lat' dir='ltr'><strong>liberaret,</strong></span> 
     </span>
    </p>
   </div>
   <div class='ocr_carea' id='block_1_109' title="bbox 2005 4879 3577 4949">
    <p class='ocr_par' dir='ltr' id='par_1_109' title="bbox 2005 4879 3577 4949">
     <span class='ocr_line' id='line_1_109' title="bbox 2005 4879 3577 4949; baseline -0.006 -7"><span class='ocrx_word' id='word_1_859' title='bbox 2005 4903 2110 4943; x_wconf 93' lang='lat' dir='ltr'><strong>non</strong></span> <span class='ocrx_word' id='word_1_860' title='bbox 2140 4886 2312 4942; x_wconf 89' lang='lat' dir='ltr'><strong>solum</strong></span> <span class='ocrx_word' id='word_1_861' title='bbox 2339 4886 2501 4941; x_wconf 91' lang='lat' dir='ltr'><strong>homo</strong></span> <span class='ocrx_word' id='word_1_862' title='bbox 2531 4884 2706 4940; x_wconf 88' lang='lat' dir='ltr'><strong>factus</strong></span> <span class='ocrx_word' id='word_1_863' title='bbox 2731 4893 2834 4949; x_wconf 90' lang='lat' dir='ltr'><strong>est,</strong></span> <span class='ocrx_word' id='word_1_864' title='bbox 2890 4882 2984 4938; x_wconf 89' lang='lat' dir='ltr'><strong>sed</strong></span> <span class='ocrx_word' id='word_1_865' title='bbox 3038 4895 3226 4937; x_wconf 89' lang='lat' dir='ltr'><strong>servus</strong></span> <span class='ocrx_word' id='word_1_866' title='bbox 3272 4879 3577 4936; x_wconf 87' lang='lat' dir='ltr'><strong>hominum.</strong></span> 
     </span>
    </p>
   </div>
   <div class='ocr_carea' id='block_1_110' title="bbox 2007 4970 3580 5045">
    <p class='ocr_par' dir='ltr' id='par_1_110' title="bbox 2007 4970 3580 5045">
     <span class='ocr_line' id='line_1_110' title="bbox 2007 4970 3580 5045; baseline -0.004 -13"><span class='ocrx_word' id='word_1_867' title='bbox 2007 4976 2277 5045; x_wconf 88' lang='lat' dir='ltr'><strong>Suscepit,</strong></span> <span class='ocrx_word' id='word_1_868' title='bbox 2331 4975 2573 5045; x_wconf 90' lang='lat' dir='ltr'><strong>inquam,</strong></span> <span class='ocrx_word' id='word_1_869' title='bbox 2608 4973 2835 5031; x_wconf 89' lang='lat' dir='ltr'><strong>formam</strong></span> <span class='ocrx_word' id='word_1_870' title='bbox 2865 4973 3007 5030; x_wconf 90' lang='lat' dir='ltr'><strong>servi</strong></span> <span class='ocrx_word' id='word_1_871' title='bbox 3035 4971 3206 5029; x_wconf 84' lang='lat' dir='ltr'><strong>Filius</strong></span> <span class='ocrx_word' id='word_1_872' title='bbox 3228 4970 3345 5039; x_wconf 81' lang='lat' dir='ltr'><strong>Dei,</strong></span> <span class='ocrx_word' id='word_1_873' title='bbox 3388 4972 3441 5027; x_wconf 92' lang='lat' dir='ltr'><strong>iu</strong></span> <span class='ocrx_word' id='word_1_874' title='bbox 3473 4986 3580 5043; x_wconf 90' lang='lat' dir='ltr'><strong>qua</strong></span> 
     </span>
    </p>
   </div>
   <div class='ocr_carea' id='block_1_111' title="bbox 2003 5063 3580 5138">
    <p class='ocr_par' dir='ltr' id='par_1_111' title="bbox 2003 5063 3580 5138">
     <span class='ocr_line' id='line_1_111' title="bbox 2003 5063 3580 5138; baseline -0.004 -15"><span class='ocrx_word' id='word_1_875' title='bbox 2003 5069 2229 5125; x_wconf 84' lang='lat' dir='ltr'><strong>servivit</strong></span> <span class='ocrx_word' id='word_1_876' title='bbox 2258 5068 2564 5124; x_wconf 89' lang='lat' dir='ltr'><strong>hominibus</strong></span> <span class='ocrx_word' id='word_1_877' title='bbox 2610 5082 2783 5138; x_wconf 88' lang='lat' dir='ltr'><strong>usque</strong></span> <span class='ocrx_word' id='word_1_878' title='bbox 2820 5066 2888 5121; x_wconf 86' lang='lat' dir='ltr'><strong>ad</strong></span> <span class='ocrx_word' id='word_1_879' title='bbox 2932 5074 3183 5126; x_wconf 87' lang='lat' dir='ltr'><strong>mortem.</strong></span> <span class='ocrx_word' id='word_1_880' title='bbox 3240 5075 3295 5122; x_wconf 90' lang='lat' dir='ltr'><strong>et</strong></span> <span class='ocrx_word' id='word_1_881' title='bbox 3322 5080 3492 5136; x_wconf 87' lang='lat' dir='ltr'><strong>usque</strong></span> <span class='ocrx_word' id='word_1_882' title='bbox 3514 5063 3580 5118; x_wconf 88' lang='lat' dir='ltr'><strong>ad</strong></span> 
     </span>
    </p>
   </div>
   <div class='ocr_carea' id='block_1_112' title="bbox 2005 5155 3579 5229">
    <p class='ocr_par' dir='ltr' id='par_1_112' title="bbox 2005 5155 3579 5229">
     <span class='ocr_line' id='line_1_112' title="bbox 2005 5155 3579 5229; baseline -0.004 -15"><span class='ocrx_word' id='word_1_883' title='bbox 2005 5159 2199 5227; x_wconf 88' lang='lat' dir='ltr'><strong>ipsam,</strong></span> <span class='ocrx_word' id='word_1_884' title='bbox 2222 5173 2383 5228; x_wconf 89' lang='lat' dir='ltr'><strong>quam</strong></span> <span class='ocrx_word' id='word_1_885' title='bbox 2405 5159 2678 5229; x_wconf 88' lang='lat' dir='ltr'><strong>peccando</strong></span> <span class='ocrx_word' id='word_1_886' title='bbox 2695 5158 3058 5228; x_wconf 88' lang='lat' dir='ltr'><strong>perdiderant,</strong></span> <span class='ocrx_word' id='word_1_887' title='bbox 3087 5157 3209 5211; x_wconf 66' lang='lat' dir='ltr'><strong>vitae</strong></span> <span class='ocrx_word' id='word_1_888' title='bbox 3229 5155 3467 5213; x_wconf 65' lang='lat' dir='ltr'><strong>caelestis</strong></span> <span class='ocrx_word' id='word_1_889' title='bbox 3493 5169 3579 5209; x_wconf 76' lang='lat' dir='ltr'><strong>re—</strong></span> 
     </span>
    </p>
   </div>
   <div class='ocr_carea' id='block_1_113' title="bbox 2006 5248 3584 5321">
    <p class='ocr_par' dir='ltr' id='par_1_113' title="bbox 2006 5248 3584 5321">
     <span class='ocr_line' id='line_1_113' title="bbox 2006 5248 3584 5321; baseline -0.003 -18"><span class='ocrx_word' id='word_1_890' title='bbox 2006 5248 2363 5321; x_wconf 88' lang='lat' dir='ltr'><strong>parationem.</strong></span> <span class='ocrx_word' id='word_1_891' title='bbox 2404 5248 2618 5304; x_wconf 90' lang='lat' dir='ltr'><strong>Primus</strong></span> <span class='ocrx_word' id='word_1_892' title='bbox 2665 5248 2864 5304; x_wconf 90' lang='lat' dir='ltr'><strong>etenim</strong></span> <span class='ocrx_word' id='word_1_893' title='bbox 2927 5248 3091 5303; x_wconf 92' lang='lat' dir='ltr'><strong>homo</strong></span> <span class='ocrx_word' id='word_1_894' title='bbox 3143 5251 3584 5316; x_wconf 85' lang='lat' dir='ltr'><strong>peccaverat,et</strong></span> 
     </span>
    </p>
   </div>
   <div class='ocr_carea' id='block_1_114' title="bbox 2005 5334 3584 5413">
    <p class='ocr_par' dir='ltr' id='par_1_114' title="bbox 2005 5334 3584 5413">
     <span class='ocr_line' id='line_1_114' title="bbox 2005 5334 3584 5413; baseline -0.004 -15"><span class='ocrx_word' id='word_1_895' title='bbox 2005 5341 2319 5398; x_wconf 90' lang='lat' dir='ltr'><strong>confractus</strong></span> <span class='ocrx_word' id='word_1_896' title='bbox 2344 5349 2445 5407; x_wconf 89' lang='lat' dir='ltr'><strong>est,</strong></span> <span class='ocrx_word' id='word_1_897' title='bbox 2469 5340 2683 5413; x_wconf 87' lang='lat' dir='ltr'><strong>elapsus</strong></span> <span class='ocrx_word' id='word_1_898' title='bbox 2713 5341 2779 5397; x_wconf 90' lang='lat' dir='ltr'><strong>de</strong></span> <span class='ocrx_word' id='word_1_899' title='bbox 2804 5340 3074 5410; x_wconf 87' lang='lat' dir='ltr'><strong>paradiso,</strong></span> <span class='ocrx_word' id='word_1_900' title='bbox 3102 5337 3194 5391; x_wconf 86' lang='lat' dir='ltr'><strong>sed</strong></span> <span class='ocrx_word' id='word_1_901' title='bbox 3241 5336 3385 5391; x_wconf 79' lang='lat' dir='ltr'><strong>Dens</strong></span> <span class='ocrx_word' id='word_1_902' title='bbox 3419 5334 3584 5391; x_wconf 60' lang='lat' dir='ltr'><strong>miw</strong></span> 
     </span>
    </p>
   </div>
   <div class='ocr_carea' id='block_1_115' title="bbox 2007 5429 3583 5505">
    <p class='ocr_par' dir='ltr' id='par_1_115' title="bbox 2007 5429 3583 5505">
     <span class='ocr_line' id='line_1_115' title="bbox 2007 5429 3583 5505; baseline -0.004 -15"><span class='ocrx_word' id='word_1_903' title='bbox 2007 5437 2181 5491; x_wconf 84' lang='lat' dir='ltr'><strong>ricors</strong></span> <span class='ocrx_word' id='word_1_904' title='bbox 2208 5434 2543 5505; x_wconf 89' lang='lat' dir='ltr'><strong>compatiens</strong></span> <span class='ocrx_word' id='word_1_905' title='bbox 2573 5435 2794 5500; x_wconf 90' lang='lat' dir='ltr'><strong>misero,</strong></span> <span class='ocrx_word' id='word_1_906' title='bbox 2823 5432 3037 5501; x_wconf 89' lang='lat' dir='ltr'><strong>collegit</strong></span> <span class='ocrx_word' id='word_1_907' title='bbox 3063 5429 3356 5494; x_wconf 88' lang='lat' dir='ltr'><strong>fracturas,</strong></span> <span class='ocrx_word' id='word_1_908' title='bbox 3372 5437 3427 5483; x_wconf 90' lang='lat' dir='ltr'><strong>et</strong></span> <span class='ocrx_word' id='word_1_909' title='bbox 3454 5443 3583 5483; x_wconf 81' lang='lat' dir='ltr'><strong>eon-</strong></span> 
     </span>
    </p>
   </div>
   <div class='ocr_carea' id='block_1_116' title="bbox 2007 5518 3583 5599">
    <p class='ocr_par' dir='ltr' id='par_1_116' title="bbox 2007 5518 3583 5599">
     <span class='ocr_line' id='line_1_116' title="bbox 2007 5518 3583 5599; baseline -0.006 -17"><span class='ocrx_word' id='word_1_910' title='bbox 2007 5527 2156 5582; x_wconf 85' lang='lat' dir='ltr'><strong>ﬂavit</strong></span> <span class='ocrx_word' id='word_1_911' title='bbox 2184 5528 2305 5599; x_wconf 87' lang='lat' dir='ltr'><strong>igne</strong></span> <span class='ocrx_word' id='word_1_912' title='bbox 2333 5525 2615 5582; x_wconf 81' lang='lat' dir='ltr'><strong>charitatis</strong></span> <span class='ocrx_word' id='word_1_913' title='bbox 2660 5526 2713 5579; x_wconf 90' lang='lat' dir='ltr'><strong>in</strong></span> <span class='ocrx_word' id='word_1_914' title='bbox 2747 5540 2932 5587; x_wconf 91' lang='lat' dir='ltr'><strong>cruce,</strong></span> <span class='ocrx_word' id='word_1_915' title='bbox 2983 5531 3039 5577; x_wconf 89' lang='lat' dir='ltr'><strong>et</strong></span> <span class='ocrx_word' id='word_1_916' title='bbox 3074 5519 3218 5589; x_wconf 86' lang='lat' dir='ltr'><strong>quod</strong></span> <span class='ocrx_word' id='word_1_917' title='bbox 3246 5518 3583 5575; x_wconf 81' lang='lat' dir='ltr'><strong>confractum</strong></span> 
     </span>
    </p>
   </div>
   <div class='ocr_carea' id='block_1_117' title="bbox 2009 5608 3582 5689">
    <p class='ocr_par' dir='ltr' id='par_1_117' title="bbox 2009 5608 3582 5689">
     <span class='ocr_line' id='line_1_117' title="bbox 2009 5608 3582 5689; baseline -0.005 -15"><span class='ocrx_word' id='word_1_918' title='bbox 2009 5620 2207 5683; x_wconf 86' lang='lat' dir='ltr'><strong>fuerat,</strong></span> <span class='ocrx_word' id='word_1_919' title='bbox 2262 5618 2529 5689; x_wconf 91' lang='lat' dir='ltr'><strong>integrum</strong></span> <span class='ocrx_word' id='word_1_920' title='bbox 2591 5614 2736 5671; x_wconf 85' lang='lat' dir='ltr'><strong>fecit.</strong></span> <span class='ocrx_word' id='word_1_921' title='bbox 2790 5614 2881 5667; x_wconf 90' lang='lat' dir='ltr'><strong>Sic</strong></span> <span class='ocrx_word' id='word_1_922' title='bbox 2926 5620 3269 5682; x_wconf 77' lang='lat' dir='ltr'><strong>peccatorem</strong></span> <span class='ocrx_word' id='word_1_923' title='bbox 3307 5608 3582 5666; x_wconf 79' lang='lat' dir='ltr'><strong>hominem</strong></span> 
     </span>
    </p>
   </div>
   <div class='ocr_carea' id='block_1_118' title="bbox 2014 5700 3588 5775">
    <p class='ocr_par' dir='ltr' id='par_1_118' title="bbox 2014 5700 3588 5775">
     <span class='ocr_line' id='line_1_118' title="bbox 2014 5700 3588 5775; baseline -0.003 -10"><span class='ocrx_word' id='word_1_924' title='bbox 2014 5711 2152 5765; x_wconf 88' lang='lat' dir='ltr'><strong>Deus</strong></span> <span class='ocrx_word' id='word_1_925' title='bbox 2198 5708 2397 5775; x_wconf 88' lang='lat' dir='ltr'><strong>homo,</strong></span> <span class='ocrx_word' id='word_1_926' title='bbox 2439 5715 2496 5763; x_wconf 90' lang='lat' dir='ltr'><strong>et</strong></span> <span class='ocrx_word' id='word_1_927' title='bbox 2535 5722 2645 5763; x_wconf 70' lang='lat' dir='ltr'><strong>sua:</strong></span> <span class='ocrx_word' id='word_1_928' title='bbox 2673 5706 2867 5763; x_wconf 66' lang='lat' dir='ltr'><strong>divinae</strong></span> <span class='ocrx_word' id='word_1_929' title='bbox 2916 5700 3211 5761; x_wconf 86' lang='lat' dir='ltr'><strong>nobilitatis</strong></span> <span class='ocrx_word' id='word_1_930' title='bbox 3255 5703 3424 5759; x_wconf 89' lang='lat' dir='ltr'><strong>voluit</strong></span> <span class='ocrx_word' id='word_1_931' title='bbox 3465 5717 3588 5760; x_wconf 84' lang='lat' dir='ltr'><strong>esse</strong></span> 
     </span>
    </p>
   </div>
   <div class='ocr_carea' id='block_1_119' title="bbox 2012 5798 3586 5872">
    <p class='ocr_par' dir='ltr' id='par_1_119' title="bbox 2012 5798 3586 5872">
     <span class='ocr_line' id='line_1_119' title="bbox 2012 5798 3586 5872; baseline -0.001 -14"><span class='ocrx_word' id='word_1_932' title='bbox 2012 5811 2337 5872; x_wconf 86' lang='lat' dir='ltr'><strong>consortem,</strong></span> <span class='ocrx_word' id='word_1_933' title='bbox 2368 5808 2418 5859; x_wconf 88' lang='lat' dir='ltr'><strong>et</strong></span> <span class='ocrx_word' id='word_1_934' title='bbox 2442 5808 2655 5858; x_wconf 68' lang='lat' dir='ltr'><strong>ceterum</strong></span> <span class='ocrx_word' id='word_1_935' title='bbox 2700 5800 3048 5860; x_wconf 83' lang='lat' dir='ltr'><strong>beatitudinis</strong></span> <span class='ocrx_word' id='word_1_936' title='bbox 3074 5798 3376 5859; x_wconf 81' lang='lat' dir='ltr'><strong>sublimavit</strong></span> <span class='ocrx_word' id='word_1_937' title='bbox 3411 5798 3586 5856; x_wconf 61' lang='lat' dir='ltr'><strong>haere-</strong></span> 
     </span>
    </p>
   </div>
  </div>
