4034 6364
489 418 602 478 2ίῖ

493 715 730 787 proﬁcit,
753 718 844 788 qui
875 719 1163 777 dilectione
1185 731 1486 792 sequuntur
1511 738 1656 788 eum,
1675 723 1814 778 sicut
1844 736 2073 792 sequen-

1522 416 1840 475 GOFFRIDI
1881 411 2168 468 ABBATIS
2217 388 2736 467 vmoocmeasrs

495 536 643 592 deut.
677 534 834 592 Scire
861 545 1042 594 autem
1073 548 1125 594 et
1153 538 1380 594 ﬁrmiter
1403 541 1625 596 credere
1647 529 1910 594 debemus
1930 533 2073 598 quod
2103 532 2150 589 Α
2175 527 2425 583 omnibus
2455 536 2670 598 purget.
2695 525 2986 580 virtutibus
3017 523 3272 586 "lustret.
3312 533 3580 593 quatenus
3612 525 3767 582 hanc
3856 524 3859 527 ’

492 624 698 682 Christi
741 627 1022 695 nativitas,
1074 641 1131 685 et
1187 645 1334 686 mors
1377 629 1516 699 ejus,
1571 630 1679 686 illis
1735 629 2073 687 solummodo

3645 407 3768 467 2&8

2179 633 2290 674 suae
2321 618 2678 673 sanctissimae
2707 615 3014 670 Nativitatis
3049 614 3392 669 festivitatem
3423 613 3584 685 digne
3615 613 3766 670 cele-

2173 709 2414 776 bremus,
2431 719 2485 764 et
2507 725 2650 774 eum,
2676 709 2764 780 qui
2789 723 2886 779 pro
2903 706 3058 763 nobis
3076 706 3222 762 nasci
3249 718 3302 762 et
3327 707 3464 761 mori
3491 707 3759 776 dignatas

495 808 621 864 dum
642 823 702 864 se
727 810 930 866 docuit.
957 811 1065 869 Hos
1094 825 1278 870 autem
1309 831 1417 871 ηοη
1448 831 1546 872 δυο
1575 816 1812 872 membra
1837 825 2069 884 tantum,
2109 796 2277 868 ἴδει,
2318 810 2371 856 ct
2397 801 2483 856 die
2511 801 2668 856 tertia
2733 799 3055 861 resurrexit,
3085 796 3268 850 videre
3305 804 3359 850 et
3387 796 3591 851 habere
3642 811 3764 850 me-

494 901 589 958 scd
614 916 707 956 sua
737 904 944 959 viscera
980 904 1134 969 facit,
1167 906 1348 961 ﬁrmat
1385 919 1480 962 eos
1510 907 1563 962 in
1599 909 1771 969 bono,
1795 922 1850 963 et
1875 925 1905 963 a
1930 907 2072 964 malo

492 994 750 1050 custodit.
789 995 942 1052 Unde
977 1013 1074 1069 per
1099 999 1416 1070 prophetam
1469 1000 1670 1055 dicitur
1697 999 1993 1072 :Butyrum
2022 1011 2071 1055 et

490 1087 592 1142 me!
638 1089 888 1154 comedet,
949 1099 1004 1144 ut
1057 1091 1189 1145 sciat
1237 1093 1512 1162 reprobare
1555 1092 1753 1146 malum
1788 1103 1836 1148 et
1881 1092 2066 1162 eligere

491 1179 682 1234 bonum
714 1181 870 1250 (Iani.
890 1198 987 1248 vn,
1021 1183 1132 1254 i5).
1185 1184 1446 1256 Butyrum
1499 1201 1666 1240 suave
1703 1196 1809 1251 est,
1860 1195 1914 1240 et
1965 1184 2068 1240 mel

489 1271 669 1338 dulce,
698 1282 754 1329 et
775 1274 907 1328 nihil
940 1274 1168 1343 dulcius,
1191 1277 1276 1330 vel
1317 1277 1536 1333 suavius
1563 1287 1646 1332 est
1694 1278 1984 1342 charitate,
2013 1278 2069 1332 in

489 1376 598 1432 qua
635 1373 746 1419 tota
777 1365 860 1419 lex
891 1367 1088 1436 pendet
1110 1376 1164 1421 et
1209 1370 1486 1438 prophetae
1524 1368 1744 1441 (Matth.
1785 1385 1921 1436 xxtt,
1948 1369 2068 1439 40).

491 1451 747 1510 Christus
775 1454 1074 1522 hujusmodi
1103 1459 1347 1528 butyrum
1369 1471 1416 1514 et
1440 1461 1541 1515 mel
1566 1462 1796 1516 comedet
1819 1479 1838 1517 :
1869 1478 2067 1518 suaves

492 1552 546 1598 et
588 1543 796 1612 dulces,
849 1563 1000 1600 suam
1038 1549 1286 1605 videlicet
1336 1552 1654 1606 charitatcm
1705 1553 1985 1618 habentes,
2015 1555 2066 1608 in

493 1649 693 1705 corpus
715 1653 871 1692 suum
899 1638 1150 1708 trajiciet,
1185 1641 1236 1696 id
1263 1651 1474 1706 est,sua
1505 1644 1840 1709 membra,nt
1865 1645 2064 1700 dictum

490 1736 598 1795 est,
625 1740 682 1783 et
711 1729 920 1785 viscera
966 1729 1152 1788 faciet.
1181 1733 1248 1787 Et
1275 1734 1470 1789 merito
1500 1735 1592 1806 qui
1620 1735 1942 1791 charitatem
1974 1736 2071 1790 ha-

495 1820 648 1885 bent,
678 1823 916 1878 membra
940 1831 995 1878 et
1020 1824 1228 1880 viscera
1257 1825 1458 1880 Christi
1499 1827 1774 1893 dicuntur,
1811 1829 2065 1898 quoniam

2173 906 2410 960 reamur,
2461 893 2552 962 qui
2604 907 2726 948 cum
2781 890 2940 944 Patre
2991 900 3046 944 et
3109 887 3314 958 Spiritu
3369 897 3563 943 sancto
3623 890 3760 944 vivit

2172 993 2226 1038 et
2285 992 2472 1056 regnat
2523 984 2662 1039 Deus
2693 1025 2708 1048 ,
2778 998 2876 1054 per
2925 984 3108 1038 omnia
3156 980 3354 1037 saecula
3411 979 3755 1036 saeculorum.

2171 1076 2363 1131 Amen.

2788 1163 3020 1220 SERMO
3049 1163 3116 1218 IV

2591 1289 2643 1328 IN
2678 1287 3004 1328 NATIVI‘I‘ATE
3039 1286 3222 1326 DOIINI
3263 1286 3337 1324 ιν.

2245 1365 2438 1420 Mirum
2469 1373 2552 1421 est
2581 1364 2910 1435 quod.hodie
2939 1364 3140 1418 factum
3173 1372 3278 1426 est,
3317 1363 3412 1418 sed
3443 1362 3551 1417 ﬁde
3574 1371 3633 1419 et
3664 1364 3756 1419 de-

2169 1460 2387 1515 votione
2427 1457 2754 1514 mirandum.
2790 1455 2959 1510 Hodie
2989 1472 3085 1526 pro
3114 1454 3288 1510 salute
3336 1465 3522 1510 nostra
3583 1466 3746 1509 natus

2169 1562 2253 1607 est
2284 1551 2428 1608 Dens
2457 1552 2525 1606 de
2553 1549 2773 1615 femina,
2803 1548 2869 1603 de
2901 1547 3006 1602 ﬁlia
3053 1547 3214 1620 345
3265 1556 3438 1618 pater,
3491 1547 3754 1606 Dominus

2171 1641 2236 1695 de
2259 1640 2474 1704 ancilla,
2497 1641 2564 1696 dc
2594 1648 2845 1695 creatura
2873 1637 3122 1702 Creator,
3152 1638 3230 1692 sol
3276 1639 3341 1693 de
3371 1638 3548 1694 stella.
3583 1638 3754 1695 Hodie

2171 1741 2330 1786 natus
2353 1739 2440 1786 est
2479 1731 2532 1785 in
2565 1729 2762 1786 saeculo
2792 1739 2918 1784 ante
2948 1729 3140 1784 stecula
3195 1740 3374 1795 natus,
3404 1731 3494 1800 qui
3556 1732 3754 1786 saecula

2171 1822 2319 1885 fecit,
2353 1831 2405 1876 et
2433 1821 2613 1877 omnia
2637 1820 2845 1876 creavit
2867 1836 2933 1876 ex
2958 1819 3146 1883 nihilo,
3172 1819 3442 1890 Christus,
3469 1835 3565 1891 per
3591 1838 3753 1892 quem

487 1911 740 1970 Christus
767 1913 1060 1970 meditatur
1092 1914 1145 1970 in
1180 1914 1341 1987 353
1396 1916 1548 1986 ipsis,
1571 1927 1625 1972 et
1650 1933 1746 1986 per
1761 1881 1916 1988 ipsos
1943 1933 2070 1988 ope-
2103 1881 2142 1939 Β
2172 1913 2313 1968 Deus
2341 1913 2505 1968 Pater
2533 1922 2728 1966 cttttcta
2760 1913 2993 1976 creavit,
3031 1913 3173 1982 quod
3206 1913 3368 1968 homo
3397 1921 3482 1967 est
3505 1928 3631 1968 esse
3666 1931 3748 1970 vo.

491 2013 664 2060 ratur.
696 2002 766 2060 Ut
789 2005 949 2070 sciat,
991 2006 1043 2060 id
1067 2013 1168 2070 est,
1199 2007 1415 2063 ntscire
1441 2007 1544 2063 hoc
1567 2009 1728 2064 modo
1758 2023 1853 2065 eos
1882 2009 2067 2076 faciat,

487 2095 768 2165 reprobare
798 2096 1019 2162 malum,
1049 2113 1078 2152 a
1103 2097 1245 2154 malo
1271 2099 1480 2154 scilicet
1509 2099 1859 2166 declinare,et
1883 2099 2070 2171 eligere

487 2185 770 2251 bonum,in
787 2175 1050 2245 electione
1078 2189 1204 2245 boni
1229 2206 1398 2262 usque
1431 2191 1481 2247 in
1511 2192 1669 2248 ﬁnem
1693 2209 2066 2264 perseverare,

483 2281 632 2335 sicut
652 2281 766 2350 ipse
805 2283 856 2336 iu
885 2282 1176 2353 Evangelia
1209 2284 1342 2339 dicit
1371 2303 1385 2338 :
1421 2283 1525 2350 Qui
1551 2286 1950 2355 perseveraverit
1981 2303 2070 2340 us-

483 2385 589 2440 que
612 2371 665 2424 in
709 2370 890 2439 ﬁnem,
929 2372 1013 2426 hic
1069 2375 1246 2428 salvus
1295 2376 1392 2428 erit
1431 2375 1647 2446 (Matth.
1694 2392 1752 2440 x,
1793 2376 1904 2445 22).
1951 2377 2067 2431 Tali

489 2460 689 2530 butyro
718 2469 772 2516 et
798 2461 957 2517 melle
978 2477 1132 2518 suam
1173 2463 1542 2520 beatissimam
1579 2477 1806 2522 matrem
1836 2469 2069 2524 maxime

490 2547 742 2606 Christus
767 2551 986 2606 cibavit.
1021 2551 1133 2608 Hac
1163 2569 1257 2608 sua
1289 2565 1342 2610 et
1374 2554 1605 2626 proximi
1635 2556 1925 2614 dilectione
1953 2558 2070 2628 ejus

489 2642 726 2698 sacravit
765 2643 1001 2714 viscera,
1035 2645 1102 2701 de
1139 2647 1337 2716 quibus
1387 2647 1491 2704 sibi
1543 2650 1778 2705 humana
1828 2651 2067 2706 membra

490 2731 719 2802 aptavit.
750 2731 1036 2804 Nunquam
1061 2735 1206 2790 enim
1238 2737 1291 2791 in
1339 2753 1402 2792 ea
1459 2753 1677 2794 carnem
1729 2741 2067 2811 sumpsisset,

490 2822 596 2878 nisi
628 2821 779 2892 prius
819 2822 888 2878 ab
916 2839 980 2880 eo
1027 2825 1298 2881 charitate
1338 2828 1512 2882 cibata
1546 2827 1758 2886 fuisset.
1811 2828 1918 2886 Sed
1966 2831 2068 2886 ista

488 2915 774 2986 charitatis
805 2917 979 2988 gratia
1011 2917 1180 2974 Maria
1224 2919 1460 2991 repleta,
1491 2922 1600 2977 Deo
1635 2923 1810 2992 prima
1853 2923 2071 2979 devovit

488 3005 881 3078 virginitatem,
909 3009 1051 3065 unde
1086 3009 1252 3064 lilium
1305 3009 1506 3068 habere
1534 3014 1758 3078 meruit,
1803 3030 1958 3070 suum
2015 3024 2072 3070 et

489 3099 735 3154 omnium
763 3098 1001 3153 Patrem.
1043 3099 1168 3156 Haec
1211 3111 1294 3158 est
1344 3102 1432 3157 illa
1463 3099 1635 3160 'certe
1661 3107 1803 3162 bona
1850 3106 2067 3174 mulier,

489 3190 602 3244 imo
627 3190 938 3246 beatissima
972 3191 1064 3247 Dei
1111 3203 1308 3259 mater,
1337 3193 1491 3264 cujus
1519 3196 1848 3253 mentionem
1885 3198 2069 3252 Domi-
2096 3228 2137 3284 ρ

493 3296 596 3334 IIIIS
623 3281 875 3346 faciebat,
901 3283 1121 3350 quando
1171 3283 1222 3338 in
1248 3285 1500 3356 paradiso
1523 3286 1738 3341 diabolo
1766 3281 2066 3343 commina-

489 3373 776 3445 batur,qui
807 3376 857 3430 in
887 3378 1066 3447 Specie
1087 3379 1357 3447 serpentis
1385 3378 1604 3436 latebat.
1630 3379 2064 3454 Ponam.inquit,

487 3463 796 3519 inimicitias
819 3465 957 3520 inter
984 3477 1033 3544 te
1055 3477 1103 3522 et
1129 3468 1401 3522 mulierem
1421 3508 1435 3532 ,
1463 3479 1510 3524 et
1537 3470 1677 3524 inter
1715 3488 1892 3526 semen
1919 3484 2068 3526 tuum

487 3565 537 3609 et
559 3571 737 3610 semen
764 3556 909 3611 illius
933 3573 952 3613 :
991 3559 1106 3626 ipsa
1129 3569 1356 3613 conteret
1379 3560 1471 3614 tibi
1500 3571 1653 3631 caput
1679 3560 1832 3631 (Gen.
1854 3580 1934 3626 ut,
1952 3565 2065 3636 15).

491 3641 637 3700 Vere
665 3647 823 3702 beata
851 3646 1020 3704 Maria
1044 3649 1247 3704 diaboli
1272 3659 1435 3720 caput
1460 3653 1745 3717 contrivit,
1775 3669 1894 3725 quae
1926 3655 1978 3712 in
2011 3671 2069 3712 se

491 3735 849 3807 principalem
907 3738 1024 3810 ejus
1077 3740 1475 3814 suggestionem
1523 3743 1740 3814 penitus
1787 3745 2064 3800 exstinxit.

489 3827 779 3901 Suggestio
829 3832 1026 3889 diaboli
1103 3834 1416 3906 principalis
1479 3845 1564 3892 est
1634 3839 2068 3910 concupiscentia

495 3920 694 3976 mentis
740 3930 796 3976 et
845 3923 1109 3992 corporis.
1139 3923 1246 3980 Per
1293 3927 1787 3998 concupiscentiam
1848 3930 2070 3997 tuentis,

495 4013 797 4082 quamlibet
824 4029 1136 4084 perversam
1175 4017 1563 4089 cogitationem
1617 4020 1985 4091 intelligimus,
2016 4029 2071 4075 et

489 4121 590 4177 per
609 4109 1102 4180 concupiscentiam
1125 4110 1326 4178 carnis,
1351 4126 1566 4168 omnem
1613 4128 1834 4183 pravam
1881 4129 2072 4184 opera-

494 4200 875 4258 tionem.Bona
903 4219 1033 4260 vero
1056 4205 1266 4260 Domini
1295 4216 1468 4262 mater
1498 4206 1648 4278 virgo
1675 4205 1842 4261 Maria
1877 4207 2068 4262 horum

494 4304 748 4348 neutrum
777 4295 988 4364 habuit,
1017 4312 1160 4367 quas,
1185 4296 1391 4367 Spiritu
1417 4309 1606 4354 sancto
1639 4297 1864 4368 repleta,
1891 4307 2070 4352 mente

491 4390 549 4436 et
575 4398 802 4454 corpore
826 4386 1032 4454 pariter
1061 4394 1248 4440 sancta
1278 4385 1399 4439 fuit.
1429 4385 1627 4440 Semen
1669 4387 1838 4442 beata:
1863 4385 2066 4452 Marize,

491 4473 763 4538 Christus,
795 4483 848 4529 et
870 4491 1004 4546 quas
1029 4475 1080 4529 in
1112 4475 1332 4530 Christo
1359 4475 1567 4546 peperit
1592 4476 1820 4531 virtutes
1851 4478 2066 4532 animae.

2169 2005 2292 2070 luit,
2327 2016 2385 2059 ut
2417 2005 2560 2076 quod
2592 2003 2844 2060 Christus
2884 2014 2966 2058 ρει
3007 2003 3119 2057 lteri
3163 2012 3346 2073 posset
3391 2004 3576 2060 homo.
3603 2003 3754 2061 Tunc

2175 2096 2339 2152 homo
2369 2094 2545 2150 factus
2592 2102 2674 2148 est
2703 2091 2843 2162 quod
2880 2092 3132 2147 Christus
3185 2101 3291 2153 est,
3333 2108 3456 2147 cmn
3501 2092 3753 2148 Christus

2170 2187 2346 2242 factus
2392 2197 2477 2242 est
2524 2187 2705 2242 homo.
2761 2184 2875 2239 lloc
2933 2193 3114 2238 autem
3177 2186 3471 2240 secundum
3503 2193 3751 2240 naturam

2170 2285 2465 2347 assumpta).
2491 2275 2847 2331 humanitatis
2874 2275 3018 2338 dico,
3062 2289 3170 2328 non
3207 2277 3502 2328 secundum
3535 2275 3753 2330 deitatis

2169 2369 2551 2424 substantiam.
2580 2367 2634 2422 ltt
2659 2368 2760 2422 hoc
2792 2369 2982 2436 utique
3017 2378 3098 2420 est
3129 2367 3294 2421 homo
3319 2367 3462 2436 quod
3501 2367 3752 2422 Christus

2169 2470 2275 2524 est,
2311 2461 2454 2531 quod
2481 2461 2732 2516 Christus
2763 2459 3056 2527 assumpsit
3079 2459 3145 2512 de
3171 2458 3411 2513 homine.
3459 2457 3578 2514 Non
3611 2459 3664 2512 in
3687 2475 3752 2514 eo

2171 2563 2255 2607 est
2297 2553 2458 2608 homo
2484 2551 2628 2622 quod
2658 2549 2907 2606 Christus
2936 2560 3041 2614 est,
3093 2547 3238 2619 quod
3285 2548 3542 2605 Christus
3578 2549 3755 2605 factor

2168 2655 2275 2708 est,
2308 2645 2401 2700 sed
2428 2645 2481 2699 in
2504 2659 2568 2699 eo
2599 2641 2741 2713 quod
2765 2642 3017 2698 Christus
3069 2641 3277 2696 factura
3304 2650 3407 2696 est.
3445 2641 3524 2696 Ex
3583 2643 3753 2698 tribus

2169 2735 2315 2791 enim
2343 2732 2664 2790 substantiis
2685 2731 2937 2788 Christus
2961 2732 3014 2785 in
3069 2745 3177 2786 una
3209 2746 3440 2802 persona
3486 2732 3748 2799 subsistit,

2171 2827 2458 2882 divinitate
2493 2825 2723 2893 scilicet,
2752 2839 2934 2890 carne,
2983 2833 3040 2879 et
3078 2823 3280 2877 anima.
3316 2823 3462 2878 Sicut
3496 2823 3661 2878 Pater
3701 2834 3749 2878 et

2172 2917 2361 2984 Filius,
2393 2926 2450 2973 et
2506 2916 2740 2988 Spiritus
2773 2924 2996 2972 sanctus
3055 2923 3182 2970 sunt
3231 2924 3343 2969 tres
3372 2929 3654 2986 personae,
3700 2926 3752 2971 ut

2175 3013 2336 3067 trium
2367 3026 2717 3082 personarum
2760 3022 2844 3068 est
2869 3029 2975 3068 una
3005 3012 3335 3077 substantia,
3363 3013 3445 3066 sic
3493 3010 3748 3073 Verbum.

2173 3119 2302 3160 caro
2326 3114 2381 3160 et
2407 3105 2586 3160 anima
2610 3113 2858 3161 sunttres
2883 3105 3288 3169 substantiam
3308 3104 3474 3158 trium
3497 3105 3754 3160 substan-

2175 3195 2369 3250 tiarum
2398 3203 2484 3249 est
2515 3211 2616 3249 una
2641 3210 2896 3265 persona,
2921 3195 3064 3250 Deus
3080 3205 3134 3249 et
3161 3195 3340 3250 homo.
3375 3192 3510 3248 Nata
3540 3204 3630 3256 est
3657 3196 3754 3250 ita-

2171 3301 2276 3354 que
2303 3284 2464 3340 hodie
2489 3285 2543 3339 in
2576 3300 2678 3339 una
2703 3300 2933 3356 persona
2952 3326 2967 3351 ,
2989 3294 3045 3340 et
3069 3284 3288 3340 homine
3313 3299 3441 3338 vera
3469 3285 3752 3348 divinitas,

2169 3388 2225 3432 et
2252 3377 2307 3432 in
2350 3376 2460 3432 Deo
2491 3392 2617 3432 vera
2661 3378 2837 3431 animo
2887 3387 2943 3432 et
2971 3392 3100 3432 vera
3129 3392 3281 3433 caro.
3316 3376 3427 3432 Hac
3469 3377 3754 3433 nativitate

2169 3473 2436 3540 diabolus,
2465 3488 2630 3543 quam
2674 3472 2954 3528 mendacio
2979 3481 3220 3542 ceperat,
3281 3473 3461 3541 praeda
3512 3471 3755 3541 privatus

2168 3573 2254 3620 est
2297 3565 2539 3620 veritatis
2589 3563 2988 3634 compassione,
3037 3563 3212 3618 erexit
3257 3562 3486 3617 Creator
3510 3573 3754 3622 creatum

2170 3655 2262 3724 qui
2297 3655 2480 3725 lapsus
2519 3651 2720 3715 fuerat,
2775 3663 2830 3707 et
2880 3653 3116 3723 perdidit
3167 3653 3412 3723 perditor
3456 3653 3753 3722 perditum.

2172 3744 2344 3802 llodie
2367 3755 2490 3802 nata
2518 3755 2603 3800 est
2650 3745 2790 3800 inter
2821 3743 2991 3798 Deum
3027 3753 3082 3800 et
3107 3743 3379 3798 hominem
3426 3741 3598 3811 major
3624 3759 3755 3798 con-

2170 3837 2358 3892 cordia
2401 3852 2562 3906 quam
2595 3836 2770 3891 fuerat
2796 3845 2922 3890 ante
2949 3849 3158 3899 casum,
3189 3843 3244 3888 et
3289 3834 3430 3889 inter
3476 3834 3754 3890 hominem

2170 3936 2226 3983 et
2247 3927 2516 3983 diabolum
2563 3926 2831 3981 discordia
2885 3925 3140 3996 gravior;
3187 3924 3278 3996 qui
3315 3939 3376 3980 se
3416 3940 3524 3980 non
3579 3926 3754 3981 solum

2171 4022 2374 4077 victum
2400 4021 2692 4085 erubescit,
2718 4019 2811 4074 sed
2835 4033 2994 4088 quem
3014 4019 3218 4074 vicerat
3249 4018 3521 4073 hominem
3538 4059 3553 4083 ,
3585 4018 3754 4072 etiam

2173 4115 2380 4185 angelis
2429 4127 2551 4169 esse
2600 4111 2881 4182 praelatum
2937 4111 3307 4166 indubitanter
3360 4112 3606 4181 agnoscit
3668 4111 3757 4166 ille

2169 4205 2437 4278 pessimus
2455 4203 2755 4258 mmulalor.
2773 4202 2941 4258 llodie
2971 4203 3159 4258 hortus
3189 4201 3477 4258 conclusus
3503 4201 3672 4276 3&6
3688 4218 3756 4258 ex

2173 4297 2262 4351 illa
2296 4305 2447 4367 porta
2479 4294 2760 4364 processit,
2797 4304 2850 4348 et
2891 4293 2946 4348 in
2997 4293 3141 4348 illam
3175 4303 3229 4347 et
3288 4308 3383 4361 per
3437 4293 3581 4348 illaut
3635 4295 3756 4348 fons

2172 4389 2411 4444 manavit
2437 4389 2700 4458 signatus,
2734 4388 2801 4441 de
2831 4401 2935 4456 qua
2963 4385 3220 4454 propheta
3245 4383 3376 4438 dicit
3407 4398 3421 4437 :
3455 4383 3546 4437 Est
3577 4396 3752 4453 porta,

2171 4497 2288 4551 qua:
2327 4495 2429 4532 non
2474 4479 2739 4547 aperietur
2768 4477 2822 4528 in
2851 4477 3005 4528 domo
3035 4474 3277 4538 Domini,
3318 4473 3500 4526 clausa
3531 4473 3754 4544 (Ezech.

493 4564 692 4619 Semen
725 4564 941 4627 diaboli,
973 4563 1138 4636 344
1174 4565 1300 4618 vitia
1317 4574 1440 4619 sunt
1462 4567 1735 4621 universa.
1776 4565 1908 4633 Qua:
1941 4583 2070 4624 vero
2106 4575 2146 4628 D
2175 4588 2317 4636 xuv,
2345 4571 2418 4639 l).
2447 4569 2570 4624 lla'c
2605 4579 2760 4639 porta
2795 4566 3000 4636 templi,
3033 4573 3088 4619 et
3121 4565 3375 4634 templum
3415 4565 3625 4621 Domini
3673 4575 3758 4620 est

493 4656 777 4712 inimicitia
804 4655 946 4712 inter
972 4657 1198 4711 virtutes
1226 4666 1280 4711 et
1309 4655 1436 4709 vitia
1461 4657 1648 4725 positae
1671 4658 1801 4722 sint,
1833 4658 1963 4712 satis
1985 4669 2068 4713 est

494 4749 866 4811 manifestum,
893 4749 1020 4819 quia
1062 4748 1268 4803 nullum
1312 4763 1498 4803 eorum
1534 4749 1825 4819 quidquam
1866 4750 2070 4807 deside-

497 4851 604 4906 rat,
625 4843 768 4910 qttod
799 4841 952 4897 alteri
981 4858 1085 4897 non
1115 4841 1185 4895 sit
1213 4840 1569 4895 contrarium.
1607 4838 1801 4894 Verum
1828 4849 1931 4905 est,
1965 4840 2070 4895 fra-

496 4942 632 4996 tres,
660 4933 794 4987 nihil
823 4944 908 4989 est
936 4935 1144 4998 verius,
1169 4933 1309 5005 quod
1343 4932 1509 4986 Maria
1542 4933 1706 4988 seruet
1757 4934 1822 4989 de
1845 4933 2070 5002 'virgine

495 5039 664 5078 carne
709 5025 918 5095 peperit
953 5026 1258 5091 Christum,
1294 5017 1350 5080 et
1379 5025 1520 5094 quod
1569 5025 1816 5082 Christus
1863 5026 1916 5082 in
1975 5026 2068 5081 ba—

493 5114 750 5186 ptismate
805 5114 1159 5184 spiritualiter
1213 5116 1355 5186 parit
1409 5116 1649 5188 quotidie
1679 5115 2064 5172 Christianum.

497 5206 650 5262 Unde
680 5222 801 5263 nos.
824 5209 915 5276 qui
951 5207 1244 5264 Christiani
1290 5226 1318 5264 a
1347 5209 1563 5265 Christo
1603 5223 1858 5266 vocamur
1893 5221 1947 5266 et
1977 5228 2067 5267 su-

489 5314 640 5366 tnus,
690 5297 963 5354 Christum
1006 5314 1190 5354 verum
1234 5299 1402 5356 Deum
1454 5308 1511 5354 et
1561 5315 1746 5355 verum
1796 5299 2066 5357 hominem

495 5393 758 5450 hodierna
798 5393 888 5450 die
920 5394 990 5449 de
1029 5403 1204 5448 matre
1236 5391 1458 5463 Virgine
1506 5401 1689 5446 natum
1744 5401 1856 5448 toto
1908 5395 2070 5450 corde

495 5484 783 5540 credamus
812 5495 866 5539 et
887 5484 1266 5549 conﬁteamnr,
1292 5493 1347 5538 et
1393 5484 1678 5554 condignis
1711 5495 1907 5540 nostra;
1947 5485 2066 5539 ﬁdei

495 5576 954 5647 laudibus,ipsum
986 5588 1042 5633 et
1070 5577 1438 5634 beatissimam
1463 5575 1578 5644 ejus
1606 5586 1830 5632 matrem
1847 5576 2066 5631 Mariam

493 5669 762 5741 virginem
814 5670 1092 5726 humiliter
1125 5681 1289 5741 atque
1333 5669 1646 5740 suppliciter
1699 5669 2068 5739 imploremus,

494 5770 562 5816 ut
585 5776 686 5820 sua
708 5760 1023 5817 dulcissima
1055 5762 1276 5830 pietate,
1303 5769 1358 5816 et
1385 5777 1496 5818 suae
1525 5760 1850 5817 dulcissima:
1881 5759 2070 5814 matris

496 5854 911 5920 intercessione,
944 5853 1153 5909 animas
1183 5862 1238 5907 et
1282 5869 1505 5924 corpora
1553 5862 1734 5911 nostra
1776 5867 1803 5906 a
1832 5853 2069 5923 peccatis

2174 4665 2340 4720 Maria
2373 4663 2684 4720 beatissima
2731 4670 2787 4714 et
2843 4657 3283 4727 iucotnparahilis
3304 4658 3478 4728 virgo,
3510 4657 3576 4710 de
3601 4658 3757 4726 cujus

2173 4766 2330 4812 utero
2365 4757 2431 4810 ad
2462 4771 2558 4810 nos
2601 4755 2750 4810 venit
2784 4754 2877 4808 Dei
2929 4754 3106 4809 Patris
3141 4755 3337 4826 imago.
3369 4753 3440 4808 Et
3481 4755 3755 4823 quomodo

2174 4846 2402 4910 venerit,
2432 4853 2487 4900 et
2513 4859 2685 4914 quare
2718 4845 2948 4909 venerit,
2981 4843 3309 4907 ostenditur,
3356 4859 3479 4896 cum
3524 4842 3594 4896 ad
3645 4842 3758 4896 Ma-

2175 4937 2310 4991 riam
2355 4946 2410 4992 et
2452 4937 2519 4990 ad
2547 4935 2744 5005 Joseph
2793 4935 2859 4989 ab
2893 4935 3082 5001 angelo
3114 4935 3192 4989 eis
3236 4933 3510 4989 revelante
3559 4933 3756 4988 divina:

2174 5027 2594 5097 dispensationis
2623 5027 2907 5081 consilium
2931 5027 3148 5092 dicitur;
3165 5026 3230 5080 ad
3253 5025 3476 5080 Mariam
3501 5025 3752 5095 quidem:

2175 5119 2408 5188 Spiritus
2453 5128 2665 5171 sanctus
2717 5117 2773 5172 in
2826 5129 2874 5173 te
2927 5118 3111 5182 veniet,
3159 5116 3355 5181 Maria,
3398 5125 3448 5170 et
3496 5116 3754 5182 concipias

2176 5207 2372 5262 Filium
2408 5207 2502 5262 Dei
2529 5207 2679 5279 (Luc.
2707 5208 2873 5278 1.5!);
2909 5207 2974 5260 ad
3005 5207 3201 5276 Joseph
3232 5222 3388 5261 vero:
3412 5204 3537 5261 Noli
3570 5206 3753 5256 timere

2173 5300 2409 5370 accipere
2441 5298 2667 5354 Mariam
2695 5299 2966 5368 conjugem
2997 5309 3176 5362 tuam;
3221 5298 3360 5366 quod
3395 5299 3448 5350 in
3481 5315 3542 5349 ea
3569 5306 3752 5348 natum

2171 5403 2269 5454 est,
2298 5393 2363 5445 de
2392 5391 2596 5457 Spiritu
2622 5400 2803 5444 sancto
2846 5400 2941 5443 est.
2986 5387 3167 5444 l’ariet
3217 5390 3418 5458 ﬁlium,
3466 5399 3513 5443 et
3545 5387 3750 5442 vocabis

2174 5499 2360 5539 nomen
2388 5482 2501 5552 ejus
2521 5481 2726 5547 Iesum,
2755 5481 2844 5549 qui
2871 5479 3072 5534 salvum
3119 5481 3274 5548 faciet
3315 5480 3563 5548 populum
3592 5495 3750 5532 suum

2173 5594 2203 5627 u
2259 5574 2484 5643 peccatis
2531 5588 2709 5625 eorum
2757 5571 2974 5642 (Matth.
3008 5586 3044 5633 ι,
3091 5570 3182 5635 20,
3235 5571 3348 5642 2|).
3381 5569 3546 5626 Ortus
3577 5570 3746 5624 nostri

2175 5666 2495 5732 Salvatoris,
2539 5664 2662 5720 licet
2703 5663 2908 5736 angelis
2931 5663 3137 5719 sanctis
3181 5672 3234 5718 et
3261 5678 3358 5735 pcr
3393 5679 3486 5718 eos
3515 5663 3750 5719 homini-

2176 5759 2273 5814 bus
2319 5759 2472 5814 bonae
2499 5755 2792 5812 voluntatis
2817 5753 3133 5810 manifestus
3169 5751 3473 5822 exstiterit,
3501 5758 3747 5809 occultus

2177 5860 2352 5904 tamen
2401 5848 2500 5905 fuit
2525 5847 2738 5905 diabolo
2773 5856 2824 5906 et
2856 5847 3012 5906 idolis
3057 5847 3190 5918 ejus.
3217 5847 3358 5904 ldola
3391 5847 3585 5904 diaboli
3620 5855 3745 5902 sunt
