4034 6364
309 371 419 425 εις)

1720 370 2106 426 SERMONES.

3433 399 3436 402 ~
3457 370 3563 425 250

311 482 583 551 praecipue
631 479 890 539 infideles.
924 491 978 535 et
1015 483 1312 552 retrogradi
1360 481 1636 550 homines,
1685 487 1881 556 quibus
1910 486 1956 545 Α
1985 495 2037 539 et
2059 484 2250 538 anima:
2273 491 2518 538 crearent
2540 494 2591 539 et
2616 493 2949 548 crearentur,
2973 500 3078 539 non
3102 494 3276 539 tamen
3300 487 3418 540 sine
3445 500 3565 539 car-

311 582 537 643 propter
566 588 662 628 cor
706 573 1052 643 impmniteus
1083 589 1293 639 eorum,
1341 575 1581 646 ignotum
1629 589 1714 632 est
1758 595 1888 634 eon-

309 665 579 734 ceptionis
629 664 922 718 Dominicm
950 673 1000 718 et
1038 665 1334 721 nativitatis
1367 668 1706 738 mysterium.
1758 668 1888 736 Quae

312 755 457 811 idola
504 755 700 810 diaboli
754 764 902 810 recte
955 767 1238 822 vocantur,
1267 759 1391 828 quia
1425 760 1476 813 in
1509 759 1662 828 ipsis,
1693 772 1745 815 et
1790 777 1887 831 per

312 850 460 920 ipsos
521 851 753 921 loquitur
818 852 1022 921 pariter
1081 861 1134 908 et
1198 862 1475 924 operatur.
1551 854 1884 912 Salvatorem

311 953 556 998 nostrum
593 943 872 1012 Scriptura
901 957 1056 997 sacra
1087 944 1284 998 merito
1313 943 1521 1000 fontem
1574 946 1882 1016 appellavit,

310 1035 438 1102 quia
468 1033 582 1103 ipse
609 1033 748 1087 unda
780 1048 934 1104 aqua:
959 1042 1013 1088 et
1029 1034 1327 1104 sanguinis,
1359 1050 1457 1090 suo
1480 1033 1798 1106 profluentis
1819 1051 1884 1092 ex

315 1127 506 1189 latere,
532 1139 699 1194 genus
725 1125 1016 1180 lmmanum
1045 1125 1172 1180 lavit
1193 1142 1222 1180 a
1248 1128 1495 1182 sordibus
1515 1139 1881 1198 peccatorum,

312 1225 370 1268 et
397 1216 602 1270 creavit
625 1213 916 1272 Ecclesium
943 1217 1060 1273 sine
1107 1233 1236 1290 ruga
1263 1227 1319 1273 et
1347 1219 1557 1291 macula
1581 1219 1795 1291 (Ephes.
1830 1237 1880 1286 v,

308 1306 426 1378 27),
458 1307 510 1362 id
561 1308 793 1362 estsine
818 1308 1162 1364 deformitate
1187 1320 1242 1364 et
1273 1289 1632 1377 immunditia,
1653 1289 1659 1291 “
1682 1319 1737 1365 et
1780 1313 1882 1367 sibi

308 1413 562 1468 sponsam
597 1398 758 1468 elegit
778 1409 832 1454 et
859 1399 1136 1469 templum.
1161 1399 1304 1456 Fons
1346 1402 1445 1457 iste
1471 1417 1591 1458 esse
1633 1403 1882 1473 signatus

307 1504 415 1543 non
448 1489 757 1562 incongrue,
791 1491 1106 1560 perhibetur
1153 1490 1329 1558 (Cant.
1383 1509 1456 1558 tv,
1513 1494 1625 1564 i2),
1670 1495 1795 1564 quia
1829 1495 1882 1548 in

304 1581 470 1654 347
499 1584 646 1638 onmi
671 1585 901 1638 veritate
935 1595 990 1639 et
1012 1587 1305 1641 sanctitate
1334 1596 1420 1642 est
1446 1602 1474 1640 a
1499 1585 1662 1641 Patre
1683 1589 1884 1643 sancti-

307 1671 522 1730 ficatns.
553 1675 697 1731 Fons
726 1675 827 1730 iste
871 1691 1120 1742 manens,
1143 1687 1198 1732 et
1236 1678 1549 1733 indeficiens
1591 1693 1690 1734 sno
1734 1694 1880 1745 rore,

312 1767 486 1822 sancti
540 1766 772 1837 Spiritus
815 1768 1021 1824 scilicet
1068 1769 1366 1831 infusmne,
1418 1771 1613 1840 rigavit
1673 1770 1879 1825 viscera

305 1859 558 1929 gloriosa:
586 1858 787 1921 Mariae,
813 1874 974 1928 quam
999 1859 1276 1929 plenitudo
1303 1860 1605 1914 divinitatis
1631 1876 1879 1930 corpora~

304 1949 436 2004 liter
458 1949 764 2004 inhabitans
782 1948 917 2016 (Col.
943 1965 1004 2010 Il,
1029 1949 1104 2016 9),
1129 1949 1275 2004 dedit
1297 1949 1369 2004 illi
1401 1966 1552 2004 suam
1577 1951 1880 2022 benignita-

303 2050 420 2095 tem
447 2039 618 2111 (I’sal.
653 2056 876 2103 Lxxxiv,
916 2040 1028 2108 l5),
1057 2056 1251 2095 novam
1282 2051 1335 2096 et
1356 2041 1523 2095 solam
1550 2042 1668 2096 sine
1691 2057 1878 2096 exem-

299 2133 400 2202 plo
430 2132 857 2203 conceptionem.
875 2132 965 2186 llla
991 2144 1170 2188 autem
1199 2134 1541 2190 sanctissima
1569 2143 1709 2188 terra
1737 2134 1880 2188 dedit

301 2223 543 2278 fructum
573 2241 726 2279 suum
751 2226 920 2298 (Psal.
949 2241 1094 2287 vat,
1127 2227 1202 2296 7).
1241 2227 1393 2295 virgo
1418 2226 1666 2281 videlicet
1686 2226 1876 2292 Maria,

304 2329 469 2382 quem
503 2315 694 2384 angelo
723 2317 1004 2370 utnitiante
1046 2318 1149 2371 fide
1189 2327 1245 2372 et
1287 2315 1573 2372 dilectione
1611 2318 1877 2386 concepit,

302 2403 488 2459 clausa
513 2403 629 2473 ejus
656 2407 794 2460 uteri
823 2417 972 2476 porta
1011 2408 1218 2477 peperit
1246 2407 1500 2475 filium,in
1521 2409 1630 2463 Deo
1664 2409 1878 2478 quidem

306 2494 580 2549 hominem
639 2505 693 2549 et
739 2497 789 2550 iu
839 2499 1056 2553 homine
1104 2499 1294 2554 Deum.
1345 2499 1458 2554 Hoc
1515 2499 1769 2555 ineffabili
1827 2510 1880 2556 el.

303 2584 707 2656 inexcogitahili
735 2588 912 2654 modo,
954 2586 1174 2642 Verbum
1205 2590 1403 2659 factum
1434 2601 1509 2644 est
1540 2607 1663 2645 curo
1695 2590 1875 2662 (Joan.

301 2693 351 2738 -ι,
401 2676 512 2745 ii),
563 2677 704 2734 Deus
733 2681 938 2736 scilicet
987 2681 1077 2736 Dei
1133 2682 1312 2738 Patris
1351 2681 1536 2746 Filius,
1583 2683 1757 2740 factus
1795 2693 1880 2739 est

307 2767 452 2822 filius
475 2769 687 2824 femime
708 2772 1294 2842 virginis,uaturaliter
1317 2773 1476 2830 simul
1501 2784 1554 2829 et
1573 2776 1880 2844 potentiali-

303 2866 396 2914 ter
423 2869 600 2915 natus.
624 2861 953 2919 Naturaliter
999 2865 1204 2934 utique,
1231 2863 1355 2934 quia
1382 2881 1446 2920 ex
1471 2881 1534 2921 ea
1560 2876 1712 2936 parte
1752 2882 1878 2922 cor-

304 2953 456 3022 poris
485 2952 665 3009 Mariae
685 2955 932 3024 virginis,
963 2972 1067 3027 qua
1093 2959 1256 3013 homo
1278 2958 1509 3028 quisque
1553 2959 1619 3014 de
1640 2974 1736 3014 sua
1764 2975 1880 3014 ma-

306 3054 395 3098 tre
419 3047 676 3111 nascitur,
702 3056 860 3102 natus
900 3058 983 3102 est
1025 3049 1306 3115 Christus;
1353 3052 1449 3106 sed
1491 3051 1875 3120 potentialiter,

301 3132 460 3204 quia,
487 3136 626 3190 sicut
647 3137 847 3192 dictum
878 3148 982 3202 est,
1018 3149 1172 3208 porta
1199 3141 1405 3196 ventris
1446 3141 1684 3212 ejusdem
1718 3143 1880 3213 virgi-

303 3225 396 3280 nis
426 3225 869 3290 clausa,servans
900 3231 1060 3301 igitur
1102 3230 1154 3285 in
1198 3247 1307 3286 uno
1343 3243 1592 3288 naturam
1624 3234 1877 3290 Immani-

303 3319 458 3383 tatis,
491 3320 543 3373 in
589 3319 761 3377 altero
803 3338 931 3378 vero
985 3325 1276 3381 humanam
1323 3337 1574 3383 naturam
1617 3344 1879 3398 superans

302 3412 698 3482 omnipotentis
749 3413 1066 3470 divinitatis.
1114 3416 1169 3471 Si
1200 3419 1322 3487 quis
1363 3434 1526 3489 super
1573 3420 1676 3475 hoc
1723 3421 1880 3476 aliter

302 3501 492 3568 sentit,
514 3502 593 3556 vel
617 3503 774 3559 aliter
813 3506 1071 3576 loquitur,
1105 3507 1357 3565 vitandus
1385 3520 1486 3575 est,
1514 3526 1620 3567 non
1648 3527 1879 3582 sequen—

301 3592 427 3656 dus,
475 3597 728 3666 quoniam
785 3598 899 3668 ipse
946 3600 1101 3655 devia
1152 3601 1418 3673 sequitur.
1467 3602 1875 3660 Dedoceteuim

297 3687 614 3754 veritatem,
665 3700 718 3746 et
750 3691 908 3747 docet
957 3708 1228 3749 errorem.
1283 3695 1349 3749 Et
1402 3710 1525 3750 cum
1577 3696 1753 3750 aliena
1809 3700 1877 3752 ab

300 3779 391 3835 his
422 3796 543 3852 quae
574 3781 808 3853 Spiritus
843 3795 1064 3839 sanctus
1093 3801 1188 3850 per
1214 3801 1275 3840 os
1318 3797 1626 3841 sanctorum
1655 3802 1876 3841 suorum

299 3876 523 3932 locutus
575 3886 700 3944 est,
769 3878 954 3932 dicere
1008 3878 1242 3943 nititur,
1317 3879 1471 3948 quasi
1529 3894 1723 3934 novam
1777 3878 1876 3934 sibi

299 3971 530 4039 gloriam
567 3974 761 4044 pingit,
791 3971 995 4026 etdum
1024 3971 1212 4025 falsam
1261 3970 1506 4040 sequitur
1542 3970 1876 4035 felicitatem,

299 4079 491 4118 veram
541 4066 908 4122 infelicitatem
957 4064 1325 4135 consequitur.
1371 4063 1484 4119 Hoc
1542 4063 1744 4118 idcirco
1797 4064 1880 4117 di-

299 4161 501 4224 xerim,
554 4160 679 4228 quia
717 4160 1036 4228 quibusdam
1095 4158 1341 4228 personis
1398 4145 1692 4211 ascribitnr
1731 4157 1876 4226 quod

305 4261 539 4306 matrem
587 4251 800 4307 Domini
844 4261 898 4307 et
948 4262 1072 4306 ante
1130 4259 1345 4322 partqu
1391 4259 1445 4303 ct
1491 4259 1614 4320 post
1662 4258 1876 4318 partum

298 4344 472 4418 348
525 4345 820 4417 praedicant
887 4344 1106 4415 quidem
1156 4343 1452 4414 virginem,
1522 4341 1614 4396 sed
1663 4351 1874 4412 portam

299 4435 512 4491 ventris
583 4435 699 4506 ejus
769 4444 1010 4504 apertam
1082 4433 1134 4488 in
1196 4448 1294 4489 suo
1364 4439 1560 4500 partu,
1638 4439 1694 4486 et
1755 4441 1876 4501 post

1992 573 2076 627 nis
2107 573 2403 642 apertione.
2439 572 2570 628 Nam
2597 575 2641 628 si
2677 575 2887 630 deesset
2915 576 3095 629 carnis
3125 575 3352 645 apertio,
3393 575 3561 646 virgi-

1990 663 2134 717 nitas
2174 674 2504 731 servaretur,
2535 674 2588 718 et
2635 664 2708 719 ita
2743 667 3111 734 unusquisque
3160 674 3474 720 nasceretur
3498 665 3567 724 do

1988 756 2216 824 virgine.
2268 755 2372 810 Sed
2426 756 2539 810 fieri
2583 757 2802 811 minime
2848 757 3022 826 potuit
3057 767 3115 811 ut
3157 770 3469 813 nasceretur
3497 755 3566 814 de

1987 849 2196 920 virgine
2219 849 2401 912 homo,
2430 849 2526 902 nisi
2562 848 2649 902 ille
2688 850 2854 911 solus,
2895 851 2984 918 qui
3026 859 3110 904 est
3134 849 3273 904 Deus
3304 859 3358 904 et
3380 849 3563 906 homo.

1990 940 2304 1010 Quicunque
2355 940 2520 1011 igitur
2567 955 2732 1010 super
2777 941 2880 996 hoc
2931 943 3089 996 aliter
3132 943 3370 1013 sapiunt,
3420 944 3564 998 (18ςί-

1988 1034 2160 1102 piunt,
2198 1042 2253 1088 et
2281 1035 2420 1103 quod
2461 1043 2544 1088 est
2586 1049 2808 1103 prorsus
2851 1035 3084 1090 alienum
3115 1052 3144 1090 a
3175 1039 3402 1093 veritate
3438 1054 3565 1092 nar-

1989 1135 2129 1190 rant,
2160 1126 2253 1181 sed
2280 1135 2485 1189 errant,
2511 1135 2566 1180 et
2591 1127 2720 1181 nihil
2749 1128 2966 1198 prodest
2995 1129 3075 1183 eis
3107 1139 3332 1185 matrem
3380 1131 3567 1186 Salva-

1988 1218 2140 1280 toris,
2169 1228 2221 1272 et
2250 1229 2373 1272 ante
2400 1229 2636 1288 partum,
2661 1229 2716 1275 et
2745 1229 2863 1290 post
2892 1231 3102 1290 partum
3135 1223 3375 1278 confiteri
3402 1225 3569 1291 virgi-

1989 1326 2130 1375 nem,
2162 1311 2251 1380 qui
2284 1327 2404 1366 eam
2441 1313 2493 1366 in
2523 1328 2620 1368 suo
2650 1323 2805 1380 partu
2839 1311 3008 1368 fuisse
3039 1314 3302 1383 virginem
3345 1329 3560 1385 negant.

1987 1403 2152 1472 Virgo
2186 1403 2387 1457 etenim
2431 1414 2615 1460 sancta
2658 1403 2758 1458 fuit
2795 1414 2922 1460 ante
2960 1415 3190 1475 partum,
3229 1417 3283 1460 et
3321 1407 3372 1460 in
3408 1417 3562 1475 partu

1987 1498 2138 1566 virgo
2186 1497 2444 1557 sanetior.
2481 1506 2535 1550 et
2574 1497 2919 1551 sanctissima
2969 1498 3120 1564 virgo
3165 1508 3281 1566 post
3325 1508 3561 1567 partum.

1983 1590 2109 1658 quia
2139 1596 2340 1657 quanto
2369 1585 2570 1656 majora
2600 1587 2712 1657 egit
2741 1587 2792 1641 in
2821 1603 2883 1641 ea
2908 1586 3087 1641 divina
3115 1587 3378 1657 operatio,
3418 1597 3566 1642 tanto

1988 1685 2158 1752 major
2179 1683 2345 1756 349
2386 1684 2437 1737 in
2471 1684 2585 1752 ipsa
2635 1683 2893 1738 sanctitas
2937 1682 3106 1735 crevit
3147 1690 3309 1751 atque
3357 1681 3564 1752 religio.

1988 1774 2101 1829 Hoc
2129 1775 2388 1829 docemur
2418 1774 2520 1827 fide
2549 1773 2841 1839 catholica,
2877 1781 2931 1826 et
2960 1770 3271 1825 Christiana
3321 1771 3565 1825 doctrina

1984 1868 2318 1923 contrarium
2374 1877 2708 1922 exsecratur.
2773 1866 3058 1934 Nunquam
3118 1865 3300 1934 itaque
3351 1875 3562 1935 aperta,

1981 1962 2074 2016 sed
2105 1960 2285 2016 clausa
2327 1973 2542 2030 semper
2570 1967 2625 2013 et
2663 1957 2892 2030 sigillata
2935 1957 3038 2011 fuit
3078 1957 3216 2011 uteri
3250 1957 3440 2011 matris
3471 1973 3566 2012 no-

1982 2054 2078 2108 stri
2133 2052 2429 2108 Salvatoris
2471 2052 2657 2122 janua,
2710 2065 2806 2120 per
2849 2064 3010 2118 quam
3059 2048 3228 2102 exivit
3280 2047 3394 2118 ipse
3425 2047 3566 2102 Deus

1981 2145 2164 2208 homo,
2198 2153 2446 2213 tanquam
2476 2157 2696 2212 sponsus
2723 2140 3004 2209 procedens
3033 2138 3096 2192 de
3127 2137 3358 2191 thalamo
3389 2135 3563 2207 (Paul.

1983 2251 2138 2302 xvut,
2165 2235 2240 2304 6).
2302 2235 2498 2290 Uterns
2527 2235 2682 2288 bona:
2711 2241 2764 2288 et
2793 2232 2962 2288 beatae
2986 2231 3212 2302 virginis
3237 2230 3416 2285 Mariae
3447 2231 3564 2285 thas

1983 2326 2160 2380 lamus
2197 2325 2418 2390 dicitur,
2455 2323 2580 2394 quia
2617 2323 2671 2377 in
2711 2337 2777 2376 eo
2823 2323 3025 2376 sociata
3066 2331 3192 2375 sunt
3229 2332 3282 2376 et
3311 2322 3564 2376 divinitas

1983 2416 2163 2480 carui,
2214 2425 2269 2469 et
2315 2430 2444 2469 caro
2493 2423 2674 2469 nostra
2723 2413 3014 2467 divinitati.
3076 2411 3243 2465 Vulva
3297 2411 3558 2475 mulieris.

1983 2517 2138 2578 porta
2165 2506 2372 2562 ventris
2399 2507 2514 2576 ejus
2553 2513 2698 2560 recte
2733 2505 2951 2569 dicitur,
2982 2503 3106 2574 quia
3149 2519 3246 2568 per
3275 2503 3418 2558 illam
3448 2503 3564 2559 exit

1983 2601 2166 2662 homo,
2197 2607 2252 2652 et
2278 2597 2423 2651 venit
2459 2597 2510 2651 in
2541 2597 2682 2652 hunc
2713 2595 2969 2649 u‘mndum
3001 2611 3120 2648 cum
3154 2595 3267 2664 ipse
3295 2594 3558 2650 nascitur.

1982 2689 2113 2757 Qua:
2143 2689 2194 2742 in
2227 2687 2348 2741 aliis
2369 2687 2584 2756 quidem
2611 2685 2946 2749 mulieribus,
2979 2685 3124 2755 prole
3145 2695 3396 2752 exeunte,
3427 2700 3558 2757 ape-

1977 2783 2141 2846 ritur,
2191 2782 2244 2834 in
2280 2781 2393 2836 sola
2435 2791 2614 2834 autem
2643 2788 2815 2834 matre
2840 2779 3070 2844 Domini,
3102 2787 3157 2833 et
3185 2794 3250 2834 eo
3276 2789 3556 2846 nascente,

1980 2882 2036 2928 et
2083 2880 2230 2936 ante,
2277 2880 2333 2926 et
2371 2881 2556 2942 postea
2597 2869 2777 2926 clausa
2819 2869 2986 2925 fuisse
3027 2870 3222 2938 legitur
3264 2871 3554 2934 veraciter,

1979 2973 2035 3020 et
2066 2965 2297 3019 firmiter
2342 2963 2605 3030 creditur,
2635 2963 2919 3019 Ezechiele
2952 2963 3213 3033 propheta
3242 2970 3556 3026 attestanto,

1980 3058 2070 3127 qui
2097 3055 2230 3111 dicit
2253 3073 2268 3112 :
2296 3053 2387 3110 Est
2415 3066 2565 3124 porta
2585 3057 2637 3109 in
2659 3054 2814 3108 domo
2838 3053 3049 3108 Domini
3076 3053 3282 3119 clausa,
3309 3069 3428 3124 qua:
3457 3069 3560 3108 non

1906 3179 1947 3235 ο
1983 3149 2247 3219 aperietur
2276 3147 2493 3220 (Ezcclt.
2525 3163 2670 3212 κων,
2699 3149 2778 3218 2).
2823 3145 3170 3201 Honorabilis
3210 3155 3262 3201 et
3298 3146 3562 3216 praidica-

1981 3244 2104 3298 bilis
2138 3242 2335 3298 femina
2355 3285 2371 3309 ,
2403 3243 2560 3313 digna
2601 3241 2710 3296 Deo
2748 3241 2900 3310 virgo
2923 3240 3088 3295 Maria
3125 3240 3317 3294 domus
3345 3241 3554 3295 Domini

1979 3333 2295 3404 appellatur,
2348 3334 2398 3386 in
2441 3347 2548 3402 qua
2598 3340 2748 3402 porta
2794 3329 3071 3386 orientalis
3109 3329 3292 3385 clausa
3339 3344 3554 3399 semper

1979 3440 2098 3480 esse
2134 3427 2470 3494 perhibetur.
2531 3425 2701 3480 Recto
2751 3423 2968 3478 nomine
3011 3421 3202 3487 Maria,
3252 3425 3465 3484 domus,
3503 3423 3553 3476 id

1978 3524 2062 3570 est
2091 3515 2348 3584 templum
2379 3515 2588 3568 Domini
2626 3514 2846 3578 dicitur,
2878 3512 2999 3582 quia
3028 3511 3171 3566 Deus
3197 3511 3313 3581 ipse
3341 3512 3555 3565 habita-

1980 3608 2056 3661 vit
2094 3607 2145 3660 in
2184 3621 2275 3665 ea.
2314 3615 2370 3660 et
2407 3621 2504 3676 per
2540 3605 3022 3660 sanctificationem
3075 3601 3330 3672 Spiritus,
3367 3611 3422 3657 et
3460 3617 3556 3673 per

1982 3699 2270 3754 humanam
2342 3698 2770 3768 conceptionem.
2835 3696 3058 3752 Servata
3113 3695 3297 3766 itaque
3358 3695 3555 3750 divina:

1980 3790 2310 3856 proprietate
2332 3798 2557 3853 uatum,
2578 3788 2630 3842 in
2659 3799 2812 3842 utero
2839 3788 3065 3858 virginis
3094 3789 3269 3843 factus
3292 3795 3377 3842 est
3401 3799 3553 3848 caro,

1980 3888 2034 3932 et
2068 3875 2338 3946 perfectus
2379 3877 2539 3930 homo
2579 3881 2632 3932 in
2661 3879 2891 3932 veritate.
2932 3878 3113 3933 carnis
3153 3886 3209 3932 et
3247 3877 3460 3939 animae,
3501 3882 3556 3929 et

1981 3983 2076 4038 per
2115 3977 2322 4037 portam
2364 3968 2542 4038 templi
2579 3985 2698 4038 qua:
2738 3969 2960 4038 reSpicit
2999 3968 3066 4022 ad
3105 3966 3402 4029 Orientem,
3431 3982 3554 4036 qum

1982 4077 2079 4114 nec
2110 4077 2206 4131 per
2233 4076 2291 4114 se
2323 4062 2514 4132 patuit,
2550 4077 2650 4116 nec
2680 4062 2748 4114 ab
2779 4061 2885 4114 alio
2913 4069 3095 4129 aperta
3135 4059 3254 4120 fuit,
3293 4060 3557 4129 processit

1981 4153 2048 4206 de
2070 4152 2276 4222 virgine
2315 4160 2508 4206 matre.
2545 4152 2742 4205 Eadem
2776 4150 2972 4221 quippe
3001 4149 3356 4220 possibilitate
3393 4150 3550 4203 vulva

1981 4258 2091 4296 sua:
2135 4244 2322 4298 matris
2361 4242 2540 4296 clausa
2593 4243 2874 4312 processit,
2918 4257 2982 4296 ac
3025 4242 3068 4296 si
3113 4239 3307 4296 fuisset
3343 4251 3552 4312 aperta.

1982 4332 2279 4404 Utrumque
2328 4335 2632 4390 mirandum
2680 4345 2756 4390 est
2789 4355 2800 4388 :
2832 4343 2886 4389 et
2929 4335 3128 4390 factum
3163 4335 3328 4390 Deum
3376 4327 3553 4390 homi-

1980 4444 2122 4489 nem,
2168 4438 2221 4482 et
2267 4429 2431 4482 Deum
2475 4429 2746 4484 hominem
2788 4429 2952 4501 350
2988 4429 3054 4484 de
3094 4428 3299 4498 virgine
3345 4439 3554 4484 natutu.

297 4539 518 4600 partum
563 4527 743 4582 statim
789 4527 1029 4582 clausam
1086 4526 1253 4581 fuisse.
1300 4525 1560 4590 fatentur,
1608 4525 1760 4596 quasi
1809 4527 1874 4582 ad
1905 4520 1954 4580 D
1982 4522 2036 4578 Si
2075 4525 2194 4593 quis
2223 4526 2387 4579 Deum
2430 4525 2698 4579 hominem
2747 4524 2945 4579 factum
2987 4525 3250 4588 attendat,
3295 4536 3462 4593 quare
3492 4524 3557 4576 de

302 4623 494 4676 horam
525 4619 689 4674 fuerit
717 4619 886 4690 virgo,
919 4627 972 4673 et
1013 4620 1078 4684 ad
1112 4619 1298 4674 horam
1339 4617 1631 4688 perdiderit
1659 4619 1878 4688 virgini-

301 4721 494 4766 tatem.
542 4710 790 4766 lnsauum
833 4719 918 4764 est
959 4709 1060 4764 hoc
1103 4710 1310 4775 dicere,
1349 4715 1402 4764 et
1439 4708 1659 4764 credere
1699 4708 1882 4779 profa-

303 4818 456 4855 num.
487 4799 587 4868 Qui
617 4803 718 4856 hoc
743 4801 890 4864 dicit,
925 4800 1005 4853 vel
1035 4801 1224 4864 credit,
1255 4800 1478 4870 Spiritui
1524 4808 1714 4856 sancto
1752 4816 1881 4856 con-

305 4892 541 4946 tradicit.
572 4890 703 4946 Nam
727 4890 981 4947 diflitetur
1001 4892 1280 4946 veritatem
1307 4907 1466 4960 quam
1495 4890 1728 4958 Spiritus
1759 4906 1882 4946 sau-

302 4993 423 5038 ctus
445 4998 543 5055 per
565 4983 899 5040 Ezechielem
927 4985 1240 5054 prophetam
1270 4983 1558 5037 confitetur
1581 4983 1877 5037 dicentem:

303 5076 404 5131 Est
445 5086 596 5145 porta
632 5077 688 5130 in
722 5078 876 5130 domo
903 5075 1110 5131 Domini
1151 5075 1351 5139 clausa,
1393 5085 1438 5130 et
1483 5092 1586 5128 non
1625 5075 1884 5142 aperietur

304 5170 524 5243 (Ezec‘lt.
546 5187 688 5236 xuv,
705 5171 783 5239 2).
811 5171 922 5241 Ego
945 5179 1118 5225 autem
1148 5170 1198 5224 in
1222 5169 1421 5241 Spiritu
1447 5180 1638 5224 sancto
1659 5168 1883 5224 firmiter

303 5263 494 5325 credo,
525 5273 580 5318 et
610 5263 978 5318 indubitanter
1004 5263 1275 5334 profiteor,
1308 5272 1362 5318 et
1390 5263 1456 5318 ad
1493 5265 1704 5327 horam,
1733 5273 1787 5316 et
1816 5263 1882 5317 ad

307 5371 540 5418 n‘toram,
573 5364 626 5411 et
657 5365 782 5412 ante
806 5363 1042 5427 partum,
1073 5366 1126 5410 et
1153 5355 1202 5410 in
1233 5366 1409 5425 partu,
1436 5366 1489 5411 et
1519 5364 1639 5426 post
1667 5365 1883 5426 partum

303 5465 425 5504 eam
466 5449 634 5504 fuisse
670 5449 966 5520 virginem,
1001 5457 1056 5503 et
1101 5449 1371 5518 peperisse
1413 5449 1464 5502 in
1503 5464 1608 5503 una
1651 5463 1882 5518 persona

304 5541 476 5594 Deum
509 5551 563 5595 et
592 5541 884 5606 hominem,
915 5549 970 5596 et
997 5540 1113 5595 sine
1147 5539 1330 5594 carnis
1361 5539 1657 5609 apertione,
1686 5548 1739 5594 et
1767 5539 1884 5595 sine

307 5633 555 5703 corporis
593 5644 647 5690 et
686 5635 881 5690 anima:
908 5633 1271 5704 corruptione.
1311 5631 1366 5686 lu
1399 5631 1651 5701 paradiso
1697 5631 1885 5686 fuisset

304 5723 530 5794 quidem
555 5723 656 5780 ista
680 5725 940 5790 conditio,
965 5722 1066 5779 nisi
1088 5722 1245 5793 primi
1268 5730 1516 5792 parentes
1542 5732 1880 5791 peccassent,

299 5817 452 5886 quod
485 5815 602 5872 sine
622 5817 992 5887 corruptione.
1039 5815 1090 5870 id
1132 5821 1213 5870 est
1260 5812 1376 5869 sine
1401 5810 1614 5870 laesione
1642 5813 1884 5884 corporis

1983 4623 2135 4683 partu
2173 4616 2396 4687 virginis
2426 4615 2674 4670 dubitat?
2720 4615 2835 4672 Non
2874 4616 3016 4672 enim
3053 4618 3276 4672 minoris
3313 4613 3559 4670 miraculi

1984 4703 2083 4757 fuit
2110 4705 2274 4760 Deum
2307 4707 2418 4760 fieri
2449 4706 2719 4762 hominem
2751 4722 2910 4776 quam
2944 4722 3136 4775 parere
3164 4707 3419 4760 feminam
3450 4705 3561 4758 vir-

1982 4800 2180 4866 ginem.
2204 4799 2447 4854 Breviter
2469 4800 2665 4868 dicam,
2693 4814 2758 4854 ne
2784 4800 3052 4856 fastidium
3079 4801 3272 4854 faciam
3299 4799 3560 4854 audienti.

1984 4894 2176 4960 Quaero
2211 4893 2373 4958 unde,
2404 4903 2457 4948 et
2486 4909 2515 4948 a
2541 4908 2648 4964 quo
2691 4892 2831 4948 facta
2871 4903 2996 4950 sunt
3027 4893 3247 4947 omnia?
3275 4895 3315 4946 Α
3351 4908 3457 4962 quo
3486 4894 3562 4948 si-

1986 4987 2202 5056 quidem
2239 4985 2381 5040 facta
2411 4995 2556 5050 sunt,
2588 4986 2789 5052 scitur;
2827 4986 2919 5040 sed
2952 4987 3091 5042 unde
3129 4986 3268 5040 facta
3311 4997 3438 5040 sunt
3468 5001 3564 5040 ue-

1985 5079 2172 5134 scitur.
2221 5077 2362 5134 Deus
2400 5077 2586 5149 utique
2620 5079 2800 5132 omnia
2831 5077 2978 5144 fecit,
3019 5079 3110 5133 sed
3147 5079 3288 5133 nulla
3337 5080 3561 5132 materia

1986 5171 2159 5224 fuerat
2187 5179 2334 5231 ante,
2366 5170 2430 5225 de
2455 5185 2558 5240 qua
2593 5168 2795 5225 faceret
2818 5185 2900 5225 ea.
2935 5169 3287 5225 Solummodo
3314 5169 3563 5224 volunta-

1990 5273 2092 5317 tem
2138 5262 2328 5316 habuit
2373 5261 2643 5316 faciendi:
2680 5260 2824 5315 Dixit
2859 5272 2907 5316 et
2940 5261 3082 5331 facta
3115 5272 3257 5326 sunt,
3295 5259 3566 5314 mandavit

1986 5364 2034 5409 et
2057 5364 2233 5408 creata
2261 5363 2378 5408 sunt
2405 5352 2576 5425 (Psal.
2604 5369 2778 5421 xxxu,
2803 5353 2879 5424 9).
2933 5353 3074 5410 Ecce
3105 5353 3246 5408 Deus
3283 5351 3400 5405 sine
3429 5348 3567 5404 ditii-

1987 5444 2205 5508 cultatc,
2253 5453 2308 5499 et
2362 5445 2480 5500 sine
2525 5445 2752 5499 materia
2795 5445 2999 5499 creavit
3038 5444 3312 5500 universa.
3375 5440 3566 5494 Nonne

1987 5537 2230 5610 quaedam
2262 5552 2325 5593 ex
2355 5537 2438 5593 his
2467 5555 2586 5610 quae
2623 5537 2782 5605 fecit,
2816 5538 2867 5590 in
2900 5537 3032 5591 alios
3062 5551 3191 5590 usus
3219 5545 3560 5600 convertere,

1986 5639 2042 5687 et
2066 5630 2261 5701 quibus
2287 5630 2482 5696 voluit,
2526 5639 2582 5685 ct
2611 5631 2750 5686 sicut
2789 5628 2988 5691 voluit,
3020 5627 3094 5681 uti
3129 5626 3337 5698 potuit?
3383 5625 3565 5682 Potuit

1988 5722 2166 5794 plane.
2216 5723 2572 5794 Omnipotens
2605 5732 2689 5779 est
2719 5721 2885 5776 Filius
2913 5718 3032 5785 Dei,
3074 5723 3125 5774 in
3161 5735 3268 5790 quo
3309 5728 3365 5774 et
3397 5733 3426 5773 a
3455 5731 3561 5790 qus

1987 5824 2116 5869 sunt
2159 5815 2364 5871 Omnia.
2406 5814 2524 5886 Ipse
2562 5814 2703 5884 quod
2739 5812 2932 5880 voluit,
2975 5823 3029 5869 ct
3078 5811 3235 5870 modo
3263 5828 3368 5886 quo
3397 5811 3564 5868 voluit
