4034 6364
499 385 600 440 251

1537 381 1857 440 GOFFRIDI
1896 381 2188 440 ABBATIS
2228 381 2744 442 VINDOCINENSIS

3660 381 3786 436 233

502 499 683 556 facere
725 499 900 569 potuit
940 513 1036 570 pro
1075 513 1168 553 sua
1212 498 1505 554 voluntate.
1540 499 1606 554 Et
1641 501 1783 556 sicut
1815 502 1882 556 ad
1915 501 2076 557 disci-
2109 509 2157 567 Α
2186 518 2307 556 mur
2337 500 2658 566 dilectione,
2696 497 2782 556 cui
2814 505 2900 554 est
2929 497 3105 554 omnis
3137 497 3309 561 honor
3347 505 3400 552 et
3437 477 3612 568 gloria
3646 512 3780 550 cum
3839 514 3843 517 ·

504 597 660 670 pulos
703 596 888 664 januis
939 594 1136 650 clausis
1191 594 1417 650 intravit
1468 594 1648 664 (Joan.
1680 613 1771 666 xx,
1798 597 1915 667 26),
1955 597 2081 652 licet

505 705 602 758 per
631 690 772 759 ipsas
801 687 996 758 januas
1033 685 1276 754 clausas,
1305 696 1358 742 et
1385 696 1605 756 propter
1635 697 1838 743 metum
1865 686 2077 744 Iudaeo-

504 797 624 837 rum
655 781 815 836 etiam
844 781 1126 833 obseratas
1156 779 1477 844 intraverit,
1515 780 1585 833 ita
1614 795 1709 850 per
1740 779 1884 834 illam
1913 779 2080 835 beati-

471 872 725 938 'tudinis,
761 879 814 926 et
845 870 981 925 uteri
1019 868 1297 940 virginalis
1337 879 1548 938 portam
1599 870 1836 925 clausam
1883 869 2082 940 pariter

501 974 555 1021 et
579 966 884 1020 obseratam
913 963 1098 1026 exivit,
1130 969 1182 1015 et
1212 960 1410 1014 mundo
1437 961 1703 1032 apparuit,
1735 977 1837 1015 una
1865 960 2081 1014 eadem-

499 1073 604 1128 que
632 1056 929 1112 divinitatis
954 1052 1364 1124 omnipotentia,
1390 1061 1445 1107 et
1474 1053 1540 1107 ad
1568 1052 1861 1123 discipulos
1888 1051 2083 1106 clausis

491 1149 674 1219 januis
724 1145 1031 1216 ingrediens
1082 1145 1132 1198 in
1184 1160 1279 1199 sua
1331 1143 1744 1208 resurrectione,
1797 1152 1852 1198 et
1901 1142 2080 1198 clausa

499 1255 611 1294 suae
643 1239 830 1292 matris
863 1237 1000 1292 uteri
1039 1245 1189 1306 porta
1221 1235 1273 1291 in
1314 1251 1409 1290 sua
1454 1235 1736 1290 nativitate
1778 1235 2080 1306 egrediens.

498 1329 686 1383 Voluit
715 1329 857 1382 Deus
886 1337 940 1382 et
969 1327 1131 1381 homo
1161 1328 1367 1398 concipi
1411 1328 1459 1381 in
1489 1327 1710 1391 femina,
1749 1337 1800 1382 et
1829 1328 1988 1384 homo
2017 1330 2082 1383 de

498 1420 699 1476 femina
744 1420 914 1484 nasci,
949 1429 1007 1473 ut
1035 1434 1133 1488 per
1162 1419 1266 1475 hoc
1305 1421 1446 1488 quod
1481 1419 1653 1474 factus
1680 1429 1763 1475 cst
1803 1420 1966 1473 homo
1993 1435 2084 1474 ve-

498 1515 717 1566 ritatem
755 1513 1065 1565 ostenderet
1107 1510 1310 1577 carnis,
1339 1520 1393 1565 et
1434 1511 1485 1565 in
1515 1527 1580 1566 eo
1607 1512 1750 1580 quod
1791 1513 1842 1565 in
1876 1511 2084 1581 virgine

500 1602 666 1656 homo
699 1609 990 1669 conceptus
1026 1609 1139 1663 est,
1187 1610 1237 1655 et
1275 1601 1438 1655 homo
1479 1603 1542 1656 de
1573 1603 1780 1668 virgine
1813 1613 1993 1667 natus,
2026 1619 2084 1659 se

501 1691 674 1746 Deum
725 1699 1053 1744 monstraret
1085 1691 1541 1759 omnipotentem;
1584 1695 1672 1761 qui
1717 1693 1896 1746 omnia
1923 1692 2078 1764 351

499 1779 708 1834 creavit
747 1794 811 1834 ex
848 1778 1037 1833 nihilo.
1088 1777 1279 1833 Adhuc
1329 1778 1578 1834 fortassis
1629 1781 1822 1850 aliquis
1867 1783 2078 1851 quaerit,

2183 595 2292 650 Deo
2318 593 2476 648 Patre
2510 608 2608 648 suo
2646 601 2700 647 et
2734 590 2939 663 Spiritu
2984 599 3190 658 sancto,
3233 605 3330 662 per
3351 590 3534 645 omnia
3571 588 3782 645 saecula

2183 686 2520 742 smculorum.
2555 685 2746 740 Amen.

2799 777 3032 835 SERMO
3072 777 3138 834 V.

2577 887 2642 925 DE
2682 885 3114 926 RESURRECTIONE
3153 884 3358 925 θουιΝι.

2255 962 2444 1025 llmlie,
2474 961 2828 1025 dilectissimi,
2859 961 2983 1030 quia
3011 961 3302 1016 Dominica!
3328 961 3779 1017 Resurrectionis

2185 1055 2442 1111 solemnia
2490 1052 2870 1116 celebramus,
2916 1053 2983 1107 de
3034 1062 3180 1107 tanta
3229 1052 3573 1107 solemnitate
3625 1053 3772 1122 loqui

2184 1145 2494 1214 religiosum
2546 1155 2660 1209 est,
2717 1152 2773 1199 et
2829 1142 2993 1198 silere
3051 1142 3416 1212 irreligiosum
3490 1151 3771 1212 putamus.

2181 1233 2552 1304 PrOponamus
2579 1233 2783 1304 itaque,
2807 1241 2861 1287 et
2882 1247 3236 1302 exponamus,
3259 1241 3420 1301 prout
3451 1232 3566 1303 ipse
3595 1234 3774 1288 dona-

2185 1325 2323 1380 verit
2352 1324 2442 1394 qui
2472 1324 2652 1378 omnia
2683 1323 2852 1388 novit,
2886 1339 2984 1378 cur
3015 1337 3113 1378 nec
3142 1324 3313 1394 prima
3343 1323 3452 1388 die,
3483 1340 3588 1394 qua
3624 1341 3775 1381 mor-

2187 1425 2306 1470 tuus
2343 1426 2426 1472 est
2466 1430 2566 1484 pro
2607 1423 2791 1470 nostra
2837 1414 3036 1479 salute,
3082 1429 3182 1468 nec
3231 1414 3494 1482 secunda,
3541 1417 3636 1471 sed
3682 1418 3784 1474 die-

2187 1509 2342 1563 tcrtia
2387 1508 2548 1580 353
2594 1508 2853 1563 Dominus
2904 1506 3225 1563 resurrexit.
3281 1506 3645 1575 Quaerendum
3685 1522 3774 1567 est

2185 1599 2364 1659 etiam,
2398 1615 2566 1668 quare
2595 1608 2716 1668 post
2755 1599 3208 1653 resurrectionem
3247 1614 3399 1652 suam
3441 1599 3574 1656 solis
3611 1601 3770 1659 bonis

2185 1701 2238 1744 et
2273 1690 2491 1760 paucis,
2531 1698 2587 1743 et
2614 1690 2824 1744 modico
2863 1697 3106 1760 tempore
3147 1690 3417 1760 apparuit,
3465 1706 3589 1746 cum
3643 1701 3782 1747 ante-

2188 1783 2638 1836 resurrectionem
2687 1780 2890 1847 multis,
2943 1789 2996 1836 et
3041 1779 3200 1836 bonis
3242 1789 3298 1836 et
3351 1781 3530 1847 malis,
3572 1793 3627 1838 et
3671 1784 3770 1837 ali-

498 1869 770 1940 quomodo
807 1868 921 1924 ﬁeri
960 1869 1165 1938 potuit,
1201 1870 1366 1924 Deum
1405 1870 1659 1925 videlicet
1700 1874 1968 1928 hominem
2007 1873 2085 1928 fa-
2118 1867 2158 1921 B
2185 1881 2388 1942 quanto
2435 1885 2675 1943 tempore
2728 1873 3058 1943 apparuerit.
3115 1871 3268 1940 Quod
3317 1874 3476 1928 tertia
3525 1875 3614 1930 die
3660 1877 3764 1930 vita

499 1971 646 2016 ctum
683 1961 749 2016 de
784 1959 983 2016 femina
1027 1962 1198 2028 nasci,
1243 1972 1453 2017 servata
1500 1961 1712 2018 feminae
1750 1967 2080 2036 virginitate.

496 2053 599 2120 Qui
639 2053 740 2107 hoc
781 2051 1033 2122 inquiris,
1079 2069 1184 2108 non
1227 2055 1463 2120 dubites,
1501 2060 1595 2112 sed
1634 2058 1862 2113 ﬁrmiter
1901 2061 2083 2126 crede,

497 2144 622 2215 quia
656 2145 700 2199 si
731 2145 898 2199 Deum
933 2145 1360 2215 omnipotentem
1392 2150 1661 2205 veraciter
1687 2152 1884 2216 credis,
1915 2151 2085 2206 nulla-

500 2246 656 2291 tenus
690 2252 854 2307 super
881 2237 982 2292 hoc
1015 2239 1220 2308 poteris
1247 2239 1511 2305 dubitare,
1541 2243 1793 2310 quoniam
1827 2245 1871 2298 si
1903 2245 2082 2299 omnia

498 2343 664 2397 posse
710 2327 989 2383 conﬁteris
1033 2343 1178 2394 eum,
1226 2338 1280 2384 et
1326 2330 1469 2385 istud
1516 2347 1672 2402 posse
1728 2348 1924 2404 negare
1974 2350 2082 2391 non

496 2420 727 2488 poteris,
758 2435 880 2474 cum
909 2419 981 2473 sit
1009 2433 1071 2474 ex
1103 2421 1354 2476 omnibus
1383 2438 1570 2477 unum.
1625 2425 1740 2479 Non
1769 2427 1912 2480 enim
1943 2427 2084 2483 Deus

495 2512 842 2581 omnipotens
904 2520 1086 2580 esset,
1139 2513 1240 2568 nisi
1289 2529 1470 2585 posset
1522 2514 1699 2572 facere
1747 2534 2084 2589 qumcunque

499 2603 678 2657 vellet.
729 2602 1008 2658 Perfectus
1036 2603 1216 2673 itaque
1242 2606 1382 2662 Deus
1415 2623 1442 2660 a
1473 2607 1593 2663 Deo
1611 2608 1770 2664 Patre
1805 2609 2079 2677 Christus;

496 2695 776 2764 perfectus
828 2695 1032 2761 homo,
1090 2695 1285 2752 animas
1345 2706 1399 2754 et
1454 2701 1635 2754 carnis
1693 2702 2081 2772 assumptione.

499 2788 570 2843 Et
613 2787 737 2844 licet
781 2787 928 2843 aliud
972 2788 1044 2844 sit
1093 2787 1256 2857 Deus,
1307 2801 1363 2846 et
1407 2791 1548 2846 aliud
1600 2793 1790 2861 homo;
1848 2811 1952 2850 non
2001 2805 2084 2853 est

496 2890 681 2938 tamen
718 2881 857 2936 alius
882 2881 1052 2938 Filius
1075 2881 1191 2947 Dei,
1225 2884 1388 2950 Deus,
1418 2893 1474 2940 et
1501 2884 1637 2940 alius
1666 2885 1807 2942 ﬁlius
1837 2888 2080 2960 virginis,

498 2975 682 3029 homo.
717 2974 822 3030 Sed
851 2973 1021 3032 Filius
1047 2976 1139 3032 Dei
1173 2985 1229 3032 et
1257 2975 1399 3032 ﬁlius
1426 2977 1649 3048 virginis
1675 2995 1812 3034 unus
1840 2989 1942 3044 est,
1977 2997 2080 3037 non

498 3079 704 3128 unum;
742 3067 884 3121 Deus
913 3076 967 3122 et
1007 3067 1166 3122 homo
1202 3082 1416 3131 revera,
1454 3077 1511 3123 ut
1543 3069 1744 3124 dictum
1775 3079 1858 3125 est
1897 3087 2078 3141 supra,

501 3175 570 3214 ex
635 3160 808 3214 tribus
866 3160 1184 3215 substantiis
1251 3170 1546 3225 constans,
1615 3162 1781 3218 verbo
1833 3163 2084 3219 videlicet

497 3265 692 3315 carne,
725 3259 780 3305 et
811 3251 1010 3306 anima.
1046 3250 1147 3307 Hic
1179 3251 1500 3322 Unigeuitus
1534 3250 1628 3306 Dei
1659 3251 1860 3316 Patris,
1891 3262 1943 3306 et
1976 3253 2084 3323 pri-

501 3343 807 3414 mogenitus
838 3342 1067 3414 virginis
1108 3343 1298 3397 matris
1331 3343 1383 3397 in
1414 3341 1672 3397 mundum
1716 3342 1864 3396 venit
1893 3341 2084 3413 plenus

497 3433 891 3490 misericordiae
925 3443 980 3490 et
1007 3434 1276 3490 veritatis.
1308 3433 1471 3489 Venit
1519 3431 1962 3498 misericorditer,
1993 3450 2086 3490 ve-

501 3527 584 3582 nit
614 3527 901 3595 veraciter,
943 3527 1033 3596 qui
1064 3541 1163 3581 nos
1204 3541 1233 3580 a
1264 3535 1531 3595 potestate
1560 3524 1777 3580 Satanae
1817 3523 2081 3590 liberavit,

496 3629 556 3675 et
591 3621 732 3674 sicut
781 3635 839 3676 se
874 3628 1165 3674 venturum
1211 3633 1307 3688 per
1355 3618 1650 3688 prophetas
1701 3632 1828 3672 suos
1877 3617 2087 3674 dixerat

499 3720 651 3772 ante.
677 3709 787 3778 jam
821 3711 1039 3764 venisse
1085 3709 1334 3764 novimus
1362 3723 1508 3776 eum,
1548 3723 1652 3763 non
1695 3723 1892 3778 parvas
1921 3723 2087 3778 parvo

499 3812 749 3871 tempore
792 3801 843 3854 in
885 3800 988 3856 hoc
1031 3801 1231 3855 mundo
1259 3815 1357 3869 pro
1396 3799 1550 3854 nobis
1579 3815 1798 3870 passum
1841 3799 2083 3871 injurias.

502 3893 586 3948 Ab
617 3893 708 3948 illo
734 3892 876 3947 enim
904 3891 991 3947 die
1019 3908 1125 3963 quo
1154 3890 1331 3946 Patris
1357 3891 1599 3946 charitas
1625 3901 1681 3946 et
1708 3907 1804 3946 sua
1835 3891 2088 3947 voluntas

500 3985 780 4040 Christum
829 3984 1078 4055 deposuit
1128 3984 1195 4039 ad
1247 3991 1424 4038 terras
1473 3990 1528 4038 et
1572 3983 1822 4054 apparuit
1864 3983 2082 4048 mundo,

502 4076 696 4139 homo,
737 4090 833 4144 pro
873 4075 1027 4145 cujus
1063 4074 1236 4130 salute
1265 4083 1522 4142 venerat,
1553 4082 1614 4128 ut
1641 4089 1764 4128 eum
1793 4075 2086 4140 occideret,

500 4167 772 4222 fallaciter
803 4167 850 4223 ei
879 4167 1106 4224 tetendit
1138 4168 1383 4223 insidias.
1411 4167 1477 4222 Et
1506 4176 1564 4222 ut
1592 4167 1741 4224 brevi
1774 4167 2088 4223 narratione

504 4261 983 4331 comprehendam,
1029 4261 1353 4331 multiplices
1390 4263 1458 4317 ab
1507 4261 1836 4327 hominibus,
1882 4271 1933 4316 et
1991 4276 2088 4330 pro

499 4354 816 4409 hominibus
857 4353 1262 4425 persecutiones
1291 4353 1451 4424 352
1487 4354 1777 4419 sustinuit,
1818 4363 1874 4409 et
1901 4362 2091 4408 contu-

502 4444 716 4499 melias.
756 4443 873 4513 lpse
895 4459 1026 4498 vero
1056 4444 1174 4512 pius
1205 4444 1346 4498 Deus
1390 4452 1445 4496 et
1473 4443 1785 4499 misericors
1809 4444 2084 4510 Dominus,

2185 1965 2342 2018 beata
2374 1965 2512 2020 Deus
2544 1965 2777 2034 scipsum
2807 1965 3087 2019 suscitavit
3109 1980 3138 2018 a
3171 1973 3362 2028 morte,
3401 1968 3768 2024 resurrectio—

2186 2073 2307 2110 nem
2339 2056 2525 2124 utique
2559 2065 2801 2110 nostram
2833 2055 2922 2110 die
2951 2055 3106 2111 tertia
3136 2054 3371 2112 futuram
3401 2057 3762 2128 signiﬁcavit:

2186 2148 2328 2216 quod
2363 2145 2517 2216 longe
2543 2157 2667 2201 ante
2695 2145 2906 2200 dixerat
2937 2161 3032 2216 per
3065 2145 3409 2215 prophetam.
3464 2146 3770 2204 Locuturus

2185 2236 2322 2292 Osce
2348 2239 2607 2308 propheta
2637 2239 2703 2291 de
2730 2237 3134 2294 resurrectione
3164 2248 3348 2292 nostra
3375 2248 3502 2293 ante
3538 2251 3764 2294 mortem

2185 2339 2237 2384 ct
2287 2338 2525 2383 nostram
2578 2330 3051 2394 resurrectionem,
3101 2344 3217 2393 nos,
3268 2345 3334 2384 ne
3374 2328 3557 2398 justus
3594 2329 3774 2385 Judex.

2186 2421 2481 2491 imparatos
2521 2422 2786 2486 inveniat,
2828 2424 2914 2493 pia
2955 2430 3010 2478 et
3034 2421 3171 2478 ﬁdeli
3204 2424 3590 2479 exhortatione
3619 2425 3767 2479 solli-

2185 2517 2336 2581 citat,
2373 2519 2598 2572 dicens:
2655 2513 2852 2582 Venite,
2895 2527 2942 2571 et
2995 2527 3315 2572 revertamur
3358 2518 3427 2572 ad
3457 2517 3765 2580 Dominum.

2184 2613 2306 2683 quia
2364 2609 2470 2678 ipse
2503 2609 2670 2679 cwpit,
2701 2619 2748 2663 et
2799 2608 3004 2663 sanabit
3041 2626 3154 2670 nos.
3195 2610 3442 2679 percutiet
3476 2619 3524 2663 et
3565 2610 3765 2664 curarit

2185 2718 2276 2756 nos
2329 2699 2473 2769 (Ose.
2499 2716 2572 2761 vl.
2599 2699 2676 2768 2).
2724 2699 2883 2764 Dicit,
2924 2699 3109 2764 venite,
3152 2698 3204 2754 id
3241 2709 3343 2764 est,
3383 2698 3522 2752 viam
3565 2709 3777 2763 tenete,

2187 2809 2365 2863 neque
2407 2792 2474 2846 ad
2523 2791 2805 2848 dexteram
2872 2790 3242 2855 declinemus,
3294 2805 3470 2860 neque
3519 2791 3590 2845 ad
3639 2791 3766 2845 sini-

2185 2897 2377 2948 stram.
2409 2886 2503 2942 sed
2548 2883 2915 2954 unusquisque
2961 2893 3206 2938 nostrum
3257 2882 3382 2949 ﬁde,
3421 2883 3766 2940 confessione

2184 2991 2236 3036 ct
2284 2981 2597 3051 paenitentia
2641 2985 2948 3034 revertatur
2985 2976 3052 3030 ad
3098 2974 3404 3030 Dominum.
3459 2974 3766 3033 Habeamus

2187 3070 2365 3134 ﬁdem,
2395 3085 2514 3138 qua:
2542 3083 2638 3141 per
2663 3067 3006 3124 dilectionem
3045 3079 3204 3121 omne
3243 3065 3442 3119 bonum
3489 3076 3542 3119 et
3580 3067 3767 3138 praxi-

2184 3176 2287 3231 pue
2319 3159 2519 3231 peccati
2557 3159 2738 3214 odium
2779 3167 3057 3229 operatur.
3098 3155 3230 3211 Nam
3269 3155 3403 3211 ﬁdes
3444 3157 3563 3211 sine
3603 3173 3766 3228 opere

2184 3252 2344 3313 bono.
2376 3263 2431 3307 et
2460 3252 2696 3306 maxime
2726 3251 2845 3306 sine
2892 3249 3096 3322 peccati
3143 3250 3288 3315 odio,
3331 3259 3540 3302 mortua
3594 3248 3766 3304 credi-

2187 3351 2292 3397 tur.
2323 3343 2614 3398 Veniamus
2647 3342 2715 3397 ad
2745 3340 3166 3406 confessionem,
3194 3357 3296 3411 qua
3327 3356 3596 3396 venenum
3630 3339 3769 3396 anti-

2185 3435 2274 3506 qui
2326 3436 2596 3506 serpentis
2639 3435 2930 3500 evomitur,
2979 3433 3206 3489 solvitur
3241 3449 3270 3489 a
3303 3434 3542 3504 peccatis
3574 3450 3767 3505 pecca-

2188 3537 2291 3595 tor,
2346 3528 2455 3582 Deo
2501 3527 2748 3594 victoria,
2802 3527 3016 3583 diabolo
3066 3527 3391 3581 verecundia
3451 3536 3764 3598 generatur.

2186 3620 2422 3686 Agamus
2469 3616 2865 3689 penitentiam,
2916 3631 3022 3687 qua
3068 3615 3249 3671 divina
3288 3615 3459 3686 pietas
3497 3616 3576 3672 sic
3616 3615 3771 3670 nobis

2189 3711 2420 3781 ignoscit
2445 3709 2587 3782 quod
2629 3725 2727 3766 nos
2768 3709 3016 3765 diabolus
3041 3715 3358 3780 peccatores
3403 3707 3640 3779 ignorat,
3671 3721 3768 3762 nec

2189 3805 2332 3860 Dcus
2379 3803 2648 3874 agnoscit.
2704 3801 2818 3858 lloe
2859 3810 2944 3858 est
2988 3811 3112 3874 post
3140 3810 3420 3875 peccatum
3468 3800 3673 3855 reverti
3703 3799 3768 3854 ad

2189 3897 2513 3962 Dominum;
2567 3895 2635 3950 ad
2687 3907 2846 3964 quem
2893 3893 3202 3965 quicunque
3265 3891 3573 3955 revertitur,
3625 3890 3769 3944 viam

2190 3997 2353 4052 tenet,
2388 4003 2494 4043 non
2527 3986 2680 4041 devia
2712 3985 2976 4056 sequitur.
3027 3983 3206 4054 C(epit
3235 3997 3334 4039 nos
3373 3997 3569 4038 sanare
3597 3983 3772 4036 bonus

2191 4080 2472 4147 Dominus,
2504 4077 2722 4148 quando
2756 4078 2824 4132 ab
2855 4077 3170 4133 inﬁrmitate
3209 4077 3401 4131 mortis
3427 4083 3644 4130 aeternae
3671 4088 3770 4130 sua

2189 4186 2382 4240 magna
2417 4169 2766 4223 miseratione
2806 4166 3076 4222 liberavit.
3127 4165 3292 4239 355.
3321 4165 3430 4221 Nos
3458 4166 3680 4235 quidem
3713 4168 3768 4220 in

2189 4261 2364 4332 primo
2406 4259 2627 4315 homine
2671 4259 2916 4315 diabolus
2948 4274 3048 4330 per
3075 4269 3358 4330 peccatum
3404 4260 3650 4314 inﬁrmos
3680 4275 3772 4331 pa-

2192 4353 2324 4408 riter
2351 4362 2405 4406 et
2427 4351 2656 4406 miseros
2684 4350 2830 4407 fecit.
2861 4351 2997 4406 Deus
3023 4366 3154 4407 vero
3180 4351 3301 4420 pius
3338 4359 3394 4406 et
3426 4351 3776 4420 omnipotens

2191 4443 2453 4511 medicus,
2487 4451 2684 4498 nostra:
2713 4441 2945 4497 miseria:
2983 4450 3038 4497 et
3073 4441 3372 4496 inﬁrmitati
3411 4443 3772 4512 compaliens,

500 4552 613 4591 non
654 4535 912 4590 ultionem
957 4535 1008 4589 in
1047 4535 1355 4589 hominibus
1391 4533 1729 4602 desiderans,
1775 4534 1866 4589 sed
1902 4549 2086 4590 eorum
2119 4563 2163 4618 ι)
2189 4535 2331 4608 quod
2375 4545 2504 4590 ante
2542 4549 2648 4588 non
2697 4534 2896 4599 fuerat,
2925 4545 2980 4589 et
3016 4533 3171 4588 nobis
3211 4534 3430 4590 miseris
3458 4535 3683 4590 nomine
3717 4543 3775 4589 et

509 4628 929 4695 absolutionem,
969 4642 1076 4682 non
1107 4626 1279 4681 solum
1313 4641 1441 4681 suas
1471 4627 1797 4681 condonavit
1842 4626 2084 4697 injurias,

503 4734 692 4773 verum
737 4719 899 4773 ctiam
947 4734 1046 4790 pro
1101 4716 1378 4787 injuriosis
1427 4731 1645 4772 crucem
1694 4731 1886 4787 passus
1914 4726 1998 4772 est
2037 4727 2092 4775 et

509 4818 760 4863 mortem.
783 4809 861 4863 Ita
900 4808 991 4863 lux
1018 4823 1144 4863 vera
1194 4816 1248 4864 et
1279 4808 1433 4863 beata
1471 4807 1582 4862 vita
1616 4807 1756 4862 Deus
1800 4806 1968 4862 Filius
1997 4809 2089 4864 Dei

508 4917 610 4956 nos
637 4902 887 4966 miseros,
913 4903 1002 4972 qui
1034 4902 1099 4958 de
1121 4901 1244 4971 jure
1275 4909 1330 4955 et
1358 4901 1508 4956 lucro
1536 4901 1739 4972 peccati
1773 4901 1825 4955 in
1857 4901 2091 4959 tenebris

505 5007 730 5058 eramus
761 5001 816 5046 et
847 4994 899 5047 in
939 5004 1113 5050 morte
1158 4994 1387 5066 sepulti,
1420 5009 1515 5050 sua
1561 4995 1760 5064 pietate
1797 5003 1852 5048 et
1881 4993 2093 5050 miseri-

510 5084 697 5139 cordia
747 5085 1063 5151 suscitavit;
1105 5096 1159 5140 et
1197 5101 1318 5156 quae
1350 5085 1508 5141 nobis
1535 5085 1604 5140 ab
1642 5085 1755 5155 ipso
1785 5087 1908 5140 data
1940 5086 2091 5156 prius

507 5179 746 5241 fuerant,
781 5179 874 5231 sed
906 5192 935 5231 a
968 5178 1126 5232 nobis
1160 5195 1264 5234 non
1300 5179 1437 5235 bene
1469 5188 1702 5246 servata,
1733 5180 1924 5250 gaudia
1957 5179 2091 5234 lucis

507 5283 563 5326 et
590 5271 713 5325 vitae
744 5270 976 5325 remedia
1008 5270 1201 5325 iterum
1233 5271 1400 5328 dedit.
1435 5269 1588 5326 Unde
1612 5271 1738 5326 licet
1765 5271 1879 5342 ejus
1906 5271 2092 5341 gratiae

507 5377 558 5420 ct
594 5364 979 5419 misericordia:
1008 5379 1106 5418 nos
1137 5363 1388 5435 indignos
1433 5362 1601 5418 fuisse
1629 5374 1676 5418 et
1709 5377 1827 5418 esse
1858 5380 1962 5418 non
1994 5363 2095 5418 du-

505 5458 780 5520 bitemus,
843 5466 1026 5512 nostro
1079 5464 1252 5512 tamen
1310 5455 1590 5511 Conditori
1642 5467 1694 5510 et
1745 5455 2089 5526 Redemptori

506 5560 689 5620 grates
719 5557 774 5600 et
799 5549 1000 5619 gratias
1031 5547 1360 5613 referamus,
1393 5562 1459 5602 eo
1487 5546 1810 5611 auxiliante,
1843 5547 1959 5600 sine
1986 5561 2091 5616 quo

507 5641 644 5697 nihil
678 5642 800 5695 boui
831 5625 1009 5696 facere
1036 5657 1343 5710 possumus.
1380 5640 1558 5710 Ipsum
1588 5655 1798 5710 quoque
1831 5638 2088 5693 hodierna

514 5735 600 5791 die
644 5751 741 5804 pro
775 5744 958 5790 nostra
994 5735 1164 5790 salute
1195 5737 1364 5790 Deum
1405 5741 1460 5790 et
1503 5733 1776 5788 hominem
1828 5732 1893 5786 de
1923 5730 2088 5785 Maria

510 5825 720 5898 virgine
751 5834 934 5883 natum
965 5842 1094 5897 pura
1129 5827 1230 5883 ﬁde
1263 5826 1566 5895 credamus,
1599 5835 1650 5882 et
1680 5839 1804 5880 vera
1838 5822 2092 5880 conﬁtea-

2190 4629 2404 4684 aetione
2452 4627 2768 4682 conveniret
2817 4625 3120 4681 antidotum
3149 4667 3165 4692 ,
3227 4641 3334 4696 quo
3381 4641 3480 4681 nos
3526 4635 3772 4690 sanaret.

2193 4719 2418 4776 invenit.
2467 4717 2580 4774 lloc
2623 4725 2803 4772 autem
2841 4732 2954 4772 sua:
2990 4717 3274 4773 charitatis
3308 4718 3601 4772 maximum
3637 4733 3777 4788 opus

2191 4812 2483 4882 baptizavit
2513 4826 2611 4883 per
2643 4811 3017 4882 semetipsum,
3054 4825 3249 4866 nomen
3294 4810 3574 4881 imponens
3597 4809 3645 4863 ei
3675 4809 3777 4864 mi.

2192 4902 2564 4967 sericordiam,
2613 4916 2778 4974 quam
2836 4901 3067 4956 miseriae
3113 4909 3169 4954 et
3220 4899 3524 4955 inﬁrmitati
3575 4907 3775 4954 nostrae

2191 4996 2439 5067 opposuit
2475 4997 2813 5052 medicinam.
2860 4994 2970 5049 Hac
3012 4994 3175 5064 igitur
3223 4991 3424 5048 salubri
3465 5000 3520 5047 et
3546 4991 3776 5045 salutari

2191 5089 2458 5144 medicina
2505 5089 2711 5144 animas
2759 5095 2978 5142 nostras
3024 5085 3236 5140 sanavit
3273 5092 3328 5139 et
3373 5098 3623 5154 corpora.
3670 5081 3776 5136 Per

2191 5181 2294 5236 hoc
2322 5180 2756 5251 incomparabilis
2801 5194 2914 5232 sua:
2944 5176 3251 5231 dilectionis
3277 5189 3415 5246 Opus
3440 5173 3772 5243 praecipuum

2193 5271 2349 5326 nobis
2375 5269 2717 5335 condonavit,
2742 5277 2798 5322 et
2821 5266 3043 5322 donavit
3074 5265 3386 5336 plurimum.
3435 5261 3778 5318 Condonavit

2194 5363 2430 5434 culpam,
2459 5370 2514 5418 et
2543 5359 2761 5416 donavit
2791 5362 3040 5429 gratiam.
3097 5356 3319 5411 Mortem
3353 5364 3594 5410 nostram
3626 5368 3772 5408 mor-

2195 5454 2451 5516 tiﬁcavit,
2491 5461 2546 5507 et
2589 5451 2818 5506 reddidit
2849 5452 3036 5505 vitam.
3086 5449 3199 5504 Hac
3234 5456 3352 5502 arte
3393 5447 3610 5516 pietatis
3648 5446 3767 5500 dia-

2193 5543 2375 5600 bolum
2420 5541 2571 5606 vicit,
2602 5549 2656 5595 et
2683 5540 2950 5611 confregit
3006 5538 3310 5606 infernum,
3356 5537 3513 5591 nobis
3557 5533 3771 5606 aperuit

2193 5646 2378 5710 portas
2406 5635 2546 5699 cceli,
2574 5644 2629 5689 et
2657 5634 2804 5689 dedit
2832 5634 3086 5702 scipsum.
3141 5630 3386 5686 Diximus
3415 5629 3556 5699 quod
3607 5627 3772 5683 mise-

2197 5727 2426 5783 ricordia
2461 5741 2556 5782 sua
2593 5725 2930 5796 omnipotens
2960 5721 3098 5777 Dens
3131 5723 3245 5777 haec
3280 5735 3378 5775 sua
3417 5727 3565 5774 tanta
3609 5718 3772 5773 bene-

2199 5819 2317 5876 ﬁcia
2358 5818 2508 5876 nobis
2537 5816 2846 5884 donaverit,
2886 5814 3152 5887 quomodo
3185 5813 3348 5872 etiam
3397 5812 3564 5884 ipsam
3605 5809 3767 5866 misc-
