4034 6364
280 351 395 409 253

1671 359 2053 420 SERMONES.

3439 350 3560 421 εὗδ’

284 466 579 523 ricordiam
614 466 826 537 fecerit,
852 484 919 526 eo
940 468 1252 540 adjuvante,
1300 472 1570 530 dicemus.
1597 473 1865 546 Operante
1892 480 1941 538 Α
1965 476 2202 534 nationis
2238 484 2577 533 sacramenta
2608 482 3009 547 processerunt,
3045 489 3077 529 a
3106 487 3214 543 qua
3243 487 3406 528 name
3439 473 3546 529 bo-

282 559 473 630 itaque
504 567 615 615 tota
638 557 902 617 Trinitate
934 562 1031 618 Dei
1068 562 1238 620 Filius
1265 575 1559 637 conceptus
1587 576 1673 623 est
1707 569 1871 626 homo

280 646 341 705 lu
389 650 629 721 Virginis
681 660 860 718 utero,
906 662 962 709 et
1013 653 1081 709 de
1113 654 1330 727 Virgine
1384 667 1557 713 matre
1607 669 1766 716 natus
1813 661 1868 717 in

280 741 508 798 mundo.
540 740 707 797 Beata
740 742 983 800 Trinitas
1021 745 1184 803 Pater
1230 758 1285 804 et
1321 747 1491 805 Filius
1541 758 1597 806 et
1633 750 1869 823 Spiritus

278 841 504 888 sanctus
532 847 670 889 unus
696 844 778 890 est
801 835 959 901 Deus,
985 853 1091 892 una
1116 846 1199 893 est
1227 840 1392 897 totius
1420 840 1704 898 Trinitatis
1737 859 1869 916 ope-

278 922 442 978 ratio.
460 922 611 979 Hanc
632 925 1028 993 admirabilem,
1051 930 1145 985 sed
1165 930 1453 988 dilectione
1473 943 1530 988 et
1546 932 1651 990 fide
1671 936 1869 992 miran-

277 1013 407 1069 dam
436 1013 807 1085 operationem
829 1017 988 1075 Pater
1012 1021 1280 1093 diSposuit
1304 1025 1600 1093 charitate;
1632 1027 1867 1100 Spiritus

280 1115 539 1177 sanctus,
603 1122 768 1178 quam
816 1121 943 1168 ante
1000 1115 1342 1171 sanctilicare
1391 1130 1663 1190 coeperat,
1710 1122 1868 1195 longe

277 1197 515 1268 amplius
539 1199 817 1272 Virginem
850 1205 1231 1275 sanctiﬁcavit,
1263 1210 1389 1279 quia
1424 1221 1592 1267 totam
1632 1216 1865 1273 sanctis-

275 1286 474 1341 simam
521 1298 578 1344 et
604 1292 781 1346 anima
810 1305 865 1349 et
889 1310 1116 1368 corpore
1146 1298 1272 1356 fecit
1299 1319 1314 1356 :
1341 1301 1508 1359 Filius
1538 1320 1664 1361 vero
1691 1308 1744 1361 in
1776 1308 1864 1365 illa

277 1379 624 1436 sanctissima
652 1383 874 1457 Virgine
900 1395 1068 1444 totum
1098 1391 1394 1460 hominem,
1414 1394 1464 1450 id
1491 1405 1600 1464 est,
1627 1399 1864 1456 animam

282 1480 339 1525 et
368 1487 587 1529 carnem
615 1478 874 1548 suscepit.
929 1479 1047 1537 Non
1076 1484 1220 1539 enim
1250 1486 1428 1557 aliqua
1460 1505 1526 1544 ex
1567 1501 1719 1562 parte
1757 1510 1863 1550 non

278 1566 625 1623 sanctissima
667 1584 789 1627 esse
840 1582 1055 1644 poterat
1090 1576 1276 1649 355,
1327 1581 1380 1635 in
1433 1597 1536 1653 qua
1589 1583 1864 1654 plenitudo

274 1655 576 1715 divinitatis
624 1665 980 1734 corporaliter
1026 1667 1312 1727 habitavit.
1363 1673 1504 1729 Deus
1542 1675 1724 1747 itaque
1766 1677 1861 1733 Dei

1933 618 1939 627 .
1973 585 2100 627 num
2123 569 2386 642 procedit.
2434 567 2547 626 Hac
2571 569 2736 627 etiam
2762 570 2975 625 ratione
2995 568 3131 641 justi
3160 568 3393 639 ponendi
3423 577 3552 624 sunt

1973 663 2027 719 in
2053 663 2262 720 dextris
2299 664 2353 719 in
2385 664 2472 720 die
2506 662 2719 732 judicii,
2749 664 3004 734 quoniam
3051 663 3109 718 in
3136 663 3354 719 Christo
3382 672 3437 720 et
3466 662 3553 719 in-

1973 757 2293 814 tellexerunt
2335 756 2574 812 divinam
2622 754 2981 825 majestatem,
3019 763 3074 812 et
3103 755 3222 825 ejus
3255 769 3386 815 .cum
3417 753 3552 811 dile-

1970 848 2150 904 ctione
2189 847 2535 904 crediderunt
2582 845 3031 911 incarnationem,
3078 855 3135 902 et
3175 845 3222 901 si
3268 843 3434 915 aliqui
3482 858 3553 900 ex

1971 940 2103 1009 ipsis
2132 940 2367 997 nondum
2409 939 2709 1001 credentes,
2739 936 3013 993 Christum
3055 937 3109 993 in
3140 952 3302 994 carne
3335 937 3552 993 occide-

1971 1039 2115 1094 runt,
2144 1038 2329 1101 postea
2370 1030 2722 1085 comederunt
2750 1043 2973 1084 carnem
2999 1027 3203 1084 Christi
3240 1027 3550 1095 credentes,

1968 1135 2024 1181 et
2066 1125 2222 1196 ejus,
2274 1139 2435 1196 quem
2490 1120 2832 1187 eti‘uderunt,
2896 1121 3212 1190 sanguinem
3268 1120 3546 1176 biberunt.

1968 1218 2157 1290 lnjusti
2200 1228 2381 1273 autem
2422 1217 2475 1272 in
2507 1215 2747 1272 sinis‘tris
2779 1223 2966 1280 erunt,
3008 1214 3134 1285 quia
3171 1228 3271 1269 nec
3297 1223 3552 1286 gustave-

1969 1322 2095 1367 mnt
2127 1311 2322 1368 divina:
2352 1310 2651 1383 majestatis
2685 1309 3045 1373 dulcedinem,
3078 1323 3198 1379 quae
3243 1310 3297 1364 in
3333 1308 3550 1364 Christo

1965 1416 2083 1471 est,
2142 1420 2243 1461 nec
2284 1401 2402 1473 ejus
2447 1403 2688 1459 venerati
2737 1410 2863 1458 sunt
2928 1402 3402 1466 incarnationem,
3453 1400 3548 1456 sed

1965 1511 2182 1566 semper
2222 1503 2523 1567 sapuerunt
2561 1495 2836 1565 prppriam
2885 1507 3129 1561 carnem,
3167 1501 3224 1547 et
3267 1491 3389 1547 ideo
3415 1490 3542 1547 sini-

1964 1597 2099 1654 slra,
2147 1587 2200 1642 id
2241 1597 2325 1643 est
2364 1586 2559 1655 injusta
2591 1600 2777 1656 opera,
2825 1585 3151 1649 dilexerunt,
3206 1599 3304 1655 pro
3351 1582 3547 1654 quibus

1965 1688 2285 1751 perpetuum
2307 1679 2490 1735 odium
2528 1678 2611 1733 sui
2636 1677 2909 1734 Creatoris
2936 1676 3231 1733 habebunt.
3267 1675 3346 1730 De
3377 1675 3547 1730 latere

273 1743 450 1802 Filius
480 1748 532 1804 in
563 1762 808 1823 suscepta
836 1770 1002 1813 carne
1032 1758 1230 1816 multas
1268 1778 1376 1818 non
1409 1763 1575 1821 multo
1621 1743 1861 1838 tempore
1895 1837 1931 1844 _
1964 1743 2166 1828 Christi
2207 1773 2429 1844 sanguis
2457 1770 2619 1844 357
2650 1771 2867 1841 quidem
2917 1770 3086 1826 exivit
3134 1778 3190 1825 et
3237 1782 3400 1838 aqua,
3450 1768 3547 1825 sed

274 1851 471 1906 passus
518 1840 743 1911 injurias
766 1883 783 1910 ,
830 1853 890 1899 ut
932 1860 1032 1916 pro
1075 1848 1233 1906 nobis
1283 1865 1593 1910 moreretur
1642 1837 1858 1916 crucem
1894 1837 1936 1891 Β
1960 1865 2138 1920 exisse
2167 1864 2329 1920 simul
2366 1873 2655 1935 utrumque
2692 1878 2798 1919 non
2830 1861 2963 1918 dicit
3000 1860 3352 1933 evangelista.
3390 1860 3547 1929 Quod

271 1932 544 1998 ascendit,
576 1942 633 2020 et
661 1934 786 1991 licet
813 1938 881 1992 ab
909 1937 1129 1996 homine
1163 1941 1435 2011 judicatus
1467 1958 1611 2004 esset
1642 1950 1856 2020 injuste,

267 2018 345 2073 ibi
381 2022 543 2076 etiam
585 2019 824 2091 judieem
872 2028 1105 2085 hominis
1130 2034 1378 2092 novimus
1398 2051 1553 2103 eum,
1580 2051 1634 2094 et
1660 2018 1857 2098 factum

266 2127 378 2183 pro
409 2115 629 2172 nomine
677 2120 1037 2189 sacerdotem,
1065 2134 1122 2179 et
1149 2126 1501 2184 sacrilicium.
1541 2131 1680 2189 Vere
1706 2137 1859 2206 posi-

270 2212 365 2297 tus
410 2207 464 2259 in
512 2223 675 2265 cruce
726 2211 988 2271 Dominus
1026 2213 1355 2285 judicabat;
1401 2221 1514 2290 jam
1574 2240 1743 2297 agnos
1787 2228 1857 2285 ab

266 2294 443 2354 haedis
480 2301 624 2370 regia
659 2313 929 2372 potestate
953 2311 1261 2381 separabat,
1308 2315 1379 2371 ibi
1408 2294 1672 2375 latronem
1720 2320 1857 2377 alte-

266 2405 414 2457 rum,
443 2392 496 2448 in
523 2394 731 2452 dextris
755 2400 1010 2469 positum,
1043 2401 1095 2457 in
1123 2419 1230 2473 quo
1258 2405 1379 2462 lidei
1410 2419 1465 2464 et
1492 2410 1855 2471 confessionis

267 2494 673 2545 sacramentum
722 2503 1096 2564 praecesserat,
1150 2500 1364 2555 vocavit
1407 2501 1475 2557 ad
1504 2502 1734 2572 gloriam
1763 2508 1851 2578 pia

262 2578 675 2649 compassione;
742 2581 1007 2653 alterum,
1060 2588 1294 2656 positum
1355 2592 1410 2647 in
1461 2594 1738 2663 sinistris,
1795 2598 1849 2654 in

264 2684 429 2740 ptena
460 2673 665 2729 dimisit
696 2688 925 2732 censura
961 2678 1205 2749 justitiae.
1237 2682 1305 2738 Et
1330 2699 1393 2739 ea
1418 2685 1550 2741 hora
1578 2688 1706 2754 diei,
1741 2704 1848 2761 qua

261 2762 475 2832 primus
509 2765 669 2822 homo
698 2766 876 2825 factus
921 2768 1080 2838 latro,
1126 2771 1392 2831 latronem
1440 2777 1716 2835 diabolum
1761 2797 1849 2838 se»

257 2863 444 2923 cutus,
476 2853 679 2924 ejectus
714 2869 798 2916 est
833 2861 901 2917 de
934 2864 1188 2931 paradiso
1218 2873 1272 2920 et
1299 2866 1466 2923 vitam
1500 2871 1756 2940 perdidit,
1779 2887 1845 2932 ea

260 2945 424 3013 hora,
467 2963 607 3005 nona
646 2947 917 3019 videlicet,
950 2953 1201 3011 Christus
1236 2972 1428 3028 passus
1465 2970 1552 3017 est
1589 2973 1839 3032 mortem,

257 3047 315 3090 et
362 3034 557 3093 latroni
604 3041 840 3112 paradisi
887 3042 1086 3113 januas
1134 3050 1415 3106 reseravil.
1463 3050 1556 3107 llle
1578 3053 1841 3125 siquidem

1960 1957 2009 2012 si
2068 1972 2207 2026 aqua
2258 1955 2421 2013 simul
2475 1970 2600 2011 cum
2655 1954 2919 2026 sanguine
2983 1953 3210 2019 exisset,
3281 1967 3421 2024 aqua
3490 1952 3547 2009 in

1938 2049 2221 2119 sanguine
2271 2048 2513 2118 dignosci
2575 2046 2643 2101 ab
2701 2047 2918 2101 homine
2985 2045 3208 2101 minime
3258 2046 3541 2116 potuisset.

1961 2139 2190 2212 Sanguis
2216 2140 2397 2210 itaque
2422 2139 2573 2209 prius
2612 2137 2782 2194 exivit
2808 2153 2970 2207 quam
2999 2152 3173 2207 aqua;
3218 2146 3273 2200 et
3310 2138 3542 2204 merito,

1958 2233 2084 2304 quia
2126 2231 2405 2304 sanguinis
2429 2230 2778 2292 etl'nsiouem,
2812 2229 2864 2283 id
2896 2238 3009 2295 est,
3055 2228 3215 2284 iidem
3253 2228 3545 2286 Dominicis

1957 2324 2582 2396 passionis,-haptismus
2603 2325 2868 2392 sequitur,
2896 2330 2950 2376 et
2976 2331 3318 2392 peccatorum
3354 2322 3546 2377 remis-

1954 2416 2058 2474 sio.
2107 2414 2221 2471 Hac
2245 2412 2350 2471 ﬁde
2378 2415 2702 2486 patriarcha)
2728 2422 2783 2468 et
2811 2412 3122 2484 prophetae,
3166 2422 3222 2469 et
3252 2413 3403 2468 multi
3449 2413 3539 2469 alii

1953 2506 2008 2562 in
2066 2515 2296 2577 utroque
2344 2521 2476 2562 sexu
2548 2506 2826 2562 Christum
2874 2514 3164 2561 venturum
3214 2505 3544 2576 Redempto-

1953 2611 2066 2653 rem
2114 2608 2498 2669 speraverunt,
2549 2609 2606 2655 ct
2651 2600 2796 2671 quod
2837 2616 2938 2656 nos
2985 2599 3188 2657 factum
3229 2602 3539 2665 credimus,

1948 2688 2052 2760 ipsi
2085 2690 2453 2760 exspectando
2482 2689 2725 2745 futurum
2767 2691 3151 2758 crediderunt,
3189 2704 3244 2748 et
3272 2693 3398 2763 quia
3423 2692 3539 2762 jant

1946 2793 2309 2853 conceperant
2337 2781 2499 2838 tidem
2526 2782 2756 2848 Christi,
2788 2781 3082 2839 Christiani
3113 2795 3301 2854 erant,
3337 2796 3394 2840 et
3422 2785 3542 2843 fue-

1944 2883 2073 2931 runt
2104 2876 2392 2946 redempti.
2422 2874 2623 2933 Omnes
2650 2877 2816 2932 etiam
2845 2876 3176 2948 quicunque,
3207 2879 3325 2935 viso
3351 2878 3542 2935 Salva-

1945 2977 2091 3033 tore,
2133 2968 2276 3039 apud
2319 2968 2525 3025 inferos
2549 2968 2618 3025 de
2649 2968 2739 3024 illo
2772 2980 3130 3040 speraveruut
3165 2969 3426 3033 salutem,
3470 2970 3540 3027 de

1942 3061 2119 3131 poenis
2146 3059 2341 3117 inferni
2366 3060 2580 3116 liberati
2622 3069 2769 3117 sunt.
2799 3060 2910 3117 Nos
2931 3070 3148 3128 autem,
3188 3071 3245 3118 et
3288 3062 3362 3117 illi
3394 3064 3537 3119 beati

257 3130 315 3185 in
340 3130 791 3240 Evangeliodieit
816 3154 831 3192 :
860 3137 1117 3210 Majarem
1146 3142 1455 3200 charitatem
1486 3162 1635 3201 nemo
1662 3147 1837 3216 habet,
1868 3184 1915 3249 ο
1943 3130 2115 3211 nostri
2148 3155 2612 3225 prtedecessores,
2648 3157 2742 3228 qui
2786 3172 2888 3213 nos
2923 3167 3322 3249 praecesserunt
3359 3160 3539 3249 adsi-

256 3239 418 3289 qmrm
462 3234 516 3278 ut
562 3226 794 3281 animam
839 3245 991 3285 suam
1036 3241 1198 3303 ponat
1242 3235 1358 3303 quis
1392 3251 1489 3306 pro
1517 3238 1701 3293 amicis
1726 3240 1839 3296 suis

257 3311 445 3378 (Jomt.
476 3330 567 3379 xv,
592 3316 704 3389 15).
753 3318 919 3386 Dixit,
964 3337 1140 3385 nemo.
1179 3324 1274 3380 sed
1318 3325 1433 3396 ipse
1459 3328 1552 3399 qui
1585 3328 1731 3388 Deus
1753 3340 1841 3388 est

253 3403 443 3473 homo,
474 3407 643 3464 multo
667 3408 926 3480 majorem
956 3413 1278 3472 charitatem
1309 3417 1576 3488 exhibuit,
1605 3421 1697 3493 qui
1729 3438 1837 3480 non

254 3496 435 3552 solum
466 3513 568 3569 pro
596 3501 820 3568 amicis,
850 3519 1039 3562 verum
1077 3508 1240 3563 etiam
1269 3523 1368 3579 pro
1396 3511 1631 3569 inimicis
1658 3516 1840 3586 posuit

253 3589 520 3658 animam,
552 3599 606 3647 et
631 3608 730 3663 pro
773 3593 1008 3652 inimicis
1037 3599 1178 3669 apud
1208 3597 1425 3656 Patrem
1457 3603 1650 3659 oravit.
1698 3604 1839 3663 Pon-

251 3683 521 3739 titicatum
556 3685 640 3741 vel
670 3701 916 3759 regnum,
956 3693 1101 3762 quod
1138 3692 1430 3764 aliquando
1455 3697 1727 3756 hominem
1756 3699 1838 3755 l'a-

251 3778 331 3833 cit
357 3781 670 3851 superbum,
705 3780 955 3841 Christus
1000 3785 1202 3842 habere
1243 3788 1433 3856 uoluit,
1479 3790 1574 3847 sed
1620 3808 1651 3847 a
1676 3791 1838 3849 Patre

249 3885 353 3927 rex
382 3881 437 3927 et
465 3874 719 3931 sacerdos
762 3876 1049 3934 ordinatus
1088 3878 1142 3934 in
1179 3896 1364 3944 cruce,
1405 3881 1458 3936 in
1498 3896 1594 3938 ara
1634 3885 1834 3951 crucis,

247 3977 419 4035 quam
459 3967 746 4034 praesentia
790 3968 873 4023 sui
919 3968 1165 4039 corporis
1208 3970 1595 4038 sanctiﬁcavit,
1640 3984 1838 4031 semet-

248 4056 431 4125 ipsum
474 4056 670 4114 obtulit
705 4072 806 4130 pro
844 4068 1028 4116 nostra
1065 4062 1438 4135 redemptione
1483 4064 1834 4132 sacriﬁcium,

246 4156 308 4200 et
353 4146 426 4202 ita
468 4148 588 4218 pius
637 4163 733 4207 rex
764 4158 821 4207 et
853 4152 1035 4224 justus
1066 4151 1235 4223 judex
1280 4156 1348 4212 ad
1392 4171 1556 4228 regna
1591 4158 1835 4217 caelestia

248 4238 414 4293 rexit.
464 4237 523 4295 ln
568 4239 659 4298 illa
707 4254 897 4299 saneta
944 4260 1106 4303 cruce
1150 4246 1217 4303 de
1264 4245 1382 4317 ejus
1431 4248 1601 4307 latere
1644 4250 1836 4308 dextro

245 4330 407 4387 exivit
448 4335 665 4405 sanguis
700 4344 748 4391 et
782 4351 918 4407 aqua
950 4336 1129 4409 (Joan.
1156 4355 1274 4408 xtx,
1302 4340 1424 4411 54);
1460 4344 1696 4415 sanguis,
1727 4360 1836 4416 quo

246 4438 350 4479 nos
375 4438 406 4478 a
431 4422 629 4482 diaboli
658 4436 929 4494 potestate
978 4430 1299 4498 redimeret;
1346 4451 1502 4505 aqua,
1537 4451 1640 4506 qua
1671 4436 1837 4511 356

1941 3246 2135 3303 dereas
2181 3246 2531 3315 mansiones,
2577 3247 2834 3320 quoniam
2880 3263 2947 3303 ex
2981 3248 3171 3319 primis
3218 3247 3541 3320 parentibus

1942 3344 2211 3400 traximus
2237 3343 2501 3401 oﬂ‘ensam
2520 3384 2535 3408 ,
2557 3358 2657 3415 per
2677 3343 2909 3415 gratiam
2941 3342 3344 3412 Redemptoris,
3373 3342 3533 3413 quasi

1939 3435 2265 3506 quibusdam
2293 3435 2583 3520 unguentis
2607 3435 2676 3491 de
2703 3432 2821 3502 eius
2846 3433 3112 3506 sanguine
3144 3432 3329 3498 factis,
3358 3440 3535 3508 sanati

1938 3543 2158 3591 sumus.
2195 3535 2255 3582 ut
2281 3527 2373 3598 qui
2400 3525 2630 3581 aliorum
2660 3523 2977 3581 inﬁdelitate
3006 3534 3061 3580 et
3089 3523 3536 3596 praevaricatione

1938 3617 2234 3675 cecidimus
2260 3618 2313 3674 in
2349 3625 2604 3683 mortem,
2640 3615 2887 3682 alterius,
2920 3618 2972 3673 id
3003 3625 3090 3672 est
3123 3616 3296 3672 nostri
3334 3616 3537 3675 Condi-

1940 3712 2075 3768 toris
2114 3710 2494 3781 eompassione
2529 3718 2587 3766 et
2626 3709 2978 3767 miseratione
3014 3723 3425 3783 resurgeremus
3460 3710 3531 3767 ad

1936 3805 2124 3860 vitam.
2173 3803 2314 3859 Dicit
2349 3803 2615 3873 propheta
2646 3818 2662 3858 :
2703 3800 2966 3858 Percutiet
3000 3819 3096 3859 nos
3141 3801 3396 3859 Dominus
3418 3843 3435 3868 ,
3480 3810 3534 3858 et

1935 3895 2275 3968 percutienda
2296 3897 2504 3950 sanabit
2529 3896 2710 3968 (Deut.
2755 3910 2932 3960 xxxtt,
2962 3894 3083 3965 39).
3110 3879 3320 3963 Quibus
3350 3896 3533 3953 verbis

1937 3987 2223 4045 manifeste
2261 3989 2499 4045 ostendit
2545 3989 2674 4060 quia
2726 3987 2843 4044 leve
2883 4002 2988 4043 non
3035 3996 3121 4042 est
3165 3989 3366 4045 iterare
3417 3990 3531 4046 cri-

1939 4080 2114 4146 mina,
2162 4096 2285 4151 qua:
2329 4088 2456 4136 sunt
2488 4079 2656 4136 semel
2690 4079 2895 4135 Christi
2929 4078 3184 4150 passione
3222 4082 3525 4155 redempta.

1937 4169 2084 4225 Reus
2115 4171 2248 4236 erit,
2294 4170 2549 4239 inquam,
2598 4184 2725 4225 reus
2754 4170 2861 4224 erit
2887 4185 2993 4224 non
3023 4171 3249 4227 modicae
3276 4172 3393 4239 rei,
3429 4173 3529 4231 sed

1938 4261 2209 4332 passionis
2235 4261 2516 4333 sanguinis
2540 4261 2783 4329 Christi,
2828 4261 2920 4334 qui
2956 4262 3151 4319 iterum
3179 4264 3378 4322 occidit
3408 4268 3529 4323 ani-

1938 4370 2113 4421 mam,
2166 4354 2370 4411 Christi
2421 4355 2671 4426 passione
2710 4362 2766 4411 et
2804 4356 3070 4428 sanguine
3124 4372 3153 4411 a
3202 4352 3378 4413 marte
3432 4374 3522 4416 reo

1937 4447 2233 4518 demptam.
2278 4445 2468 4509 Prius,
2503 4455 2563 4502 ut
2587 4447 2855 4515 diximus,
2889 4448 3221 4520 Redemptor
3247 4459 3436 4506 noster
3469 4459 3530 4508 et

244 4531 349 4571 '05
398 4530 429 4570 ³
473 4518 711 4588 Ρθεοδιῖδ
757 4519 1064 4578 mundat“.
1112 4521 1291 4592 Quare
1339 4527 1408 4581 de
1460 4526 1631 4584 latere
1661 4529 1833 4586 BXiVil
1863 4539 1909 4596 D
1935 4537 2195 4595 Dominus
2216 4553 2309 4609 per
2329 4537 2497 4610 358
2514 4539 2832 4609 sanguinem
2861 4518 3138 4612 proprium
3164 4556 3195 4596 a
3226 4549 3528 4613 transgres-

241 4607 471 4676 sanguis
503 4617 557 4664 et
586 4611 771 4680 aqua?
804 4611 873 4669 Ut
896 4613 1148 4671 videlicet
1186 4619 1325 4673 unde
1360 4619 1516 4690 culpa
1554 4635 1835 4690 processe-

244 4708 360 4763 rat,
407 4700 533 4756 inde
558 4704 912 4772 processisset
957 4712 1014 4761 et
1048 4707 1245 4777 gratia.
1283 4710 1358 4766 De
1390 4710 1564 4768 latere
1584 4713 1717 4788 Ada:
1752 4713 1836 4768 fe-

241 4791 395 4845 mina
430 4789 576 4847 l’aeta
620 4803 734 4861 est,
774 4812 896 4868 qua:
931 4812 1033 4853 nos
1062 4800 1268 4869 peccati
1304 4801 1427 4858 cibo
1472 4804 1698 4860 cibavit.
1755 4806 1834 4862 De

242 4878 415 4936 latere
448 4882 649 4941 Christi
680 4889 921 4945 manavit
942 4891 1142 4960 gratia,
1185 4906 1305 4963 quae
1338 4903 1393 4948 et
1421 4905 1701 4966 peccatum
1736 4897 1832 4953 ab-

240 4972 419 5040 stulit,
450 4983 507 5031 et
539 4980 772 5036 contulit
796 4982 923 5038 vita:
955 4985 1275 5041 remedium.
1315 4986 1390 5043 De
1427 4987 1599 5045 latere
1625 4990 1827 5047 Christi

238 5065 441 5122 dextro
482 5069 706 5142 sanguis
744 5080 801 5127 et
839 5088 979 5144 aqua
1019 5077 1198 5146 potius
1236 5078 1415 5135 exisse
1458 5080 1679 5151 dicitur,
1721 5099 1829 5139 non

241 5160 313 5214 de
340 5160 582 5218 sinistro.
620 5162 757 5219 Nam
788 5168 932 5237 quod
962 5183 1061 5239 per
1088 5170 1366 5227 sinistram
1409 5171 1555 5229 illius
1586 5190 1826 5243 manum,

240 5253 348 5309 hoc
374 5252 552 5323 ipsum
589 5271 689 5327 per
728 5256 873 5315 latus
900 5258 1018 5329 ejus
1057 5262 1336 5318 sinistrum
1373 5262 1685 5335 accipimus,
1729 5267 1828 5324 hu-

237 5359 422 5401 mana:
461 5344 709 5404 videlicet
757 5352 940 5407 carnis
978 5355 1397 5425 susceptionem,
1440 5370 1539 5427 per
1579 5357 1825 5416 dextrum

234 5447 375 5489 vero
413 5433 554 5491 latus
591 5438 731 5509 ejus,
763 5443 907 5510 quod
945 5457 1041 5512 per
1075 5443 1218 5500 illius
1255 5446 1535 5502 dexteram
1575 5448 1827 5522 intelligi-

235 5538 390 5591 mus,
415 5527 655 5585 divinam
681 5533 893 5589 scilicet
921 5533 1285 5604 majestatem.
1313 5538 1484 5606 Quam
1512 5541 1636 5610 quia
1669 5542 1828 5599 ali.er

235 5620 553 5691 esprimere
582 5638 740 5680 nemo
765 5627 970 5696 potuit,
1002 5628 1330 5697 hujusmodi.
1368 5632 1420 5687 id
1455 5646 1537 5690 est
1565 5636 1845 5703 dexterae,-

236 5729 444 5770 nomen
484 5719 718 5785 accepit.
765 5719 848 5775 Ab
892 5719 978 5778 illa
1014 5736 1144 5793 ergo
1189 5732 1245 5778 ct
1278 5723 1579 5784 incarnatio
1602 5728 1821 5796 Christi,

235 5814 296 5863 et
334 5806 422 5864 ille
458 5809 679 5881 sanguis
713 5820 766 5868 ct
794 5828 953 5883 aqua,
992 5824 1048 5873 et
1077 5815 1327 5877 universa
1368 5818 1605 5891 ejusdem
1646 5823 1825 5880 inerr-

1936 4632 2087 4687 sione
2134 4642 2415 4702 parentum
2457 4649 2556 4687 nos
2606 4633 2849 4700 sanavit,
2902 4634 2998 4688 sed
3047 4631 3153 4689 illis
3206 4632 3521 4691 vulneribus

1935 4723 2139 4779 nostris
2181 4722 2337 4793 quasi
2381 4733 2717 4794 unguentum
2763 4723 3037 4789 adhibuit,
3085 4733 3141 4780 et
3173 4724 3265 4794 qui
3307 4724 3527 4781 aliunde

1933 4815 2141 4886 peccati
2194 4815 2406 4888 plagam
2464 4816 2780 4881 habuimus,
2833 4815 3053 4871 aliunde
3110 4815 3405 4873 habuimus
3470 4827 3527 4875 et

1932 4907 2138 4978 peccati
2187 4907 2474 4963 medelam.
2514 4907 2669 4964 Nunc
2717 4923 2847 4964 vero
2890 4909 3018 4980 quia
3061 4909 3278 4980 propria
3329 4909 3524 4967 volun-

1935 5009 2077 5065 tate,
2115 4998 2252 5055 etin
2277 4998 2515 5071 perfecta
2557 5009 2720 5056 aetate
2751 5001 3125 5072 peccavimus,
3171 5005 3526 5074 percussione

1932 5106 2068 5162 opus
2091 5100 2196 5157 est,
2227 5092 2280 5147 id
2311 5100 2396 5147 est
2417 5091 2598 5148 cordis
2621 5093 2970 5158 contritione,
2998 5094 3122 5149 etsi
3152 5096 3333 5152 curari
3364 5095 3523 5153 volu-

1930 5197 2074 5246 mus,
2096 5179 2207 5249 jam
2235 5195 2342 5236 non
2374 5197 2681 5253 quaeramus
2707 5182 2863 5239 stivae
2884 5183 3096 5252 oleum,
3133 5186 3218 5242 vel
3240 5186 3525 5257 quodlibet

1930 5271 2077 5327 aliud
2129 5282 2501 5342 unguentum,
2554 5275 2810 5344 quoniam
2846 5274 3300 5347 ignitumgravis
3346 5277 3526 5347 poeni-

1932 5365 2114 5420 lentiae
2144 5363 2344 5420 ferrum
2375 5366 2743 5422 necessarium
2773 5377 2878 5432 est,
2912 5383 3020 5439 quo
3048 5378 3361 5424 nostrorum
3394 5384 3525 5424 ura-

1931 5465 2019 5512 tur
2060 5457 2250 5529 rubigo
2293 5467 2658 5528 peecaturmn.
2693 5457 2863 5515 Nemo
2898 5474 3133 5530 unquam
3164 5470 3284 5529 post
3322 5473 3520 5531 perpe-

1931 5556 2130 5603 tratum
2170 5547 2254 5603 vel
2310 5549 2476 5604 semel
2526 5551 2808 5606 criminale
2855 5559 3165 5620 peccatum,
3208 5550 3355 5605 illam
3408 5551 3525 5607 uti-

1926 5639 2033 5695 lem
2091 5640 2194 5695 sibi
2247 5639 2676 5705 confessionem.
2728 5657 2822 5697 seu
2861 5641 3236 5712 paenitentiam
3291 5644 3516 5708 credat,

1927 5745 2088 5799 quam
2116 5730 2331 5799 spiritus
2360 5733 2760 5800 contribulalus,
2798 5749 2887 5788 cor
2910 5732 3216 5798 contritum,
3252 5742 3303 5788 et
3335 5736 3514 5790 humi-

1927 5820 2111 5878 liatum
2144 5819 2316 5895 (Prol.
2346 5841 2399 5895 ι,
2436 5825 2522 5898 l9)
2554 5842 2656 5883 non
2685 5826 2968 5896 praecedit,
3014 5826 3138 5899 quia
3171 5826 3257 5885 ubi
3289 5843 3394 5887 non
3426 5839 3519 5889 est

4016 4330 4019 4367 1

4016 4380 4020 4433 ἶ

4012 5496 4019 5591 l

4014 5666 4019 5801 ἓ

4010 5866 4019 5921 i
