4034 6364
509 375 620 431 9.55

1543 374 1859 431 COFFRIDI
1902 373 2193 428 ABBATIS
2234 372 2746 430 VlNDOClNE-NSIS

3675 367 3802 420 1'36

509 508 638 544 vera
671 491 849 544 cordis
885 489 1197 554 conversio,
1225 504 1328 544 non
1359 488 1603 558 sequitur
1630 489 1786 558 plena
1815 486 2084 541 remissio.
2119 489 2165 544 Α
2191 503 2289 560 pro
2320 491 2535 546 nomine
2559 467 2758 546 Christi
2795 485 3094 543 cruciﬁxus
3117 494 3229 548 est,
3259 498 3356 539 nec
3383 483 3514 555 quia
3546 483 3800 538 credid’t
3833 524 3836 526 η

515 583 681 636 Debet
713 582 874 652 igitur
901 582 1125 652 quisque
1154 590 1395 635 nostrum
1415 623 1430 646 ,
1475 581 1768 636 secundum
1797 579 2096 636 Salvatoris

512 673 847 744 exemplum,
893 673 1184 728 infremere
1210 673 1402 742 spiritu
1445 683 1636 727 contra
1668 673 1902 742 capitale
1945 685 2095 725 como

513 765 772 830 missum,
815 770 870 817 et
899 763 1133 833 quadam
1166 761 1530 818 sollicitudine
1563 763 1790 818 turbare‘
1821 765 2091 832 seipsum,

511 869 777 927 quatenus
805 868 967 922 super
1001 855 1324 908 esstittctam
1355 855 1588 907 animam
1631 856 1760 907 dare
1804 855 1974 909 valeat
2004 870 2095 926 ge-

514 947 676 1000 mitus
703 944 1078 1016 przea'ordiales
1113 954 1165 999 et
1195 943 1566 1015 Iacrymabiles
1605 944 1877 1014 planctus,
1924 957 1981 999 ut
2014 946 2094 1000 vel

511 1040 588 1093 sic
615 1038 706 1092 Dei
730 1039 1080 1093 miseratione
1107 1038 1411 1091 reviviscat.
1443 1036 1690 1092 Christus
1713 1039 1856 1092 enim
1880 1039 2096 1109 quando

510 1128 659 1182 venit
689 1127 754 1182 ad
787 1128 1156 1182 suscitandum
1194 1125 1456 1180 Lazarum
1489 1127 1578 1195 qui
1621 1126 1890 1197 significat
1921 1127 2096 1181 Immi-

515 1231 638 1272 nem
674 1219 724 1272 in
760 1218 1026 1272 criminali
1062 1229 1283 1286 peccato
1314 1218 1579 1284 sepultum
1600 1259 1614 1282 ,
1638 1217 1959 1288 lacrymatus
1986 1229 2092 1282 est,

511 1314 780 1381 infremuit
803 1313 1018 1380 spiritu,
1046 1311 1270 1365 turbavit
1295 1313 1520 1378 seipsum
1546 1309 1726 1382 (Jaan.
1767 1327 1849 1371 XI,
1887 1310 2094 1382 55-55),

513 1419 569 1460 et
597 1405 730 1460 dixit
758 1421 772 1458 :
796 1405 1028 1475 Lazare,
1065 1406 1178 1458 veni
1207 1405 1350 1473 {oras
1380 1404 1530 1473 (ibid.
1551 1444 1564 1464 ,
1595 1403 1707 1473 4⁸5).
1747 1403 1812 1457 Et
1840 1404 1920 1457 sic
1949 1403 2096 1458 illum

515 1518 542 1550 a
579 1499 804 1552 lumiino
839 1497 1062 1567 legimus
1089 1498 1432 1551 suscitatam.
1458 1496 1531 1550 lbi
1563 1498 1723 1551 verba
1754 1513 1860 1550 non
1890 1511 2093 1566 prtere-

515 1598 712 1641 nerunt
760 1588 1060 1658 Iacrymas,
1105 1588 1196 1640 sed
1237 1587 1485 1658 lacrymre
1523 1588 1683 1640 verba
1726 1587 2096 1657 Redemptoris

517 1689 934 1750 praecesserunt.
963 1679 1148 1749 Neque
1179 1680 1328 1750 prius
1365 1680 1625 1734 Lazarum
1654 1680 1863 1734 vocavit
1888 1680 1954 1734 de
1984 1695 2092 1734 mo-

517 1781 803 1833 numento,
851 1787 1023 1842 neque
1065 1771 1303 1824 Lazarus
1341 1772 1491 1841 prius
1529 1771 1858 1833 resurrexit,
1927 1773 2095 1825 doner

517 1864 770 1918 Christus
796 1864 1308 1933 inhemuitspiritu,
1349 1873 1402 1918 et
1429 1865 1661 1934 scipsum
1693 1865 1944 1918 turbavit.
1978 1864 2094 1932 Quo

514 1955 680 2024 facto,
720 1959 836 2026 pius
867 1956 1194 2025 Redemptor
1233 1968 1288 2012 et
1318 1957 1488 2011 bonus
1517 1957 1706 2011 doctor
1728 1955 1892 2026 359
1917 1957 2095 2012 docuit

510 2062 882 2119 pCCCnlttl'cm,
921 2065 1027 2118 quo
1058 2050 1266 2113 stmlio,
1314 2064 1421 2118 quo
1465 2049 1664 2102 mentis
1705 2046 1934 2114 affectu,
1988 2064 2096 2118 quo

509 2144 756 2212 corporis
782 2153 926 2208 actu,
951 2159 1053 2214 qua
1085 2144 1394 2198 intimorum
1419 2144 1775 2198 concussione
1802 2143 2092 2209 viscerum,

509 2235 887 2304 paenitentiam
931 2250 1092 2304 agere
1129 2234 1308 2295 debet,
1341 2236 1383 2290 si
1432 2233 1681 2288 suscitari
1720 2233 1992 2288 desiderat
2029 2235 2096 2290 de

511 2330 761 2399 sepulcro
794 2339 1155 2399 peccatorum.
1199 2331 1354 2386 Utilis
1379 2343 1491 2394 est,
1519 2334 1626 2387 imo
1651 2337 1950 2390 necessaria
1982 2352 2098 2407 pm-

515 2422 739 2474 nitentia
767 2432 888 2489 post
917 2437 1216 2492 peccatum,
1258 2441 1378 2478 cum
1409 2425 1685 2481 Christum
1713 2441 1955 2484 mortuos
1977 2432 2099 2500 qui-

515 2513 638 2566 dem
669 2515 986 2578 suscitasse,
1021 2516 1220 2569 nullum
1259 2527 1436 2571 autem
1470 2518 1521 2572 in
1551 2521 1787 2588 peccatis
1826 2533 2095 2578 mortuum

515 2605 811 2660 absolvisse
856 2607 1112 2677 legamus.
1147 2607 1444 2663 Mirandum
1473 2627 1602 2665 vero
1637 2627 1740 2665 non
1769 2623 1878 2674 est,
1925 2615 1967 2667 si
1999 2630 2097 2684 pro

517 2699 758 2768 peccatis
790 2701 1021 2770 propriis
1051 2707 1103 2755 et
1145 2702 1384 2756 scienter
1419 2706 1726 2759 commissis
1771 2705 1982 2761 fortiter
2015 2718 2099 2762 est

514 2790 800 2858 ageiulnm.
825 2807 948 2846 cum
972 2791 1132 2846 alieni
1167 2793 1369 2862 peccati
1396 2808 1553 2861 ptena
1581 2811 1680 2849 nos
1697 2808 1973 2865 sequatur,
1997 2813 2098 2855 nec

514 2897 614 2937 nos
641 2883 846 2949 solum,
879 2884 971 2940 sed
1005 2895 1222 2938 sanctos
1260 2886 1531 2954 apostolos
1569 2898 1751 2942 secuta
1789 2890 1890 2952 sit,
1933 2890 2096 2946 etiam

516 2981 635 3042 post
679 2974 1025 3043 baptismum.
1067 2975 1225 3030 Licet
1268 2975 1574 3045 ignoremus
1608 2981 1749 3050 quis,
1795 2997 1824 3035 a
1869 2997 2008 3053 quo,
2042 2991 2098 3038 et

516 3062 630 3128 ubi,
659 3072 713 3118 et
735 3066 954 3134 quando
986 3067 1242 3138 baptizati
1272 3070 1500 3134 fuerint,
1535 3072 1682 3142 ipsos
1715 3087 1892 3130 tamen
1927 3077 2098 3147 bapti-

2196 601 2385 655 passus
2427 583 2696 645 creditur,
2747 580 2839 636 sed
2869 579 3132 642 credidit,
3172 577 3298 630 dum
3331 586 3638 646 pateretur.
3669 575 3800 630 Alf—

2195 693 2353 748 quem
2401 677 2562 731 etiam
2618 675 2769 744 quasi
2818 689 2914 743 pro
2965 671 3183 725 nomine
3225 670 3424 726 Christi
3483 678 3796 739 martyrem

2199 772 2312 826 fieri
2351 786 2546 824 vanum
2588 778 2700 834 est,
2745 767 2846 822 nisi
2895 765 3230 838 prmcesserit
3268 765 3320 818 in
3368 762 3460 818 illo
3499 763 3634 817 [id-es
3686 763 3796 816 ha-

2196 863 2402 932 ptismi.
2432 861 2702 929 Quantum
2740 859 2921 929 itaque
2945 859 3140 923 valeat,
3175 857 3338 911 etiam
3372 856 3492 910 sine
3527 853 3796 922 baptismi

2197 962 2538 1008 sacramento
2590 951 2817 1013 visibili,
2874 951 3017 1018 quod
3071 949 3148 1002 ait
3203 945 3478 1018 apostolus
3537 943 3790 999 Paulus:

2197 1046 2366 1103 Corde
2397 1045 2627 1099 creditur
2659 1043 2728 1096 ad
2760 1044 3061 1113 justitiam,
3093 1056 3182 1095 ere
3218 1048 3394 1092 autem
3434 1037 3699 1106 confessio
3732 1037 3796 1103 [it

2197 1142 2266 1195 ad
2309 1139 2528 1193 salutem
2573 1136 2746 1208 (Rom.
2795 1152 2861 1203 κ,
2895 1134 3009 1199 10),
3047 1133 3182 1188 etin
3214 1131 3304 1186 illo
3350 1131 3597 1195 latrone,
3644 1140 3700 1182 et
3737 1130 3792 1183 in

2198 1231 2528 1303 martyribus
2584 1230 2788 1285 sanctis
2837 1229 3166 1283 declaratur.
3217 1224 3324 1279 Sed
3361 1232 3490 1278 tunc
3531 1222 3797 1294 impletur

2199 1325 2560 1381 invisibiliter.
2597 1338 2718 1376 cum
2746 1321 2975 1376 visibilia
3005 1317 3252 1388 baptismi
3291 1315 3548 1387 mysteria
3581 1317 3796 1370 articuo

2197 1417 2280 1470 lus
2323 1415 2659 1471 necessitatis
2698 1413 2917 1467 minime
2966 1411 3081 1465 ﬁeri
3135 1408 3430 1478 permittit,
3495 1424 3606 1461 non
3659 1409 3793 1463 reli-

2197 1509 2372 1580 giouis
2421 1514 2780 1573 contemptus.
2833 1503 2966 1556 Nam
3016 1511 3298 1572 postquam
3348 1499 3516 1554 semel
3573 1497 3790 1556 Veritas

2196 1600 2506 1668 praedictum
2553 1596 2802 1667 baptismi
2848 1595 2975 1648 fecit
3019 1595 3284 1656 edictum,
3330 1593 3574 1646 clamans
3611 1601 3670 1646 et
3708 1594 3791 1646 di-

2197 1707 2361 1747 cens:
2390 1688 2508 1744 Nisi
2531 1691 2647 1759 quis
2687 1698 2898 1742 renatus
2934 1686 3090 1755 fuerit
3113 1701 3176 1738 ex
3196 1699 3331 1752 aqua
3358 1691 3404 1735 et
3437 1680 3648 1750 Spiritu
3665 1700 3788 1736 san-

2198 1795 2300 1849 cto,
2331 1800 2434 1837 non
2461 1781 2670 1834 intrabit
2702 1780 2754 1834 iu
2786 1795 3001 1848 regnum
3031 1775 3307 1838 caelorum,
3340 1773 3384 1828 si
3413 1773 3574 1839 latro,
3606 1775 3698 1827 cui
3733 1775 3786 1827 in

2197 1892 2357 1933 cruce
2391 1876 2460 1930 ab
2504 1875 2615 1942 ipsa
2658 1872 2894 1926 Veritate
2947 1870 3148 1924 dictum
3188 1877 3274 1922 est
3311 1884 3325 1920 :
3368 1865 3542 1920 Hodie
3581 1882 3792 1918 meum

2196 1971 2299 2025 eris
2327 1971 2381 2023 in
2421 1967 2668 2038 paradiso
2707 1963 2858 2031 (Luc.
2894 1979 3050 2027 χχιιι,
3080 1962 3193 2032 45),
3234 1960 3318 2014 vel
3365 1959 3596 2031 quilibet
3636 1974 3784 2012 mar-

2199 2071 2375 2134 tyrum
2396 2099 2410 2124 ,
2444 2055 2726 2112 visibiliter
2751 2053 3077 2124 baptismum
3106 2051 3406 2122 potuissent
3452 2051 3695 2114 habere,
3733 2056 3790 2104 et

2197 2150 2672 2220 contempsissent,
2706 2146 2978 2200 incassum
3007 2153 3060 2197 et
3090 2143 3229 2196 latro
3257 2141 3544 2196 Dominum
3590 2155 3778 2211 cogas-

2197 2253 2313 2310 set,
2363 2241 2516 2308 cujus
2553 2237 2847 2308 sprevisset
2883 2235 3227 2296 mandatum,
3271 2243 3326 2287 et
3371 2242 3581 2304 martyr
3621 2231 3787 2288 susti-

2195 2340 2402 2395 nuisset
2433 2335 2548 2389 sine
2576 2337 2804 2390 utilitate
2838 2329 2996 2402 331
3032 2327 3371 2399 martyrium.
3413 2326 3561 2389 Hoc,
3611 2338 3672 2378 ut
3702 2325 3786 2378 di-

2197 2443 2342 2488 ctum
2375 2441 2492 2495 est,
2533 2430 2734 2485 habent
2759 2425 2884 2480 boni
2920 2431 2974 2476 et
3021 2419 3175 2483 mali,
3227 2419 3370 2488 quod
3401 2433 3494 2473 eos
3537 2419 3790 2487 sequitur

2196 2521 2405 2594 paterni
2442 2533 2599 2590 pinna
2649 2514 2882 2588 peccati.
2931 2511 3097 2566 Pinna
3152 2509 3358 2579 peccati
3408 2517 3492 2562 est
3543 2509 3790 2566 esurire.

2199 2618 2386 2681 sitire,
2418 2613 2633 2668 labores
2669 2619 2722 2665 et
2746 2606 2958 2663 dolores
2987 2601 3221 2674 perpeti,
3260 2599 3541 2655 informari
3573 2611 3627 2654 et
3653 2601 3787 2653 mori

2198 2707 2252 2762 in
2285 2720 2537 2776 corpore,
2567 2712 2730 2771 atque
2765 2700 3008 2752 diversas
3033 2694 3084 2747 in
3112 2695 3312 2746 annulo
3349 2693 3602 2747 miserias
3625 2707 3794 2760 expc-

2200 2800 2318 2855 riri.
2365 2798 2491 2852 llzec
2527 2795 2706 2850 omnia
2737 2809 2801 2847 ex
2835 2789 2994 2861 primi
3044 2787 3286 2860 parentis
3327 2794 3552 2855 peccato
3599 2799 3786 2855 prore-

2197 2895 2388 2957 niunt,
2419 2906 2539 2962 qua;
2569 2899 2746 2943 tamen
2786 2886 2902 2940 sine
2929 2892 3153 2953 peccato
3196 2878 3382 2936 haberi
3407 2887 3654 2948 possunt.
3685 2875 3787 2931 Sed

2199 2986 2396 3041 mirum
2432 2981 2676 3043 videtur;
2717 2993 2838 3032 cum
2875 2993 2903 3030 a
2941 2977 3049 3030 Deo
3088 2971 3243 3027 nobis
3273 2977 3554 3040 peccatum
3597 2966 3784 3022 dimis-

2198 3091 2318 3132 sum
2344 3073 2537 3130 fuerit.
2582 3067 2723 3138 quod
2767 3067 2941 3120 adhuc
2977 3064 3182 3134 peccati
3234 3061 3376 3115 illius
3416 3059 3530 3129 jam
3567 3058 3778 3114 dimissi

515 3169 666 3213 zatos
709 3160 872 3214 fuisse
894 3175 997 3214 non
1024 3161 1352 3228 dubitamus,
1380 3180 1502 3219 cum
1539 3165 1713 3237 ipsum
1751 3169 2086 3226 Salvatorem
2116 3185 2159 3247 (ς
2193 3184 2350 3244 poena
2378 3180 2476 3220 nos
2507 3160 2771 3231 se‘l'ﬁmr'
2809 3155 2992 3211 Ν⁰¹¹¹¹θ
3019 3156 3160 3211 De“
3189 3155 3260 3208 im
3300 3151 3454 3247 vobis
3494 3150 3784 3247 induis?”

514 3248 799 3305 credamus
838 3248 1004 3306 fuisse
1029 3253 1380 3322 baptizatum.
1416 3254 1571 3312 Prius
1597 3261 1813 3328 quidem
1843 3261 2094 3318 Salvator

515 3349 699 3394 noster
721 3341 978 3412 baptizari
1007 3345 1196 3409 voluit,
1220 3363 1283 3402 ac
1303 3357 1489 3418 postea
1520 3349 1654 3404 dixit
1677 3369 1691 3408 :
1719 3351 1840 3408 Nisi
1865 3355 1980 3424 quis
2009 3371 2093 3409 rc-

516 3443 670 3486 uatus
701 3434 860 3502 fuerit
887 3452 952 3489 ex
982 3454 1121 3508 aqua
1148 3450 1194 3492 et
1229 3439 1430 3506 Spiritu
1469 3452 1682 3506 sancto,
1732 3461 1836 3499 non
1881 3446 2094 3500 intrabit

519 3526 574 3579 in
625 3543 836 3592 regnum
883 3531 1128 3586 caelorum
1180 3535 1361 3596 (Joan.
1423 3553 1511 3599 ιιι,
1555 3537 1630 3607 ³5).
1665 3536 1826 3591 Istam
1867 3535 2093 3593 formam

515 3617 766 3686 baptismi
807 3622 973 3677 verbo
1013 3634 1067 3677 et
1096 3624 1344 3692 exemplo
1373 3626 1666 3696 discipulos
1713 3627 1896 3682 docuit
1935 3643 2091 3694 suos,

515 3725 678 3777 quam
710 3726 832 3766 cum
864 3715 1218 3784 praedicarent
1260 3717 1410 3780 aliis,
1453 3719 1590 3773 hanc
1626 3718 1774 3788 prius
1814 3719 2096 3776 observas-

513 3809 636 3854 sent
663 3801 715 3855 in
747 3805 1070 3875 semetipsis.
1102 3805 1285 3877 Neque
1305 3809 1629 3865 conveniens
1651 3819 1814 3873 esset,
1843 3820 1900 3865 et
1922 3812 2098 3868 minus

515 3891 862 3958 prodessent,
907 3894 950 3950 si
1003 3897 1258 3952 docerent
1293 3900 1427 3954 alios
1464 3898 1848 3970 baptizandos,
1899 3911 1954 3957 et
1996 3903 2096 3972 ipsi

513 3981 768 4051 haptizati
799 4001 902 4040 non
929 3997 1130 4042 essent.
1164 3989 1227 4044 Et
1255 3990 1373 4044 ideo
1393 3999 1448 4045 et
1473 4006 1566 4044 eos
1606 3992 1904 4061 baptizatos
1933 3991 2098 4049 fuisse

512 4071 808 4138 credimus,
840 4085 893 4132 et
923 4079 1064 4145 quod
1089 4079 1227 4134 alter
1254 4080 1323 4134 ab
1345 4080 1516 4135 altero
1539 4081 1746 4135 exstitit
1771 4081 2095 4150 baptizatus,

511 4175 634 4216 cum
665 4161 760 4232 ipsi
792 4164 890 4220 soli
923 4177 1050 4222 tunc
1075 4169 1410 4239 accepissent
1441 4187 1469 4225 a
1508 4171 1738 4226 Domino
1779 4181 2096 4242 potestatem

510 4257 841 4328 baptizandi.
869 4261 1024 4320 Nulla
1053 4268 1263 4322 ratione
1296 4270 1568 4324 inuuutari
1611 4273 1784 4341 potuit
1823 4271 1967 4342 quod
1995 4268 2100 4324 Ve-

512 4347 649 4404 ritas
675 4350 851 4407 dixit:
886 4353 1008 4410 Nisi
1040 4359 1156 4426 quis
1199 4371 1409 4415 renatus
1441 4361 1597 4428 [πενία
1625 4379 1689 4415 ea:
1727 4379 1865 4428 aqua
1905 4371 1951 4416 et
1980 4359 2100 4430 Spi-

510 4436 618 4489 ritu
657 4450 866 4504 saucto,
908 4459 1120 4512 regnum
1162 4447 1409 4501 caelorum
1447 4466 1549 4502 non
1580 4451 1804 4505 habebit.
1852 4451 1907 4506 In
1952 4452 2100 4505 nullo

511 4531 774 4599 majorem
820 4535 1197 4588 auctoritatem
1247 4537 1328 4588 vel
1373 4538 1647 4592 meliorem
1678 4552 1951 4594 auctorem
2001 4542 2097 4596 ha-
2127 4556 2174 4615 ι)
2203 4543 2275 4596 tio
2312 4539 2645 4610 reprimenda
2689 4555 2702 4590 :

511 4620 641 4676 bere
678 4639 963 4692 possumus
1001 4641 1162 4694 quam
1199 4626 1367 4695 ipsam
1412 4629 1724 4684 Veritatem.
1758 4631 1912 4687 Unde
1954 4648 2095 4688 verte

512 4710 636 4767 ﬁdei
670 4714 1063 4784 propositione,
1102 4715 1209 4770 imo
1249 4717 1417 4785 ipsius
1453 4719 1697 4774 veritatis
1726 4737 1857 4776 voce
1899 4723 2095 4792 proba-

513 4817 634 4856 mus
658 4805 800 4872 quod
835 4820 990 4857 nemo
1015 4806 1193 4861 saltus
1221 4807 1334 4862 fieri
1359 4810 1572 4877 poterit,
1604 4810 1685 4866 vel
1709 4811 1874 4883 360
1896 4822 2092 4883 potest,

513 4894 604 4958 qui
632 4910 738 4950 non
782 4899 943 4953 fuerit
987 4901 1309 4972 baptizatus.
1362 4901 1467 4956 Sed
1514 4904 1636 4968 alii,
1682 4905 1771 4959 ubi
1803 4905 2094 4961 visibiliter

512 4983 763 5052 baptismi
790 4994 1041 5060 mysteria
1063 4993 1422 5060 celebrantur,
1450 4995 1774 5064 baptismum
1798 4997 2091 5068 accipiunt.

512 5076 618 5130 Alii
642 5093 790 5142 vero,
814 5082 952 5138 sicut
975 5088 1319 5158 evangelicus
1347 5089 1485 5143 latro
1519 5100 1572 5142 et
1604 5102 1866 5162 martyres
1894 5093 2090 5158 sancti,

514 5169 640 5224 licet
669 5171 953 5230 visibiliter
978 5181 1232 5248 mysteria
1268 5181 1519 5252 baptismi
1547 5182 1688 5237 circa
1711 5198 1806 5237 eos
1835 5199 1938 5238 non
1975 5183 2092 5238 fue-

512 5263 622 5318 rint
661 5263 964 5332 celebrata,
1008 5269 1332 5339 baptismum
1378 5282 1553 5328 tamen
1601 5274 1702 5330 fide
1742 5286 1794 5330 et
1824 5277 2094 5331 voluntate

510 5368 886 5427 perceperunt.
912 5358 1066 5426 Nam,
1096 5363 1233 5417 sicut
1264 5366 1531 5420 veraciter
1556 5367 1821 5436 legimus:
1853 5369 2092 5434 Quicun-

511 5466 610 5517 que
645 5449 901 5521 Spiritum
934 5455 1030 5510 Dei
1053 5458 1282 5523 «habent,
1323 5461 1587 5525 accipiunt
1625 5471 1672 5514 et
1711 5464 1936 5532 gratiam
1976 5462 2092 5532 ejus

511 5539 692 5609 (Rom.
736 5560 852 5611 vtu,
899 5547 1008 5620 M).
1049 5548 1362 5621 Accepisset
1396 5551 1578 5621 utique
1621 5552 1758 5606 latro
1796 5552 1882 5606 ille
1912 5553 2094 5607 visibi-

511 5627 639 5684 liter
666 5634 1024 5705 baptismum,
1073 5640 1115 5694 si
1168 5640 1464 5711 potuisset,
1505 5641 1628 5710 quia
1665 5642 1913 5710 passione
1957 5658 2050 5696 sua
2076 5684 2088 5703 ,

511 5719 599 5774 vel
625 5725 863 5792 quolibet
886 5726 1027 5783 bono
1051 5745 1237 5800 opere,
1267 5731 1410 5800 quod
1441 5741 1565 5785 ante
1594 5731 1826 5797 fecisset,
1857 5734 2093 5789 salvatus

514 5829 623 5872 non
659 5827 772 5886 est,
813 5821 905 5876 sed
947 5821 1048 5878 [ide
1076 5821 1276 5877 Christi
1309 5832 1361 5877 et
1392 5821 1758 5892 confessione;
1809 5841 1911 5881 non
1949 5827 2090 5882 enim

2195 3243 2479 3335 peccatum
2524 3251 2729 3323 potuit,
2779 3249 2922 3319 quod
2979 3263 3076 3302 nos
3120 3243 3324 3315 peccati
3376 3255 3535 3311 poena
3568 3243 3788 3296 niinime

2195 3333 2540 3424 sequeretur?
2567 3344 2746 3399 Potuit
2775 3342 2967 3412 plane;
3001 3339 3094 3393 sed
3125 3336 3314 3391 noluit.
3333 3333 3609 3388 Potuisset
3628 3335 3788 3388 etiam

2203 3445 2258 3502 in
2311 3437 2588 3513 paradiso,
2618 3433 2758 3505 quod
2803 3448 2902 3487 nec
2931 3429 3175 3485 diabolus
3203 3428 3486 3498 instigaret
3519 3427 3792 3481 hominem

2195 3535 2264 3591 ad
2300 3529 2659 3605 peccandum,
2693 3541 2792 3580 nec
2821 3524 2982 3578 honto
3015 3531 3285 3592 peccaret.
3328 3521 3434 3578 Sed
3467 3521 3512 3576 si
3552 3529 3778 3588 potesta-

2196 3637 2303 3684 tem
2336 3625 2417 3680 sui
2463 3637 2566 3677 non
2595 3619 2832 3674 dedisset
2874 3616 3100 3679 homini,
3136 3625 3192 3670 et
3214 3615 3334 3671 ideo
3363 3630 3472 3670 non
3504 3624 3785 3684 peccaret,

2197 3721 2323 3791 quia
2375 3731 2602 3789 peccare
2659 3729 2764 3768 non
2819 3719 3036 3780 posset,
3086 3708 3361 3764 necunde
3404 3706 3724 3762 laudaretur
3757 3723 3787 3758 ι

2197 3811 2329 3876 Deo,
2365 3825 2465 3864 nec
2491 3807 2630 3861 unde
2660 3809 3117 3862 remuneraretur,
3149 3800 3394 3855 haberet.
3430 3798 3675 3854 Laudem
3707 3800 3784 3854 sui

2196 3900 2502 3962 Creatoris,
2535 3905 2589 3951 et
2620 3909 2868 3965 magnam
2905 3893 3020 3961 ejus
3051 3891 3550 3945 remunerationem
3581 3891 3788 3960 primus

2197 3993 2359 4048 homo
2393 4004 2606 4058 semper
2637 3985 2836 4039 habere
2867 3984 3152 4054 potuisset.
3187 3982 3232 4036 si
3265 3996 3370 4035 non
3401 3982 3662 4051 superbia
3709 3992 3788 4036 tu-

2198 4082 2403 4144 midns,
2447 4089 2502 4133 et
2529 4077 2761 4148 pr0pri:e
2797 4076 2981 4128 uxoris
3008 4073 3175 4126 nimio
3203 4087 3388 4126 amore
3417 4081 3709 4142 corruptus
3731 4085 3794 4128 se

2199 4181 2386 4226 contra
2438 4167 2753 4222 Creatorem
2791 4165 3071 4221 erexisset.
3113 4162 3228 4217 Non
3256 4203 3270 4225 ,
3313 4169 3371 4214 ut
3417 4177 3556 4232 pene
3599 4179 3792 4218 omnes

2201 4263 2510 4332 loquuntur,
2540 4261 2773 4328 primum
2803 4259 2931 4312 Adze
2962 4267 3242 4326 peceatum
3271 4255 3392 4318 fuit,
3432 4256 3576 4325 quod
3608 4272 3790 4311 rome-

2200 4356 2278 4410 dit
2307 4355 2550 4408 vetitum.
2581 4352 2698 4407 1am
2736 4350 2880 4404 enim
2919 4350 2984 4402 de
3015 4349 3386 4418 magnitudine
3420 4351 3706 4416 praesentis
3735 4359 3790 4404 et

2202 4449 2398 4503 futurae
2426 4445 2774 4502 beatitudinis
2800 4453 3150 4512 prtecesscrat
3178 4441 3228 4493 in
3265 4442 3380 4510 ipso
3402 4441 3650 4508 quadam
3678 4441 3790 4496 ela-

2752 4537 2892 4589 unde
2932 4535 3080 4604 justo
3121 4533 3211 4587 Dei
3251 4531 3457 4601 judicio
3487 4535 3790 4602 permissus

2195 4645 2279 4688 est
2303 4649 2330 4685 a
2362 4630 2576 4684 diabolo
2613 4628 2839 4690 tentari,
2871 4636 2927 4681 et
2967 4626 3319 4680 succumbere
3365 4627 3648 4679 tentatori.
3685 4624 3788 4679 Es-

2198 4725 2403 4780 tollenti
2441 4725 2624 4792 utique
2659 4735 2717 4776 se
2745 4720 2958 4781 anintze,
2987 4727 3040 4772 et
3068 4718 3292 4772 nimium
3334 4717 3402 4770 de
3437 4719 3656 4786 propria
3684 4718 3789 4770 vir-

2199 4828 2308 4874 tute
2335 4816 2673 4888 prresumenti
2693 4856 2706 4878 ,
2748 4814 3115 4883 experimento
3147 4828 3318 4882 pastae
3350 4812 3530 4868 fuerat
3560 4813 3786 4867 demono

2197 4911 2504 4974 strandnm,
2547 4922 2706 4978 quam
2736 4921 2840 4960 non
2876 4907 3010 4958 bene
3036 4919 3095 4958 se
3124 4904 3320 4960 habeat
3367 4903 3506 4958 facta
3553 4915 3744 4957 natura
3766 4946 3784 4967 ,

2196 5003 2240 5057 si
2269 5018 2298 5056 a
2329 5001 2469 5055 bono
2495 4999 2696 5054 factore
2723 4997 3030 5052 recesserit.
3058 4996 3219 5068 362
3253 4997 3448 5055 Eodem
3472 4997 3656 5070 gladio
3679 5013 3788 5066 quo

2196 5093 2416 5164 angelus
2465 5107 2692 5160 nequam
2733 5091 2967 5160 seipsnm
3013 5080 3248 5159 peremit
3288 5092 3340 5146 in
3390 5092 3549 5154 caelo,
3593 5089 3786 5144 eodem

2196 5185 2370 5256 gladio
2401 5183 2670 5237 hominem
2700 5182 2752 5234 in
2783 5182 3036 5250 parudisn
3059 5182 3278 5236 occidit.
3311 5181 3427 5236 Non
3453 5182 3598 5236 enim
3629 5195 3693 5234 ex
3717 5195 3790 5234 eo

2200 5285 2404 5330 tantum
2433 5273 2653 5340 angelus
2677 5272 2762 5326 ille
2791 5273 3066 5336 intumuit,
3101 5274 3242 5343 quod
3265 5272 3375 5340 jam
3403 5291 3431 5327 a
3466 5275 3574 5328 Deo
3596 5289 3784 5328 susce-

2195 5375 2383 5437 perat,
2431 5375 2692 5436 quantum
2733 5381 2799 5418 ex
2826 5381 2892 5419 eo
2916 5367 3058 5434 quod
3091 5366 3157 5419 ab
3185 5367 3275 5422 illo
3321 5369 3624 5437 acciperet,
3654 5367 3702 5421 si
3729 5367 3781 5422 ei

2195 5458 2476 5513 humiliter
2501 5457 2656 5512 subdi
2689 5456 2962 5512 voluisset.
2990 5456 3046 5512 Si
3079 5458 3240 5526 igitur
3267 5459 3320 5512 in
3353 5459 3458 5513 illis
3481 5459 3614 5514 locis
3643 5459 3781 5514 bea-

2197 5549 2438 5604 titudinis
2462 5591 2475 5609 ,
2509 5549 2614 5602 imo
2645 5549 2696 5602 in
2737 5548 2868 5618 ipsis
2893 5550 3178 5610 creaturis,
3222 5550 3275 5603 in
3316 5550 3511 5620 quibus
3537 5564 3781 5620 praeces-

2195 5650 2341 5698 serat
2371 5641 2608 5712 dignitas
2643 5640 2990 5712 pmlulionis,
3021 5651 3234 5711 reperta
3276 5652 3361 5697 est
3397 5643 3639 5711 pravitas
3665 5641 3780 5695 ela-

2196 5734 2380 5798 tionis,
2408 5735 2535 5805 quid
2565 5734 2634 5790 de
2660 5735 2814 5790 nobis
2857 5733 3097 5788 futurum
3136 5744 3305 5797 esset,
3341 5733 3421 5789 vel
3458 5734 3584 5804 quid
3622 5734 3781 5788 nobis

2198 5833 2426 5884 restaret
2454 5825 2742 5896 agendum,
2771 5826 2814 5882 si
2850 5826 2900 5881 in
2931 5826 3030 5882 hoc
3064 5826 3258 5882 saeculo
3286 5827 3532 5896 proximo
3565 5826 3776 5892 inferis,
