4034 6364
293 352 401 407 257
1727 349 2113 406 ΒΕΒΜΟΝΞΞ.
3441 357 3547 414 εεεδ

288 465 352 522 ρι’
373 467 549 522 vicino
571 466 826 536 peccatis,
858 479 1133 534 nunquam
1163 478 1340 526 senes,
1369 463 1463 516 sed
1491 477 1710 532 semper
1735 463 1874 528 sani,
1905 473 1950 528 Α
1979 463 2229 517 omnibus
2275 463 2554 532 aliquanto
2598 465 2854 536 temporis
2892 466 3071 537 spatio
3110 467 3402 534 videretur,
3458 488 3563 538 quo

288 574 510 629 semper
529 560 754 630 juvenes
778 572 1040 623 essemus,
1069 566 1123 611 et
1146 556 1480 612 immortales
1499 555 1701 610 effecti?
1721 555 1880 611 Certe

288 650 496 705 nullam
530 649 689 703 aiiam
717 663 1087 720 quaereremus
1117 649 1529 710 beatitudinem,
1571 662 1672 700 nec
1703 646 1876 716 ipsum

287 739 458 795 etiam
489 753 901 810 agnosceremus
927 737 1278 801 Creatorem,
1310 737 1402 790 sed
1432 737 1559 792 elati
1589 750 1802 803 semper
1825 745 1878 790 et

289 834 530 902 superbi,
557 841 610 886 et
634 830 908 888 Creatoris
931 830 1137 901 gratiae,
1167 840 1224 884 et
1255 829 1634 900 Redemptoris
1666 832 1878 886 miseri-

299 925 505 980 cordiae.
529 939 771 979 essemus
793 923 1009 992 ingrati.
1049 923 1180 978 Nam
1204 922 1329 978 licet
1356 938 1511 993 ptena
1539 925 1741 995 peccati
1783 941 1879 980 nos

294 1024 577 1087 sequatur,
613 1015 685 1068 ita
718 1012 887 1067 inﬂati
916 1029 1101 1067 smnus
1135 1023 1190 1067 et
1233 1015 1469 1084 superbi,
1515 1016 1654 1083 quod
1692 1030 1881 1086 snper-

287 1107 378 1162 bia
410 1116 591 1160 nostra
621 1113 846 1158 mortem
875 1104 1070 1158 animae
1103 1113 1298 1158 nostrae
1328 1105 1597 1173 quoridie,
1653 1104 1761 1158 imo
1791 1120 1876 1169 as-

287 1199 444 1253 sidue
468 1205 741 1266 operatur.
794 1195 984 1250 Divina
1025 1205 1201 1248 tamen
1234 1196 1512 1250 miseratio
1543 1198 1747 1254 idcirco
1779 1213 1878 1253 nos

287 1303 452 1360 pcena
479 1288 682 1358 peccati
714 1287 972 1357 ﬂagellari
1006 1287 1171 1342 voluit
1193 1297 1248 1342 et
1279 1287 1556 1358 castigari,
1586 1299 1644 1345 ut
1682 1291 1767 1346 vel
1795 1291 1876 1347 sic

288 1397 648 1453 agnoscamus
674 1381 860 1451 quales
895 1396 992 1450 per
1020 1395 1147 1447 nos,
1197 1389 1252 1435 et
1296 1381 1483 1450 quales
1524 1399 1554 1436 a
1597 1382 1706 1439 Deo
1742 1383 1872 1438 facti

288 1489 504 1534 sumus,
544 1481 599 1528 et
625 1472 918 1527 habeamus
961 1471 1106 1535 odio,
1154 1471 1342 1540 quales
1372 1487 1470 1528 nos
1510 1472 1768 1539 fecimus,
1819 1483 1875 1529 et

292 1567 465 1634 ipsum
495 1573 621 1617 ante
643 1564 824 1618 omnia
861 1571 915 1617 et
943 1577 1108 1632 super
1135 1563 1316 1618 omnia
1347 1565 1651 1636 diligamus,
1689 1576 1744 1622 et
1775 1584 1872 1624 nos

287 1656 477 1726 quales
506 1655 660 1722 l‘ecit,
691 1665 746 1710 et
784 1655 833 1710 ei
867 1655 1069 1725 gratias
1092 1670 1345 1726 agamus,
1375 1658 1465 1727 qui
1509 1659 1716 1728 peccati
1759 1675 1872 1729 pte-

289 1763 450 1812 nam,
493 1756 833 1818 peccatorum
875 1746 1030 1802 nobis
1075 1746 1296 1802 exhibet
1337 1748 1682 1804 medicinam.
1715 1750 1868 1818 Quod

284 1841 376 1896 die
405 1817 560 1896 tertia
601 1854 976 1910 resurgamus,
1005 1838 1200 1894 asserit
1228 1840 1488 1909 propheta
1516 1840 1608 1896 Dei
1639 1817 1824 1899 dicens
1853 1861 1866 1898 :
1905 1817 1946 1875 Β

294 1929 592 1999 Viriﬁcabit
619 1947 710 1984 nos
735 1928 995 1984 Dominus
1027 1939 1139 1999 post
1167 1930 1300 1984 duo:
1329 1933 1464 1996 dies,
1493 1943 1538 1986 et
1573 1933 1627 1986 in
1656 1934 1744 1988 die
1769 1944 1874 1988 ter-

284 2023 360 2074 tia
404 2021 671 2076 euscilabit
711 2037 803 2074 nos
833 2018 976 2091 (Ose.
1018 2036 1092 2084 vt,
1127 2022 1205 2090 5).
1259 2021 1382 2077 Hmc
1417 2023 1536 2078 dies
1574 2025 1742 2094 prima
1772 2025 1872 2080 fuit

287 2113 358 2166 ah
390 2112 564 2165 Adam
595 2125 764 2181 usque
784 2114 851 2165 ad
885 2110 1014 2166 Noe.
1048 2113 1092 2165 A
1118 2110 1227 2166 Noe
1255 2122 1334 2166 est
1364 2113 1480 2167 dies
1509 2116 1742 2170 secunda
1784 2133 1873 2170 us-

287 2217 398 2272 que
429 2199 494 2254 ad
531 2200 690 2254 linem
726 2202 929 2256 steculi.
959 2201 1138 2255 Tertia
1173 2201 1334 2274 363
1374 2203 1490 2259 dies
1530 2205 1635 2259 erit
1679 2219 1874 2261 secun-

289 2293 394 2348 dus
413 2294 676 2348 adventus
704 2293 926 2349 Christi.
961 2293 1018 2348 In
1046 2294 1131 2348 illa
1171 2296 1324 2350 tertia
1355 2295 1444 2351 die
1481 2297 1873 2366 ontnipoteutia

286 2384 589 2440 divinitatis
626 2399 736 2438 suae
778 2399 1008 2454 corpora
1046 2395 1229 2440 nostra
1265 2385 1515 2441 Christus
1555 2389 1868 2453 suscitabit,

285 2476 382 2548 qui
427 2475 618 2531 mortis
655 2491 766 2530 sum
801 2476 866 2530 de
907 2475 1064 2528 tertia
1096 2477 1332 2546 seipsum
1383 2477 1688 2534 suscitavit.
1717 2479 1871 2548 Quod

286 2568 420 2624 dicit
445 2568 704 2639 propheta
735 2585 748 2620 :
791 2565 1083 2634 Viui/icabit
1113 2582 1207 2620 nos
1235 2577 1348 2634 post
1375 2569 1508 2622 duas
1533 2569 1675 2636 dies,
1724 2571 1870 2625 scilio

286 2670 380 2717 cet
404 2661 493 2716 die
519 2660 710 2725 tertia,
757 2667 812 2715 et
846 2660 958 2729 ipsa
987 2659 1175 2714 eadem
1204 2660 1290 2715 die
1322 2677 1415 2714 nos
1441 2662 1742 2729 suscitabit,
1779 2679 1870 2718 or-

286 2756 469 2808 dinem
502 2761 698 2808 nostra:
734 2751 1153 2806 resurrectionis
1177 2752 1432 2806 ostendit.
1459 2752 1537 2808 Eo
1568 2753 1754 2823 utique
1778 2770 1868 2810 or-

284 2843 413 2897 dine
441 2855 784 2912 resurgenms
829 2855 935 2910 quo
979 2839 1229 2895 Christus
1257 2840 1586 2905 resurrexit,
1635 2851 1865 2912 excepto

281 2933 430 3000 quod
455 2946 557 2985 non
583 2929 967 2985 suscitabimus
1012 2945 1139 2995 nos,
1191 2940 1249 2985 ut
1281 2930 1396 3000 ipse
1427 2932 1664 3000 seipsum
1696 2934 1866 2989 susci-

285 3023 444 3078 tavit.
469 3021 574 3077 Sed
595 3023 738 3078 sicut
760 3022 938 3076 anima
964 3021 1198 3088 Christi,
1224 3021 1390 3076 semel
1417 3023 1484 3075 ab
1508 3039 1573 3077 eo
1593 3034 1862 3095 suscepta,

277 3129 385 3170 nec
419 3114 674 3184 deinceps
701 3123 949 3184 separata
976 3113 1044 3167 ab
1078 3113 1226 3182 ipso,
1275 3111 1360 3166 die
1401 3115 1557 3167 tertia
1589 3114 1748 3176 rediit
1793 3115 1861 3170 ad

277 3208 620 3278 sepulcrum,
667 3216 722 3262 et
742 3207 814 3261 ibi
848 3221 1048 3276 corpus
1077 3221 1232 3260 suum
1261 3206 1572 3272 viviﬁcavit,
1607 3218 1661 3263 et
1696 3209 1768 3263 ita
1797 3209 1862 3264 de

279 3299 531 3369 sepulcro
569 3298 820 3354 Christus
846 3297 1127 3353 suscitavit
1156 3298 1428 3369 seipsum,
1475 3300 1548 3354 ita
1578 3310 1633 3354 et
1667 3301 1862 3356 anima:

280 3402 486 3447 nostra:
511 3390 601 3445 die
628 3391 810 3456 tertia,
842 3389 950 3445 Deo
985 3390 1361 3460 praecipiente,
1400 3391 1718 3460 corporibus
1750 3393 1862 3446 suis

275 3483 630 3538 sociabuntur
658 3481 711 3534 in
739 3481 1019 3552 sepulcris,
1057 3489 1112 3536 et
1147 3482 1219 3536 ita
1250 3483 1542 3548 viviticata,
1580 3486 1761 3538 statim
1794 3485 1860 3540 de

275 3575 540 3644 sepulcris
568 3573 996 3628 suscitabunlur.
1023 3571 1183 3627 Prius
1205 3573 1348 3627 enim
1374 3588 1403 3626 a
1433 3573 1540 3627 Deo
1566 3574 1857 3639 vivilicata,

275 3669 331 3722 id
363 3677 483 3732 est,
520 3667 752 3720 animata
780 3677 940 3721 erunt
983 3681 1245 3734 corpora,
1297 3681 1458 3734 quam
1501 3667 1854 3722 suscitentur.

275 3761 454 3827 Quod,
485 3757 726 3829 inquam,
763 3758 1014 3812 triduano
1042 3765 1255 3810 tnortuo
1279 3771 1308 3809 a
1345 3756 1569 3810 Domino
1597 3757 1857 3812 suscitato

273 3859 470 3920 aperte
514 3858 874 3913 monstratur,
924 3848 1015 3917 qui
1059 3855 1186 3901 ante
1232 3855 1477 3901 mortuus
1503 3855 1646 3910 erat,
1695 3863 1855 3917 qualn

275 3942 408 3996 illuc
442 3939 702 3994 Dominus
756 3939 965 3992 veniret
1012 3947 1069 3992 et
1115 3937 1262 3992 illum
1311 3945 1524 3990 vocaret
1554 3938 1620 3991 de
1663 3953 1854 3991 monu-

274 4040 497 4096 mento,
523 4030 614 4085 sed
646 4044 769 4084 mox
801 4039 858 4083 ut
889 4028 1040 4082 illum
1084 4028 1315 4091 vocavit,
1344 4025 1434 4094 qui
1467 4035 1713 4080 mortuus
1741 4025 1855 4082 lue-

275 4130 386 4188 rat,
416 4121 484 4176 de
520 4120 771 4190 sepulcro
802 4119 956 4174 vivus
987 4118 1176 4173 exivit.
1205 4116 1320 4171 Non
1347 4116 1488 4171 enim
1512 4117 1559 4170 ei
1588 4116 1723 4170 dixit
1751 4117 1854 4174 Do-

230 4211 232 4213 ’
273 4214 458 4268 minus
484 4230 498 4266 :
527 4211 768 4277 Mortue,
793 4211 884 4266 sed
915 4228 928 4264 :
969 4209 1203 4273 Lazare,
1243 4209 1357 4264 veni
1382 4207 1528 4278 [oras
1555 4207 1736 4278 (loan.
1765 4224 1850 4274 xt,

270 4306 388 4377 45).
422 4304 576 4362 Unde
603 4307 944 4360 manifestum
968 4313 1080 4367 est,
1106 4302 1247 4372 quod
1283 4303 1337 4356 itt
1375 4311 1722 4357 monumento
1738 4301 1847 4372 jam

271 4400 614 4455 animaverat
655 4413 814 4468 quem
861 4397 1129 4452 viventem
1170 4395 1416 4450 vocabat.
1454 4393 1567 4450 lina
1601 4410 1703 4450 vox
1749 4397 1850 4450 Do-

1985 555 2036 608 in
2071 553 2218 607 illum
2251 558 2474 610 credere
2503 567 2726 624 possent
2783 566 2836 612 et
2883 559 3248 626 salvarcntur;
3301 561 3393 630 qui
3430 577 3562 618 vero

1981 643 2204 700 credere
2234 647 2472 713 nollent,
2512 647 2580 704 de
2615 661 2838 718 peccato
2866 666 2963 705 suo
3006 651 3200 704 nullam
3249 655 3558 708 excusatio-

1981 753 2103 792 nem
2168 737 2432 794 haberent
2493 749 2548 797 et
2635 744 3042 798 damnarentur.
3099 745 3262 800 Multa
3313 747 3560 802 Salvator

1980 838 2164 882 noster
2199 829 2251 882 in
2294 830 2395 884 hoc
2433 830 2632 886 umndo
2659 842 2914 902 Operatus
2943 843 3023 888 est
3047 874 3064 898 ,
3109 833 3250 888 unde
3279 851 3467 891 onmes
3506 838 3560 891 in

1979 935 2100 975 eum
2128 922 2426 992 potuissent
2462 924 2685 978 crezlere
2717 924 2762 978 si
2791 924 3116 991 voluissent;
3164 927 3257 981 sed
3293 928 3394 982 tria
3440 944 3559 997 spe-

1982 1011 2195 1068 cialiter
2221 1023 2273 1066 et
2305 1011 2674 1082 principaliter
2699 1013 2833 1084 egit,
2864 1030 2984 1083 qua:
3016 1031 3174 1069 nemo
3200 1016 3336 1070 alius
3366 1017 3555 1083 faciet,

1977 1102 2064 1155 vel
2091 1102 2236 1156 fecit.
2268 1102 2444 1158 Untun
2469 1103 2734 1169 videlicet,
2767 1105 2908 1175 quod
2931 1105 2998 1158 de
3026 1106 3232 1175 virgine
3263 1119 3421 1164 natus
3447 1121 3555 1174 e.t;

1979 1193 2208 1249 alterum
2258 1211 2414 1260 vero,
2457 1195 2603 1266 quod
2646 1211 2677 1250 a
2729 1207 2904 1251 morte
2955 1199 3238 1252 suscitavit
3284 1201 3557 1270 seipsum;

1979 1285 2158 1350 aliud,
2191 1287 2334 1356 quod
2371 1303 2536 1343 carne
2571 1298 2819 1359 suscepta
2865 1288 2931 1342 de
2970 1288 3178 1358 virgine
3216 1294 3458 1347 ascendit
3506 1297 3558 1348 in

1978 1378 2206 1442 cmlum,
2245 1379 2357 1435 Rex
2388 1389 2444 1434 et
2473 1381 2733 1435 Dominus
2773 1381 2936 1436 etiam
2971 1381 3021 1435 in
3064 1381 3301 1436 humano
3337 1399 3560 1454 corpore

1977 1467 2150 1547 factus
2195 1470 2532 1539 angelorum.
2574 1472 2745 1540 Supra
2787 1471 3050 1538 diximus,
3097 1473 3239 1542 quod
3279 1486 3556 1546 postquam

1975 1557 2222 1614 Christus
2263 1559 2353 1613 Dei
2391 1559 2558 1614 Filius
2591 1562 2826 1614 animam
2861 1572 3098 1615 nostram
3126 1564 3392 1632 suscepit,
3427 1567 3561 1620 adeo

1975 1651 2159 1706 dilexit
2182 1667 2300 1706 eam
2325 1651 2466 1721 quod
2503 1667 2560 1706 se
2597 1653 2664 1707 ab
2692 1652 2777 1706 illa
2813 1653 3064 1722 deinceps
3092 1653 3314 1709 minime
3340 1671 3561 1726 separa-

1977 1743 2073 1797 vit.
2104 1741 2256 1796 Sicnt
2280 1742 2422 1796 enim
2451 1756 2668 1798 carnem
2701 1753 2962 1807 nostram,
2991 1741 3065 1795 ita
3094 1751 3148 1794 et
3187 1742 3421 1797 animam
3461 1761 3559 1800 uo—

1974 1842 2142 1884 stram
2175 1832 2228 1886 in
2267 1833 2422 1887 beata
2471 1843 2526 1886 et
2571 1832 2801 1902 gloriosa
2841 1834 3049 1904 virgine
3081 1831 3245 1888 Maria
3289 1841 3557 1908 suscepit;

1975 1924 2068 1976 sed
2098 1923 2257 1977 talem
2282 1923 2496 1993 qualem
2527 1923 2713 1977 habuit
2739 1925 2908 1978 Adam
2935 1936 3059 1978 ante
3092 1943 3406 1997 peccatum,
3453 1949 3556 1985 non

1975 2014 2187 2084 qualem
2217 2014 2385 2068 Adam
2415 2015 2686 2083 peccando
2711 2014 2855 2070 fecit.
2883 2017 2999 2084 Quo
3029 2037 3125 2074 nos
3151 2024 3333 2076 docuit
3363 2039 3550 2078 event-

1973 2103 2082 2172 plo,
2118 2118 2184 2158 ne
2214 2105 2452 2158 animam
2483 2114 2754 2169 nostram,
2781 2123 2939 2175 quam
2967 2110 3103 2163 adeo
3129 2111 3338 2174 dilexit,
3363 2123 3420 2164 ut
3446 2129 3558 2166 mo-

1976 2203 2187 2249 reretur
2214 2209 2313 2265 pro
2341 2210 2434 2261 ea,
2469 2211 2567 2250 nec
2591 2197 2642 2250 in
2680 2198 2869 2252 mortis
2901 2181 3063 2270 365
3094 2202 3339 2270 attgttslia
3382 2217 3438 2256 se
3468 2218 3555 2258 se-

1974 2288 2182 2358 paravit
2235 2287 2304 2342 ab
2347 2287 2468 2355 illa,
2513 2287 2713 2344 inlideli
2761 2304 2950 2357 servo,
3000 2303 3054 2346 et
3082 2292 3285 2347 crudeli
3339 2294 3558 2348 inimico

1974 2387 2160 2431 nostro
2179 2379 2419 2447 qualibet
2441 2381 2725 2434 occasione
2759 2367 3052 2446 tradauius,
3089 2384 3179 2452 qui
3220 2397 3338 2435 eam
3370 2384 3557 2438 nititur

1973 2470 2274 2525 adulteram
2303 2470 2514 2537 facere,
2566 2481 2619 2528 et
2663 2473 2932 2528 ancillam.
2985 2473 3127 2529 Mors
3159 2491 3392 2548 namque
3429 2477 3552 2534 Fidi

1972 2560 2102 2626 Dei,
2133 2571 2187 2616 et
2219 2561 2337 2631 ejus
2365 2564 2546 2632 passio
2589 2579 2806 2618 carnem
2837 2564 3050 2634 quidem
3081 2565 3148 2619 ab
3173 2568 3351 2622 anima
3396 2585 3551 2638 sepa-

1971 2654 2149 2718 ravit;
2187 2652 2422 2707 animam
2476 2667 2602 2708 vero
2648 2670 2678 2706 a
2730 2651 2902 2708 Verbo
2944 2653 2994 2708 id
3026 2663 3137 2718 est,
3181 2670 3212 2709 a
3252 2657 3342 2711 Dei
3391 2657 3554 2724 Filio,

1968 2757 2220 2812 separare
2241 2759 2344 2798 non
2376 2744 2570 2814 potuit.
2605 2744 2686 2797 Ad
2709 2743 3190 2799 commendandam
3222 2746 3402 2817 itaque
3423 2766 3550 2817 erga

1968 2834 2240 2890 hominem
2266 2837 2548 2907 praecipuae
2573 2836 2875 2892 dilectionis
2897 2853 3007 2892 sua:
3033 2840 3283 2908 gratiam,
3314 2855 3369 2895 ut
3389 2843 3554 2898 hmno

1967 2928 2137 2998 possit
2165 2943 2283 2982 esse
2313 2929 2454 2999 quod
2487 2929 2736 2984 Christus
2765 2938 2878 2994 est,
2913 2931 3058 3000 quod
3091 2931 3251 2986 homo
3280 2942 3362 2987 est
3389 2935 3552 2989 Chri-

1965 3029 2082 3074 stus
2109 3035 2230 3075 esse
2258 3021 2444 3075 voluit.
2490 3021 2641 3075 lllum
2664 3064 2678 3088 ,
2720 3020 2938 3086 fratres,
2982 3022 3074 3091 qui
3115 3039 3210 3079 nus
3244 3034 3386 3079 tanta
3417 3029 3547 3081 rha-

1969 3113 2128 3167 ritate
2153 3114 2252 3168 sibi
2283 3113 2595 3184 conjunxit,
2647 3114 2774 3170 totis
2801 3115 2998 3169 anima:
3029 3125 3227 3170 nostra:
3254 3119 3549 3174 visceribus

1966 3205 2277 3276 diligamus;
2327 3221 2558 3276 eumque
2602 3206 2874 3261 lnuniliter
2902 3215 3064 3277 at]ue
3103 3209 3417 3276 snppliciter
3448 3226 3544 3264 ex-

1964 3315 2182 3353 oremus
2204 3339 2217 3362 ,
2251 3310 2308 3352 ut
2347 3300 2436 3368 qui
2467 3315 2525 3352 se
2561 3300 2874 3368 participem
2906 3301 3038 3355 fecit
3069 3314 3275 3358 naturae
3315 3315 3546 3368 nostrae,

1963 3389 2249 3460 participes
2283 3407 2381 3446 nos
2421 3390 2585 3444 faciat
2627 3390 2810 3460 gloriae
2841 3407 2980 3452 sum;
3025 3403 3080 3446 et
3111 3397 3199 3465 qui
3222 3393 3334 3463 jam
3371 3397 3538 3450 semel

1962 3482 2029 3536 de
2054 3480 2200 3536 futile
2229 3481 2570 3552 baptismatis
2600 3499 2696 3552 per
2726 3482 2843 3552 ejus
2882 3487 3114 3553 gratiam
3150 3497 3205 3542 et
3231 3489 3540 3544 misericor-

1961 3572 2102 3626 diam
2134 3572 2250 3626 sine
2283 3585 2507 3642 peccato
2534 3575 2898 3642 surreximus,
2937 3579 3125 3631 eadem
3162 3580 3334 3646 gratia
3365 3591 3417 3636 et
3444 3584 3542 3635 mi-

1960 3667 2252 3722 sericordia
2277 3682 2394 3730 sua,
2429 3667 2482 3720 in
2517 3667 2601 3721 illa
2648 3669 3046 3724 resurrectione
3075 3672 3308 3726 secumla
3339 3672 3542 3742 absque

1958 3759 2104 3813 omni
2134 3759 2454 3828 contagione
2479 3742 2685 3828 peccati
2728 3776 3106 3831 resurgatnus,
3143 3763 3428 3834 ipsumque
3460 3767 3541 3820 vi-

1958 3851 2086 3904 dere
2111 3856 2314 3919 pariter
2347 3860 2398 3905 et
2438 3853 2634 3906 habere
2675 3869 2980 3907 mereamur
3009 3853 3191 3908 Jesum
3225 3856 3535 3922 Christum,

1956 3942 2265 3998 Creatorem
2319 3956 2374 3998 et
2437 3944 2851 4015 Redetnptorem
2905 3955 3185 4012 nostrmn,
3253 3953 3343 4018 qui
3399 3969 3537 4008 unus

1957 4034 2098 4090 Deus
2129 4051 2249 4090 cum
2281 4035 2437 4090 Patre
2459 4045 2515 4089 et
2543 4035 2746 4105 Spiritu
2772 4047 2963 4092 sancto
2985 4036 3116 4091 vivit
3137 4048 3191 4091 et
3227 4053 3414 4111 regnat
3443 4060 3538 4111 per

1954 4130 2136 4182 omnia
2167 4129 2360 4182 saecula
2385 4127 2724 4182 szeculormn.
2749 4128 2944 4181 Amen.

2567 4217 2798 4273 SERMO
2839 4219 2924 4272 Vl.

2411 4324 2476 4362 DE
2515 4323 2831 4363 Αδεεδιειοκε
2871 4325 3076 4364 DOHINI.

2023 4400 2290 4456 Hodierna
2318 4399 2453 4468 {die,
2506 4399 2872 4463 dilectissimi,
2924 4401 3083 4453 homo
3125 4399 3176 4454 in
3228 4399 3334 4454 Deo
3365 4401 3532 4457 culos

272 4493 408 4548 mini
446 4493 518 4548 ibi
559 4492 664 4547 duo
705 4490 960 4546 miracula
994 4488 1151 4543 Simul
1195 4489 1332 4558 egit.
1371 4487 1497 4558 quia
1543 4499 1599 4541 ει
1637 4496 1849 4542 ηιοτιυο
1883 4509 1927 4562 ι)
1951 4494 2190 4551 ascendit
2211 4477 2266 4549 ei
2290 4495 2428 4548 Deus
2457 4492 2511 4546 in
2543 4493 2780 4547 homine.
2811 4491 3061 4546 Christus
3093 4491 3185 4548 Dei
3217 4503 3270 4547 et
3297 4493 3529 4564 Virginis

277 4586 444 4640 vitam
472 4585 704 4640 reddidit
731 4584 781 4638 in
815 4583 1083 4653 sepulcro,
1115 4582 1409 4654 etligatum
1451 4582 1722 4638 hominem
1753 4597 1847 4636 ex-

274 4689 357 4733 tra
407 4678 712 4747 sepulcrum
743 4676 1011 4746 produxit.
1046 4675 1168 4729 Post
1215 4675 1666 4730 resurrectionem
1697 4688 1848 4728 suam

271 4771 550 4826 Christum
587 4769 752 4824 Deum
781 4776 838 4822 et
879 4767 1165 4822 Dominum
1211 4777 1456 4821 nostrum
1499 4767 1596 4822 soli
1641 4767 1764 4822 boni
1794 4774 1849 4820 et

273 4863 455 4931 pauci,
482 4874 539 4916 et
562 4860 772 4915 modico
795 4867 1040 4928 tempore
1069 4857 1338 4912 viderunt.
1369 4857 1480 4912 Soli
1503 4859 1700 4912 etenim
1723 4857 1845 4910 boni

269 4951 438 5024 36a
477 4952 668 5005 futurae
714 4949 1127 5005 resurrectionis
1171 4948 1397 5017 gloriam
1446 4949 1751 5010 habebunt,
1795 4955 1848 5000 et

271 5049 588 5101 Creatorem
634 5060 789 5100 suum
833 5061 896 5100 ac
930 5045 1372 5117 ltedemptoretn,
1421 5039 1572 5108 cujus
1607 5056 1847 5111 praesen-

233 5183 236 5185 Α
276 5136 408 5189 tiam
435 5136 676 5205 corporis
710 5145 832 5206 post
870 5138 1322 5196 resurrectionem
1363 5135 1572 5189 modico
1604 5141 1846 5202 tempore

237 5265 240 5268 .
275 5227 611 5292 habuerunt,
643 5229 771 5283 sine
819 5227 925 5285 line
961 5231 1234 5285 videbunt.
1280 5228 1347 5282 Et
1383 5226 1538 5297 pauci
1582 5234 1742 5279 erunt
1779 5223 1847 5277 ad

273 5324 734 5391 comparationem
764 5325 1050 5380 malorum.
1081 5320 1240 5388 Nam,
1269 5321 1407 5375 sicut
1441 5318 1554 5388 ipse
1595 5316 1648 5370 in
1680 5315 1847 5368 Evan-

268 5413 415 5484 gelia
437 5414 568 5470 dicit
598 5431 613 5469 :
658 5415 814 5470 Multi
840 5416 1025 5478 uocati,
1050 5424 1098 5469 et
1123 5413 1280 5484 pauci
1303 5409 1450 5464 electi
1477 5418 1596 5462 sunt
1628 5404 1843 5476 (Matth.

225 5545 228 5548 .
268 5519 368 5572 xx,
401 5506 512 5578 16).
534 5510 675 5564 Ante
705 5507 1154 5563 resurrectionem
1175 5519 1328 5558 suam
1355 5500 1508 5556 multi
1543 5507 1599 5554 et
1629 5499 1756 5553 boni
1791 5506 1846 5552 et

225 5647 230 5654 .
269 5597 431 5662 mali,
463 5607 520 5652 et
547 5598 823 5668 aliquanto
855 5612 1094 5668 tempore
1122 5595 1457 5650 Salvatorem
1497 5599 1742 5646 nostrum
1767 5590 1846 5644 v-i-

227 5738 232 5740 .
272 5690 500 5756 derunt,
537 5702 589 5745 et
635 5693 935 5748 habuerunt
988 5693 1039 5746 in
1074 5703 1238 5744 carne
1281 5695 1622 5757 prmsentctn,
1667 5684 1842 5755 utqui

221 5833 229 5844 .
275 5799 375 5856 pro
414 5787 624 5855 multis,
657 5787 764 5843 imo
804 5800 900 5856 pro
925 5783 1130 5839 cunctis
1165 5778 1435 5836 salvamlis
1476 5787 1724 5844 venerat,
1777 5775 1842 5829 ab

1949 4585 2136 4649 Filius,
2165 4594 2413 4649 matrem,
2441 4584 2493 4638 in
2518 4600 2622 4654 qua
2647 4584 2788 4654 cepit
2811 4583 3138 4648 animam,et
3161 4598 3379 4639 carnem
3408 4604 3527 4640 cor-

1948 4677 2202 4748 poraliter
2231 4678 2285 4732 in
2339 4687 2480 4732 terra
2507 4675 2671 4747 366
2716 4676 2971 4745 reliquit,
3020 4685 3076 4728 et
3133 4679 3430 4732 ascendens
3468 4679 3522 4734 in

1949 4773 2142 4828 caelum
2173 4773 2328 4842 petiit
2361 4772 2570 4826 Patrem
2598 4789 2610 4824 :
2641 4770 2729 4840 qui
2767 4770 2893 4825 licet
2932 4771 2984 4824 in
3015 4770 3121 4824 alio
3165 4771 3310 4826 aliud
3349 4785 3524 4839 esspt,

1949 4865 2001 4918 in
2045 4865 2214 4918 altero
2247 4863 2456 4919 exstitit
2488 4863 2648 4918 idem.
2686 4863 2842 4917 Aliud
2881 4862 3099 4933 quidem
3134 4864 3188 4918 in
3223 4875 3414 4923 natura
3443 4869 3526 4923 di-

1947 4957 2219 5020 vinitatis,
2253 4973 2356 5010 non
2385 4956 2526 5010 aliud
2558 4965 2734 5010 tamen
2767 4956 2818 5010 in
2847 4972 3074 5025 persona
3103 4971 3392 5030 assumpta:
3419 4963 3522 5016 hu-

1949 5047 2244 5101 manitatis.
2275 5046 2464 5099 Forma
2497 5046 2682 5115 utique
2727 5044 2819 5099 Dei
2864 5045 3036 5102 forma
3068 5049 3300 5105 homins
3335 5051 3522 5107 induta

1947 5144 2061 5198 est,
2092 5135 2233 5204 quod
2264 5135 2550 5190 salubriter
2569 5135 2826 5197 creditur,
2855 5143 2909 5190 et
2937 5137 3024 5206 qui
3053 5151 3167 5192 erat
3189 5157 3308 5193 eam
3334 5140 3406 5194 Pa
3436 5156 3520 5207 ri,

1947 5223 2160 5279 Patrem
2198 5226 2354 5295 petiit
2390 5226 2442 5279 in
2473 5225 2706 5280 homine.
2751 5225 2856 5281 Sed
2884 5226 3019 5281 alter
3053 5229 3120 5283 ab
3145 5230 3313 5284 altero
3341 5232 3522 5284 eleva-

1951 5327 2128 5384 tur,ct
2152 5328 2430 5388 susceptus
2452 5333 2482 5371 a
2512 5317 2652 5372 nube
2675 5319 2726 5373 in
2751 5319 2929 5376 Patris
2957 5320 3178 5377 dextera
3201 5323 3518 5376 collocatur.

1948 5410 2098 5466 Hanc
2127 5411 2486 5466 venerabilem
2525 5412 2898 5471 ascensionem
2942 5431 3097 5470 suam
3128 5415 3273 5484 prius
3298 5414 3515 5484 quidem

1946 5518 2040 5573 per
2091 5503 2462 5574 semetipsum,
2523 5513 2579 5560 et
2614 5516 2805 5575 postea
2852 5506 3160 5578 Magdaleua
3234 5507 3519 5563 nuntiante

1945 5595 2132 5661 Maria,
2159 5593 2406 5650 Christus
2441 5596 2688 5664 praedixit
2723 5595 2980 5667 apostolis
3008 5614 3021 5649 :
3051 5595 3142 5667 qui
3169 5611 3288 5651 eum
3324 5611 3518 5652 ascen-

1946 5685 2157 5740 dentem
2190 5685 2242 5739 in
2279 5685 2472 5740 uelum
2508 5686 2749 5740 videntes
2791 5685 2993 5757 pariter
3041 5695 3097 5740 et
3151 5685 3510 5748 admirantes,

1945 5775 2282 5846 loquentibus
2320 5776 2384 5830 ad
2412 5791 2504 5831 eos
2531 5775 2752 5847 angelis,
2795 5778 2846 5833 in
2869 5776 2980 5832 {ide
3015 5786 3066 5832 et
3097 5791 3188 5846 spe
3223 5777 3410 5846 primae
3453 5789 3510 5834 et
