4034 6364
494 365 602 420 Ξὶὲἱθ

1494 359 1808 417 COFFRIDI
1850 360 1888 413 Α
1904 355 2146 413 ΒΒᾹΤὶς
2189 353 2714 412 VlNDOCl‘NENSlS

3641 356 3778 410 260

495 474 748 532 secunda:
802 470 1214 530 resurrectionis
1261 469 1670 525 confirmantur.
1728 469 1908 530 Prima
1956 469 2075 540 qui-
2108 476 2151 530 Λ
2183 466 2438 521 divinitas
2483 464 2841 528 humanitati,
2873 473 2926 520 et
2953 463 3258 521 humanitas
3293 463 3592 532 divinitati;
3623 470 3790 539 quod

496 568 618 622 dem
652 564 978 620 resurrectio
1017 563 1069 640 in
1131 561 1310 633 capite
1361 571 1548 617 nostro
1597 561 1708 632 jam
1765 562 2071 631 prmcessit,

495 675 616 728 quae
651 673 775 712 vera
824 656 926 711 ﬁde
964 655 1232 719 creditur;
1285 655 1522 710 secunda
1569 669 1699 708 vero
1736 653 2072 724 sequetnrin

498 747 794 815 membris,
835 762 952 816 qua:
979 755 1127 801 certa
1174 761 1268 815 spe
1307 752 1674 814 exspectatur.
1709 741 1876 814 Hujus
1925 743 2074 797 mira:

495 840 690 912 gaudio
742 848 798 895 et
843 839 1130 894 dilectione
1179 836 1438 892 mii‘andaa
1492 836 1687 890 divina:
1729 845 1783 890 ct
1832 836 2074 890 humana:

495 930 828 987 ascensionis
855 945 1049 1000 magna
1080 937 1207 983 sunt
1232 936 1569 983 sacramenta
1589 967 1605 992 ,
1631 927 1696 982 de
1717 941 1942 996 quorum
1964 943 2077 980 ma-

493 1021 772 1093 gnitudine
813 1035 914 1075 nec
942 1019 1138 1083 homo,
1191 1031 1289 1071 nec
1331 1015 1551 1088 angelus
1583 1017 1650 1072 de
1678 1016 1814 1072 cmlo
1867 1026 2072 1072 tantum

491 1112 670 1170 dicere
699 1122 912 1184 posset,
947 1111 1088 1182 quod
1112 1110 1178 1164 ad
1208 1111 1667 1180 comparationem
1691 1111 2076 1181 magnitudinis

490 1217 681 1260 eorum
713 1203 986 1258 modicum
1018 1215 1124 1255 non
1173 1199 1470 1262 videretur,
1507 1206 1562 1253 et
1600 1207 1761 1254 esset.
1789 1198 1901 1254 Hoc
1937 1200 2077 1256 inter
2109 1219 2112 1222 ’

491 1306 683 1351 czetera
730 1303 813 1350 est
847 1309 1039 1364 magna
1066 1292 1351 1346 devotione
1377 1290 1717 1356 mirandum,
1749 1291 1892 1360 quod
1915 1291 2076 1348 homo

491 1387 642 1456 prius
691 1384 906 1440 diabolo
954 1383 1201 1439 subditus
1239 1398 1334 1454 per
1381 1389 1696 1452 peccatum,
1744 1397 1851 1438 non
1899 1384 2072 1439 solum

492 1477 632 1534 liber
657 1477 831 1533 factus
873 1484 955 1532 est
1002 1491 1032 1530 a
1072 1485 1332 1546 peccato,
1377 1477 1470 1530 sed
1519 1476 1876 1546 quodcunque
1916 1477 2074 1548 ligat,

493 1572 718 1643 ligatum
741 1579 857 1635 est,
889 1579 946 1626 et
969 1570 1328 1640 quodcunque
1369 1569 1548 1632 solvit,
1597 1569 1838 1625 noscitur
1863 1569 2077 1626 absolu-

494 1675 630 1720 tum.
668 1663 842 1720 Homo
889 1662 1066 1718 minor
1111 1661 1300 1734 angelo
1363 1671 1488 1716 ante
1522 1660 1695 1718 factus
1739 1661 1943 1729 fuerat,
1983 1662 2075 1717 sed

494 1757 662 1827 gloria
706 1764 762 1811 et
813 1755 1018 1810 honore
1058 1761 1242 1823 postea
1285 1761 1595 1818 coronatus,
1639 1751 1963 1807 constitutus
1993 1760 2077 1806 est

2177 559 2302 614 licet
2345 575 2452 613 non
2485 559 2594 613 sint
2619 572 2807 621 unum,
2842 573 2948 611 una
2995 567 3174 612 tamen
3204 569 3285 614 est
3313 573 3541 628 persona
3569 559 3790 616 utrius.

2121 667 2124 670 '
2174 666 2300 722 que,
2334 666 2500 705 unum
2532 665 2689 720 Opus,
2723 650 3077 713 ununrvelle,
3106 666 3211 704 una
3249 660 3511 721 potestas,
3544 669 3654 706 uua
3685 670 3791 707 ve-

2176 745 2332 808 ritas,
2362 759 2464 797 una
2499 743 2893 808 misericordia,
2946 759 3051 799 una
3107 759 3334 799 censura
3362 744 3642 814 jnstilia:
3675 746 3790 803 Pa-

2177 835 2294 898 tris,
2336 843 2392 888 et
2421 833 2567 899 Filii,
2608 843 2662 888 et
2710 835 2947 905 Spiritus
2998 836 3168 890 sancti
3217 847 3300 891 est
3335 837 3533 907 ubique
3585 855 3696 894 una
3727 852 3788 896 et

2176 927 2480 980 conununis
2525 929 2791 994 operatio,
2821 937 2872 982 et
2903 929 3065 982 totius
3101 929 3386 983 Trinitatis
3415 931 3788 1001 dispositione

2177 1018 2244 1071 ad
2289 1017 2516 1072 formam
2565 1019 2840 1083 hominis,
2902 1033 3063 1087 quam
3112 1019 3258 1074 solus
3304 1020 3474 1076 Filius
3508 1025 3784 1094 suscepit,

2176 1109 2484 1180 specialiter
2505 1109 2767 1178 judicium
2795 1111 3050 1180 pertinet.
3080 1113 3237 1179 Quod
3286 1112 3400 1181 ipse
3441 1115 3494 1168 in
3527 1115 3784 1186 Evange-

2178 1200 2249 1256 lio
2277 1202 2494 1266 asserit,
2547 1201 2772 1256 dicens:
2822 1199 2988 1256 Pater
3029 1219 3131 1256 non
3166 1203 3376 1273 judicat
3421 1221 3780 1276 quemquam,

2176 1293 2265 1346 sed
2295 1293 2562 1363 judicium
2605 1308 2756 1346 omne
2794 1293 2936 1347 dedit
2967 1290 3110 1346 Filio
3139 1293 3335 1364 (Joan.
3367 1311 3421 1362 v,
3450 1295 3580 1364 29.).
3622 1299 3782 1366 Quod

2177 1383 2304 1438 alibi
2335 1383 2535 1439 dicitur
2562 1401 2576 1438 :
2610 1382 2725 1456 Ego
2764 1401 2866 1439 nou
2887 1384 3072 1455 judico
3100 1402 3409 1457 quamquam
3433 1387 3631 1459 (Joon.
3659 1407 3782 1456 vm,

2178 1475 2300 1546 15),
2331 1479 2397 1531 ad
2431 1477 2532 1532 hoc
2560 1477 2783 1548 respicit
2817 1476 2959 1547 quod
3004 1478 3212 1533 dixerat
3241 1478 3441 1536 Iudaeis
3475 1500 3488 1534 ε
3550 1478 3652 1537 Vos
3689 1501 3780 1538 se-

2176 1569 2405 1623 cundum
2451 1585 2660 1624 carnem
2703 1569 2952 1636 iudicatis
2981 1571 3194 1641 (ibid.),
3234 1572 3285 1626 id
3317 1583 3401 1627 est
3433 1575 3778 1630 carnaliter:

2178 1660 2290 1732 Ego
2340 1671 2537 1728 autem,
2578 1662 2896 1727 carnaliter,
2950 1649 3159 1719 scilicet
3206 1665 3426 1736 injuste,
3453 1684 3777 1740 quemquam

2180 1770 2280 1808 non
2305 1753 2510 1824 judico,
2538 1753 2679 1808 sicut
2704 1769 2800 1809 vos
2830 1753 3034 1810 facitis.
3069 1754 3215 1819 Sive,
3247 1772 3349 1810 nou
3367 1757 3560 1827 judico
3581 1776 3780 1830 quem-

492 1818 656 1918 super
678 1849 860 1905 omnia
887 1863 1005 1917 qure
1031 1818 1174 1901 Heus
1204 1845 1428 1900 fecerat.
1477 1843 1651 1902 Homo
1676 1844 1941 1914 siquidem
1982 1859 2076 1898 an-
2108 1818 2152 1877 Β
2179 1818 2360 1915 quam,
2384 1845 2677 1899 secundum
2700 1859 2921 1900 carnem
2947 1854 3178 1913 tantum,
3202 1847 3343 1902 sicut
3365 1863 3464 1904 vos
3476 1818 3776 1919 judicatis:

493 1941 676 2011 gelos,
727 1937 1103 2007 archangelos,
1157 1937 1410 1999 thronos,
1451 1936 1874 1998 dominationes,
1918 1935 2078 2008 367

493 2034 847 2104 principatus,
875 2040 1193 2102 potestates,
1219 2031 1448 2084 virtutes
1488 2028 1771 2094 etelorum,
1797 2028 2078 2083 cherubim

492 2137 547 2182 et
567 2126 834 2198 seraphim
859 2141 955 2181 sua
980 2122 1351 2196 magnitudine
1377 2130 1618 2192 superat,
1643 2133 1697 2178 et
1723 2122 1802 2178 eis
1830 2122 2075 2191 imperat,

490 2228 546 2276 et
572 2220 619 2275 ei
649 2219 907 2276 obediunt
929 2218 1226 2274 voluntate.
1252 2216 1422 2270 Homo
1441 2224 1724 2285 praaterea,
1754 2213 1806 2268 in
1829 2214 1921 2270 Dei
1943 2213 2080 2269 Filio

495 2312 793 2369 collocatus
822 2312 876 2365 in
923 2311 1062 2366 cmlo
1083 2350 1098 2376 ,
1131 2310 1184 2365 in
1231 2309 1357 2364 sede
1401 2306 1700 2377 majestatis
1729 2307 1921 2362 divinae
1951 2321 2080 2361 vcn-

493 2414 650 2460 turus
689 2413 771 2458 est
813 2403 881 2457 ad
920 2400 1212 2471 judicium,
1261 2416 1366 2456 non
1416 2400 1470 2455 in
1517 2415 1582 2454 ea
1637 2399 1938 2454 humilitate
1969 2415 2078 2468 qua

494 2491 694 2560 injuste
719 2491 996 2560 judicatus
1028 2501 1132 2556 est,
1162 2490 1256 2545 sed
1287 2489 1338 2544 in
1371 2505 1434 2544 ea
1477 2497 1744 2558 potestate
1789 2505 1892 2559 qua
1935 2489 2080 2559 juste

486 2584 832 2656 jndieaturus
859 2592 961 2638 est.
989 2582 1268 2651 Quoddam
1305 2581 1634 2651 praecipuum
1666 2581 1881 2635 videtur
1911 2581 2078 2636 fuisse

493 2675 689 2730 divina:
733 2673 1157 2743 dispensationis
1185 2673 1534 2744 mysterium,
1585 2673 1728 2742 quod
1761 2673 1813 2725 in
1842 2687 1906 2727 eo
1937 2675 2076 2744 quod

490 2768 674 2823 minor
699 2777 784 2822 est
810 2767 974 2823 Patre
999 2764 1189 2828 Filius,
1217 2765 1440 2834 aequalis
1467 2763 1603 2818 Filio
1629 2773 1768 2819 esset
1801 2765 1991 2830 homo;
2025 2775 2080 2820 et

491 2861 562 2915 ab
592 2861 746 2916 initio
764 2861 864 2916 hoc
889 2857 1127 2930 speciale
1154 2856 1492 2927 privilegium
1519 2855 1720 2911 homini
1747 2871 2074 2921 servaretur,

505 2963 568 3008 ut
615 2970 722 3009 non
770 2953 945 3010 solum
987 2950 1265 3006 hominum
1310 2947 1474 3016 judex
1523 2948 1710 3016 ﬁeret,
1757 2951 1850 3004 sed
1915 2949 2077 3004 etiam

491 3046 827 3117 angelorum.
859 3045 914 3098 In
943 3058 1046 3112 qua
1079 3049 1344 3112 potestate
1357 3037 1544 3108 judicii
1571 3057 1691 3096 cum
1733 3040 2075 3109 homojudex

2181 1935 2274 1991 sed
2321 1933 2486 1988 etiam
2519 1935 2815 1990 secundum
2865 1935 3045 1991 cordis
3087 1936 3463 1993 intentionem.
3509 1939 3634 2006 Vel,
3664 1941 3780 2013 Ego

2183 2040 2284 2078 mm
2298 2023 2486 2093 judico
2511 2041 2861 2095 quemquam,
2891 2041 2997 2080 non
3025 2025 3184 2091 dixit,
3213 2043 3320 2082 non
3356 2028 3649 2099 judicabo;
3687 2035 3779 2088 sed

2180 2113 2347 2186 369
2380 2114 2468 2168 illa
2511 2113 2674 2180 hora,
2718 2131 2822 2186 qua
2855 2115 2954 2170 ista
2985 2117 3216 2182 dicebat,
3249 2119 3523 2175 neminem
3562 2121 3780 2191 judica-

2182 2205 2296 2260 bat.
2344 2205 2630 2262 Veraciter
2673 2205 3013 2275 iudicandus,
3057 2218 3114 2263 et
3152 2209 3496 2280 jndieaturus
3527 2213 3582 2267 in
3632 2215 3780 2270 hunc
3875 2245 3880 2252 -

2183 2299 2446 2352 mundum
2475 2298 2643 2365 venit,
2693 2307 2749 2352 et
2790 2313 2942 2354 sacra
2976 2300 3297 2356 testiﬁcante
3335 2300 3644 2372 Scriptum,
3679 2307 3781 2360 itc-

2186 2403 2303 2442 rttm
2335 2386 2504 2457 judex
2529 2399 2789 2444 venturus
2818 2391 3100 2445 asseritur.
3136 2390 3235 2447 Ubi
3259 2409 3382 2448 eum
3415 2395 3618 2450 iterum
3650 2414 3782 2453 ven-

2184 2490 2363 2537 turum
2391 2480 2629 2552 judicem
2653 2499 2809 2540 sacra
2842 2483 3122 2554 Scriptura
3153 2495 3404 2550 testatur,
3442 2503 3571 2543 eum
3597 2493 3777 2545 exsti-

2183 2574 2313 2633 tisse
2337 2577 2448 2648 jam
2466 2576 2702 2646 judicem
2718 2577 3001 2633 manifeste
3016 2589 3366 2635 monstratur.
3401 2583 3560 2650 Quod
3589 2586 3779 2655 utique

2182 2669 2374 2724 iterum
2403 2667 2707 2724 faciendum
2739 2677 2842 2734 est,
2877 2670 2978 2726 hoc
3023 2670 3190 2726 altera
3224 2671 3342 2727 vice
3371 2671 3546 2729 fuisse
3569 2673 3774 2730 factum

2181 2760 2404 2814 minime
2435 2759 2730 2814 dubitatur.
2765 2759 2873 2816 Nos
2897 2761 3112 2830 quidem
3147 2762 3374 2818 miseros
3400 2764 3578 2820 bonus
3601 2767 3778 2821 factor

2178 2862 2235 2908 et
2263 2854 2382 2924 pius
2411 2852 2738 2923 Redemptor
2767 2856 2999 2925 respexit
3020 2855 3212 2910 intuitu
3239 2860 3646 2926 misericordia),
3679 2865 3773 2920 sed

2180 2954 2364 3000 contra
2391 2945 2660 3000 diabolum
2689 2946 2797 3016 egit
2829 2961 3055 3000 censura
3095 2945 3339 3016 justitite.
3390 2949 3523 3005 Nam
3557 2953 3648 3007 uhl
3677 2970 3776 3023 pro

2181 3035 2337 3091 nobis
2363 3037 2431 3092 ad
2456 3045 2682 3091 mortem
2710 3034 3058 3104 judicabatur
3092 3035 3309 3106 injuste,
3352 3040 3483 3110 quid
3513 3041 3664 3096 aliud
3689 3041 3773 3096 fa-

496 3134 712 3190 futurus
757 3134 1104 3206 singulariter
1138 3133 1354 3198 dicitur,
1404 3132 1644 3186 membra
1692 3147 1722 3186 a
1749 3133 1924 3203 capite
1977 3134 2077 3186 mi-
2105 3165 2148 3226 Ο
2181 3127 2377 3192 ciebat,
2407 3144 2566 3198 quam
2597 3143 2694 3184 nos
2720 3143 2846 3182 vero
2874 3128 3078 3198 judicio
3106 3131 3176 3185 ab
3195 3141 3399 3185 aeterna
3433 3144 3614 3188 morte
3642 3132 3776 3188 hbeo

493 3225 640 3282 nime
677 3235 1020 3296 separantur.
1055 3225 1194 3280 Deus
1245 3222 1411 3276 Filius
1459 3221 1723 3286 hominis,
1758 3221 1945 3286 homo,
1994 3233 2080 3279 est

491 3328 655 3389 caput
711 3319 996 3384 Ecclesiae,
1029 3327 1082 3372 et
1133 3315 1294 3385 hujus
1340 3317 1532 3387 capitis
1571 3315 1813 3369 membra
1853 3299 2078 3382 apostoli

490 3411 760 3482 prmcipue
813 3413 1093 3476 dicuntur,
1139 3411 1229 3480 qui
1273 3426 1396 3466 cum
1427 3409 1518 3464 illo
1559 3408 1896 3479 judicabant,
1939 3407 2079 3477 quod

492 3505 745 3560 Christus
773 3505 826 3558 in
864 3504 1159 3572 Evangelia
1197 3512 1530 3572 protestatur
1561 3500 1787 3573 (Matth.
1822 3517 1936 3564 χιε,
1962 3500 2075 3570 :28).

491 3594 604 3650 Nec
639 3596 865 3665 apostoli
896 3596 993 3650 soli
1017 3596 1338 3663 judicabunt
1367 3611 1488 3649 cum
1519 3609 1602 3656 eo,
1637 3592 1728 3648 sed
1751 3593 1841 3662 qui
1871 3602 2082 3661 aposto-

494 3685 577 3741 los
604 3688 710 3740 vita
737 3695 791 3740 et
846 3687 1089 3740 moribus
1134 3686 1434 3740 imitantur.
1473 3685 1598 3740 Haec
1641 3693 1879 3752 potestas
1909 3699 1938 3737 a
1971 3685 2080 3738 Deo

494 3777 659 3833 Patre
679 3777 804 3831 data
840 3785 924 3832 est
953 3776 1124 3840 Filio,
1162 3785 1215 3830 et
1243 3793 1270 3829 a
1304 3775 1438 3829 Filio
1467 3776 1587 3828 data
1618 3783 1703 3828 est
1733 3773 1913 3840 Petro,
1945 3782 1998 3827 et
2024 3773 2076 3826 in

494 3868 657 3924 Petro
688 3870 814 3924 data
866 3869 1141 3925 Ecclesia}.
1196 3867 1348 3923 Hanc
1389 3867 1559 3922 Filius
1587 3869 1796 3937 accepit
1823 3867 1874 3920 in
1906 3865 2078 3920 forma

493 3961 755 4024 hominis,
784 3975 888 4030 qua
927 3960 1084 4016 Patre
1117 3961 1294 4014 minor
1319 3969 1430 4021 est,
1467 3974 1569 4012 non
1601 3959 1651 4012 in
1683 3957 1848 4011 l'ortna
1879 3957 2073 4023 Patris,

490 4069 598 4123 qtta
622 4051 767 4107 Patri
798 4053 1022 4123 aequalis
1055 4062 1156 4107 est.
1187 4053 1387 4107 Forma
1425 4050 1618 4114 Patris,
1676 4050 1732 4104 in
1781 4066 1884 4120 qua
1912 4049 2077 4105 Filius

491 4154 575 4200 est
601 4143 746 4199 Patri
769 4145 1012 4215 aequalis,
1062 4145 1201 4199 sicut
1244 4160 1345 4200 nec
1390 4145 1569 4198 minor
1602 4158 1723 4198 esse
1751 4152 1946 4212 potest,
1978 4158 2078 4198 nec

492 4235 685 4306 major,
718 4238 797 4290 sic
824 4251 924 4290 nec
949 4237 1126 4291 minus
1149 4244 1325 4306 potest
1351 4235 1551 4290 habere
1579 4250 1738 4305 quam
1768 4235 1951 4301 habet,
1979 4251 2077 4290 nec

488 4323 741 4394 amplius.
771 4325 826 4378 lu
859 4340 921 4378 ea
949 4323 1135 4392 utique
1164 4325 1338 4379 forma
1377 4325 1509 4378 nihil
1541 4325 1648 4378 lilio
1680 4325 1858 4390 datur,
1887 4325 1940 4378 in
1971 4340 2074 4394 qua

490 4417 608 4486 ipse
663 4416 848 4470 omnia
904 4416 1146 4470 continet
1199 4427 1253 4470 et
1293 4417 1476 4470 habet.
1516 4415 1844 4470 Potestatem
1871 4427 2072 4478 autem,

2188 3221 2376 3274 rabat?
2404 3219 2502 3276 Ubi
2534 3235 2662 3276 vero
2693 3221 2977 3292 ligabatur,
3009 3224 3150 3293 quod
3191 3224 3337 3279 aliud
3379 3228 3578 3295 agebat
3603 3242 3773 3298 opus,

2183 3326 2346 3380 quam
2391 3311 2540 3381 justo
2567 3309 2772 3379 judicio
2817 3312 3026 3368 vincula
3058 3323 3405 3382 peccatorum
3453 3327 3773 3372 nostrorum

2183 3403 2458 3458 solvebat?
2486 3402 2699 3460 Jndicat
2727 3405 2888 3458 etiam
2919 3406 2972 3459 in
3004 3407 3102 3461 hoc
3127 3407 3321 3462 saeculo
3344 3424 3473 3463 suos
3493 3409 3775 3478 Christus,

2183 3511 2303 3550 cum
2351 3510 2446 3551 eos
2485 3505 2580 3550 aut
2630 3499 2912 3568 martyrio,
2959 3511 3048 3553 aut
3091 3501 3302 3564 exsilio,
3345 3503 3460 3559 sive
3503 3505 3769 3564 falsorum

2177 3589 2558 3656 persecutione
2616 3589 2846 3644 fratrum
2902 3594 3200 3648 examinat.
3272 3594 3426 3654 Unde
3488 3606 3772 3671 apostolus

2188 3681 2383 3735 Paulus
2412 3681 2540 3737 dicit
2571 3698 2585 3736 :
2611 3681 2741 3738 Cum
2759 3685 3090 3753 judicamur,
3113 3705 3145 3741 α
3177 3687 3397 3745 Domino
3427 3697 3765 3764 corripiatur,

2180 3781 2237 3825 ut
2265 3791 2367 3829 non
2403 3792 2517 3828 cum
2551 3777 2646 3830 hoc
2695 3779 2887 3832 mundo
2919 3779 3232 3836 dunmemur
3273 3783 3335 3857 (I
3368 3785 3493 3841 (ἔον.
3527 3805 3608 3849 st.
3635 3791 3707 3846 52
3723 3795 3762 3860 ).

2179 3862 2426 3921 Christus
2491 3869 2603 3938 ipse
2650 3872 2792 3939 quod
2843 3870 3008 3941 judex
3064 3885 3284 3929 venerat
3334 3879 3764 3944 testiﬁcahatnr.

2179 3959 2392 4028 quando
2420 3961 2630 4016 diccbat
2663 3981 2676 4016 :
2714 3963 2824 4034 Ego
2854 3967 2988 4019 sicut
3014 3969 3173 4020 (tudio
3188 3970 3393 4038 judico,
3425 3986 3471 4025 et
3493 3975 3763 4042 judicium

2179 4066 2350 4102 meum
2398 4069 2572 4106 verum
2605 4065 2679 4107 est
2715 4056 2905 4115 (Joan.
2950 4075 2999 4124 ν,
3030 4061 3150 4131 50).
3195 4062 3260 4116 Ει
3293 4063 3487 4118 iterum
3521 4083 3536 4120 :
3571 4067 3638 4121 lu
3671 4069 3764 4137 ju-

2178 4143 2372 4195 dicium
2401 4160 2491 4213 ego
2527 4146 2580 4198 in
2621 4147 2758 4200 hunc
2808 4152 3061 4205 mundum
3102 4155 3217 4208 ueni
3265 4155 3461 4226 (Jomt.
3502 4173 3580 4222 ιχ,
3637 4159 3760 4224 59).

2179 4234 2247 4288 Et
2272 4236 2397 4291 alibi
2423 4255 2437 4292 :
2465 4237 2716 4310 Princeps
2754 4243 2913 4313 hujus
2945 4247 3128 4300 mundi
3149 4247 3423 4316 judicatus
3463 4261 3540 4305 est
3572 4252 3760 4324 (Joau.

2179 4343 2290 4395 xw,
2326 4329 2444 4398 11).
2479 4331 2592 4402 Ego
2643 4334 2784 4390 sicut
2834 4337 3016 4401 audio,
3059 4340 3318 4395 sciliceta
3345 4342 3506 4398 Patre
3537 4360 3659 4400 meo
3709 4349 3762 4399 in

2179 4429 2454 4488 assumpta
2487 4436 2670 4486 carne,
2699 4423 2773 4477 sic
2789 4423 2994 4492 judico,
3026 4439 3073 4479 et
3094 4428 3361 4496 judicium
3383 4447 3554 4485 meum
3583 4450 3761 4488 rerum

488 4510 556 4563 de
585 4523 690 4577 qua
722 4506 1022 4577 loquimur,
1073 4507 1280 4576 accepit
1320 4507 1634 4561 humanitas
1683 4525 1712 4562 a
1761 4509 2064 4573 divinitate,
2100 4513 2144 4570 Ι)
2171 4518 2266 4563 est.
2298 4513 2376 4564 Ac
2429 4512 2472 4566 si
2506 4512 2709 4569 diceret
2743 4533 2756 4569 :
2795 4532 2898 4570 non
2930 4529 3107 4587 potest
3156 4535 3340 4576 verum
3391 4539 3496 4578 non
3530 4542 3654 4580 esse
3675 4528 3767 4594 jn-

492 4601 637 4654 sicut
679 4599 730 4654 in
761 4598 1049 4668 Evangelio
1094 4599 1290 4653 dicitur
1322 4618 1335 4652 :
1375 4599 1514 4652 Data
1547 4610 1619 4652 est
1660 4599 1826 4671 363
1863 4598 2066 4654 Christo

488 4702 716 4760 potestas
765 4689 1031 4762 judicium
1085 4689 1276 4759 facere,
1336 4691 1462 4761 quia
1501 4689 1674 4746 Filius
1727 4693 1952 4745 hominis
1995 4702 2068 4746 est

494 4783 685 4852 (Joau.
717 4799 781 4849 v,
817 4782 943 4854 27).
992 4781 1321 4838 Potestatem
1354 4799 1514 4854 quam
1555 4784 1800 4840 Christus
1842 4800 1945 4839 non
1978 4785 2069 4838 lut-

491 4874 694 4928 huitex
730 4890 794 4930 eo
819 4875 960 4945 quod
989 4884 1073 4931 est
1099 4875 1267 4932 Filius
1301 4877 1556 4943 hominis,
1587 4877 1802 4934 aliunde
1841 4879 2066 4948 accepit.

498 4964 684 5020 Unde?
725 4966 952 5036 desuper
991 4968 1200 5038 utique,
1245 4983 1275 5022 a
1318 4967 1500 5035 Patre,
1531 4987 1558 5024 a
1595 4970 1754 5037 Filio,
1789 4986 1818 5025 a
1863 4971 2068 5042 Spiritu

493 5067 704 5112 saneto.
745 5056 874 5112 lude
915 5059 1131 5116 Christo
1179 5071 1419 5132 potestas
1463 5064 1585 5118 data
1625 5075 1726 5132 est,
1777 5066 1916 5121 unde
1955 5067 2069 5136 ejus

493 5150 676 5204 anima
746 5159 802 5206 et
851 5166 980 5207 caro
1028 5152 1185 5209 beata
1245 5155 1389 5212 facta
1441 5166 1542 5212 est.
1582 5157 1629 5213 A
1683 5159 1898 5213 Christo
1961 5159 2069 5215 Deo

491 5239 742 5296 Christus
780 5241 940 5296 homo
971 5242 1158 5299 beatus
1205 5245 1380 5302 factus
1409 5257 1512 5312 est,
1553 5257 1608 5302 et
1647 5247 1694 5302 ei
1737 5249 1804 5302 ab
1851 5249 1940 5304 illc
1970 5265 2068 5320 po-

493 5341 659 5388 testas
687 5335 810 5387 data
851 5342 953 5388 est.
987 5335 1145 5390 Aliud
1185 5337 1401 5406 quidem
1432 5349 1513 5394 est
1543 5339 1792 5396 Christus
1820 5341 1983 5404 Deus,
2016 5350 2070 5396 et

491 5424 635 5479 aliud
662 5424 910 5481 Christus
943 5427 1134 5492 homo,
1186 5444 1292 5483 non
1347 5440 1523 5484 tamen
1569 5433 1674 5487 dno
1705 5433 1933 5498 Christi,
1975 5433 2068 5488 sed

490 5531 630 5572 unus
659 5527 742 5574 cst
769 5517 1036 5584 Christus,
1079 5519 1218 5576 Deus
1255 5531 1308 5575 et
1339 5521 1520 5576 homo.
1570 5522 1846 5578 Patestate
1889 5534 2068 5577 autent

493 5609 544 5664 in
594 5611 927 5667 humanitate
957 5625 1230 5684 suscepta,
1279 5614 1526 5672 Christus
1565 5621 1726 5675 homo
1775 5619 1826 5672 in
1857 5618 2070 5673 Christo

491 5707 622 5774 Deo,
653 5721 708 5764 et
746 5711 993 5767 Christus
1025 5711 1162 5767 Deus
1193 5713 1245 5768 in
1279 5713 1496 5768 homine
1524 5713 1740 5768 Christo
1771 5711 1931 5781 ligat,
1964 5709 2070 5764 sol-

489 5796 568 5851 vit
595 5797 887 5868 etjudicat.
922 5803 1070 5862 Adeo
1096 5805 1237 5862 enim
1272 5815 1399 5864 sunt
1423 5805 1572 5862 unita
1601 5807 1652 5862 in
1696 5803 1789 5860 Dei
1823 5801 1980 5872 Filio,
2013 5811 2067 5858 et

2173 4602 2370 4656 (licium
2401 4618 2605 4671 meum,
2627 4607 2751 4676 quia
2784 4607 2966 4675 Pater,
2999 4612 3088 4680 qui
3116 4613 3542 4681 mihijudicandi
3575 4619 3765 4674 tribuit

2172 4703 2512 4762 potestatem,
2540 4712 2702 4752 verax
2725 4710 2827 4766 est,
2853 4711 2907 4756 et
2930 4717 3028 4774 ego
3052 4704 3143 4772 qui
3164 4704 3367 4773 judico,
3395 4710 3595 4766 veritas
3615 4728 3758 4770 sum.

2170 4783 2227 4837 ln
2255 4786 2516 4853 judiciutu
2549 4790 2601 4844 in
2631 4791 2773 4844 hunc
2803 4794 3060 4848 mundum
3090 4811 3147 4852 se
3170 4800 3379 4855 venisse
3420 4811 3671 4870 testatur,
3704 4818 3762 4861 ut

2166 4875 2465 4945 judicaret,
2523 4895 2628 4934 non
2673 4881 2844 4936 solum
2899 4885 3062 4956 37o
3114 4887 3547 4957 utjudicaretur.
3603 4895 3760 4951 Unde

2172 4967 2416 5022 subditur
2447 4987 2458 5022 :
2495 4967 2560 5024 Ut
2581 4972 2672 5043 qui
2700 4977 3038 5041 novavit/ent,
3076 4979 3313 5045 videant,
3347 4993 3394 5036 et
3421 4985 3512 5053 qui
3549 4987 3755 5049 vident,

2172 5057 2296 5110 ca’ci
2321 5058 2452 5124 ﬁant
2485 5061 2679 5132 (Joan.
2713 5081 2790 5127 Ix,
2823 5067 2946 5136 59).
2981 5067 3080 5134 Qui
3109 5067 3326 5126 Christo
3367 5075 3618 5131 veniente
3651 5094 3755 5131 non

2170 5145 2457 5216 videbant;
2516 5155 2607 5224 qui
2669 5171 2728 5211 se
2769 5173 2871 5211 non
2921 5159 3123 5222 videre,
3169 5162 3376 5218 scilicet
3429 5181 3536 5220 non
3575 5168 3755 5236 justas

2171 5261 2294 5304 esse
2319 5248 2679 5314 aestimabant,
2713 5249 2804 5302 sed
2835 5261 3151 5317 peccatores
3179 5255 3598 5320 conﬁtebantur,
3631 5260 3755 5314 illu-

2172 5340 2360 5395 minati
2391 5347 2534 5402 sunt,
2583 5339 2707 5408 quia
2738 5340 2915 5394 lumen
2961 5342 3083 5395 vita:
3129 5356 3507 5414 perceperunt.
3544 5349 3612 5402 Et
3660 5352 3753 5418 qui

2170 5432 2458 5496 videbant,
2489 5431 2742 5485 videlicet
2772 5430 2975 5486 Scriba:
3004 5443 3056 5488 et
3086 5431 3372 5502 Pharismi;
3403 5425 3583 5507 qui-se
3607 5441 3753 5495 solos

2170 5525 2384 5590 videre,
2429 5524 2482 5578 id
2535 5533 2637 5587 est,
2682 5523 2857 5593 justos
2911 5539 3031 5578 esse
3060 5525 3378 5591 credebant,
3427 5538 3481 5583 et
3527 5540 3754 5586 caeteros

2173 5627 2428 5688 tanqttam
2482 5633 2656 5673 caecos
2713 5622 3164 5688 aspernabantur,
3215 5623 3344 5678 caeci
3399 5625 3523 5679 facti
3589 5637 3751 5691 sunt,

2170 5712 2294 5780 quia
2329 5712 2508 5765 lumen
2539 5712 2814 5775 veritatis,
2845 5728 3005 5782 quam
3052 5714 3356 5769 habuerunt
3396 5728 3749 5788 prtesentem,

2170 5803 2539 5876 perdiderunt.
2569 5804 2682 5860 lloc
2725 5807 2903 5876 itaque
2944 5807 3372 5880 Christijudieio
3407 5824 3585 5869 actum
3629 5827 3750 5880 est,
