4034 6364
228 366 338 424 261

1672 355 2069 432 sessiones:

3394 380 3500 435 28:!

231 493 293 539 et
319 482 486 539 etiam
529 481 766 552 quotidie
789 483 984 554 agitur,
1015 484 1159 556 quod
1191 483 1563 541 iiluminantur
1598 487 1828 544 humnes
1855 497 1902 553 Α
1939 490 2106 545 nauiti
2133 488 2480 547 ordinatione
2506 497 2721 546 constat
2757 502 2878 545 esse
2922 488 3258 560 dispositum,
3291 501 3350 545 nt
3380 494 3518 552 Deus

234 584 579 646 peccatores,
612 584 668 630 et
697 575 829 646 justi
867 577 1087 648 superbi
1149 587 1512 633 excaecantur.
1546 578 1707 634 Istam
1748 581 1827 635 di-

233 667 589 732 scretionem,
613 681 775 736 quam
821 667 962 722 inter
989 668 1129 723 bona
1173 679 1227 724 et
1267 670 1406 724 mala
1438 685 1601 740 opera
1647 671 1822 726 homi-

232 774 372 813 num
403 757 575 812 tenuit
623 757 874 814 Christus
915 769 966 814 et
999 767 1166 825 tenet,
1210 759 1473 830 judicium
1514 762 1820 833 appellavit.

231 846 380 902 Alibi
424 847 626 902 dictum
656 857 739 903 est
769 865 782 902 :
825 847 950 904 Non
996 851 1136 904 misit
1167 849 1308 905 Deus
1337 849 1538 906 Filium
1575 869 1728 908 suum
1769 857 1822 909 in

229 938 493 994 ntundum
524 949 582 993 ut
604 940 810 1010 judicet
838 942 1114 1007 mundum,
1145 945 1235 998 sed
1260 953 1314 998 ut
1343 943 1574 998 salvetur
1597 947 1822 1001 mundus

230 1045 330 1099 per
377 1031 549 1099 ipsum
617 1029 820 1102 (loan.
892 1048 983 1099 tn,
1051 1033 1178 1105 i7).
1234 1033 1348 1090 lloc
1399 1035 1585 1105 utique
1634 1051 1820 1092 vermn

230 1119 461 1174 omnino
486 1120 761 1186 creditur;
813 1135 921 1176 non
968 1123 1112 1178 enim
1146 1133 1324 1194 potest
1353 1140 1537 1181 verum
1570 1141 1676 1181 non
1703 1142 1822 1182 esse

231 1211 382 1281 quod
412 1209 627 1268 Veritas
674 1211 935 1282 loquitur.
969 1212 1106 1270 Vere
1152 1215 1321 1272 Filius
1367 1216 1460 1272 Dei
1511 1234 1616 1272 non
1648 1229 1732 1274 est
1765 1219 1818 1274 in

229 1302 497 1358 mundum
536 1303 737 1359 missus
780 1321 810 1359 a
842 1304 1000 1362 Patre
1027 1315 1086 1361 ut
1129 1309 1387 1363 mundum
1401 1307 1698 1377 judicaret,
1725 1313 1817 1383 qui

227 1391 301 1446 ad
342 1393 446 1449 hoc
473 1393 526 1447 in
553 1394 814 1450 mundum
841 1395 1007 1462 venit,
1039 1405 1098 1449 ut
1125 1397 1356 1452 mundus
1381 1414 1478 1469 per
1505 1399 1676 1468 ipsum
1709 1401 1818 1455 sal-

226 1493 482 1550 varetur,
541 1486 586 1542 si
648 1486 881 1544 mundus
947 1488 1226 1544 voluisset.
1295 1489 1402 1546 Sed
1451 1491 1594 1560 quod
1647 1491 1818 1548 voluit

226 1576 503 1644 Christus,
549 1579 722 1635 noluit
751 1579 1001 1636 mundus.
1032 1581 1089 1636 Si
1119 1581 1379 1638 voluisset
1416 1583 1648 1638 mundus
1674 1583 1814 1653 quod

224 1668 402 1725 voluit
429 1669 702 1738 Christus,
729 1672 781 1726 in
811 1672 1104 1746 Evangelio
1132 1675 1247 1744 ipse
1276 1691 1381 1729 non
1412 1675 1654 1730 diceret:
1689 1675 1818 1730 Hie-

223 1760 482 1828 rusalem,
520 1765 720 1835 quoties
749 1763 887 1820 volui
913 1781 1227 1836 congregare
1267 1765 1406 1831 ﬁlios
1451 1777 1590 1832 tuos,
1632 1785 1815 1838 quem-

1931 581 1983 636 in
2015 595 2080 637 ea
2121 580 2310 644 forma,
2346 583 2398 637 in
2431 597 2536 652 qua
2569 580 2844 651 judicatus
2891 590 2973 636 εει
3001 596 3030 636 a
3066 584 3286 648 mundo,
3311 582 3519 653 jmlicct

1927 672 2214 726 mundum.
2245 671 2418 740 Quam
2444 673 2570 742 quia
2599 671 2831 726 mundus
2873 671 3006 726 vidit
3038 671 3314 738 humilem,
3347 683 3400 727 et
3429 689 3518 730 su-

1926 762 2126 828 perbus
2155 762 2501 830 contempsit,
2539 761 2741 816 videbit
2770 760 3054 816 sublimem
3103 772 3158 816 et
3197 763 3424 829 timebit,
3460 776 3519 819 et

1926 866 2047 919 quae
2075 849 2174 904 fuit
2205 851 2257 904 in
2308 865 2470 906 cruce
2497 849 2733 905 exaltata
2782 851 2849 904 ad
2881 865 3094 918 poenam
3115 891 3130 915 ,
3158 859 3213 905 et
3241 851 3293 905 in
3327 867 3520 908 ascen-

1925 939 2076 994 sione
2101 939 2335 994 exaltata
2368 939 2435 994 ad
2475 939 2736 1010 gloriam,
2781 946 2838 992 et
2867 938 2919 992 in
2941 939 3146 1007 judicio
3169 939 3514 995 exaltabitur.

1924 1040 1978 1084 et
2007 1029 2435 1085 humiliabuntur
2463 1029 2707 1100 superbi.
2768 1029 2835 1083 Et
2865 1037 2994 1084 tunc
3021 1029 3256 1086 maxime
3283 1032 3521 1102 comple-

1923 1119 2070 1174 bitur
2098 1121 2240 1191 quod
2276 1120 2517 1175 dicitur:
2551 1120 2653 1186 Qui
2697 1136 2752 1174 se
2801 1117 3000 1173 exaltat
3048 1119 3435 1188 humilinbitur,
3465 1131 3516 1176 et

1921 1211 2012 1280 qui
2035 1227 2089 1264 se
2125 1211 2366 1265 Ituntiltat
2402 1210 2725 1266 excitabitur
2769 1206 2935 1280 (Luc.
2989 1224 3145 1274 xvnt,
3180 1209 3301 1281 id).
3333 1210 3516 1269 Nostri

1922 1302 2220 1358 Salvatoris
2245 1303 2513 1359 adventus
2555 1302 2679 1373 quia
2706 1302 2799 1356 Dei
2834 1309 2920 1358 est
2955 1312 3009 1356 et
3046 1294 3298 1368 hominis,
3352 1305 3519 1360 vehe-

1921 1404 2134 1452 menter
2161 1395 2466 1465 diligendus
2496 1405 2580 1451 est
2608 1403 2663 1451 et
2688 1395 2810 1465 quia
2836 1393 3088 1464 judicati,
3127 1403 3181 1449 et
3218 1395 3512 1465 judicaturi

1919 1495 2022 1551 εει,
2051 1502 2158 1543 non
2187 1488 2536 1543 mediocriter
2563 1488 2907 1552 metuendus,
2929 1495 2983 1541 et
3007 1503 3107 1543 nos
3132 1489 3313 1558 itaque
3335 1489 3428 1545 Dei
3457 1499 3514 1544 ct

1918 1580 2154 1635 hominis
2179 1581 2466 1635 adventum
2501 1595 2622 1634 cum
2657 1579 2948 1635 dilectione
2989 1581 3273 1636 timeamus
3305 1592 3355 1636 et
3385 1599 3509 1637 cum

1918 1670 2112 1726 timore
2150 1671 2461 1742 diligamus,
2507 1680 2774 1741 quatenus
2815 1670 2987 1741 ipsum
3017 1674 3108 1741 qui
3139 1688 3323 1727 secum
3353 1675 3513 1728 hodie

1919 1772 2166 1818 naturam
2199 1773 2438 1818 nostram
2465 1761 2694 1816 elevavit
2723 1761 2778 1816 in
2802 1761 3023 1828 caelum,
3042 1762 3146 1817 laeti
3167 1762 3405 1834 judicent
3435 1765 3510 1818 vi-

218 1851 516 1907 admodum
561 1853 764 1925 gallina
807 1835 1083 1927 congregat
1107 1835 1296 1927 pullos
1347 1874 1469 1912 suos
1523 1858 1618 1913 sub
1645 1835 1774 1915 alas
1796 1902 1812 1928 ,
1847 1837 1892 1897 Β
1924 1855 2052 1911 dere
2076 1865 2132 1911 et
2161 1835 2359 1910 habere
2389 1854 2669 1910 valeamus
2720 1852 3004 1909 Dominum
3043 1866 3286 1912 nostrum
3323 1855 3507 1911 .lesum

218 1955 274 2000 et
303 1945 561 2002 noluisti?
589 1946 812 2017 (Matth.
843 1965 978 2005 mu
997 1989 1014 2015 ,
1061 1949 1152 2005 57.
1173 1950 1192 2020 )
1217 1949 1274 2006 Si
1307 1951 1448 2020 quod
1476 1951 1820 2008 voluitChri-

220 2047 346 2094 stus
404 2040 640 2095 mundus
680 2039 960 2106 voluisset,
1001 2046 1223 2098 credere
1277 2042 1463 2111 utique
1523 2051 1576 2098 et
1621 2043 1817 2102 salvari

217 2129 516 2200 potuisset.
538 2129 654 2186 Non
679 2131 824 2186 enim
854 2131 1075 2187 credere
1101 2131 1296 2202 potuit,
1318 2132 1443 2200 quia
1468 2132 1640 2189 uoluit
1663 2135 1816 2204 quod

218 2222 482 2279 Christus
520 2222 711 2280 voluit.
767 2223 832 2279 Et
885 2224 1012 2294 quia
1061 2239 1159 2280 sua
1210 2234 1425 2294 sponte,
1463 2240 1569 2282 non
1612 2225 1817 2282 Christi

217 2316 382 2388 371
424 2315 703 2372 voluntate
733 2317 964 2374 inﬁdelis
1003 2317 1178 2374 factus
1219 2328 1321 2384 est,
1363 2333 1487 2374 eum
1514 2317 1816 2388 judicatum

220 2423 333 2463 non
381 2406 714 2471 dubitamus.
746 2424 871 2465 cum
917 2409 1166 2466 Christus
1189 2410 1337 2465 dicat
1368 2424 1384 2464 :
1430 2409 1534 2476 Qui
1561 2427 1665 2466 non
1702 2428 1816 2467 cre-

217 2501 322 2568 dit,
356 2500 476 2570 jam
511 2501 790 2571 judicatus
814 2511 888 2556 est
921 2501 1117 2574 (Joan.
1153 2519 1246 2569 nt,
1278 2503 1398 2572 18).
1431 2502 1546 2559 Hoc
1591 2505 1646 2560 in
1694 2505 1813 2563 loco

218 2593 406 2649 mundi
452 2595 671 2651 nomine
705 2594 934 2667 populus
967 2593 1273 2652 Iudaeorum
1308 2597 1649 2670 intelligitur,
1691 2600 1814 2670 qui-

218 2695 323 2740 bus
358 2682 472 2755 ipse
501 2686 808 2756 specialiter
839 2685 1050 2742 locutus
1091 2697 1194 2753 εει,
1247 2691 1313 2745 ad
1355 2703 1492 2759 quos
1541 2690 1812 2760 praecipue

215 2779 423 2834 missus
467 2787 571 2834 est.
597 2778 832 2834 Mundus
861 2779 1043 2850 itaque
1067 2789 1124 2834 et
1161 2780 1414 2850 princeps
1439 2782 1622 2836 mundi
1651 2781 1808 2850 hujus

214 2867 414 2938 (Joan.
451 2883 561 2934 xvr,
613 2869 667 2923 ll
691 2871 730 2935 ).
758 2867 979 2924 Christo
1020 2869 1388 2925 testimonium
1445 2871 1764 2939 perhibente
1787 2911 1802 2937 ,

211 2959 488 3030 judicatus
515 2971 616 3018 est.
658 2961 755 3018 Ubi
803 2960 1104 3033 principem
1136 2961 1295 3030 hujus
1322 2962 1506 3017 mundi
1533 2963 1804 3018 diabolum

213 3055 518 3124 iudicatum
548 3056 762 3120 asserit,
813 3072 874 3112 se
915 3054 1162 3126 profecto
1210 3054 1482 3124 iudicasse
1530 3057 1803 3113 diabolum

212 3149 456 3203 ostendit
514 3164 639 3204 cum
671 3163 701 3203 a
741 3149 886 3203 nullo
931 3149 1031 3204 nisi
1082 3151 1151 3206 ab
1197 3151 1341 3220 ipso,
1383 3159 1436 3205 ct
1488 3165 1583 3220 per
1628 3150 1802 3222 ipsum

212 3239 391 3310 possit
439 3239 688 3295 diabolus
740 3238 994 3309 judicari.
1027 3241 1073 3295 Α
1102 3241 1320 3296 Christo
1369 3241 1533 3312 igitur
1559 3241 1805 3300 diabolus

211 3330 485 3400 judicatus
511 3341 613 3396 εειι,
645 3346 768 3386 ειιηι
797 3346 892 3388 cos
917 3347 1054 3403 quos
1077 3332 1411 3389 infidelitatis
1434 3335 1664 3390 vinculis
1693 3337 1805 3390 alli-

212 3431 462 3491 gaverat,
492 3422 692 3478 Christi
744 3425 1128 3494 praedicatione
1157 3441 1450 3483 conversos
1487 3429 1757 3484 amitteret
1787 3473 1802 3492 .

213 3522 270 3567 et
313 3513 552 3584 seipsum
609 3515 885 3588 plangeret
934 3515 1163 3585 ejectum
1219 3517 1364 3574 foras
1439 3519 1506 3575 de
1551 3523 1804 3579 cordibus

215 3603 522 3672 hominum,
556 3613 611 3661 et
670 3606 872 3660 nullout
917 3616 1098 3676 posset
1147 3615 1349 3671 tenere,
1389 3609 1481 3679 qui
1534 3612 1800 3666 crederet.

211 3694 396 3750 Etiam
441 3695 496 3750 iu
547 3712 708 3752 cruce
756 3697 966 3766 positus
1021 3697 1163 3752 circa
1211 3697 1341 3753 duos
1388 3699 1515 3753 illos
1566 3699 1804 3756 latrones

211 3787 532 3854 cruciﬁros,
561 3789 703 3844 inter
731 3803 866 3858 quos
896 3797 952 3842 et
982 3789 1094 3857 ipse
1124 3789 1416 3843 cruciﬁxus
1458 3788 1656 3853 fuerat,
1676 3790 1802 3858 jura

209 3876 438 3948 iustitia;
467 3876 777 3946 exercebat,
811 3877 899 3933 ubi
944 3877 1155 3932 illorum
1183 3877 1408 3932 alterum
1429 3869 1690 3945 judicavit
1733 3881 1799 3933 ad

211 3969 469 4038 gloriam,
517 3972 746 4025 alterum
803 3987 932 4026 vero
983 3969 1264 4040 deputavit
1313 3971 1378 4024 ad
1411 3986 1646 4040 poenam.
1691 3972 1799 4026 Sua

215 4061 494 4117 voluntate
532 4071 686 4119 stans
714 4063 852 4119 lixas
887 4065 939 4119 in
984 4080 1146 4120 cruce
1172 4079 1333 4118 verus
1365 4065 1658 4134 imperator
1712 4067 1800 4122 ille

211 4155 282 4211 de
329 4157 487 4212 hoste
540 4158 774 4227 superbo
820 4158 1206 4228 triumphabat.
1268 4157 1386 4213 Jam
1423 4159 1602 4213 divina
1649 4172 1797 4230 pote.

211 4257 357 4303 state
387 4248 568 4318 justus
597 4249 773 4305 Judex
822 4248 1129 4318 judicabat;
1172 4251 1283 4318 jam
1330 4267 1498 4322 agnos
1534 4253 1602 4308 ab
1631 4253 1798 4309 haedis

211 4339 524 4410 separabat,
575 4349 630 4395 et
655 4341 784 4410 quid
816 4341 868 4394 in
900 4341 1005 4396 alio
1031 4340 1236 4410 judicio
1263 4343 1333 4397 sit
1366 4343 1606 4397 facturus
1631 4345 1795 4414 signi-

210 4432 432 4500 ﬁcabat,
465 4433 693 4488 Ratione
714 4434 919 4504 pariter
941 4445 992 4488 et
1023 4435 1347 4488 auctoritate
1374 4435 1618 4501 docetur,
1653 4440 1793 4506 quod

1924 1947 2224 2012 Christum,
2253 1947 2345 2017 qui
2396 1963 2498 2000 una
2547 1946 2845 2016 eademque
2885 1946 3058 2018 gloria
3088 1955 3145 2002 et
3203 1950 3508 2019 majestate,

1923 2055 2044 2095 cum
2074 2038 2256 2104 Patre,
2290 2049 2345 2093 et
2372 2038 2574 2108 Spiritu
2625 2050 2834 2102 sancto,
2870 2038 2998 2092 vivit
3022 2049 3076 2093 et
3109 2048 3300 2110 regnat
3343 2039 3506 2109 Deus,

1920 2145 2018 2200 per
2039 2130 2220 2186 omnia
2250 2129 2449 2185 saecula
2479 2129 2824 2184 saeculorum.
2865 2130 3059 2183 Amen.

2433 2218 2594 2290 373
2627 2217 2858 2274 SERMO
2899 2215 3006 2272 vn.

2203 2328 2270 2367 DE
2316 2327 2724 2367 PUBIFICATIONE
2762 2325 2979 2365 SANCTE
3019 2326 3220 2364 MANE.

1988 2401 2316 2458 Solemnitas
2359 2403 2503 2466 lucc,
2557 2419 2678 2472 qua:
2717 2403 2786 2457 ad
2829 2403 3089 2458 honorem
3141 2402 3236 2457 Dei
3290 2411 3346 2458 et
3390 2403 3508 2474 ejus

1916 2493 2276 2548 sanctissima:
2320 2492 2512 2546 matris
2537 2492 2697 2546 hodie
2731 2491 3060 2557 celebratur,
3099 2490 3392 2562 majoribus
3427 2491 3505 2548 fc-

1913 2582 2242 2637 stivitatibus
2269 2581 2393 2635 anni
2413 2582 2535 2652 jure
2558 2581 2797 2637 creditur
2832 2597 2938 2637 non
2963 2582 3138 2637 minor
3162 2597 3312 2649 esse;
3352 2585 3496 2654 quod

1913 2675 2124 2730 ratione
2179 2684 2234 2729 et
2292 2675 2522 2729 veritate
2586 2675 2998 2730 monstrabitur.
3068 2675 3304 2731 Donabit
3360 2679 3502 2731 Deus

1911 2765 2073 2820 homo
2111 2774 2166 2819 et
2189 2775 2362 2819 mater
2392 2766 2565 2836 virgo,
2596 2777 2654 2820 ut
2681 2765 2823 2836 quod
2858 2766 2925 2821 ad
2951 2765 3162 2822 laudem
3187 2777 3243 2822 et
3272 2766 3498 2836 gloriam

1910 2859 2194 2930 utriusque
2232 2860 2559 2932 promissum
2589 2869 2702 2928 est,
2738 2861 3020 2931 utriusque
3065 2861 3319 2916 reddatur
3347 2863 3498 2916 auxi-

1909 2950 2000 3006 lio.
2050 2952 2250 3007 Eadem
2302 2953 2498 3024 quippe
2544 2951 2829 3008 devotione
2876 2968 2982 3023 qua
3033 2952 3148 3008 dies
3190 2951 3500 3008 Nativitatis

1909 3043 2124 3101 Domini
2150 3055 2202 3100 et
2227 3047 2540 3116 Epiphaniae
2569 3062 2600 3100 a
2645 3045 2950 3102 Christiana
2971 3045 3230 3117 religione
3257 3045 3499 3101 nomitur

1909 3139 2208 3205 celebrata,
2251 3139 2411 3195 debet
2437 3150 2490 3194 et
2524 3141 2624 3194 ista
2653 3139 2938 3194 celebrari.
2969 3137 3101 3193 Nam
3126 3140 3268 3195 sicut
3295 3139 3385 3194 illa
3414 3147 3498 3194 est

1910 3247 2009 3289 sua
2037 3234 2339 3303 praecipue,
2386 3243 2441 3288 et
2474 3233 2664 3288 matris
2694 3233 2898 3302 ipsius;
2931 3231 3010 3287 sic
3041 3242 3096 3288 et
3137 3233 3240 3288 ista
3286 3241 3369 3288 est
3399 3249 3496 3288 sua

1909 3326 2224 3396 specialiter
2265 3335 2320 3380 ct
2357 3327 2550 3381 matris
2598 3325 2758 3380 illius.
2812 3325 2908 3380 Est
2956 3324 3172 3394 quidem
3217 3323 3360 3380 illius
3387 3325 3494 3380 diei

1909 3418 2220 3474 soletnnitas
2273 3435 2465 3488 magna
2491 3459 2506 3485 ,
2549 3433 2655 3488 qua
2699 3417 2950 3472 Christus
2981 3417 3048 3471 de
3085 3415 3300 3486 Virgine
3326 3427 3496 3471 matre

1906 3522 2066 3566 natus
2108 3520 2210 3576 est,
2243 3520 2297 3566 et
2325 3528 2429 3582 qua
2478 3519 2560 3565 est
2591 3526 2619 3564 a
2666 3509 2871 3565 Joanne
2904 3507 3244 3578 baptizatus;
3297 3516 3352 3562 et
3393 3509 3494 3561 ista

1904 3603 2182 3673 aequaliter
2211 3619 2421 3675 magna,
2463 3618 2567 3672 qua
2593 3603 2660 3656 ah
2710 3603 2820 3672 ipsa
2868 3601 3056 3655 eadem
3090 3599 3330 3671 Virgine,
3363 3610 3416 3653 et
3464 3616 3494 3654 a

1898 3693 2048 3762 justo
2089 3691 2344 3747 Sitneone
2371 3701 2452 3746 est
2478 3691 2584 3747 Deo
2612 3690 2754 3744 Patri
2786 3693 2836 3744 in
2869 3689 3066 3760 templo
3091 3689 3320 3745 oblatus.
3353 3689 3496 3746 Dens

1903 3782 2066 3837 Pater
2092 3791 2214 3836 ante
2239 3791 2481 3853 tempora
2523 3799 2584 3836 ex
2617 3798 2675 3837 se
2703 3782 2944 3852 genitum
2977 3781 3208 3846 Filium,
3249 3791 3304 3835 ut
3335 3782 3496 3837 hon-o

1903 3872 2058 3930 fieret
2105 3874 2156 3928 in
2208 3890 2295 3939 ea,
2345 3874 2574 3928 contulit
2629 3874 2822 3944 virgini
2882 3874 3074 3937 matri;
3124 3889 3299 3929 mater
3345 3875 3495 3946 virgo

1902 3979 2150 4020 eumdem
2196 3965 2372 4034 ipsum
2404 3981 2465 4020 ex
2515 3981 2574 4020 se
2623 3966 2676 4020 in
2720 3976 2962 4034 tempore
2993 3975 3203 4030 natum,
3236 3966 3492 4020 hodierna

1900 4058 1988 4112 die
2021 4058 2289 4111 hominem
2315 4055 2509 4111 obtulit
2542 4057 2646 4111 Deo
2676 4055 2845 4109 Patri.
2889 4054 3072 4108 Manet
3096 4055 3278 4124 itaque
3299 4065 3354 4109 et
3383 4055 3493 4109 Deo

1901 4148 2045 4203 Patri
2078 4159 2132 4202 et
2171 4148 2362 4218 virgini
2409 4147 2569 4200 matri
2611 4146 2891 4200 mirandus
2928 4144 3088 4198 ﬁlius.
3130 4143 3300 4199 Valde
3340 4161 3493 4198 nam-

1899 4257 2005 4311 que
2026 4240 2330 4293 mirandum
2351 4245 2454 4302 est,
2474 4237 2616 4307 quod
2641 4247 2867 4305 excepta
2913 4235 3190 4289 hominum
3216 4235 3491 4290 communi

1898 4331 2194 4395 creatione,
2239 4330 2382 4384 Deus
2428 4327 2590 4384 habet
2612 4326 2802 4381 Filium
2850 4325 3158 4390 hominem,
3189 4334 3244 4378 et
3291 4325 3492 4380 femina

1900 4423 2070 4478 ﬁlium
2103 4423 2292 4478 Demn.
2327 4421 2440 4476 Hoc
2468 4421 2651 4490 utique
2680 4419 2732 4474 in
2777 4419 2994 4475 Christo
3025 4415 3224 4471 factum
3254 4425 3487 4484 constat,

206 4526 372 4596 judcx
423 4526 536 4597 jam
566 4527 795 4589 venerit,
829 4535 884 4581 et
922 4527 1086 4597 judex
1123 4535 1380 4581 venturus
1427 4539 1790 4597 exspectatur.

1910 4517 2100 4587 quiest
2138 4515 2282 4570 Deus
2321 4524 2374 4571 ct
2416 4515 2608 4579 homo,
2639 4521 2712 4583 ,ει
2751 4523 2980 4581 uterque
3027 4526 3192 4576 unus,
3235 4508 3400 4581 374
3436 4519 3490 4562 et

211 4616 551 4685 Majestatem
577 4617 837 4683 divinam,
861 4635 1020 4689 quam
1054 4635 1212 4674 unam
1236 4618 1590 4688 eamdemque
1616 4636 1798 4689 acqua-

211 4707 339 4762 liter
369 4708 532 4763 habet
579 4723 701 4763 cum
743 4709 899 4764 Patre
926 4720 978 4766 et
1011 4711 1215 4780 Spiritu
1245 4722 1457 4773 sancto,
1493 4711 1663 4766 Filius
1694 4712 1794 4766 lm-

211 4798 466 4866 miliavit,
498 4797 588 4853 ubi
620 4797 848 4855 formam
895 4801 1034 4855 servi
1077 4801 1339 4870 suscepit;
1384 4802 1437 4856 in
1476 4817 1578 4872 qua
1609 4801 1792 4856 Domi-

210 4907 318 4946 nus
342 4893 585 4948 omnium
619 4895 795 4951 factus
815 4900 900 4948 est
935 4893 1210 4947 hominum
1246 4908 1457 4956 servus,
1489 4901 1543 4948 et
1573 4894 1796 4948 servivit

207 4985 527 5044 hominibus
574 5002 742 5058 usque
789 4987 854 5041 ad
895 4994 1146 5040 mortem.
1186 4983 1527 5054 3721‘lanc
1577 4985 1793 5054 quidem

206 5078 522 5145 suscitavit,
554 5096 715 5149 quam
755 5079 993 5134 secundo
1033 5077 1342 5144 assumpsit,
1382 5077 1433 5131 in
1462 5092 1525 5132 ea
1560 5076 1795 5132 novissi-

208 5185 364 5225 mum
401 5171 527 5225 illud
557 5180 612 5226 et
642 5170 1035 5225 formidandum
1061 5167 1214 5223 valde
1237 5165 1499 5236 judicium
1530 5168 1790 5237 facturus,

209 5265 282 5320 ad
323 5269 466 5335 quod
503 5265 682 5321 omnia
720 5264 1016 5326 elementa,
1045 5273 1100 5318 et
1146 5265 1311 5319 etiam
1358 5265 1587 5318 virtutes
1630 5262 1796 5318 conlo-

206 5371 337 5411 rum
369 5355 852 5411 commovebuntur
881 5353 1106 5426 (Matth.
1138 5371 1290 5420 xxiv,
1319 5354 1440 5424 29).
1474 5353 1667 5408 Forma
1708 5353 1791 5407 di-

205 5447 482 5514 vinitatis,
533 5463 654 5518 quce
702 5461 806 5502 una
855 5455 937 5502 est
969 5445 1145 5501 Patris
1195 5456 1250 5502 et
1295 5445 1416 5500 Filii
1458 5455 1513 5499 et
1560 5443 1793 5514 Spiritus

207 5537 413 5602 sancti,
440 5551 539 5593 nec
568 5538 766 5592 mundo
797 5536 1066 5607 apparuit,
1121 5549 1221 5590 nec
1265 5534 1546 5605 apparebit
1577 5533 1627 5587 in
1651 5532 1794 5601 judi-

208 5630 340 5697 cio;
369 5633 462 5686 sed
488 5631 661 5686 forma
696 5629 928 5686 hominis
959 5643 1081 5684 cum
1109 5627 1356 5683 claritate
1383 5625 1570 5691 multa,
1596 5635 1650 5680 et
1677 5640 1792 5679 ma-

211 5737 323 5793 gna
379 5730 643 5794 potestate
687 5721 974 5786 videbitur,
1003 5733 1121 5790 quae
1156 5718 1212 5773 in
1263 5716 1356 5772 Dei
1407 5715 1562 5784 Filio,
1606 5723 1660 5771 et
1698 5713 1792 5770 Dei

211 5814 388 5873 Filius
415 5816 466 5872 in
502 5831 566 5874 ea
591 5813 873 5885 judicabit.
910 5811 973 5868 Et
1001 5812 1102 5869 hoc
1133 5811 1347 5884 quidem
1373 5807 1518 5880 justa
1544 5817 1592 5865 et
1628 5807 1784 5864 ratio-

1898 4611 2041 4664 lllius
2075 4609 2376 4679 utriusque.
2435 4607 2535 4662 Hic
2584 4606 2778 4661 unicus
2827 4606 2969 4660 ﬁlius
3009 4605 3172 4660 unico
3224 4603 3373 4658 Patri
3419 4604 3488 4659 ab

1899 4703 2057 4757 unica
2116 4711 2290 4756 matre
2348 4699 2562 4756 oblatus
2619 4707 2725 4761 est,
2764 4713 2904 4752 unus
2949 4699 3069 4763 uni;
3120 4696 3230 4751 imo
3275 4697 3327 4750 in
3383 4711 3487 4749 uno

1896 4811 2086 4852 omnes
2112 4797 2296 4852 ﬁdeles
2327 4804 2454 4850 sunt
2480 4793 2666 4850 oblati.
2709 4792 2860 4846 Hanc
2891 4791 3034 4846 diem
3081 4788 3443 4845 venerabilem
3467 4829 3483 4853 ,

1899 4889 2040 4944 diem
2069 4903 2191 4943 esse
2221 4887 2558 4960 purgationis
2585 4885 2766 4939 Mariae
2792 4884 3086 4939 secundum
3113 4882 3284 4952 legem
3314 4881 3487 4936 Evan-

1898 4977 2092 5049 gelium
2118 4985 2366 5032 testatur.
2397 4975 2588 5030 Merito
2617 4982 2791 5029 mater
2822 4973 2993 5044 legem
3045 4972 3302 5038 servavit,
3333 4971 3485 5043 cujus

1897 5066 2066 5121 Filius
2085 5075 2139 5120 et
2169 5065 2340 5135 legem
2388 5065 2636 5132 dederat,
2676 5075 2731 5120 et
2778 5074 3001 5119 venerat
3047 5063 3184 5117 utin
3227 5079 3284 5119 se
3314 5062 3483 5133 legem

1898 5157 2239 5228 adimpleret,
2266 5171 2427 5226 quam
2460 5156 2579 5212 aliis
2607 5158 2828 5212 dederat
2855 5167 3001 5210 ante.
3041 5155 3128 5210 Illa
3175 5167 3351 5211 tamen
3385 5172 3487 5226 pu-

1897 5252 2016 5308 dica
2055 5248 2266 5321 puella,
2314 5264 2415 5303 nec
2451 5248 2504 5303 in
2549 5249 2905 5318 aliquo,.nec
2952 5249 3016 5304 de
3043 5249 3225 5318 aliquo
3259 5249 3477 5315 habuit,

1897 5343 2040 5398 unde
2086 5352 2214 5395 tunc
2252 5349 2595 5411 purgarctur.
2633 5340 2830 5396 Sancta
2874 5341 3072 5397 etenim
3103 5342 3256 5412 virgo
3281 5340 3382 5394 fuit
3426 5349 3481 5394 et

1897 5437 1953 5492 in
1983 5433 2372 5505 conceptione,
2402 5442 2458 5488 et
2506 5435 2559 5488 in
2593 5435 2872 5490 nativitate
2914 5434 3112 5506 prolis,
3153 5443 3206 5490 et
3241 5503 3253 5512 .
3275 5435 3480 5489 idcirco

1895 5543 2032 5600 puer
2076 5537 2233 5582 natus
2262 5543 2329 5581 ex
2374 5541 2436 5580 ca
2484 5525 2700 5580 vulvam
2747 5527 2863 5596 ejus
2907 5541 3012 5580 non
3055 5524 3296 5596 aperuit,
3353 5525 3480 5580 licet

1896 5635 1995 5690 per
2023 5619 2170 5674 illam
2204 5618 2346 5672 illius
2379 5618 2519 5674 uteri
2553 5629 2763 5689 portam
2792 5626 3126 5672 nasceretur.
3157 5617 3320 5672 Porta
3351 5632 3480 5671 ven-

1897 5713 1998 5770 tris
2018 5712 2134 5782 ejus
2155 5712 2379 5784 virginis
2411 5713 2621 5767 exstitit
2667 5711 2820 5765 vulva
2854 5710 2970 5780 ejus
3009 5708 3075 5764 de
3099 5725 3202 5780 qua
3231 5711 3477 5767 Ezechiel

1895 5807 2158 5878 propheta
2213 5806 2294 5862 sic
2341 5805 2620 5876 loquitur:
2657 5804 2752 5860 Est
2795 5811 2946 5875 porta
2983 5803 3034 5856 in
3065 5803 3218 5857 domo
3269 5803 3478 5859 Domini
