3986 6462
457 367 565 423 263

1450 362 1766 418 GOFFRlDi
1805 359 2096 416 ABBATIS
2136 357 2656 416 VINDOCINENSIS

3596 361 3682 418 26
3696 361 3729 414 5

452 486 656 548 clausa,
695 494 742 538 et
804 498 907 536 non
953 481 1214 552 aperietur
1249 477 1461 548 (Eucti.
1512 494 1658 544 κων,
1696 477 1788 547 2).
1834 477 2030 532 Domus
2061 483 2106 539 Α
2135 484 2278 528 tanta
2306 476 2464 542 bona,
2494 491 2611 545 qua:
2640 477 2690 529 in
2716 477 2965 546 pra-senti
2994 476 3280 548 Evangelia
3308 487 3728 540 memorantur,

455 575 664 630 Domini
695 582 781 628 est
806 575 946 628 bona
977 571 1171 634 Maria,
1209 569 1335 638 quia
1373 569 1484 637 ipse
1518 568 1760 622 fundavit
1788 583 1940 632 eam,
1974 580 2025 622 et

457 666 622 721 homo
675 664 848 719 factus
869 674 953 717 est
1020 660 1071 714 in
1105 674 1168 714 ea
1225 657 1405 729 (I’sal.
1462 674 1691 723 Lxxxw,
1726 657 1814 729 5).
1867 658 2026 713 Porta

451 754 612 823 hujus
655 755 868 816 domus,
899 761 958 805 ut
985 751 1191 806 dictum
1236 760 1318 806 est
1357 751 1629 820 superius,
1663 750 1761 806 fuit
1790 750 1942 805 Vulva
1973 751 2027 804 in

453 844 678 915 virginis
712 853 884 905 utero,
917 858 1012 912 per
1041 858 1202 910 quam
1247 845 1486 897 clausam
1527 843 1744 912 quidem
1775 857 2026 912 egressus

452 946 536 992 est
565 937 617 991 in
647 951 752 990 una
785 949 1012 1005 persona
1046 934 1188 989 Deus
1218 947 1272 989 et
1316 937 1494 989 homo.
1527 933 1693 1002 Cujus
1718 934 2024 988 beatissima

452 1035 644 1090 mater,
686 1025 809 1079 licet
849 1040 954 1078 non
995 1024 1268 1093 ignoraret
1303 1025 1424 1094 quis
1452 1033 1594 1078 esset
1624 1041 1782 1095 quem
1813 1025 2026 1096 genuis-

450 1128 562 1182 set;
592 1116 678 1171 cui
718 1115 970 1171 videlicet
1013 1130 1116 1169 non
1146 1123 1265 1169 erat
1307 1115 1394 1168 lex
1433 1117 1627 1185 posita,
1657 1116 1750 1171 sed
1788 1113 2025 1182 subjecta

451 1213 504 1267 in
540 1211 737 1281 templo
773 1220 948 1264 tamen
983 1208 1152 1263 ﬁlium
1189 1208 1403 1272 obtulit,
1431 1208 1587 1275 juxta
1632 1208 1764 1278 legis
1804 1210 2027 1262 manda-

455 1317 588 1360 tum.
614 1304 960 1373 Exspectavit
979 1303 1196 1374 quidem
1227 1301 1365 1356 diem
1389 1301 1746 1372 purgationis,
1769 1310 1824 1354 et
1852 1299 2028 1354 occul-

455 1400 589 1452 tavit
627 1397 716 1450 ﬁlii
740 1395 1011 1450 deitatem.
1043 1394 1452 1449 NamsiCbristi
1495 1394 1796 1449 incarnatio
1835 1393 2025 1448 fuisset

454 1500 581 1544 nota
626 1488 857 1553 diabolo,
920 1502 1018 1542 nec
1057 1487 1303 1541 Christus
1344 1503 1440 1552 pro
1502 1487 1657 1540 nobis
1703 1497 2022 1550 moreretur,

456 1598 553 1636 nec
585 1581 737 1635 ﬁeret
769 1588 950 1634 nostra
990 1579 1306 1648 redemptio.
1338 1577 1471 1632 Nata
1501 1579 1654 1649 prole
1681 1592 1896 1646 agnum,
1931 1595 2029 1648 par

456 1683 724 1728 turturum
747 1712 762 1736 ,
805 1679 893 1725 aut
946 1671 1079 1726 duos
1112 1671 1284 1741 pullos
1308 1672 1680 1726 colmnbarum
1709 1673 1887 1728 oﬁ'erri
1929 1689 2025 1742 pro

453 1781 517 1821 ea
570 1766 744 1819 fuerat
781 1763 912 1832 legis
954 1771 1277 1831 praeceptum
1316 1760 1474 1832 (Leu.
1527 1779 1638 1829 xu,
1688 1765 1771 1833 6).
1806 1765 1954 1832 Quod
1979 1765 2024 1820 si

454 1859 595 1913 forte
631 1856 791 1927 375
823 1854 983 1908 alicui
1029 1871 1197 1925 agnus
1244 1856 1484 1920 deesset,
1538 1856 1766 1912 alterum
1835 1858 2024 1910 bormn

453 1948 538 2002 vel
589 1960 909 2018 utrumque,
962 1963 1060 2020 par
1108 1945 1358 2000 videlicet.
1403 1955 1701 2015 turturum,
1753 1957 1846 2001 attt
1894 1948 2028 2001 duos

457 2037 633 2107 pullos
684 2039 1089 2103 columbarum,
1147 2035 1373 2090 Domino
1441 2040 1492 2089 in
1547 2035 1642 2090 ﬁlii
1701 2036 2026 2091 oblationem

449 2129 668 2181 otfcrret
685 2129 861 2198 (ibid.,
877 2129 960 2198 8).
980 2128 1034 2181 tn
1049 2135 1278 2196 utroque
1290 2126 1659 2190 Testamento,
1674 2136 1725 2180 et
1748 2128 1797 2182 in
1824 2128 1956 2197 lege,
1974 2137 2028 2182 et

449 2221 501 2274 in
525 2219 813 2288 Evangelio
842 2221 1036 2274 mentis
1059 2229 1113 2274 et
1135 2220 1378 2288 corporis
1397 2220 1721 2288 parilitatem
1773 2221 2027 2274 Dominus

450 2312 636 2381 exigit.
666 2311 917 2364 Parilitas
942 2311 1028 2364 illa
1059 2312 1171 2364 Inec
1197 2320 1298 2376 est,
1325 2326 1446 2380 qua:
1469 2327 1496 2363 a
1529 2310 1754 2364 Domino
1773 2311 2024 2380 exigitur,

451 2415 512 2458 ut
540 2406 737 2458 boutnn
773 2403 915 2473 quod
944 2421 972 2456 a
1003 2403 1156 2458 nobis
1185 2402 1317 2456 foris
1346 2403 1649 2457 ostenditur
1668 2444 1682 2468 ,
1723 2405 1869 2473 prius
1899 2418 2028 2457 con-

454 2495 688 2559 cipiatur
761 2493 812 2546 in
884 2501 1081 2546 mente.
1160 2491 1274 2545 Non
1331 2492 1474 2545 enim
1533 2505 1654 2546 cum
1719 2490 2029 2546 diﬁicultate

453 2584 649 2637 bonum
699 2598 832 2652 opus
883 2583 996 2636 ﬁeri
1051 2582 1244 2645 debet,
1295 2584 1388 2636 sed
1430 2598 1551 2636 cum
1589 2583 1890 2648 hilaritate;
1929 2599 2029 2638 nec

452 2663 576 2728 inde
642 2656 907 2728 allectare
955 2673 1211 2728 debemus
1270 2673 1480 2727 laudem
1546 2674 1858 2740 hominum,
1933 2675 2026 2729 sed

449 2775 766 2835 exspectare
812 2779 842 2818 a
876 2765 1098 2818 Domino
1147 2763 1576 2818 retributionem.
1628 2763 1740 2820 l-loc
1779 2765 1938 2819 modo
1968 2765 2028 2819 ﬁt

451 2857 628 2912 hostia
655 2866 809 2926 grata
858 2855 985 2919 Deo,
1031 2865 1354 2926 gratumque.
1392 2856 1492 2910 sibi
1542 2856 1707 2910 Deum
1749 2855 1900 2923 facit,
1935 2858 2023 2926 qui

451 2949 529 3003 sic
560 2949 779 3017 pauperi
812 2949 1039 3018 porrigit
1087 2964 1323 3002 manum.
1359 2947 1560 3003 'l'urtur
1585 2949 1699 3004 avis
1733 2958 1882 3004 casta
1919 2960 2022 3013 est,

447 3056 568 3110 quae
618 3055 900 3095 munerosa
951 3040 1200 3110 conjugia
1252 3055 1543 3110 respuens,
1585 3041 1872 3096 blanditias
1919 3058 2022 3096 non

447 3140 604 3184 curat
628 3131 879 3195 aliorum,
914 3146 1019 3184 uno
1050 3129 1164 3184 solo
1192 3129 1420 3200 conjuge
1448 3142 1714 3186 contenta.
1757 3132 1860 3187 Per
1888 3135 2025 3188 hanc

450 3223 692 3276 Ecclesia
741 3221 1003 3277 catholica
1049 3222 1311 3290 signatur,
1363 3239 1481 3292 qua:
1524 3225 1612 3277 uni
1664 3226 1780 3279 viro
1827 3242 2023 3296 sponso

448 3315 664 3370 Christo
726 3314 1066 3369 solummodo
1122 3314 1489 3384 desponsata,
1553 3332 1651 3372 nec
1711 3319 2022 3375 muneribus

446 3410 835 3478 corrumpitur,
870 3418 924 3462 et
953 3409 1106 3478 quasi
1140 3421 1424 3462 numerosa
1456 3406 1701 3480 conjugia
1742 3425 2019 3480 respuens,

447 3503 828 3557 haereticorum
860 3501 992 3556 vitat
1021 3501 1316 3556 consortia.
1341 3499 1456 3554 Duo
1483 3499 1606 3569 pulli
1631 3501 2019 3570 columbarum,

441 3592 595 3660 juxta
641 3593 774 3664 legis
822 3593 1124 3657 decretum,
1175 3593 1226 3646 in
1281 3591 1654 3646 holocaustum
1700 3594 2017 3650 otl‘eruntur.

447 3683 601 3751 Quod
630 3687 735 3740 duo
763 3696 908 3751 sunt,
940 3686 1284 3741 commendat
1313 3683 1664 3750 charitatcm;
1697 3689 1838 3756 quod
1870 3689 2017 3756 pulli.

449 3778 812 3832 innocentiam
862 3781 1074 3850 signat;
1132 3782 1274 3850 quod
1323 3781 1693 3837 columbarum
1745 3779 2018 3846 dicuntur,

450 3869 650 3925 iudicat
679 3871 959 3926 unitatem.
993 3873 1182 3928 Merito
1224 3876 1430 3930 duobus
1477 3874 1713 3930 charitas
1748 3889 2024 3930 commen-

448 3963 630 4028 datur,
671 3965 923 4033 quoniam
973 3965 1026 4019 in
1079 3980 1141 4020 ea
1195 3968 1297 4023 duo
1326 3971 1674 4023 continentur
1723 3979 2022 4038 praecepta,

447 4056 644 4127 quibus
678 4057 818 4111 Deus
847 4068 901 4111 et
932 4059 1212 4127 proximus
1240 4061 1502 4129 diligitur.
1529 4061 1584 4114 In
1616 4061 1804 4131 pullis,
1849 4061 1900 4115 id
1938 4070 2021 4115 est

384 4175 386 4178 ν
447 4148 502 4202 in
534 4146 788 4216 parvulis,
823 4157 968 4216 recte
989 4148 1237 4215 signatur
1268 4151 1596 4216 innocentia,
1628 4167 1656 4204 a
1691 4152 1888 4220 quibus
1914 4166 2019 4205 non

445 4239 663 4306 pr0pria
707 4238 1027 4303 vindicatur,
1055 4240 1149 4294 sed
1193 4242 1533 4295 condonatur
1578 4240 1792 4309 injuria.
1828 4240 1883 4295 ln
1926 4255 2018 4294 co-

448 4325 625 4381 lmnba
648 4343 750 4380 non
771 4327 1065 4398 incongrue
1085 4329 1340 4386 Ecclesia:
1369 4335 1545 4386 Imitas
1569 4332 1841 4402 ﬁguratur,
1858 4333 2024 4404 376

446 4419 582 4474 sicut
606 4420 861 4475 Dominus
878 4420 1038 4474 dicit:
1066 4419 1182 4475 Una
1199 4433 1272 4476 est
1285 4424 1522 4477 columba
1537 4441 1649 4477 mea
1665 4423 1925 4494 (Cant.vt.
1940 4427 2016 4496 8).

2135 566 2246 620 seni
2295 565 2532 621 Simeoni
2582 567 2774 621 collata
2818 568 3066 630 fuerunt;
3109 569 3152 623 si
3206 569 3328 638 quis
3367 570 3730 623 desideraret

2134 673 2314 720 nosse,
2349 673 2415 711 ex
2458 658 2575 728 ejus
2620 659 2855 714 nominis
2888 660 3332 728 interpretatione
3374 659 3571 714 discat.
3619 657 3727 714 Si-

2133 763 2288 802 meon
2318 749 2462 802 enim
2516 751 2715 803 audivit
2761 752 3026 804 tristitiam
3071 750 3480 820 interpretatur,
3513 759 3571 805 et
3613 750 3729 803 tri-

2132 841 2278 894 stitia
2307 841 2572 912 signiﬁcat
2605 843 2996 912 paenitentiam.
3028 842 3267 906 Simeon,
3291 842 3344 896 in
3375 857 3482 912 quo
3511 857 3722 896 omnes

2133 933 2454 999 ptenitentes
2488 933 2806 1002 ﬁgurantur,
2833 947 2926 1004 per
2955 933 3330 1001 pmititentiam
3385 931 3545 986 desiit
3580 946 3722 985 esse

2133 1035 2405 1092 peccator,
2431 1036 2485 1080 et
2512 1025 2686 1080 factus
2715 1035 2799 1080 est
2823 1025 2999 1094 justus
3030 1041 3093 1080 ex
3133 1033 3432 1095 peccatore.
3465 1025 3564 1092 Qui
3595 1041 3717 1079 non

2133 1116 2302 1168 solum
2335 1116 2400 1170 de
2429 1131 2506 1179 se,
2538 1120 2630 1171 sed
2667 1117 2828 1171 etiam
2858 1119 2921 1170 de
2957 1118 3214 1187 proximis
3259 1117 3372 1171 suis
3414 1118 3718 1182 SOliiCllUS.

2131 1209 2322 1260 orabat
2346 1222 2442 1275 pro
2475 1207 2579 1262 illis
2607 1209 2839 1263 assidue.
2869 1207 3073 1264 Orabat
3117 1225 3216 1280 pro
3247 1209 3350 1264 illis
3377 1218 3432 1264 et
3473 1225 3570 1280 pro
3595 1212 3718 1264 illis

2134 1298 2374 1352 timebat.
2427 1298 2611 1353 Siehat
2652 1301 2795 1354 enim
2845 1300 2987 1369 quod
3020 1301 3093 1353 ita
3137 1315 3236 1368 pro
3263 1302 3520 1370 proximis
3560 1305 3718 1356 sicut

2131 1405 2229 1459 pro
2256 1391 2436 1460 seipso
2469 1400 2588 1445 erat
2636 1395 2929 1463 agendum;
2968 1401 3023 1447 et
3049 1394 3188 1462 quod
3216 1375 3315 1448 sibi
3349 1404 3402 1448 et
3440 1399 3719 1465 proximis

2130 1480 2308 1537 fuerat
2341 1483 2620 1553 prwmium
2648 1487 3086 1554 exspectandum.
3117 1484 3422 1541 Timoratus
3447 1488 3612 1556 igiur
3641 1503 3717 1543 ex

2135 1577 2535 1643 prseteritorum
2591 1576 2849 1630 memoria
2909 1587 3282 1645 peccatorum,
3331 1588 3386 1634 et
3441 1595 3504 1634 ex
3569 1580 3719 1648 legis

2130 1665 2531 1733 observatione,
2583 1677 2637 1722 et
2679 1666 2840 1738 377
2888 1683 2951 1721 ex
2989 1669 3110 1724 ﬁdei
3157 1671 3488 1740 operatione,
3538 1683 3716 1740 atque

2130 1757 2217 1826 pia
2249 1758 2626 1826 compassione
2671 1759 3036 1827 proximorum
3077 1762 3276 1827 justus,
3320 1759 3465 1829 juste
3518 1763 3716 1831 perhi—

2062 1834 2102 1892 Β
2131 1849 2288 1902 betur
2341 1848 2394 1903 in
2449 1864 2513 1904 eo
2562 1864 2680 1903 esse
2727 1848 2959 1918 Spiritus
3009 1858 3248 1906 sanctus.
3291 1850 3357 1904 Et
3399 1869 3714 1920 responsum

2129 1950 2394 2010 acceperat
2435 1958 2466 1993 a
2499 1939 2701 2010 Spiritu
2741 1951 2922 1994 sancto
2957 1957 3059 1995 non
3101 1941 3329 1996 visurum
3369 1959 3423 1996 se
3459 1957 3709 2005 mortem,

2131 2030 2230 2082 uisi
2263 2030 2408 2098 prius
2449 2030 2638 2084 videret
2669 2031 2929 2083 (.ltristum
2963 2031 3169 2084 Domini
3197 2031 3369 2102 (ibid.,
3399 2032 3511 2104 36).
3549 2035 3717 2091 Sicut

2132 2121 2405 2176 nescimus
2435 2123 2522 2176 ubi
2545 2131 2600 2176 et
2620 2123 2834 2192 quando
2865 2123 3160 2193 acceperit,
3197 2125 3265 2178 ita
3297 2127 3437 2194 quod
3467 2142 3712 2195 accepco

2131 2213 2222 2276 rit,
2249 2221 2302 2266 et
2325 2229 2353 2266 a
2385 2229 2490 2282 quo
2511 2222 2565 2267 et
2586 2215 2854 2284 quomodo
2875 2215 3147 2284 acceperit
3166 2217 3299 2271 certi
3322 2233 3530 2273 sumus.
3563 2219 3714 2274 Nam

2132 2303 2234 2356 ﬁde
2262 2313 2316 2357 et
2337 2303 2646 2371 dilectione,
2679 2304 2957 2374 multiplici
2983 2321 3161 2375 prece,
3188 2307 3399 2361 assidua
3423 2308 3709 2372 oratione,

2129 2404 2184 2448 et
2223 2395 2484 2450 honorum
2516 2398 2814 2452 assertione
2836 2412 3058 2467 cperunt
3099 2399 3200 2453 hoc
3231 2414 3545 2468 responsum
3578 2416 3716 2454 meo

2131 2489 2291 2541 ruita
2341 2487 2545 2558 Spiritu
2581 2497 2789 2554 sancto,
2821 2499 2878 2544 et
2918 2491 3151 2545 obtinuit
3192 2492 3538 2560 promissum.
3584 2493 3716 2547 Hoc

2128 2578 2302 2648 ipsum
2332 2579 2681 2649 spiritualiter
2723 2597 3053 2651 unaquaeque
3085 2583 3254 2637 ﬁdelis
3292 2583 3470 2637 anima
3503 2599 3533 2637 a
3565 2584 3712 2654 Spi-

2131 2672 2234 2724 ritu
2264 2681 2454 2726 saneto
2481 2672 2726 2742 percipit,
2753 2674 2844 2726 sed
2868 2673 3116 2728 videlicet
3142 2690 3246 2728 non
3274 2675 3515 2728 visurum
3542 2692 3711 2729 mor-

2131 2769 2260 2825 tem,
2299 2761 2400 2815 nisi
2451 2762 2602 2832 prius
2649 2764 2830 2818 videat
2878 2763 3230 2819 Salvatorem.
3273 2764 3414 2820 Vidit
3473 2766 3708 2821 Simeon

2129 2855 2394 2923 corporali
2426 2855 2620 2910 intuitu
2650 2856 2924 2912 Christum
2958 2857 3010 2910 in
3044 2871 3227 2922 carne,
3257 2868 3311 2912 et
3342 2859 3712 2928 corporaliter

2130 2947 2316 3001 habuit
2341 2959 2680 3017 praesentem.
2713 2950 2778 3002 Et
2816 2964 2913 3003 nos
2939 2948 3212 3004 obtutibus
3260 2949 3456 3004 mentis
3487 2961 3541 3004 et
3571 2952 3712 3006 ﬁdei

2130 3039 2278 3094 illum
2326 3040 2379 3094 in
2438 3041 2549 3095 suis
2599 3041 2952 3096 sacramentis
2999 3041 3246 3095 videmus
3297 3051 3596 3096 manentem
3647 3044 3713 3098 in

2131 3131 2307 3198 nobis,
2331 3141 2385 3187 et
2409 3143 2746 3203 operantem.
2769 3132 2924 3201 Nam,
2951 3136 3051 3191 nisi
3075 3137 3304 3207 quisque
3320 3146 3444 3189 ante
3467 3147 3709 3191 mortem

2129 3225 2374 3296 corporis
2402 3225 2665 3296 spirituali
2697 3227 2866 3296 gratia
2889 3239 3137 3284 cerneret
3169 3239 3223 3284 et
3257 3229 3480 3284 haberet
3502 3229 3708 3296 Deum,

2126 3326 2301 3372 morte
2329 3318 2677 3372 damnaretur
2703 3328 2922 3372 aeterna.
2961 3320 3106 3376 Vidit
3136 3320 3352 3379 Simeon
3384 3323 3552 3380 oculis
3571 3339 3712 3379 cor-

2126 3406 2276 3475 poris
2299 3406 2574 3460 Christum
2608 3407 2902 3472 hominem,
2952 3418 3007 3462 et
3053 3411 3214 3465 corde
3255 3421 3308 3466 et
3336 3428 3559 3482 corpore
3597 3413 3710 3469 Dei

2127 3499 2179 3552 in
2221 3499 2439 3552 homine
2471 3499 2719 3552 adoravit
2758 3497 3116 3568 majeSIatem.
3164 3502 3230 3557 Et
3266 3519 3364 3558 nos
3393 3505 3605 3576 quidem
3647 3506 3710 3562 in

2125 3591 2444 3662 baptismate
2472 3591 2642 3646 oculis
2665 3593 2847 3646 carnis
2876 3609 3070 3663 aquam
3100 3594 3363 3663 videmus,
3388 3607 3440 3652 et
3469 3599 3519 3651 in
3553 3614 3710 3667 aqua

2123 3684 2396 3740 Christum
2425 3684 2596 3755 ipsum
2622 3685 2793 3739 oculis
2827 3686 3019 3740 animae
3057 3700 3374 3756 przesentem
3398 3691 3713 3757 cernimus,

2125 3785 2180 3830 et
2209 3777 2260 3830 in
2290 3777 2405 3847 ipso
2433 3784 2596 3830 totam
2631 3776 2974 3831 Trinitatem.
3027 3776 3179 3834 Sicttt
3201 3783 3345 3835 enim
3381 3792 3486 3836 tota
3513 3781 3712 3836 Trini-

2127 3875 2208 3920 tas
2237 3866 2405 3920 adfuit
2435 3866 2484 3920 in
2518 3867 2836 3936 baptismate
2858 3865 3083 3930 Christi,
3107 3870 3309 3945 sictota
3334 3870 3569 3925 Trinitas
3599 3873 3708 3925 ﬁr-

2126 3958 2285 4012 miter
2327 3959 2517 4013 adesse
2561 3961 2796 4014 creditur
2817 3971 2872 4015 et
2911 3963 2961 4015 in
3006 3963 3328 4032 baptismate
3369 3961 3706 4031 Christiani,

2127 4051 2178 4104 iu
2209 4067 2316 4119 quo
2347 4066 2451 4104 non
2502 4051 2672 4105 solum
2721 4054 2993 4109 cernimus
3034 4054 3337 4120 Christum,
3371 4057 3465 4112 sed
3517 4058 3710 4128 ipsum

2124 4140 2414 4195 induimus.
2447 4139 2511 4194 Et
2544 4142 2674 4194 renit
2699 4141 2754 4195 in
2780 4140 2981 4207 Spiritu
3010 4146 3062 4200 in
3093 4144 3337 4214 templum
3369 4147 3542 4218 (ibid.,
3573 4149 3708 4218 Ξῖ).

2127 4231 2184 4286 Si
2213 4232 2492 4301 qumritur,
2541 4233 2729 4302 inquo
2756 4234 2948 4304 spiritu
2993 4235 3209 4291 Simeon
3248 4235 3427 4304 justus
3461 4238 3512 4291 in
3559 4248 3711 4294 tem-

2123 4323 2268 4394 plum
2294 4323 2521 4387 venerit,
2572 4325 2755 4392 utique
2795 4324 2847 4378 in
2893 4323 3095 4395 Spiritu
3129 4338 3338 4390 saneto,
3367 4327 3458 4396 qui
3498 4343 3711 4382 secun-

2125 4416 2248 4471 dum
2279 4415 2638 4486 evangelieam
2680 4416 2962 4471 veritatem
3011 4417 3176 4488 378
3213 4418 3264 4472 iu
3297 4433 3362 4473 eo
3386 4428 3521 4474 erat.
3557 4419 3711 4476 Vere

446 4512 706 4568 Columba
754 4523 1018 4584 praeterea
1067 4515 1487 4569 cobabitantimn
1533 4531 1714 4570 secum
1761 4517 2020 4572 unitatem

2127 4509 2360 4579 Spiritus
2393 4519 2631 4575 sanctus,
2668 4525 2775 4580 quo
2809 4509 3002 4564 ductus
3028 4521 3111 4566 est
3133 4510 3289 4565 Jesns
3315 4512 3366 4565 in
3397 4513 3705 4577 desertum,

447 4620 554 4657 non
586 4605 806 4667 deserit,
854 4603 948 4658 sed
981 4602 1214 4657 fideliter
1240 4613 1446 4668 servat;
1475 4613 1530 4658 et
1577 4604 1621 4657 si
1653 4621 1817 4659 causa
1858 4623 2022 4676 expo-

450 4696 632 4755 stulet.
659 4693 870 4750 fortiter
897 4695 1138 4749 dimicat.
1158 4694 1308 4750 Tunc
1334 4696 1504 4751 ﬁdelis
1525 4697 1751 4766 quisque
1774 4698 2020 4758 columba

445 4787 570 4846 erit,
594 4785 636 4838 si
664 4785 747 4854 pia
773 4784 1199 4854 longanimitate,
1224 4801 1394 4856 usque
1422 4787 1472 4841 in
1497 4787 1656 4842 ﬁnem
1682 4789 1736 4843 in
1770 4788 2022 4848 Ecclesiae
2045 4842 2062 4857 ,

449 4875 730 4929 catholica:
762 4874 1022 4928 manserit
1052 4875 1258 4929 unitate
1283 4916 1298 4939 ,
1327 4886 1380 4930 et
1419 4878 1461 4932 si
1504 4877 1740 4949 legitime
1771 4897 1866 4951 pro
1899 4880 2020 4938 ﬁdei

449 4965 758 5020 defensione
781 4967 1093 5020 certaverit.
1129 4967 1191 5022 Et
1220 4984 1333 5021 ecce
1371 4971 1522 5022 homo
1550 4980 1660 5024 erat
1690 4971 1744 5024 in
1768 4971 2023 5028 Hierusa-

447 5057 572 5120 lem,
604 5059 807 5110 nomine
830 5055 1069 5123 Simeon;
1093 5070 1139 5112 et
1162 5061 1312 5113 homo
1334 5061 1427 5113 iste
1443 5061 1622 5129 justus
1651 5073 1696 5115 et
1725 5064 2020 5130 timoratus,

449 5158 751 5216 umectans
781 5151 1186 5205 consolationem
1237 5151 1408 5205 Israel
1449 5151 1601 5222 (Luc.
1627 5169 1688 5218 ll,
1717 5153 1831 5224 25).
1863 5154 2020 5222 Ecce,

449 5240 805 5295 desiderantis
846 5243 1023 5312 signat
1051 5240 1320 5308 atl‘ectum,
1371 5243 1494 5312 quia
1537 5245 1807 5301 Simeonis
1843 5246 2025 5314 animo

447 5332 725 5389 Christum
776 5335 956 5390 videre
1001 5336 1234 5405 cupienti
1283 5335 1357 5391 nil
1413 5337 1543 5391 satis
1587 5335 1896 5392 festinabat.
1953 5334 2024 5390 Et

448 5437 558 5482 erat
585 5427 758 5492 homo,
785 5430 992 5484 nomine
1032 5429 1266 5496 Simeon,
1309 5433 1363 5485 in
1393 5429 1746 5500 Hierusalem,
1779 5431 1942 5486 idest
1969 5429 2021 5484 in

440 5524 599 5592 'pacis
626 5521 855 5579 visione.
904 5522 961 5577 ln
994 5539 1099 5594 qua
1149 5524 1357 5580 visione
1386 5524 1556 5594 pacis,
1596 5525 1737 5580 sicut
1767 5523 2022 5584 omniain

449 5631 558 5687 quo
594 5627 774 5673 manet
815 5618 1050 5688 Spiritus
1098 5631 1340 5684 sanetus,
1371 5617 1738 5672 indubitanter
1758 5631 1882 5672 esse
1908 5631 2026 5672 cre-

452 5711 614 5776 ditur,
643 5713 713 5766 ita
753 5713 929 5768 omnis
953 5714 1043 5783 qui
1085 5712 1348 5782 Spiritum
1395 5720 1637 5766 sanctum
1686 5724 1792 5766 non
1838 5709 2020 5774 habet,

455 5802 609 5873 longe
644 5803 758 5858 ﬁeri
805 5804 870 5858 ab
901 5804 991 5859 illa
1035 5805 1255 5864 minime
1304 5802 1596 5857 dubitatur.
1643 5801 1796 5858 Unde
1848 5810 1925 5856 tot
1971 5809 2023 5854 et

2127 4604 2180 4658 in
2214 4603 2466 4659 Simeone
2495 4612 2639 4668 erat;
2669 4613 2723 4657 et
2752 4591 2971 4659 Simeon
3005 4605 3054 4658 in
3095 4605 3211 4675 ejus
3241 4607 3437 4660 virtute
3464 4607 3614 4660 venit
3648 4607 3708 4660 in

2129 4695 2405 4765 templum.
2434 4693 2500 4748 Et
2531 4711 2648 4748 cum
2676 4695 2977 4749 inducerent
3005 4712 3222 4764 puerum
3247 4696 3425 4752 Iesum
3456 4708 3711 4766 parentes

2127 4790 2271 4860 ejus,
2301 4803 2356 4842 ut
2401 4789 2628 4858 facerent
2665 4791 2949 4845 secundum
2997 4791 3419 4846 consuetudinem
3447 4791 3574 4860 legis
3605 4811 3708 4860 pro

2127 4898 2206 4945 eo,
2239 4891 2286 4936 et
2319 4882 2426 4952 ipse
2455 4883 2650 4951 accepit
2695 4900 2811 4937 eum
2843 4885 2898 4937 in
2922 4882 3073 4937 ulnas
3095 4900 3216 4937 suos
3248 4884 3422 4954 (ibid.,
3453 4883 3547 4946 2'7,
3580 4885 3697 4953 28).

2127 4973 2194 5029 Et
2225 4976 2326 5028 hoc
2370 4973 2632 5044 siquidem
2659 4974 2803 5043 justa
2851 4975 3066 5029 Domini
3107 4974 3461 5044 dispositione
3493 4976 3700 5030 factum

2127 5063 2351 5132 contigit
2387 5073 2445 5117 ut
2467 5061 2619 5131 cujus
2643 5063 2907 5117 divinitati
2938 5062 3095 5132 longo
3130 5063 3574 5132 temporejustus
3597 5064 3703 5117 iste

2127 5156 2306 5210 cordis
2345 5157 2626 5211 devotione
2664 5156 2946 5223 servierat,
2976 5171 3118 5210 nunc
3171 5157 3386 5210 tandem
3441 5156 3594 5224 quasi
3643 5155 3703 5209 in

2127 5247 2318 5301 ultimo
2349 5249 2552 5318 positus
2576 5288 2590 5312 ,
2624 5255 2678 5301 et
2718 5247 2832 5317 ejus
2864 5247 3074 5317 corpori
3105 5249 3348 5316 corporis
3394 5247 3708 5302 deservit-et

2126 5337 2332 5403 ollicio,
2386 5347 2435 5394 et
2483 5339 2562 5393 sic
2603 5339 2745 5409 piam
2787 5339 2953 5394 vitam
2976 5341 3133 5410 digna
3173 5350 3345 5395 morte
3385 5338 3588 5394 ﬁniret.
3627 5339 3708 5394 Et

2128 5429 2387 5485 benedixit
2419 5428 2586 5483 Deum
2626 5429 2804 5500 (ibid.,
2834 5428 2947 5502 28).
2978 5428 3264 5485 Benedixit
3287 5431 3478 5493 Deum,
3505 5430 3555 5484 ei
3588 5431 3710 5484 sci-

2127 5519 2254 5576 licet
2281 5517 2484 5591 gratias
2527 5531 2714 5587 agens,
2745 5519 2986 5575 benedici
3017 5519 3085 5573 ab
3114 5534 3181 5574 eo
3202 5519 3417 5575 meruit.
3466 5517 3710 5578 Benedi-

2127 5625 2250 5666 cere
2271 5610 2460 5674 Deum,
2485 5618 2567 5665 est
2590 5617 2778 5679 optare
2807 5623 2838 5663 a
2872 5609 2982 5664 Deo
3009 5608 3250 5665 benedici
3274 5649 3290 5674 ,
3323 5619 3379 5665 et
3413 5610 3466 5664 ei
3493 5611 3712 5681 gratias

2127 5715 2305 5772 agere.
2337 5698 2554 5756 Sciebat
2598 5699 2789 5755 beatus
2820 5714 2983 5755 senex
3010 5715 3106 5770 per
3136 5700 3392 5770 Spiritum
3420 5711 3709 5766 sanctum,

2128 5807 2236 5864 quo
2259 5802 2376 5849 erat
2402 5793 2517 5864 ipse
2557 5790 2816 5863 repletus,
2864 5807 2959 5862 per
2996 5791 3197 5849 Chrisﬁ
3244 5795 3707 5858 incarnationem,
