4034 6364
271 409 369 465 ωδ

1699 395 2084 452 SERMONES.

3431 381 3538 436 266

269 533 318 579 et
344 521 609 592 originale
638 527 917 589 peccatum
959 530 1079 571 esse
1109 512 1208 568 sibi
1259 509 1563 572 dimissum,
1598 517 1652 563 et
1691 522 1853 576 quem
1885 517 1931 572 Α
1965 505 2060 558 Est
2094 503 2278 570 itaque
2307 509 2491 592 mater
2515 495 2736 592 Christi,
2789 503 2962 547 mater
2987 491 3436 547 Clu'istianorum.
3479 493 3537 548 Si

266 631 362 684 per
383 631 442 668 se
467 620 816 665 contraxerat
844 618 1072 665 reatum.
1091 605 1246 661 Unde
1269 603 1576 659 exsultabat
1606 598 1854 662 interius,

264 717 320 761 et
345 707 586 760 exterius
614 703 901 772 gaudebat,
935 701 1121 753 dicens
1150 715 1162 750 :
1201 695 1358 750 Nunc
1395 694 1614 746 dimittis
1653 705 1857 744 servant

266 809 438 857 tuum,
488 796 730 857 Domine,
790 794 1077 847 secundum
1132 789 1341 842 verbum
1417 796 1562 836 tuum
1613 785 1666 836 in
1732 799 1858 852 pace

269 889 426 958 (Luc.
459 904 521 951 Il,
553 888 667 956 29).
697 888 766 940 Se
796 901 1012 940 servum
1035 883 1167 937 dicit
1195 892 1250 934 et
1275 879 1548 942 Christum
1573 874 1858 928 Dominum

269 991 453 1047 vocat,
479 995 693 1034 servum
725 978 912 1047 utique
935 977 1095 1037 illius,
1129 983 1183 1028 et
1224 973 1528 1034 dimissum,
1561 964 1860 1022 secundum

271 1074 419 1142 quod
469 1072 518 1126 ei
565 1070 652 1124 ille
697 1071 1042 1139 promiserat.
1093 1066 1364 1135 Propheta
1397 1071 1617 1118 sanctus
1665 1058 1862 1112 missus

271 1165 521 1220 creditur
548 1171 601 1217 et
641 1161 918 1215 dimissus.
963 1159 1080 1225 Quo
1110 1156 1344 1212 missus?
1379 1155 1520 1209 unde
1571 1151 1862 1208 dimissus?

273 1257 535 1311 dimissus
574 1269 602 1306 a
637 1252 989 1305 tribulatione
1036 1249 1238 1312 smculi,
1289 1263 1318 1301 a
1346 1249 1515 1318 prima
1560 1255 1863 1315 transgres-

270 1347 452 1406 sione,
503 1359 530 1396 a
565 1342 781 1412 propria
831 1339 1149 1403 offensione,
1198 1347 1252 1392 et
1301 1339 1352 1392 in
1403 1351 1592 1406 pacem
1641 1337 1858 1389 missus.

273 1434 447 1488 Nemo
487 1433 632 1487 enim
683 1445 896 1500 pacem,
934 1444 1096 1498 quam
1143 1427 1361 1480 Simcon
1415 1425 1624 1488 habuit,
1661 1424 1864 1479 habere

274 1531 474 1593 potest,
506 1521 606 1574 nisi
633 1519 701 1573 ab
731 1521 832 1572 hoc
864 1518 1061 1572 saeculo
1090 1517 1298 1571 alienus
1322 1516 1433 1579 fiat,
1465 1526 1518 1567 et
1550 1531 1577 1567 a
1611 1524 1865 1584 peccato-

274 1629 398 1666 rum
439 1613 673 1681 pondere
715 1611 876 1664 fuerit
915 1609 1211 1664 absolutus.
1273 1605 1411 1674 Quia
1451 1607 1684 1660 viderunt
1725 1604 1864 1659 oculi

271 1705 380 1756 mei
410 1703 659 1758 Sulutare
687 1713 835 1756 tuum
873 1702 1044 1773 (ibid.,
1077 1701 1189 1769 50).
1225 1699 1394 1768 Quem
1421 1701 1663 1768 corporis
1696 1699 1865 1753 oculis

274 1794 498 1847 videbat
543 1794 841 1856 hominem,
875 1791 1038 1846 corde
1089 1790 1342 1846 credebat
1373 1800 1428 1845 et
1475 1806 1606 1844 voce
1637 1790 1866 1843 confite-

1962 604 2137 648 matcr
2164 589 2400 655 Christi,
2433 585 2868 642 Christianorum
2903 590 3078 636 mata
3109 591 3209 642 est,
3243 590 3390 650 patet
3415 597 3537 651 pro-

1961 681 2125 746 fecto,
2159 680 2284 749 quia
2323 679 2520 732 fratres
2550 685 2674 729 sunt
2711 673 2959 728 Christus
2986 679 3040 726 et
3077 670 3394 726 Christiani.
3437 669 3543 726 Nec

1962 773 2130 827 solum
2162 771 2412 825 Christus
2442 767 2876 822 Christianorum
2919 763 3089 816 frater
3116 771 3220 828 est,
3268 762 3362 815 sed
3389 772 3545 832 pater

1964 863 2203 917 omnium
2256 862 2529 916 hominum
2576 868 2628 909 ct
2677 855 2944 925 praicipue
2992 853 3446 909 Christianorum.
3479 855 3546 910 Et

1965 969 2065 1008 nos
2109 952 2324 1022 quidem
2356 949 2647 1006 Christiani
2672 962 2898 1001 sumus:
2933 955 2988 1000 et
3017 946 3313 1013 voluntate,
3339 948 3544 1003 malitia

1963 1057 2020 1102 et
2063 1045 2348 1116 multiplici
2392 1041 2729 1110 malignitate
2778 1053 2808 1092 a
2860 1047 3004 1092 tanta
3043 1038 3382 1095 fraternitate
3414 1038 3543 1095 facti

1965 1136 2286 1204 degeneres,
2320 1134 2452 1187 tanti
2491 1130 2670 1185 Patris
2707 1144 2805 1183 nos
2842 1129 3086 1200 indignos
3114 1129 3337 1185 fecimus
3378 1132 3548 1186 luere-

1966 1227 2152 1279 ditate.
2203 1225 2356 1280 Unde
2403 1226 2470 1279 ad
2532 1215 2762 1278 matrem
2816 1222 3002 1292 ipsius,
3046 1232 3099 1275 et
3132 1237 3226 1291 per
3271 1223 3442 1291 ipsam
3477 1223 3546 1276 ad

1968 1317 2141 1388 ipsum
2171 1333 2535 1379 recurramus,
2565 1317 2654 1386 qui
2683 1316 2768 1387 pia
2813 1323 2868 1369 et
2893 1315 3228 1368 misericordi
3263 1314 3549 1382 dispensa-

1971 1409 2114 1462 tione
2147 1418 2372 1462 matrem
2405 1423 2560 1461 suam
2588 1417 2828 1460 nostram
2854 1419 2974 1460 esse
3003 1403 3192 1468 voluit,
3227 1412 3284 1457 ut
3311 1405 3464 1458 nobis
3491 1404 3548 1457 in

1967 1511 2147 1558 nostra
2205 1503 2531 1557 necessitate
2584 1501 2755 1555 ferret
2816 1498 3096 1553 auxilium.
3164 1497 3229 1551 Et
3290 1496 3550 1560 quoniam

1969 1593 2384 1664 Redemptorem
2435 1603 2682 1648 nostrum
2723 1593 3128 1663 paratissimum
3156 1593 3221 1646 ad
3271 1594 3552 1662 ignoscen-

1969 1689 2097 1742 dum
2131 1687 2402 1751 novimus,
2437 1696 2491 1741 et
2521 1687 2637 1757 ejus
2667 1685 2956 1756 gloriosam
2996 1694 3222 1739 matrem
3263 1685 3549 1754 habemus,

1970 1776 2014 1831 si
2041 1777 2308 1840 volumus,
2336 1779 2388 1831 in
2441 1778 2794 1848 adjutorium,
2824 1792 2929 1829 non
2959 1785 3042 1831 est
3077 1777 3234 1832 nobis
3257 1778 3550 1848 jacendum

269 1883 439 1937 bam,-
469 1882 654 1936 mund;
694 1879 860 1952 379
890 1882 1245 1936 salvatorem,
1280 1879 1451 1948 Hujus
1496 1880 1676 1948 itaque
1703 1894 1865 1932 γρηρ-
1899 1861 1939 1920 Β
1972 1871 2024 1924 in
2053 1872 2312 1940 peccatis,
2342 1872 2435 1924 sed
2464 1870 2626 1924 citius
2653 1867 3065 1936 resurgendum.
3103 1868 3166 1921 Et
3197 1869 3321 1938 quia
3352 1869 3554 1924 nostris

272 1975 470 2029 rabilis
505 1973 652 2028 senis
696 1974 876 2027 cordis
908 1973 1136 2027 intentio
1193 1973 1258 2026 ad
1306 1988 1458 2026 suam
1493 1971 1660 2042 ipsius
1704 1971 1866 2040 justi-

271 2067 413 2120 tiam
447 2063 772 2134 pertinebat,
814 2073 868 2118 et
899 2065 1019 2134 ejus
1045 2065 1156 2119 oris
1185 2063 1452 2119 confessio
1497 2063 1563 2118 ad
1592 2064 1866 2133 proximo-

273 2172 400 2210 rum
441 2155 693 2240 salutem.
743 2154 894 2220 Quod
955 2157 1156 2225 parasti
1215 2170 1336 2208 ante
1388 2154 1576 2224 [aciem
1633 2156 1866 2208 omnium

270 2250 590 2316 populorum
619 2248 794 2317 (ibid.,
851 2245 963 2318 51).
1007 2247 1120 2301 Hoc
1166 2245 1402 2303 salutare
1449 2246 1543 2301 Dei
1592 2254 1865 2317 paratum,

277 2338 334 2391 id
375 2346 494 2400 est,
552 2337 620 2390 ad
672 2336 899 2392 salutem
939 2339 1192 2392 omnibus
1252 2339 1623 2407 propositum,
1677 2353 1868 2391 omnes

275 2429 480 2498 pepuli,
522 2442 622 2481 nec
644 2428 944 2496 corporeis,
977 2445 1078 2484 nec
1107 2428 1478 2498 spiritualibus
1509 2428 1682 2482 oculis
1723 2429 1870 2482 vide-

279 2530 428 2574 runt.
486 2515 590 2573 Sed
647 2519 766 2572 ideo
827 2530 947 2572 ante
1012 2520 1198 2588 facient
1265 2519 1497 2573 omnium
1555 2517 1865 2589 populorum

274 2621 528 2682 paratum
557 2609 778 2674 dicitur,
811 2612 937 2680 quia
980 2626 1047 2664 cx
1077 2611 1328 2667 omnibus
1367 2610 1580 2682 populis
1620 2611 1866 2665 credide-

275 2709 409 2756 runt
432 2702 485 2754 in
507 2700 806 2764 Christum,
831 2709 883 2754 et
906 2700 1190 2755 credentes
1223 2717 1345 2754 enm
1379 2701 1550 2756 oculis
1573 2715 1868 2768 conspexe-

276 2802 430 2848 rnnt.
463 2793 657 2848 Lumen
678 2793 746 2844 ad
775 2791 1137 2846 reuelationem
1161 2795 1389 2864 gentium
1421 2793 1571 2863 (ibid.
1605 2791 1721 2858 ΒΞ).
1753 2791 1868 2846 Hoc

274 2886 424 2939 enim
454 2886 676 2955 lumine,
707 2895 894 2958 gentes
919 2903 1039 2957 quae
1077 2885 1207 2940 deos
1237 2884 1475 2938 colentes
1509 2883 1715 2936 alienos
1746 2897 1804 2936 se
1835 2899 1866 2935 a

277 2975 422 3030 facie
453 2976 726 3032 Creatoris
771 2976 1206 3041 absconderant,
1261 2973 1512 3028 revelatae
1554 2981 1711 3031 sunt:
1763 2970 1866 3025 hoc

276 3063 488 3120 lumine
509 3083 629 3136 quae
651 3067 872 3138 perdita:
895 3067 1126 3128 fuerant,
1147 3073 1272 3120 sunt
1295 3065 1547 3120 inventae.
1574 3062 1683 3118 lloc
1703 3063 1866 3115 etiam

277 3151 487 3208 lumine
542 3154 855 3210 illuminataa
907 3165 1056 3218 sunt,
1106 3158 1228 3226 quia
1261 3157 1365 3211 hoc
1409 3155 1638 3221 lumine,
1683 3157 1865 3212 lumen

282 3244 409 3298 fidei
459 3252 838 3316 perceperunt.
900 3246 1149 3302 Christus
1203 3247 1383 3301 lumen
1439 3257 1551 3314 est;
1611 3249 1703 3317 qui
1758 3263 1865 3302 non

278 3333 458 3387 solum
510 3344 699 3404 gentes
753 3335 1048 3404 illuminat,
1103 3338 1196 3392 sed
1252 3337 1434 3393 lumen
1488 3339 1730 3393 omnium
1774 3339 1868 3408 qui

277 3425 678 3493 illuminantur,
709 3429 823 3483 sive
854 3429 905 3482 in
954 3431 1132 3484 anima
1180 3431 1436 3494 interius,
1485 3431 1600 3486 sive
1629 3433 1868 3487 exterius

279 3517 333 3571 in
361 3535 610 3589 corpore.
647 3521 722 3575 De
764 3523 867 3578 hoc
890 3522 1096 3576 lumine
1126 3523 1258 3578 dicit
1281 3523 1548 3593 Propheta
1581 3539 1596 3577 :
1627 3526 1868 3579 Accedite

277 3609 350 3660 ad
377 3621 517 3676 eum,
544 3620 590 3664 et
611 3609 1010 3676 illuminamini,
1036 3622 1084 3666 et
1115 3611 1279 3680 [acies
1303 3623 1482 3668 uestra:
1506 3629 1608 3667 non
1641 3613 1869 3683 confun-

275 3700 475 3756 dentur
513 3701 686 3770 (Psal.
737 3719 932 3765 xxxm.
963 3704 1040 3772 6).
1091 3704 1219 3771 Quae
1263 3708 1406 3761 enim
1448 3705 1583 3760 fiunt
1629 3707 1680 3761 in
1721 3717 1868 3761 tene-

277 3789 417 3852 bris,
443 3789 585 3844 mala
617 3801 762 3858 sunt,
790 3802 847 3847 et
877 3794 1037 3862 digna
1064 3795 1403 3849 confusione.
1434 3795 1587 3850 Unde
1609 3796 1869 3852 Dominus

279 3881 334 3933 in
363 3879 656 3952 Evangelio
679 3883 814 3938 dicit
839 3901 852 3936 :
887 3880 1073 3938 Omnis
1097 3883 1188 3952 qui
1217 3884 1354 3938 male
1377 3885 1506 3954 agit,
1540 3885 1648 3938 odit
1677 3886 1865 3950 lucem,

276 3979 324 4022 et
357 3987 464 4023 non
494 3971 626 4024 venit
668 3971 739 4025 ad
767 3972 936 4027 lucem
959 4013 974 4036 ,
1013 3988 1076 4026 ne
1101 3975 1216 4042 ejus
1252 3973 1394 4027 mala
1433 3990 1588 4042 opera
1619 3974 1870 4044 manifes-

274 4072 452 4115 tentur
477 4061 658 4132 (Joan.
683 4066 890 4133 ttt,20).
913 4066 1114 4120 Lumen
1141 4079 1388 4136 paratum
1412 4067 1480 4120 ad
1504 4065 1868 4120 reuelationem

274 4153 536 4221 gentium,
569 4165 815 4221 paratum
845 4167 928 4210 est
949 4167 995 4211 et
1022 4158 1088 4211 ad
1116 4157 1338 4227 gloriam
1365 4156 1526 4227 plebis
1555 4155 1866 4212 Judazorum

275 4244 433 4312 (Luc.
465 4259 532 4310 ιι,
574 4245 686 4315 '59.).
739 4245 896 4302 Plebs
948 4248 1052 4302 ista
1095 4249 1248 4303 valde
1293 4249 1590 4303 illuminata
1641 4259 1759 4312 est,
1815 4259 1871 4305 et

274 4336 592 4405 specialiter
608 4353 704 4391 sua
731 4347 836 4405 est,
853 4339 977 4408 quia
1004 4355 1114 4412 pra:
1132 4341 1342 4395 caeteris
1361 4341 1668 4395 nationibus
1694 4341 1868 4395 electa

274 4433 383 4479 est.
421 4425 495 4480 De
520 4427 673 4494 plebe
721 4428 821 4482 ista
850 4428 1211 4497 patriarchas,
1237 4438 1290 4484 et
1317 4431 1628 4500 prophetas,
1655 4438 1870 4498 aposto-

1968 1959 2367 2030 meritisj381
2415 1959 2518 2014 hoc
2555 1957 2756 2021 minus,
2795 1956 2922 2018 imo,
2962 1955 3098 2009 nihil
3138 1958 3353 2026 penitus
3390 1972 3554 2026 agere

1966 2061 2275 2122 possumus,
2304 2051 2516 2104 aliunde
2544 2063 2850 2120 quarramus
2871 2048 3174 2102 consilium.
3203 2048 3556 2104 Solummodo

1967 2149 2023 2196 et
2053 2140 2423 2196 misericordia
2455 2139 2852 2210 Redemptoris,
2881 2151 2935 2196 et
2963 2139 3079 2210 ejus
3110 2140 3300 2194 matris
3329 2139 3551 2199 auxilio,

1969 2232 2127 2287 nobis
2154 2240 2328 2286 restat
2359 2231 2648 2302 agendum.
2681 2231 2746 2285 Et
2779 2233 2918 2296 ideo,
2953 2231 3169 2293 fratres,
3202 2246 3300 2285 nos
3324 2230 3555 2286 miseros

1970 2330 2026 2377 et
2063 2321 2308 2378 infelices
2360 2321 2638 2377 humiliter
2669 2323 3052 2387 confiteantur,
3097 2331 3146 2377 et
3197 2338 3320 2376 cum
3363 2322 3558 2377 timore

1970 2415 2182 2485 pariter
2203 2422 2256 2468 et
2290 2413 2580 2469 dilectione
2609 2429 2828 2470 oremus
2859 2415 3056 2469 bonam
3086 2413 3296 2470 Domini
3324 2423 3553 2468 matrem

1970 2505 2198 2560 Mariam
2243 2506 2386 2575 piam
2418 2507 2707 2576 virginem,
2750 2515 2811 2560 ut
2837 2505 2992 2560 nobis
3039 2505 3419 2574 peccatoribus
3447 2518 3551 2558 non

1967 2595 2304 2666 indignetur,
2343 2611 2506 2665 quam
2541 2609 2834 2665 nunquam,
2869 2603 2930 2649 ut
2973 2595 3194 2663 dignum
3237 2603 3340 2659 est,
3386 2594 3558 2648 hono-

1969 2689 2227 2756 ravimus,
2258 2688 2352 2744 sed
2393 2689 2574 2742 multis
2604 2687 2814 2756 injuriis
2839 2686 3252 2758 provocavimus
3287 2685 3354 2739 ad
3386 2685 3547 2740 iram.

1967 2779 2086 2834 Non
2141 2781 2214 2834 sit
2267 2795 2474 2835 memor
2520 2778 2861 2848 injuriarum,
2921 2780 3018 2833 sed
3067 2793 3172 2848 quo
3222 2792 3322 2832 nos
3369 2776 3555 2847 genuit

1971 2886 2156 2926 amore
2183 2873 2452 2938 vincatur,
2483 2881 2539 2927 et
2565 2872 2754 2927 matris
2783 2872 2987 2944 pietate
3013 2869 3158 2928 circa
3199 2885 3300 2926 nos
3326 2870 3551 2939 htereat,

1971 2963 2124 3032 quasi
2151 2962 2266 3032 jam
2289 2980 2388 3034 pro
2413 2965 2660 3035 peccatis
2687 2965 2975 3034 deputatos
3000 2962 3066 3017 ad
3095 2975 3332 3033 poenam.
3369 2961 3554 3018 Susci-

1971 3055 2086 3125 piat
2133 3069 2350 3109 causam
2380 3065 2622 3110 nostram
2651 3055 2892 3126 piissima
2928 3063 3139 3120 mater,
3179 3063 3234 3108 ct
3280 3054 3554 3125 negotium

1973 3157 2215 3202 nostrum
2252 3157 2398 3218 agat,
2443 3147 2706 3216 nobisque
2739 3146 3052 3211 auxilietur,
3083 3154 3138 3200 ut
3171 3161 3269 3200 nos
3300 3160 3331 3200 a
3379 3156 3554 3200 morte

1972 3248 2317 3308 peccatorum
2366 3238 2484 3309 ejus
2540 3239 2741 3294 auxilio
2815 3239 3106 3293 suscitatus
3161 3238 3384 3293 inducat
3430 3253 3552 3293 cum

1970 3327 2174 3386 lumine
2203 3331 2322 3385 fidei
2347 3340 2402 3386 et
2421 3328 2770 3400 sapientiazln
2801 3327 3058 3397 templum
3082 3327 3267 3397 gloria:
3292 3328 3554 3390 cmlestis,

1969 3432 2024 3476 et
2058 3420 2248 3479 offerat
2282 3423 2395 3478 tilio
2438 3437 2564 3489 suo;
2598 3421 2665 3476 ad
2698 3421 2860 3492 pedes
2891 3421 3008 3491 ejus
3047 3434 3146 3475 nos
3179 3428 3375 3490 ponat,
3408 3429 3461 3475 et
3497 3419 3553 3476 in

1971 3513 2326 3583 Hierusalem,
2359 3531 2478 3587 quae
2510 3515 2657 3587 pacis
2684 3525 2769 3570 est
2795 3514 2951 3578 visio,
2984 3513 3272 3582 cumjusto
3303 3512 3554 3568 Simeoee

1971 3608 2083 3662 suis
2137 3608 2242 3678 piis
2298 3607 2552 3678 precibus
2610 3605 2775 3662 faciat
2830 3620 3188 3676 permanere;
3242 3605 3386 3674 quod
3442 3604 3556 3675 ipse

1972 3695 2143 3752 Filius
2172 3697 2294 3763 Dei,
2326 3705 2380 3752 et
2408 3696 2549 3751 tilitis
2569 3693 2810 3768 Virginis
2833 3695 2990 3752 Iesus
3021 3696 3269 3752 Christus
3295 3696 3554 3751 Dominus

1975 3799 2164 3844 noster
2186 3789 2342 3843 nobis
2372 3788 2574 3844 donare
2617 3789 2887 3860 dignetur,
2918 3788 3010 3858 qui
3052 3805 3190 3844 unus
3229 3789 3369 3844 Deus
3391 3829 3406 3855 ,
3446 3804 3549 3843 una

1971 3893 2026 3936 et
2055 3883 2248 3951 aequali
2283 3882 2452 3952 gloria
2480 3890 2535 3936 et
2564 3881 2847 3950 majestate
2875 3897 2998 3936 cum
3029 3881 3189 3936 Patre
3213 3898 3309 3936 suo
3339 3893 3393 3938 ct
3434 3881 3552 3952 Spi—

1975 3973 2078 4027 ritu
2111 3982 2301 4027 sancto
2325 3973 2456 4028 vivit
2481 3981 2536 4028 et
2558 3981 2748 4044 regnat
2775 3986 2873 4043 per
2895 3973 3074 4028 omnia
3105 3974 3299 4028 saecula
3331 3973 3556 4028 saeculo-

1973 4081 2115 4120 rnm.
2140 4065 2332 4119 Amen.

2461 4153 2624 4226 332
2653 4152 2886 4208 SERMO
2926 4152 3058 4207 Vltl.

2045 4264 2098 4302 IN
2134 4263 2260 4304 OMNI
2300 4262 2658 4302 FESTIVITATE
2697 4263 2746 4302 Β.
2789 4257 2970 4299 MANE
3010 4257 3208 4300 HATRIS
3248 4261 3453 4301 DOHINI.

2043 4338 2195 4392 Diem
2222 4338 2407 4403 istum,
2443 4337 2660 4404 fratres,
2695 4337 2890 4392 merito
2912 4335 3250 4392 celebramus
3274 4335 3549 4402 festivum,

1972 4443 2130 4499 quem
2159 4428 2226 4482 ad
2282 4430 2542 4484 honorem
2573 4429 2821 4498 gloriosze
2867 4429 3057 4483 matris
3089 4425 3298 4484 Domini
3346 4427 3550 4485 beatis-

272 4515 358 4571 los
387 4528 603 4572 sanctos
628 4521 812 4591 elegit,
836 4531 890 4575 et
917 4522 982 4575 de
1015 4521 1121 4576 illis
1154 4522 1244 4591 qui
1271 4522 1321 4575 in
1353 4521 1506 4590 plebe
1544 4521 1647 4576 ista
1687 4532 1861 4585 erant,
1896 4537 1944 4596 ι)
1971 4522 2122 4576 sima:
2149 4530 2203 4577 et
2230 4522 2664 4590 incomparabilis
2685 4517 2921 4592 Virginis
2945 4519 3127 4576 Maria:
3153 4522 3401 4579 novimus
3423 4540 3554 4580 conn

273 4609 532 4663 Custodes
561 4625 837 4679 pecorum,
881 4622 1121 4668 rectores
1155 4613 1492 4683 populorum,
1527 4622 1582 4668 et
1618 4613 1864 4669 dominos

271 4699 446 4770 380
470 4700 620 4756 fecit.
647 4703 867 4774 Legem,
899 4706 1308 4774 promissiones,
1351 4705 1576 4759 multum
1607 4719 1704 4773 per
1747 4721 1866 4760 om~

273 4807 403 4847 nem
432 4794 677 4861 modum,
707 4797 849 4866 quod
894 4797 1169 4865 apostolus
1200 4797 1400 4851 Paulus
1447 4806 1700 4864 testatur,
1741 4797 1866 4851 huic

271 4885 480 4954 populo
525 4886 692 4940 dedit.
732 4888 935 4943 Prteter
959 4899 1156 4944 cetera
1197 4895 1252 4944 et
1302 4903 1466 4958 super
1516 4889 1696 4943 omnia
1747 4901 1866 4958 qua:

274 4977 357 5030 eis
387 4976 634 5040 dederat,
685 4979 752 5034 de
796 4979 928 5049 ipsis
972 4980 1134 5049 elegit
1176 4988 1437 5046 matrem,
1480 4990 1536 5035 et
1561 4979 1864 5037 decorum

272 5081 444 5123 carne
488 5083 710 5124 carnem
761 5073 1072 5142 assumpsit.
1120 5071 1260 5128 Caro
1304 5074 1571 5143 siquidem
1623 5073 1864 5127 omnium

273 5157 560 5212 hominum
590 5177 694 5216 una
725 5172 830 5229 est,
861 5170 914 5217 et
945 5163 1011 5216 de
1043 5179 1150 5218 uno
1178 5163 1310 5218 limo.
1334 5163 1497 5218 facta.
1549 5151 1655 5218 Séd
1695 5163 1864 5232 magis

274 5249 334 5303 in
363 5250 521 5318 plebe
549 5251 847 5309 lsraclittca
879 5255 1130 5310 Christus
1161 5270 1380 5310 carnem
1413 5255 1660 5325 accipere
1698 5255 1866 5309 voluit

273 5339 345 5392 ad
372 5339 633 5409 majorem
681 5358 870 5398 eorum
903 5344 1152 5415 gloriam,
1182 5361 1342 5414 quam
1369 5346 1421 5399 in
1454 5345 1557 5398 alia
1587 5352 1764 5415 gente.
1807 5344 1862 5397 ln

275 5431 382 5486 hac
425 5434 592 5504 igitur
626 5449 788 5489 carne
813 5436 929 5506 ejus
959 5437 1294 5492 honorabilis
1338 5435 1507 5491 Mater
1535 5434 1699 5500 Virgo
1739 5449 1862 5488 eum

273 5524 546 5592 concepit,
577 5532 631 5578 et
670 5529 902 5596 peperit,
933 5535 987 5581 et
1015 5539 1178 5580 causa
1210 5525 1424 5589 salutis,
1455 5517 1865 5580 et'humilitatis

274 5615 529 5684 exemplo
560 5615 754 5670 obtulit
796 5618 847 5670 in
883 5617 1084 5694 templo
1113 5617 1342 5670 hostiam
1374 5617 1548 5668 vivam
1592 5623 1647 5668 et
1685 5613 1862 5667 viviti-

275 5702 534 5759 ﬁcantem
595 5707 646 5759 in
695 5707 916 5760 odorem
969 5707 1268 5761 suavitatis.
1318 5706 1457 5760 Vere
1507 5706 1648 5759 bona
1693 5702 1863 5758 Maria

273 5801 486 5868 peperit
511 5798 808 5865 Christum,
851 5809 906 5856 ct
933 5801 986 5854 in
1013 5801 1232 5857 Christo
1257 5801 1464 5872 peperit
1499 5799 1859 5858 Christianos.

523 5915 796 5976 ΡΔτιιοι..
835 5914 986 5976 CLV
999 5914 1067 5976 ll-

1970 4625 2262 4668 secratum.
2313 4612 2440 4669 Hazc
2496 4621 2580 4668 est
2637 4613 2782 4668 enim
2824 4627 2944 4684 qua:
2993 4611 3104 4667 sola
3154 4613 3310 4682 virgo
3357 4627 3553 4670 conec-

1967 4707 2066 4776 pit,
2109 4707 2262 4778 virgo
2301 4707 2530 4776 peperit,
2574 4713 2631 4760 et
2669 4713 2788 4775 post
2832 4713 3046 4775 partum
3084 4705 3238 4774 virgo
3280 4715 3460 4761 mente
3495 4718 3551 4760 et

1968 4811 2195 4866 corpore
2223 4797 2483 4850 inviolata
2513 4796 2833 4864 permansit.
2861 4795 3016 4850 Sicut
3060 4797 3244 4850 radius
3275 4811 3340 4850 ex
3391 4797 3547 4854 stella

1966 4885 2228 4953 procedit,
2253 4885 2329 4938 sic
2354 4884 2447 4938 Dei
2474 4883 2642 4939 Filius
2665 4885 2928 4954 processit
2951 4899 3016 4938 ex
3045 4883 3235 4939 Maria.
3261 4884 3369 4940 Nec
3392 4887 3547 4941 stella

1966 4975 2119 5029 radio
2151 4975 2449 5044 prodeunte
2475 4977 2861 5044 corrumpitur,
2896 4991 2996 5030 nec
3043 4976 3199 5031 beata
3233 4989 3409 5034 mater
3437 4978 3548 5036 filio

1968 5077 2225 5124 nascente
2263 5069 2516 5124 violatur.
2543 5068 2686 5124 Sane
2718 5069 2878 5139 hujus
2904 5070 3128 5139 virginis
3159 5081 3348 5140 partus
3389 5072 3546 5128 deiﬁ-

1966 5175 2061 5214 cus
2081 5160 2127 5215 ei
2159 5161 2374 5230 quidem
2405 5159 2790 5216 fecunditatem
2833 5162 3036 5223 attulit,
3067 5172 3122 5218 et
3171 5163 3375 5219 salvam
3416 5165 3546 5220 fecit

1967 5252 2083 5321 ejus
2113 5253 2501 5324 virginitatem.
2536 5253 2601 5308 Et
2629 5253 2770 5308 sicut
2804 5253 2970 5308 voluit
3009 5263 3067 5310 ut
3094 5254 3451 5310 veraciter-iu
3480 5270 3544 5310 ea

1968 5343 2126 5398 fieret
2154 5359 2260 5398 una
2287 5359 2519 5414 persona
2545 5343 2661 5415 ipse
2689 5345 2830 5400 Deus
2867 5355 2920 5400 ct
2949 5346 3133 5412 homo,
3165 5351 3238 5402 ita
3275 5343 3444 5400 voluit
3485 5359 3544 5400 ut

1967 5434 2081 5502 ipsa
2114 5433 2270 5489 fieret
2302 5450 2405 5489 una
2433 5449 2665 5505 persona
2702 5445 2876 5492 mater
2895 5446 2948 5491 et
2970 5436 3141 5503 virgo.
3186 5436 3340 5490 Hunc
3361 5437 3544 5506 itaque

1967 5537 2177 5596 partum
2202 5515 2418 5583 beatum
2444 5529 2707 5593 dicamus,
2733 5529 2842 5582 imo
2870 5528 3238 5600 beatissimum
3263 5536 3412 5581 certa
3437 5527 3543 5583 fide.

1966 5621 2267 5686 credamus,
2283 5621 2743 5691 quem‘singularis
2755 5632 2807 5676 et
2822 5621 3151 5676 honorabilis
3164 5621 3366 5693 Regina
3381 5624 3541 5678 emto-

1968 5727 2084 5765 rum
2110 5709 2266 5783 Virgo
2289 5709 2455 5768 Maria
2475 5715 2674 5769 mundo
2697 5711 2942 5784 protulit,
2966 5709 3074 5766 non
3099 5713 3282 5768 mun‘di
3309 5715 3537 5782 meritis,

1965 5805 2058 5861 sed
2103 5803 2195 5862 Dei
2227 5804 2422 5874 gratia.
2453 5791 2653 5862 Verum
2685 5808 2777 5863 Dei
2803 5806 3020 5872 Filium,
3050 5820 3236 5861 verum
3269 5807 3536 5866 hominem

3105 5921 3145 5983 9
