3986 6506
427 396 527 452 2‘37

1430 382 1797 439 GOFFFRlDl
1839 384 2128 440 ABBATIS
2172 383 2685 441 VINDOtZINENSlS

3583 386 3709 443 268

426 518 540 570 luce
569 511 719 581 virgo
747 507 1031 564 ineﬁ'ahilis
1072 502 1414 560 incﬁ'abiliter
1454 504 1704 574 concepit
1739 511 1794 557 et
1832 517 1996 572 pepe—
2028 511 2071 565 Α
2106 501 2243 556 Deus
2269 502 2609 573 omnipotens
2641 517 2744 556 non
2778 511 2949 565 esset,
2988 502 3031 554 si
3068 500 3271 573 aliquid
3298 500 3461 558 vellet
3507 501 3711 558 facere

424 609 516 670 rit,
549 606 603 659 in
634 620 731 660 sua
756 600 1108 668 conceptione
1138 604 1192 648 et
1234 607 1392 664 partu
1421 596 1556 649 satis
1595 594 1828 661 amplius
1874 608 2000 647 san—

423 697 631 753 ctitatis
674 704 728 748 et
779 687 1207 757 incorruptionis
1270 686 1604 755 percipiens,
1656 700 1822 754 quam
1876 695 2002 740 ante

423 785 737 855 susceperit.
774 782 924 837 Unde
961 779 1050 833 Dei
1084 778 1225 833 Filio
1255 778 1369 832 hrec
1399 787 1584 832 sancta
1612 779 1767 848 virgo
1792 786 1999 831 tantum

422 876 712 947 placuerit,
743 873 787 929 si
815 879 1118 943 quaeratur;
1147 867 1708 954 dilectione-videlicet
1734 877 1789 921 et
1824 866 2000 921 humi-

422 969 590 1031 litate,
614 980 722 1030 qua
750 964 925 1035 prima
957 961 1187 1016 Domino
1215 958 1585 1030 virginitatem
1616 957 1849 1013 devovit.
1882 957 1998 1026 Ipsa

419 1061 562 1115 enim
596 1058 692 1113 Dei
734 1054 997 1125 sapientia
1042 1052 1172 1107 dicit
1204 1069 1217 1104 :
1252 1051 1365 1120 Ego
1399 1049 1673 1120 diligentes
1713 1066 1793 1103 me
1838 1048 1998 1116 diligo

419 1149 601 1221 (Prov.
652 1163 768 1212 vm,
825 1146 935 1215 l7).
978 1143 1114 1198 Vere
1160 1141 1347 1197 dilexit
1392 1141 1486 1196 Dei
1540 1141 1807 1210 sapientia
1835 1138 1998 1210 383

419 1240 676 1302 Mariam,
731 1246 786 1293 et
828 1235 997 1290 Maria
1054 1233 1265 1297 dilexit,
1313 1241 1368 1287 et
1403 1232 1628 1286 multum
1672 1232 1861 1286 dilexit
1906 1231 1999 1285 Dei

420 1334 767 1401 sapientiam,
797 1332 963 1385 Deum
995 1328 1203 1384 scilicet
1235 1327 1327 1381 Dei
1346 1326 1533 1380 Patris
1561 1324 1780 1379 Filium.
1807 1323 2002 1378 Dilexit

418 1427 637 1496 quidem
668 1424 804 1478 alter
831 1422 1082 1485 alterum,
1115 1420 1210 1474 sed
1232 1420 1382 1474 Deus
1412 1418 1647 1488 amplius
1666 1417 1876 1480 dilexit,
1906 1416 1999 1486 qui

420 1516 650 1586 amplius
672 1514 893 1586 diligere
939 1522 991 1568 et
1023 1512 1173 1566 novit
1222 1519 1277 1564 et
1322 1510 1516 1580 potuit.
1577 1508 1774 1563 Dilexit
1816 1508 2000 1578 utique

418 1625 540 1664 eam
572 1621 737 1678 super
766 1606 981 1661 beatam
1012 1603 1324 1658 societatem
1364 1600 1748 1672 apostolorum,
1782 1602 2000 1671 angelos

418 1710 475 1755 ct
498 1698 875 1767 archangelos,
905 1706 957 1750 et
981 1711 1141 1765 super
1162 1709 1351 1749 omnes
1375 1694 1603 1749 virtutes
1632 1703 1681 1748 et
1707 1704 2001 1763 potestates

419 1789 705 1845 calorum.
765 1787 846 1842 Ad
907 1787 1048 1840 hanc
1106 1784 1473 1839 beatissimam
1537 1785 1801 1856 virginem
1861 1785 2000 1842 Deus

2103 591 2246 658 quod
2295 590 2515 645 minime
2550 600 2749 661 posset.
2783 588 3109 657 Qua.autcm
3154 590 3363 646 ratione
3404 591 3512 647 hoc
3552 592 3710 648 Deus

2104 678 2312 745 fecerit,
2342 696 2445 735 non
2471 691 2553 735 est
2576 696 2710 750 opus
2735 680 3121 750 disputatione.
3149 682 3241 735 sed
3269 681 3403 737 ﬁdes
3428 682 3712 739 adhibea-

2105 782 2192 826 tur
2212 781 2266 827 et
2286 773 2500 828 suﬁicit.
2531 772 2662 827 Fide
2689 774 2885 828 etenim
2917 774 3029 829 haec
3053 789 3216 843 opera
3240 774 3335 830 Dei
3363 786 3709 844 noscuntur,

2103 878 2209 917 non
2232 863 2524 933 sophistica
2550 863 2913 918 contentione.
2940 862 3088 917 Hanc
3105 880 3256 919 suam
3288 866 3552 920 veraciter
3578 883 3714 922 car-

2104 968 2225 1008 nem
2248 955 2362 1024 ipse
2382 955 2665 1010 suscitavit
2690 958 2723 1008 a‘
2748 955 2976 1010 mortuis
3009 955 3166 1009 tertia
3191 955 3279 1009 die
3301 957 3709 1025 omnipotentia

2102 1042 2439 1110 divinitatis,
2489 1043 2649 1099 istam
2696 1043 3004 1099 videntibus
3045 1044 3305 1114 apostolis
3352 1044 3586 1101 elevavit
3638 1048 3706 1103 in

2103 1134 2299 1189 cmlum
2326 1176 2341 1201 ,
2390 1136 2444 1189 in
2489 1134 2592 1190 hac
2627 1134 2694 1189 ad
2733 1131 2995 1201 judicium
3035 1136 3214 1190 veniet
3253 1152 3377 1191 cum
3421 1146 3709 1206 potestate

2104 1242 2298 1297 magna
2344 1235 2397 1282 et
2428 1225 2746 1295 majestate,
2776 1227 2949 1300 Deum
2989 1225 3043 1280 in
3086 1227 3184 1281 hac
3242 1242 3406 1283 carne
3435 1229 3713 1283 videbunt

2103 1317 2277 1386 impii,
2312 1332 2415 1371 non
2447 1317 2498 1371 in
2531 1332 2592 1371 ea
2638 1317 2947 1372 humilitate
2990 1317 3153 1389 385
3183 1334 3287 1388 qua
3326 1322 3436 1390 pro
3474 1321 3603 1391 ipsis
3638 1332 3710 1376 et

2075 1409 2171 1464 .ab
2198 1411 2327 1480 ipsis
2358 1411 2553 1481 injuste
2588 1410 2863 1480 judicatus
2898 1419 3002 1476 est,
3046 1412 3140 1465 sed
3168 1413 3219 1465 in
3252 1426 3315 1466 ea
3358 1413 3709 1468 sublimitate

2104 1516 2207 1570 qua
2257 1517 2356 1571 pro
2392 1502 2503 1557 suis
2552 1517 2644 1557 eos
2685 1501 2982 1558 sceleribus
3022 1503 3166 1573 juste
3204 1503 3546 1571 jndicaturus
3584 1517 3704 1561 est.

2104 1588 2403 1659 Videbunt,
2434 1592 2675 1663 inquam,
2709 1591 2858 1646 illum
2889 1607 3022 1662 quos
3054 1593 3166 1662 ipse
3190 1594 3417 1661 dilexit,
3445 1604 3500 1651 et
3525 1611 3707 1667 quem

2104 1686 2205 1757 ipsi
2237 1687 2498 1752 oderunt,
2527 1701 2685 1742 suum
2715 1684 2963 1740 videlicet
2998 1684 3440 1755 Redemptorem,
3481 1698 3535 1743 et
3564 1698 3709 1743 ante

2104 1778 2184 1833 sui
2218 1778 2595 1848 Redemptoris
2633 1786 2981 1846 conspectum
3010 1776 3284 1847 peribunt.
3315 1776 3453 1833 Justi
3482 1789 3703 1845 autem,

417 1879 580 1933 Pater
600 1894 666 1933 ex
694 1891 753 1932 se
778 1876 1016 1948 genitum
1038 1874 1231 1927 Filium
1263 1873 1427 1939 misit,
1460 1882 1517 1929 ut
1547 1874 1659 1943 ipse
1689 1875 1779 1929 Dei
1806 1875 1995 1941 Filius,
2032 1857 2075 1918 Β
2106 1886 2267 1942 super
2295 1871 2345 1926 id
2372 1872 2515 1941 quod
2553 1870 2661 1926 dici
2700 1870 2784 1925 vel
2811 1869 3036 1939 cogitari
3080 1879 3286 1940 potest,
3315 1871 3384 1926 ab
3413 1872 3706 1926 auditione

416 1970 647 2041 virginis
696 1969 861 2024 etiam
901 1967 1042 2021 ﬁlius
1091 1966 1243 2022 ﬁeret
1289 1975 1342 2019 et
1390 1981 1643 2036 sponsus.
1681 1966 1793 2022 Hoc
1839 1968 2000 2025 Pater

416 2061 678 2131 disposuit
706 2059 993 2125 charitate,
1024 2058 1191 2113 Filius
1221 2057 1494 2113 voluntate
1522 2058 1838 2129 complevit,
1872 2058 1998 2129 Spi-

419 2155 554 2208 ritus
579 2160 803 2208 sanetus
826 2150 1039 2222 paravit
1075 2148 1370 2203 thalamum
1397 2156 1450 2203 et
1472 2150 1711 2213 ornavit,
1738 2148 1789 2203 id
1821 2158 1904 2204 est
1931 2154 1999 2205 ab

415 2244 564 2300 omni
591 2244 938 2313 corruptione
968 2241 1173 2311 peccati
1200 2239 1475 2293 inundavit
1505 2239 1735 2309 virginis
1761 2252 1998 2305 uterum,

417 2339 473 2385 et
502 2328 783 2399 multiplici
810 2326 1100 2384 sanctitate
1127 2322 1373 2394 replevit.
1402 2323 1477 2377 lbi
1507 2333 1765 2393 tanquam
1800 2326 1850 2379 in
1878 2325 1998 2379 aula

420 2421 567 2492 regia
602 2420 739 2475 Deus
768 2418 1066 2489 qulomnia
1086 2425 1210 2472 ante
1239 2424 1546 2483 creaverat,
1576 2417 1814 2485 seipsum
1845 2433 2001 2473 crea-

416 2513 497 2566 vit
530 2511 583 2569 in
612 2510 799 2565 Maria.
847 2508 1017 2565 Nemo
1065 2508 1294 2562 miretur
1338 2506 1483 2577 quod
1520 2520 1781 2577 sponsum
1821 2507 2002 2562 Mariae

418 2602 535 2673 ejus
579 2600 747 2656 ﬁlium
804 2598 1059 2655 diximus.
1097 2595 1234 2652 Nam
1266 2588 1443 2649 'Pater
1489 2602 1545 2649 et
1584 2608 1813 2663 sponsus
1844 2596 2003 2665 hujus

416 2693 643 2761 virginis
663 2731 679 2757 ,
716 2699 800 2746 est
831 2690 972 2745 ﬁlius
1001 2688 1137 2760 ejus.
1180 2687 1342 2741 Pater
1382 2684 1541 2755 plane
1568 2725 1582 2749 ,
1612 2686 1739 2755 quia
1766 2688 1836 2740 ab
1881 2688 2000 2758 ipso

417 2794 604 2841 rreata
632 2793 746 2849 est;
788 2783 949 2847 ﬁlius,
975 2782 1099 2852 quia
1125 2788 1288 2835 natus
1309 2795 1378 2835 ex
1409 2793 1497 2845 ea;
1527 2791 1780 2847 sponsus,
1811 2782 1933 2851 quia
1951 2782 2000 2837 ei

420 2874 689 2929 charitate
718 2871 1026 2941 conjuncta.
1059 2870 1251 2925 Mirum
1307 2868 1640 2940 conjugium,
1686 2870 1781 2927 sed
1813 2870 1917 2925 ﬁde
1947 2881 2002 2929 et

398 2966 621 3036 pietate
665 2964 992 3028 mirandum;
1026 2962 1115 3016 ubi
1150 2963 1305 3033 virgo
1364 2972 1538 3019 mater
1570 2964 1796 3027 exstitit,
1830 2964 1999 3032 virgi-

418 3058 561 3112 nitas
604 3071 770 3123 uxor,
806 3054 1033 3109 maritus
1082 3053 1315 3124 Spiritus
1369 3065 1611 3122 sanctus,
1644 3072 1750 3127 per
1811 3070 1998 3110 aurem

422 3147 736 3217 conceptio,
790 3144 1161 3213 conceptionis
1200 3144 1467 3215 interpres
1510 3147 1761 3214 angelus,
1816 3159 1998 3200 semen

419 3237 701 3305 Christus,
734 3236 913 3307 proles
957 3236 1180 3306 virginis
1209 3234 1385 3292 Filius
1416 3237 1531 3291 Dei.
1579 3237 1635 3291 ln
1682 3238 1782 3293 hac
1811 3238 1997 3307 utique

332 3394 334 3397 τ
415 3339 763 3386 sacrosancta
801 3328 1183 3398 conjunctione
1224 3344 1330 3384 nou
1385 3344 1512 3385 caro
1543 3345 1764 3385 carnem
1805 3344 1998 3384 carna-

406 3422 541 3475 liter
571 3423 768 3490 tetigit,
795 3424 887 3476 sed
913 3421 1055 3475 Deus
1086 3419 1248 3475 Pater
1283 3419 1609 3490 sapientiam
1641 3434 1794 3475 suam
1818 3420 1996 3473 visce-

412 3514 568 3566 ribus
613 3512 837 3582 virginis
895 3511 1118 3574 inludit;
1162 3525 1281 3580 quae
1335 3519 1392 3566 et
1442 3511 1495 3565 in
1547 3510 1768 3582 Virgine
1824 3508 1997 3564 Matre

412 3617 638 3656 carnem
686 3602 1009 3671 assumpsit,
1047 3611 1102 3656 et
1142 3618 1294 3656 suam
1346 3601 1720 3658 beatissimam
1764 3611 1995 3655 matrem

418 3690 789 3762 incorruptam
844 3694 1113 3758 servavit,
1167 3704 1222 3748 et
1276 3708 1375 3764 per
1430 3693 1734 3766 virgineum
1796 3706 1995 3761 corpus

416 3782 703 3855 egrediens
756 3782 1030 3849 Verbum,
1085 3786 1226 3855 quod
1291 3785 1465 3840 Maria
1524 3786 1689 3841 verbo
1747 3785 1996 3854 concepit

420 3876 692 3949 angelico,
742 3892 901 3933 verus
953 3878 1094 3934 Deus
1153 3879 1208 3933 in
1265 3894 1394 3936 vero
1449 3880 1668 3935 homine
1723 3880 1992 3950 apparuit.

417 3971 724 4041 Assumpsit
777 3985 903 4025 vere
954 3970 1008 4025 in
1051 3986 1179 4026 vera
1230 3971 1439 4042 virgine
1494 3986 1652 4027 verus
1694 3972 1786 4027 Dei
1830 3963 1996 4044 385.

417 4062 587 4116 Filius
629 4059 874 4116 Christus
909 4058 1164 4117 Dominus
1211 4069 1382 4115 totum
1422 4063 1721 4129 hominem,
1756 4064 1991 4117 animam

415 4155 621 4211 scilicet
649 4163 700 4208 et
736 4168 976 4209 carnem.
1024 4153 1084 4208 In
1115 4154 1216 4210 hac
1267 4169 1434 4209 carne
1486 4164 1647 4210 natus
1698 4165 1784 4211 est
1830 4155 1993 4211 homo

418 4264 514 4317 pro
539 4248 775 4303 homine.
808 4246 922 4304 Hac
960 4248 1015 4302 in
1046 4262 1216 4303 carne
1255 4248 1530 4303 hominem
1565 4248 1618 4303 in
1650 4262 1811 4303 cruce
1841 4249 1994 4304 rede-

418 4342 532 4396 mit.
566 4342 679 4398 llac
707 4342 760 4397 in
794 4357 957 4397 carne
1003 4340 1282 4397 Christum
1327 4343 1489 4396 homo
1514 4343 1776 4411 peremit.
1819 4342 1992 4398 llomo

414 4434 630 4503 quidem
666 4443 721 4489 et
768 4434 819 4488 in
861 4434 1044 4487 anima
1093 4443 1148 4489 et
1189 4434 1240 4487 in
1269 4447 1496 4502 corpore
1544 4432 1856 4502 redemptus
1885 4443 1986 4499 est,

413 4526 507 4581 sed
539 4527 650 4581 bmc
673 4540 803 4580 caro
850 4524 1060 4579 Domini
1090 4524 1192 4577 fuit
1235 4521 1469 4593 pretium
1516 4535 1627 4575 sua:
1664 4522 1991 4592 redemptio-
2022 4544 2067 4601 ι)

412 4618 517 4673 nis.
548 4615 778 4671 Carnem
807 4615 967 4669 istam
1001 4614 1053 4666 in
1084 4614 1266 4681 specie
1296 4611 1458 4681 panis
1481 4611 1770 4681 discipulis
1791 4613 1905 4667 suis
1935 4614 1989 4667 in

411 4723 586 4770 creua,
625 4721 789 4776 quam
813 4713 936 4758 ante
964 4704 1274 4772 passionem
1304 4716 1457 4756 suam
1490 4716 1614 4755 cum
1644 4703 1724 4757 eis
1759 4704 1989 4758 novissi-

412 4814 555 4853 mam
582 4796 730 4859 fecit,
763 4795 1194 4850 manducandam
1235 4792 1478 4847 donavit.
1517 4791 1671 4848 Unde
1702 4793 1808 4850 illis
1841 4809 1989 4851 asse-

410 4890 519 4943 ruit
564 4889 791 4953 dicens:
826 4885 940 4939 lloc
979 4895 1052 4939 est
1075 4900 1262 4953 corpus
1302 4900 1474 4938 meum
1502 4882 1657 4957 (Luc.
1707 4901 1841 4951 xxu,
1875 4887 1985 4953 19).

411 4980 474 5033 Et
523 4979 649 5047 quia
699 4978 767 5032 de
817 4992 914 5031 suo
950 4976 1168 5047 proprie
1217 4976 1437 5047 proprio
1482 4991 1714 5047 corpore
1760 4979 1986 5043 diceret,

408 5071 704 5141 subjunxit,
744 5070 846 5136 Qui
875 5087 968 5140 pro
996 5072 1134 5124 vobis
1169 5071 1407 5124 tradetur
1440 5069 1642 5141 (ibid.).
1670 5068 1841 5124 Nemo
1879 5071 1989 5124 ha:-

410 5165 535 5217 sitet
571 5177 732 5232 super
758 5163 880 5224 hoc,
911 5161 1051 5232 quod
1095 5160 1346 5216 Christus
1378 5174 1543 5216 carne
1572 5175 1669 5215 sua
1695 5160 1987 5230 discipulos

408 5254 673 5310 cibaverit
697 5269 844 5321 suos,
875 5270 996 5309 cum
1026 5254 1180 5311 cibus
1220 5255 1324 5309 istc
1357 5254 1663 5309 animarum
1701 5255 1772 5309 sit
1809 5254 1987 5321 potius

409 5342 786 5413 intelligendus
815 5359 977 5414 quam
1012 5360 1324 5416 corporum.
1368 5345 1504 5401 Nam
1552 5345 1596 5400 si
1630 5360 1756 5400 caro
1783 5342 1987 5398 Christi

407 5433 705 5487 animarum
739 5444 949 5493 tantum
976 5436 1134 5491 cibus
1163 5452 1267 5492 non
1298 5444 1480 5501 esset,
1508 5444 1636 5504 post
1678 5434 1829 5488 cibos
1866 5447 1987 5487 cor-

406 5541 595 5593 porum
627 5512 878 5583 Christus
909 5541 1028 5582 eam
1049 5528 1330 5598 discipulis
1358 5541 1699 5596 nequaquam
1724 5524 1982 5579 dedisset.

404 5616 574 5673 Morte
595 5633 706 5672 sua:
725 5620 907 5674 carnis
930 5619 1159 5674 redemit
1181 5634 1307 5674 suos
1322 5635 1338 5685 ;
1353 5632 1571 5672 suorum
1592 5616 1756 5670 etiam
1778 5615 1987 5669 animos

405 5712 594 5763 eadem
643 5726 808 5766 carne
853 5710 1205 5781 spiritualiter
1245 5710 1406 5779 pavit.
1459 5708 1612 5762 Fecit
1656 5709 1800 5762 enim
1847 5708 1987 5762 Deus

406 5800 548 5870 quod
582 5802 776 5869 voluit,
811 5812 863 5857 et
909 5803 1051 5871 quod
1086 5802 1249 5858 voluit
1291 5800 1468 5857 facere
1494 5799 1688 5869 potuit.
1730 5799 1984 5869 Alioquin

2101 1962 2241 2019 bona
2265 1961 2609 2027 iactabuntur,
2634 1970 2690 2017 et
2707 1960 3069 2016 exsultabant.
3095 1961 3327 2017 Audient
3347 1963 3490 2017 enim
3515 1964 3707 2034 ipsum

2102 2054 2196 2109 Dei
2245 2053 2441 2108 Filium
2489 2064 2771 2119 vocantem
2819 2068 2945 2118 eos,
2994 2063 3049 2109 et
3091 2054 3359 2110 dicentem
3405 2070 3420 2108 :
3478 2053 3705 2119 Venite,

2106 2144 2359 2199 benedicti
2417 2145 2595 2199 Patris
2628 2145 2768 2210 mei,
2804 2145 3049 2216 percipite
3090 2160 3334 2214 regnum,
3373 2146 3509 2217 quod
3550 2148 3707 2200 vobis

2101 2247 2344 2305 paratum
2374 2244 2450 2291 est
2487 2236 2551 2289 ab
2582 2236 2781 2306 origine
2822 2236 3006 2290 mundi
3044 2234 3259 2306 (Matth.
3295 2252 3421 2302 xxv,
3453 2236 3564 2307 34).
3596 2238 3709 2293 Illo

2102 2326 2288 2395 utique
2316 2326 2405 2380 die
2440 2326 2684 2380 homines
2705 2326 2802 2397 ‘qui
2834 2327 2888 2380 in
2931 2327 3033 2382 hoc
3069 2326 3267 2382 sarculo
3298 2327 3530 2384 humiles
3562 2338 3709 2384 sunt

2102 2426 2159 2472 et
2183 2418 2520 2482 obedientes,
2557 2416 2786 2487 patriam
2818 2416 2962 2472 illam
2991 2416 3266 2473 caelestem
3290 2426 3346 2472 et
3373 2432 3705 2488 supernam,

2103 2508 2240 2564 duce
2268 2523 2367 2564 suo
2395 2507 2571 2578 capite
2608 2507 2848 2573 Christo,
2875 2522 2999 2563 cum
3025 2507 3232 2563 honore
3273 2522 3468 2579 magno
3492 2516 3549 2562 et
3592 2523 3710 2562 ex-

2109 2601 2403 2656 sultatione
2443 2601 2754 2667 intrabunt;
2792 2600 2932 2657 unde
2967 2600 3184 2670 superbi
3226 2611 3280 2656 et
3322 2600 3709 2658 inobedienles

2104 2692 2277 2763 angeli
2306 2707 2429 2747 cum
2458 2692 2787 2747 verecundia
2830 2708 3025 2761 magna
3054 2702 3108 2749 et
3137 2693 3451 2748 confusione
3482 2693 3709 2750 cecide-

2104 2795 2251 2840 runt.
2283 2783 2358 2839 lbi
2391 2784 2647 2838 videbunt
2685 2784 2929 2839 homines
2962 2783 3131 2839 Deum
3172 2783 3311 2841 facie
3338 2785 3404 2839 ad
3452 2783 3650 2840 (aciem
3682 2827 3704 2852 ,

2102 2874 2262 2931 sicuti
2292 2884 2394 2943 est,
2425 2884 2481 2930 et
2509 2872 2801 2929 donabitur
2825 2874 2904 2929 eis
2926 2875 3057 2940 vita,
3093 2874 3239 2930 salus
3267 2885 3320 2930 et
3346 2875 3511 2946 gloria
3544 2892 3707 2930 sem-

2101 2966 2311 3036 piterna
2338 3006 2353 3032 ,
2386 2981 2506 3035 qua:
2534 2965 2677 3020 Deus
2721 2974 2824 3020 est.
2867 2964 3031 3021 Beata
3072 2974 3253 3020 autem
3298 2965 3463 3020 Maria
3510 2976 3707 3022 mater

2105 3058 2278 3128 virgo,
2302 3068 2357 3112 et
2381 3072 2577 3129 sponsa
2605 3058 2833 3123 intacta,
2860 3056 2931 3111 ibi
2956 3056 3197 3127 piissima
3220 3058 3359 3128 apud
3383 3058 3704 3128 piissimum

2107 3151 2273 3206 ﬁlium
2303 3167 2459 3207 suum
2492 3146 2756 3207 obtinebit
2784 3160 2841 3206 ut
2893 3166 3051 3208 nemo
3093 3150 3302 3208 illorum
3334 3162 3548 3224 pereat,
3584 3169 3705 3223 pro

2103 3243 2300 3314 quibus
2338 3244 2421 3301 vel
2452 3244 2616 3301 semel
2645 3245 2901 3301 oraverit.
2938 3243 3049 3301 Nec
3074 3246 3291 3311 mirum,
3318 3247 3443 3316 quia
3473 3226 3706 3303 univer;

2101 3351 2218 3390 sum
2262 3332 2375 3391 suis
2402 3337 2656 3406 precibus
2699 3337 2957 3391 mundum
2986 3337 3195 3393 salvarc
3228 3348 3440 3408 potest,
3477 3340 3522 3394 si
3566 3340 3702 3411 ipsa

2101 3425 2347 3480 voluerit.
2377 3427 2443 3480 Et
2485 3426 2597 3496 ipsa
2628 3426 2844 3496 quidem
2868 3440 2972 3497 pro
3001 3427 3253 3482 universo
3294 3427 3497 3484 mundo
3525 3445 3705 3499 para-

2103 3517 2308 3570 tissima
2338 3526 2483 3572 esset
2511 3518 2578 3572 ad
2609 3517 2939 3588 precandum
2962 3557 2978 3582 ,
3019 3526 3267 3589 totusque
3299 3520 3528 3575 mundus
3572 3522 3702 3575 sal-

2101 3616 2340 3672 varetur,
2389 3607 2432 3662 si
2477 3608 2730 3677 precibus
2766 3605 2881 3676 ejus
2922 3620 2980 3662 se
3026 3605 3230 3662 faceret
3272 3607 3511 3678 dignum.
3558 3607 3701 3666 Hzec

2100 3699 2447 3754 veracissime
2474 3699 2612 3771 apud
2643 3699 3065 3768 omnipotentem
3080 3691 3313 3767 Filium,
3337 3709 3397 3754 ut
3422 3699 3698 3765 diximus,

2098 3789 2304 3845 orando
2330 3798 2508 3859 potest
2536 3789 2799 3860 quidquid
2830 3788 3103 3844 desiderat
3128 3830 3143 3856 ,
3171 3790 3267 3845 sed
3305 3806 3403 3861 pro
3433 3789 3555 3858 illis,
3588 3793 3701 3862 qui

2099 3897 2315 3951 semper
2357 3897 2580 3952 peccare
2621 3881 2972 3947 desiderant,
3017 3881 3323 3937 nullatenus
3362 3891 3500 3937 orat.
3545 3880 3702 3938 Nam

2098 3973 2188 4042 qui
2232 3972 2537 4044 hujusmodi
2569 3982 2727 4040 sunt,
2772 3971 2884 4029 Deo
2926 3971 3142 4046 placere
3180 3972 3290 4027 ulla
3322 3974 3532 4028 ratione
3573 3990 3699 4030 non

2097 4073 2341 4134 possunt.
2371 4064 2538 4135 386
2563 4063 2668 4119 Pro
2699 4064 2895 4121 talibus
2926 4062 3103 4121 nullus
3141 4072 3451 4118 sanctorum
3479 4064 3701 4134 suppli-

2096 4170 2223 4209 care
2253 4155 2566 4224 praesumit,
2597 4170 2697 4210 nec
2739 4154 2817 4210 eis
2864 4151 3222 4227 eleemosyuae
3263 4147 3343 4214 at?
3362 4155 3701 4230 conquiren-

2094 4246 2217 4301 dam
2247 4247 2412 4299 vitam
2451 4254 2706 4300 aeternam
2731 4287 2746 4311 ,
2779 4262 2879 4302 uec
2918 4248 3190 4304 sacriﬁcia
3234 4260 3480 4320 prosunt.
3528 4251 3698 4309 Unde

2095 4336 2347 4407 princeps
2365 4333 2688 4391 Christiana:
2704 4336 2982 4403 doctrinae,
2998 4337 3195 4395 Paulus
3214 4340 3490 4409 apostolus
3510 4342 3649 4398 dicit
3674 4364 3692 4399 :

2096 4427 2222 4482 Post
2246 4438 2510 4499 acceptam
2532 4427 2769 4482 notitiam
2785 4430 3013 4484 veritatis
3035 4430 3327 4485 voluntarie
3347 4434 3696 4502 peccantibus

2096 4521 2240 4575 nobis
2266 4521 2385 4590 jam
2416 4537 2519 4574 non
2554 4519 2870 4591 relinquitur
2907 4522 3077 4576 hostia
3109 4539 3202 4593 pro
3230 4524 3454 4593 peccatis
3486 4524 3688 4594 (Hebr.

2095 4626 2150 4673 Χ,
2183 4608 2303 4681 16);
2335 4624 2399 4663 ac
2428 4608 2471 4662 si
2502 4608 2708 4663 diceret
2740 4627 2753 4663 :
2786 4609 2974 4665 Nullus
3003 4610 3309 4682 baptizatus
3339 4624 3459 4683 post
3489 4631 3697 4685 pecca-

2094 4710 2205 4755 tum
2252 4699 2422 4754 Deum
2465 4698 2566 4753 sibi
2619 4700 2970 4755 reconciliare
3009 4704 3284 4771 potuerit,
3339 4705 3575 4773 quandiu
3630 4709 3691 4761 in

2092 4792 2294 4864 peccati
2318 4790 2595 4848 voluntate
2624 4794 3009 4862 permanserit.
3037 4795 3230 4849 (lateri
3261 4797 3528 4866 siquidem
3557 4813 3694 4853 san-

2091 4887 2165 4942 cti
2197 4884 2482 4939 Dominum
2517 4885 2684 4940 Deum
2710 4895 2887 4952 orant,
2915 4895 2969 4941 et
2993 4887 3199 4942 orando
3229 4888 3543 4958 impetrant,
3574 4896 3687 4949 sed

2092 4976 2426 5032 honorabilis
2455 4978 2618 5049 Virgo
2642 4977 2807 5031 Maria
2835 4977 2878 5032 si
2909 4976 3058 5032 illum
3082 4992 3149 5033 cx
3190 4993 3255 5035 eo
3280 4981 3423 5049 quod
3457 4981 3598 5036 Deus
3627 4992 3690 5039 ct

2092 5069 2350 5125 Dominus
2376 5078 2489 5136 est,
2530 5084 2757 5124 exorare
2797 5068 2994 5124 merito
3013 5069 3273 5136 creditur,
3304 5085 3370 5126 ex
3404 5087 3471 5127 eo
3496 5083 3687 5129 tamen

2090 5162 2230 5231 quod
2257 5163 2419 5218 homo
2445 5171 2550 5226 est,
2579 5169 2633 5217 et
2659 5170 2818 5216 natus
2839 5177 2904 5215 ex
2930 5176 3016 5231 ea,
3044 5163 3196 5232 quasi
3221 5165 3455 5233 quodam
3484 5168 3686 5222 matris

2090 5253 2320 5322 imperio
2344 5252 2484 5322 apud
2519 5253 2691 5321 ipsum
2729 5251 3021 5320 impetrare
3046 5253 3309 5322 quidquid
3335 5254 3559 5310 voluerit
3583 5259 3684 5326 pia

2089 5344 2195 5399 ﬁde
2243 5360 2349 5398 non
2387 5341 2685 5397 dubitatur.
2737 5341 2871 5397 Nam
2913 5342 2958 5398 si
3003 5342 3232 5412 quilibet
3269 5354 3493 5402 sanctus
3531 5350 3683 5418 apud

2085 5438 2287 5509 justum
2308 5436 2546 5507 judicem
2580 5435 2749 5490 Deum
2778 5436 2987 5490 obtinet
3013 5435 3276 5504 quidquid
3301 5437 3410 5494 sibi
3433 5438 3557 5507 jure
3580 5441 3684 5495 de-

2091 5528 2244 5583 betur
2264 5568 2281 5595 ,
2310 5528 2425 5583 haec
2447 5541 2567 5596 quae
2589 5536 2672 5581 est
2698 5535 2870 5581 mater
2888 5524 3090 5594 judicis
3111 5535 3166 5581 et
3185 5528 3428 5582 omnium
3453 5541 3682 5586 sancto-

2089 5634 2207 5672 rum
2234 5616 2483 5682 domina,
2502 5615 2626 5686 jure
2649 5614 2838 5669 matris
2863 5631 3136 5684 nunquam
3165 5614 3528 5672 fraudabitur.
3557 5618 3682 5676 Hoc

2088 5717 2170 5764 est
2193 5708 2335 5763 enim
2360 5706 2591 5764 materni
2616 5705 2757 5775 juris
2779 5706 2919 5775 apud
2946 5704 3084 5760 lilios
3104 5705 3366 5777 dignitate
3388 5708 3681 5774 sublimes.

2089 5809 2146 5856 ut
2176 5800 2221 5856 si
2249 5812 2345 5864 ,cos
2376 5808 2575 5854 matres
2607 5809 2790 5851 eorum
2832 5794 3025 5864 saepius
3058 5803 3277 5868 rogent,
3310 5797 3438 5866 quia
3467 5799 3681 5856 domini
