4034 6364
267 399 375 456 269

1691 399 2080 460 SERMONES.

3430 409 3534 464 270

263 523 412 582 sunt,
452 529 530 571 ets
559 523 720 574 etiam
749 512 1037 585 aliquando
1066 513 1218 584 quasi
1261 512 1543 591 imperent,
1593 514 1717 584 quia
1751 515 1845 570 lilii
1878 522 1925 578 Λ
1956 527 2139 568 amare
2185 511 2490 585 lacrymans
2523 513 2826 580 confitetur,
2869 526 3056 586 pectus
3097 517 3408 574 verberibus
3445 537 3537 576 ur-

264 619 412 663 sunt.
451 608 656 663 Bonum
695 608 880 678 utique
915 617 1123 663 naturae
1148 647 1164 673 ,
1200 608 1343 677 quod
1374 607 1516 662 Deus
1546 605 1854 662 hominibus

235 699 432 765 *dedit,
467 713 740 768 nunquam
772 698 904 762 sibi,
935 699 1026 768 qui
1057 707 1143 754 est
1178 713 1447 753 summum
1483 699 1706 763 bonum,
1741 707 1795 752 et
1823 715 1854 753 a

262 805 372 860 quo
409 791 548 846 bona
591 799 786 846 cuncta
818 791 1149 860 procedunt,
1189 789 1429 860 negabit.
1474 788 1538 843 Et
1569 789 1710 858 quod
1743 790 1855 844 haec

261 883 577 938 beatissima
619 883 784 953 Virgo
825 881 1003 937 Mater
1049 881 1261 936 Domini
1311 881 1506 935 fecisse
1555 881 1751 950 legitur
1799 881 1854 934 in

265 975 450 1040 terris,
483 975 758 1030 immerito
787 973 967 1029 facere
991 973 1330 1028 dubitaretur
1355 983 1409 1028 et
1438 973 1490 1026 in
1518 972 1690 1027 caelis.
1721 972 1854 1027 Nam

259 1066 389 1119 vino
440 1065 722 1120 deﬁciente
767 1067 1075 1135 nuptiarum
1127 1065 1178 1118 in
1224 1064 1370 1119 Cana
1415 1063 1668 1131 Galileze,
1719 1065 1856 1120 dixit

263 1159 438 1214 Mater
469 1158 599 1214 Jesu
645 1160 708 1215 ad
751 1158 968 1222 Jesum,
1001 1159 1167 1229 Virgo
1197 1159 1444 1214 videlicet
1488 1159 1654 1214 Maria
1687 1161 1753 1214 ad
1787 1159 1853 1214 ft-

267 1249 400 1304 lium
434 1265 448 1304 :
491 1250 677 1304 Vinum
714 1267 818 1304 non
847 1251 1064 1316 habent,
1095 1268 1159 1306 ac
1200 1251 1243 1306 si
1273 1252 1322 1306 ei
1357 1251 1468 1319 ipsa
1500 1252 1852 1320 praeciperet,

262 1352 324 1394 ut
353 1339 468 1410 ipse
497 1339 702 1395 faceret
725 1343 866 1406 quod
894 1341 984 1409 qui
1017 1357 1122 1396 non
1154 1343 1426 1397 habebant
1455 1342 1658 1409 viuum,
1691 1343 1857 1399 habe-

261 1440 410 1485 rent.
437 1431 599 1502 387
625 1430 739 1486 Hoc
764 1431 902 1485 bona
925 1439 1098 1484 mater
1122 1432 1318 1500 pietate
1340 1433 1552 1502 quidem
1577 1434 1852 1503 przccepit,

260 1523 408 1592 quod
441 1524 612 1578 bonus
641 1522 782 1578 filius
822 1523 907 1592 pia
937 1523 1242 1578 obedientia
1274 1524 1582 1594 complevit.
1625 1525 1768 1580 Nihil
1798 1527 1854 1580 in

261 1613 424 1682 hujus
447 1615 670 1684 virginis
703 1615 950 1668 laudibus
975 1614 1309 1680 luesitemus;
1339 1615 1568 1670 honorat
1590 1617 1853 1686 siquidem

264 1705 441 1759 filium
487 1706 580 1775 qui
631 1705 816 1759 laudat
851 1714 1124 1771 matrem,
1176 1705 1296 1760 sine
1341 1704 1496 1774 cujus
1534 1706 1691 1762 laude
1743 1705 1855 1762 Deo

258 1795 480 1865 placere
513 1796 844 1867 impossibile
874 1805 977 1863 est,
1009 1807 1064 1852 et
1099 1813 1220 1851 cum
1256 1796 1411 1852 laude
1446 1797 1562 1866 ejus
1591 1797 1641 1852 ei
1668 1798 1856 1869 displi-

259 1862 391 1940 cere
415 1903 574 1943 nemo
590 1862 796 1957 potest.
821 1862 972 1942 Hane
1003 1888 1164 1957 igitur
1187 1888 1585 1943 sanctissimam
1611 1899 1663 1945 et
1685 1889 1857 1944 admi-
1885 1862 1932 1920 Β

259 1976 496 2030 rabilcm
528 1977 792 2047 virginem
830 1977 1139 2042 laudemus,
1169 1979 1294 2048 quia
1333 1980 1556 2050 virginis
1600 1981 1708 2036 lilio
1741 1982 1858 2052 pla-

257 2079 392 2120 cere
421 2065 537 2120 sine
580 2066 771 2120 matris
809 2066 1032 2136 virginis
1059 2066 1217 2122 laude
1247 2083 1352 2122 nou
1381 2083 1687 2138 possumus.
1730 2071 1858 2125 Dili-

259 2170 459 2224 gamus
481 2170 601 2209 eam
624 2156 1157 2213 sicutcharissimam
1182 2157 1392 2212 Domini
1418 2158 1668 2222 Matrem,
1695 2175 1858 2230 quam

261 2247 384 2315 ipse
413 2246 589 2317 diligit
624 2255 683 2301 ut
713 2249 988 2318 propriam
1017 2263 1254 2303 carnem.
1286 2247 1452 2317 Cujus
1481 2249 1645 2304 etiam
1676 2249 1861 2305 lauda-

264 2339 433 2394 bilem
497 2338 866 2409 virginitatem
933 2340 1068 2395 adeo
1129 2341 1429 2409 approbare
1483 2352 1536 2395 et
1593 2343 1860 2398 honorare

263 2429 532 2500 disposuit
577 2439 633 2484 ut
671 2429 930 2500 quosdam
977 2429 1146 2500 magis
1190 2429 1256 2483 de
1290 2445 1388 2484 suo
1429 2442 1552 2485 ortu
1594 2447 1752 2500 quam
1794 2433 1860 2486 de

264 2520 386 2590 ejus
429 2521 756 2592 virginitatis
793 2522 1101 2592 integritate
1145 2521 1392 2575 dubitare
1435 2520 1687 2576 voluerit.
1733 2521 1860 2577 Ilaec

265 2621 352 2666 est
381 2613 692 2668 dulcissima
727 2623 900 2667 mater
933 2611 1093 2684 Virgo
1124 2612 1314 2678 Maria,
1338 2628 1458 2682 qua:
1484 2614 1674 2669 mortis
1699 2629 1858 2684 pepe-

265 2705 338 2758 rit
373 2714 599 2759 mortem
622 2745 637 2769 ,
682 2705 848 2760 vitam
890 2705 1122 2760 hominis
1145 2748 1161 2774 ,
1204 2705 1399 2760 diaboli
1441 2705 1809 2760 confusionem
1841 2745 1856 2770 ,

267 2795 666 2850 absolutionem
695 2805 1073 2866 peccatorum,
1107 2798 1348 2866 omnium
1379 2795 1650 2864 justorum
1679 2797 1856 2851 beati-

267 2890 531 2944 tudine.
560 2889 666 2945 Res
693 2890 847 2952 mira,
876 2890 970 2944 sed
995 2905 1116 2944 cum
1143 2890 1337 2960 gaudio
1362 2898 1416 2945 et
1447 2889 1551 2944 fide
1580 2889 1852 2944 miranda!

267 2978 444 3032 "orno
474 2979 562 3050 qui
595 2992 681 3035 est
720 2996 786 3034 ex
822 2979 926 3035 hac
954 2979 1160 3050 virgine
1190 2990 1369 3046 natus,
1407 2996 1513 3036 non
1546 2980 1720 3036 solum
1762 2980 1858 3036 ho-

268 3070 477 3123 minum
502 3068 616 3124 Rex
641 3079 746 3133 est,
770 3069 862 3125 sed
887 3069 1277 3140 angelorumet
1298 3073 1534 3125 omnium
1557 3070 1857 3126 caelestium

265 3159 532 3212 virtutum
577 3157 803 3214 Creator
841 3167 894 3214 et
933 3160 1210 3215 Dominus.
1256 3159 1380 3215 llaec
1419 3170 1503 3216 est
1547 3161 1634 3215 cui
1683 3159 1856 3230 angeli

266 3249 536 3314 serviunt,
569 3249 878 3321 archangeli
912 3249 1282 3316 famulantur;
1313 3253 1488 3306 omnis
1523 3253 1683 3307 etiam
1716 3252 1858 3306 mili-

266 3343 342 3396 tia
373 3340 614 3396 caelestis
648 3341 918 3397 exercitus
947 3343 1088 3397 hanc
1115 3343 1377 3414 virginem
1408 3343 1589 3398 laudat
1614 3352 1669 3398 et
1694 3359 1858 3400 vene-

266 3442 441 3488 ratur.
476 3433 602 3488 Htec
636 3433 749 3489 sola
781 3444 902 3504 post
945 3435 1113 3489 Deum
1157 3451 1318 3505 super
1349 3449 1538 3491 omnes
1577 3447 1856 3492 creaturas

265 3525 479 3580 obtinet
530 3524 912 3595 principatum.
966 3523 1010 3580 Ο
1061 3540 1223 3594 quam
1270 3525 1640 3591 venerabilis,
1693 3541 1854 3596 quam

265 3617 518 3672 sublimis
543 3618 657 3672 haec
681 3616 994 3672 beatissima
1021 3625 1216 3683 mater,
1251 3617 1403 3688 cujus
1427 3616 1587 3683 ﬁlius,
1612 3618 1856 3688 quamvis

264 3710 614 3780 omnipotens
635 3709 776 3765 Deus
807 3710 900 3774 sit,
930 3709 978 3764 ei
1013 3718 1190 3764 tamen
1227 3709 1362 3763 nihil
1399 3725 1632 3779 unquam
1660 3725 1855 3781 negare

265 3798 538 3867 potuerit!
577 3797 703 3854 Haec
737 3799 890 3870 virgo
924 3807 1033 3853 tam
1063 3809 1271 3864 sancta,
1311 3808 1417 3853 tam
1444 3799 1675 3869 gloriosa
1699 3840 1714 3865 ,
1748 3810 1853 3855 tam

266 3891 568 3954 honorata,
600 3906 629 3946 a
663 3891 774 3946 Deo
809 3901 914 3945 tam
951 3890 1270 3956 sublimata,
1298 3891 1370 3945 ita
1399 3901 1482 3946 cst
1506 3891 1748 3957 humilis,
1783 3894 1852 3946 ita

271 3981 635 4050 compatiens,
669 3981 744 4036 ita
776 3981 1088 4036 misericors
1117 3989 1172 4036 et
1197 3981 1306 4050 pia,
1332 3981 1471 4050 quod
1493 3989 1717 4050 propter
1740 3982 1856 4034 ani-

266 4084 414 4122 mam
458 4069 812 4138 peccatricem
837 4111 853 4136 ,
889 4079 943 4125 et
966 4070 1080 4140 jam
1116 4070 1292 4140 pwnis
1336 4071 1642 4140 deputatam
1690 4071 1856 4142 388

263 4163 532 4227 aeternis,
580 4164 855 4218 severitati
903 4164 1133 4219 districti
1174 4163 1372 4234 judicis
1417 4178 1478 4218 se
1523 4163 1851 4233 opposuerit.

264 4251 610 4307 Christianus
651 4254 853 4308 etenim
901 4255 1118 4326 quidam
1145 4296 1162 4321 ,
1212 4255 1544 4326 Theophilus
1590 4256 1808 4311 nomine
1837 4296 1853 4322 ,

264 4343 410 4398 sicut
445 4346 715 4400 veraciter
743 4345 956 4417 legitur,
995 4347 1108 4404 suis
1132 4347 1458 4415 infortuniis
1491 4348 1624 4403 adeo
1668 4349 1854 4418 despe-

265 4444 422 4489 ratus
464 4435 676 4502 fuerat,
715 4447 771 4493 et
816 4439 1069 4494 seductus
1109 4454 1138 4493 a
1181 4440 1411 4509 quodam
1446 4438 1632 4494 Iudaeo
1656 4480 1670 4505 ,
1711 4442 1854 4510 quod

1958 609 2072 671 get,
2104 601 2394 672 gemitibus
2423 602 2691 672 supplicat
2726 604 3025 673 continuis,
3066 621 3184 660 eam
3221 607 3542 677 deprecatur

1957 695 2203 759 assidue,
2244 695 2337 749 sed
2378 696 2556 751 cordis
2597 697 2774 765 potius
2811 698 3109 755 intentione
3147 715 3308 769 quam
3339 703 3538 760 verbis.

1956 781 2124 838 Mater
2152 793 2330 838 autem
2362 785 2578 853 pietatis
2609 786 2895 856 diligenter
2928 790 3210 846 audiamus
3243 793 3371 861 quid
3403 792 3542 850 fece-

1957 877 2048 930 rit.
2093 876 2414 931 Consolatur
2456 878 2642 948 utique
2686 889 3061 948 peccatorem,
3104 892 3159 938 et
3192 885 3344 954 quasi
3387 901 3541 940 suum

1957 966 2187 1036 quodam
2219 966 2610 1036 compassionis
2640 966 2834 1023 affectu
2862 968 3067 1026 faciens
3093 983 3395 1043 peccatum,
3423 992 3546 1032 cau-

1956 1073 2071 1112 sam
2123 1058 2429 1128 peccatoris
2463 1059 2722 1128 suscipit,
2764 1075 2863 1129 pro
2902 1076 2966 1116 eo
3001 1073 3316 1131 peroratura
3364 1066 3428 1120 ad
3457 1067 3546 1137 ju-

1955 1149 2150 1204 dicem.
2213 1149 2439 1204 Perorat
2489 1151 2797 1206 misericors
2849 1161 3022 1208 mater
3071 1170 3169 1222 pro
3224 1156 3425 1212 misero
3476 1160 3546 1213 ad

1956 1241 2363 1296 misericordem
2397 1241 2595 1309 tilium,
2640 1243 3010 1298 misericordia
3042 1259 3070 1297 a
3105 1245 3321 1300 miseria
3352 1247 3546 1304 liberat

1956 1335 2236 1389 miserum.
2275 1334 2636 1408 Lacrymatur
2662 1345 2914 1406 peccator
2945 1337 3077 1404 istc,
3122 1339 3291 1412 389
3323 1350 3383 1419 υ)
3413 1341 3548 1397 dixi-

1955 1441 2098 1490 mus,
2127 1426 2219 1481 sed
2241 1442 2446 1481 amare.
2483 1426 2651 1481 Mater
2672 1442 2769 1496 pro
2797 1438 3080 1497 peccatore
3107 1429 3217 1486 filio
3239 1433 3544 1503 supplicans

1956 1519 2204 1584 accedit;
2266 1517 2408 1572 ﬁlius
2461 1521 2682 1588 respicit
2733 1529 3111 1590 peccatorem;
3172 1539 3202 1576 a
3260 1534 3546 1593 peccatore

1955 1617 2234 1677 peccatum
2261 1607 2523 1674 discedit;
2557 1618 2614 1664 ut
2643 1610 2852 1680 decepti
2883 1611 3118 1666 hominis
3148 1614 3389 1668 chartam
3419 1615 3543 1670 red-

1957 1701 2085 1766 dat,
2146 1700 2362 1756 diabolo
2415 1703 2692 1772 deceptori
2750 1702 2913 1774 Virgo
2965 1715 3216 1774 potenter
3271 1707 3540 1776 imperat;

1959 1788 2161 1844 invitus
2208 1802 2264 1846 et
2310 1791 2568 1847 confusus
2611 1793 2929 1847 criminator
2967 1795 3183 1861 obedit;
3237 1797 3397 1853 homo
3445 1812 3545 1868 per

1960 1895 2180 1934 manum
2213 1883 2452 1953 Virginis
2482 1883 2726 1937 chartam
2760 1885 2952 1955 recipit
2981 1887 3279 1952 absolutus,
3309 1898 3363 1943 et
3391 1889 3546 1944 uber-

1960 1971 2057 2025 tim
2085 1971 2355 2042 lacrymas
2389 1973 2617 2027 fundens
2647 1988 2759 2042 pra:
2787 1975 3011 2042 gaudio,
3049 1975 3156 2031 Deo
3185 1987 3250 2031 ct-
3279 1977 3394 2046 ejus
3419 1980 3545 2035 bea-

1962 2063 2184 2118 tissimze
2234 2064 2395 2118 matri
2449 2065 2634 2120 laudes
2683 2081 2791 2120 non
2841 2067 3078 2123 modicas
3122 2078 3177 2122 et
3222 2070 3546 2140 multiplices

1963 2152 2264 2221 gratiarum
2295 2155 2540 2209 actiones
2571 2155 2838 2224 rependit.
2881 2155 3006 2212 Haec
3033 2167 3118 2213 est
3143 2159 3424 2218 laudabilis
3444 2203 3459 2228 ,
3491 2175 3546 2219 et

1962 2243 2286 2298 universalis
2309 2244 2625 2316 imperalrix
2659 2247 2970 2318 angelorum
3000 2258 3054 2304 et
3074 2251 3352 2307 hominum
3381 2253 3545 2327 Virgo
3591 2303 3596 2308 .

1962 2336 2331 2401 sanctissima,
2349 2351 2469 2405 qua:
2483 2337 2608 2392 licet
2623 2352 2651 2392 a
2667 2337 2922 2394 Creatore
2933 2341 3172 2396 omnium
3189 2353 3368 2399 creata
3380 2347 3469 2412 sit,
3490 2349 3543 2403 in

1963 2424 2078 2492 ipsa
2103 2425 2453 2494 Creatoripse
2468 2426 2639 2482 factus
2656 2437 2737 2482 est
2758 2438 3026 2484 creatura.
3049 2429 3180 2486 Filia
3197 2434 3408 2502 quidem
3425 2438 3541 2503 Dei,

1961 2514 2056 2568 sed
2083 2515 2174 2569 Dei
2201 2515 2438 2572 simulet
2467 2517 2699 2572 hominis
2725 2517 2895 2574 Mater
2921 2520 3247 2593 incorrupta.
3277 2523 3399 2582 Hazc
3423 2539 3547 2596 post

1963 2604 2130 2659 lilium
2166 2621 2321 2660 suum
2355 2615 2437 2661 est
2466 2607 2796 2677 praecipuum
2835 2609 3100 2682 refugium
3131 2619 3542 2685 peccatoribus,

1960 2711 2066 2765 quo
2101 2705 2224 2765 post
2253 2698 2460 2768 lapsum
2489 2697 2726 2768 fugiant,
2759 2703 3074 2770 consilium,
3117 2717 3175 2760 ut
3200 2711 3500 2778 pmniteaut
3526 2753 3542 2776 ,

1960 2787 2218 2842 auxilium
2246 2828 2261 2854 ,
2311 2797 2370 2843 ut
2412 2797 2802 2846 convertantur
2843 2809 2910 2848 ne
2949 2807 3192 2866 pereant.
3238 2799 3390 2854 Nulla
3434 2813 3543 2858 tam

1959 2881 2140 2949 gravis
2167 2889 2249 2936 est
2275 2881 2486 2951 peccati
2520 2885 2599 2938 vel
2634 2886 2876 2941 criminis
2907 2887 3092 2958 plaga,
3128 2890 3282 2961 cujus
3309 2908 3415 2949 non
3442 2895 3540 2957 sit.

1961 2973 2004 3028 si
2051 2973 2166 3044 ipsa
2207 2973 2468 3042 voluerit,
2512 2977 2799 3033 medicina.
2838 2979 3241 3038 Confessionem
3270 2994 3326 3040 et
3370 2989 3543 3056 poeni-

1962 3066 2186 3120 tentiam
2216 3066 2270 3120 in
2303 3068 2611 3124 hominibus
2643 3071 2915 3129 desiderat
2954 3085 3328 3145 peccatorum,
3360 3091 3416 3135 ut
3445 3097 3542 3151 pro

1961 3155 2066 3212 illis
2093 3159 2434 3216 occasionem
2466 3162 2662 3216 habeat
2691 3163 3034 3232 deprecandi.
3073 3167 3209 3226 lluic
3250 3173 3411 3243 igitur
3447 3191 3542 3231 ex-

1958 3250 2357 3338 cellentissima:
2410 3269 2473 3309 ac
2530 3254 2786 3324 piissimae
2841 3256 2999 3312 Matri
3058 3261 3271 3317 Domini
3324 3281 3542 3338 semper

1960 3336 2165 3409 Virgini
2197 3333 2402 3396 Maria:
2453 3343 2731 3398 humiliter
2777 3346 3166 3416 supplicantes,
3216 3355 3357 3420 quod
3403 3333 3542 3415 male

1956 3425 2182 3483 fecimus
2217 3429 2462 3484 confiteri
2493 3432 2635 3486 nulla
2675 3435 2963 3492 occasione
2990 3436 3328 3510 differamus,
3365 3454 3420 3500 et
3444 3461 3541 3516 per

1958 3521 2344 3590 supplicabiles
2395 3523 2567 3592 ipsius
2616 3539 2806 3594 preces
2836 3569 2851 3593 ,
2898 3544 2999 3585 nos
3049 3539 3104 3586 et
3151 3547 3338 3592 onmes
3387 3548 3540 3594 actus

1956 3621 2172 3669 nostros
2203 3615 2429 3672 Domino
2459 3621 2934 3689 commendemus,
2980 3632 3039 3678 ut
3068 3625 3134 3679 ad
3167 3625 3338 3696 ipsum
3371 3631 3458 3699 qui
3486 3640 3540 3685 et

1955 3707 2302 3772 peccantibus
2324 3705 2469 3776 juste
2507 3709 2778 3779 irascitur,
2820 3722 2874 3768 et
2903 3715 3291 3784 paenitentibus
3331 3722 3540 3777 miseri-

1956 3796 2194 3850 corditer
2238 3798 2504 3870 indulget,
2550 3803 2834 3870 pervenire
2878 3820 3206 3875 mereamur,
3251 3820 3540 3878 praestante

1955 3900 2020 3939 eo
2061 3887 2151 3954 qui
2199 3901 2297 3956 pro
2339 3889 2496 3944 nobis
2537 3905 2604 3944 ex
2639 3908 2702 3946 ea
2750 3893 2924 3950 factus
2961 3904 3044 3950 est
3091 3897 3251 3953 homo
3291 3900 3539 3958 Christus

1957 3973 2216 4031 Dominus
2265 3990 2474 4044 noster,
2523 3983 2614 4049 qui
2662 3998 2783 4037 cum
2827 3985 2990 4054 390
3033 3986 3192 4042 Patre
3231 4000 3287 4044 et
3335 3992 3539 4061 Spiritu

1957 4072 2146 4120 sancto
2167 4065 2301 4120 vivit
2327 4076 2380 4122 et
2410 4079 2602 4139 regnat
2633 4069 2775 4125 Deus
2808 4088 2903 4141 per
2929 4076 3107 4128 omnia
3139 4078 3332 4133 szecula
3370 4095 3538 4136 szecu-

1957 4153 2150 4209 Iorum.
2183 4157 2375 4212 Amen.

2567 4248 2798 4307 SERMO
2835 4252 2924 4306 IX.

2168 4354 2222 4393 IN
2259 4353 2613 4394 FESTIVITATE
2652 4359 2703 4396 Β.
2744 4359 2923 4399 MANE
2974 4362 3321 4405 υΔοοΑιεΝΑε.

2026 4428 2362 4495 Audivimus,
2414 4431 2645 4496 fratres,
2692 4449 2812 4488 cum
2849 4436 3198 4507 Evangelium
3247 4442 3532 4512 legeretur,

263 4527 546 4582 Christum
597 4529 884 4585 Dominum
927 4538 984 4585 et
1029 4533 1145 4602 ejus
1179 4531 1574 4587 sanctissimam
1624 4531 1849 4588 Matrem

1957 4521 2082 4590 quia
2111 4522 2328 4592 quidam
2373 4523 2681 4580 Pharismus
2722 4529 2931 4598 rogavit
2972 4531 3256 4588 Dominum
3301 4544 3356 4589 ut
3385 4552 3536 4591 man-

263 4627 582 4689 negaverat,
612 4619 934 4676 Christianae
962 4620 1085 4676 fidei
1111 4621 1444 4685 renuntians,
1474 4636 1637 4693 quam
1668 4638 1852 4679 susce-

263 4719 425 4781 perat
453 4709 505 4763 in
530 4710 819 4780 baptismo,
843 4723 896 4766 et
921 4712 1092 4782 ipsum
1117 4711 1386 4767 diabolum
1411 4711 1666 4784 adorans,
1693 4712 1852 4782 hujus

264 4799 608 4854 detestabilis
648 4802 979 4871 operationis
1015 4801 1065 4856 ei
1110 4800 1311 4856 fecerat
1346 4800 1590 4856 chartam
1634 4803 1851 4871 proprio

262 4893 470 4948 annulo
497 4893 810 4964 sigillatam.
841 4893 1032 4949 Postea
1059 4908 1188 4948 vero
1225 4893 1418 4948 divinae
1448 4893 1665 4962 pietatis
1695 4893 1851 4948 mise-

262 4986 484 5040 ratione
513 4994 897 5056 compunctus,
937 4985 1004 5040 ad
1050 4983 1609 5040 misericordissimam
1638 4983 1850 5037 Domini

262 5075 500 5130 Matrem
547 5075 772 5132 Mariam
804 5077 1103 5146 piissimam
1146 5077 1424 5146 Virginem
1475 5075 1757 5132 consilium
1798 5083 1851 5129 et

263 5167 532 5221 auxilium
563 5167 828 5238 petiturus
857 5181 918 5222 se
946 5167 1233 5233 convertit,
1264 5181 1446 5222 secum
1472 5166 1667 5221 merito
1691 5180 1851 5234 repu-

262 5266 393 5311 tans
445 5258 590 5326 quod
642 5259 819 5314 nullus
871 5267 1180 5312 sanctorum
1210 5298 1226 5322 ,
1282 5273 1382 5312 nec
1435 5256 1692 5326 angelus,
1749 5271 1850 5312 nec

260 5348 525 5418 quzelibet
569 5349 759 5405 ctelica
794 5350 968 5404 virtus
1006 5357 1210 5404 tantum
1247 5356 1458 5419 poterat
1498 5349 1639 5417 apud
1681 5349 1847 5402 Deum

260 5450 529 5510 quantum
559 5453 734 5497 mater
759 5441 896 5512 ejus.
936 5442 1048 5497 Hoc
1077 5441 1239 5495 etiam
1273 5449 1448 5495 mente
1474 5448 1808 5510 pertractans
1833 5479 1848 5506 ,

259 5533 410 5600 quod
443 5531 586 5587 lilius
627 5535 814 5589 matris
843 5534 1095 5604 injuriam
1129 5531 1344 5602 gravius
1381 5531 1658 5586 ulciscitur
1685 5546 1847 5601 quam

259 5635 450 5687 suam,
478 5631 530 5677 et
555 5625 698 5678 nulla
729 5627 936 5681 ratione
959 5623 1182 5679 inultam
1213 5623 1530 5686 dimitteret,
1573 5623 1675 5677 nisi
1701 5623 1850 5692 prius

262 5716 381 5784 ipsa
432 5733 530 5787 pro
573 5735 672 5774 suo
715 5721 1030 5790 injuriatore
1078 5726 1310 5788 rogaret.
1363 5715 1623 5771 Gloriosa:
1664 5716 1848 5786 itaque

260 5804 475 5876 Virgini
520 5807 676 5865 Matri
731 5808 1116 5866 misericordia:
1170 5807 1584 5863 amaritudinem
1637 5809 1844 5878 peccati

1955 4615 2179 4670 ducaret
2217 4631 2340 4671 cum
2385 4616 2477 4672 illo
2509 4618 2659 4690 (Luc.
2708 4636 2780 4674 vn
2807 4663 2822 4688 ,
2868 4621 2978 4692 56).
3026 4624 3188 4695 Cujus
3228 4628 3530 4696 superbiam

1953 4703 2080 4762 licet
2121 4723 2228 4764 non
2265 4709 2543 4780 ignoraret
2567 4711 2828 4767 Dominus
2855 4713 2946 4783 qui
2974 4718 3152 4771 omnia
3190 4722 3363 4783 novit,
3397 4721 3532 4776 Pha-

1953 4797 2095 4852 risaei
2130 4808 2306 4855 tamen
2339 4802 2554 4856 domum
2588 4803 2862 4871 ingressus
2890 4815 3013 4868 est,
3044 4818 3096 4862 et
3120 4809 3200 4863 sic
3239 4811 3529 4868 discubuit.

1955 4888 2107 4944 Unde
2147 4892 2440 4961 prudenter
2475 4895 2923 4950 considerandum
2968 4907 3051 4952 est
3091 4910 3344 4969 quantum
3386 4904 3529 4965 Deus

1951 4979 2272 5034 charitatem
2301 4981 2509 5052 diligat,
2541 4983 2634 5052 qui
2661 5000 2759 5039 nec
2788 4988 3020 5056 speciem
3065 4992 3343 5048 charitalis
3389 5000 3530 5052 refu-

1955 5080 2056 5126 tat.
2103 5072 2407 5130 Pharisacus
2457 5090 2692 5146 namque
2747 5079 2900 5133 valde
2958 5086 3218 5152 superbus
3266 5097 3424 5153 erat,
3476 5100 3529 5144 et

1953 5163 2155 5218 idcirco
2182 5165 2503 5220 cbaritatem
2553 5169 2752 5224 habere
2778 5185 2882 5225 non
2924 5181 3154 5241 poterat.
3189 5178 3322 5231 Dum
3365 5179 3530 5248 igitur

1954 5255 2260 5323 Dominum,
2291 5266 2349 5311 ut
2377 5274 2560 5314 secum
2609 5262 2976 5330 manducaret,
3004 5269 3232 5335 rogavit,
3281 5285 3386 5324 non
3418 5270 3530 5322 vir-

1955 5354 2121 5402 tutem
2155 5363 2313 5418 quam
2359 5365 2463 5404 non
2507 5351 2778 5416 habebat,
2824 5354 2916 5410 sed
2962 5358 3194 5425 speciem
3241 5359 3527 5412 cbaritatis

1952 5438 2212 5492 exhibuit.
2254 5439 2400 5494 Inter
2439 5442 2552 5496 haec
2580 5442 2769 5496 mulier
2794 5452 2912 5514 qua:
2949 5455 3062 5498 erat
3093 5446 3147 5498 in
3176 5448 3382 5501 civitate
3410 5457 3526 5517 ρει-ο
3606 5459 3611 5499 i

1951 5530 2154 5592 catrix,
2185 5539 2240 5584 ut
2271 5533 2504 5600 cognovit
2531 5534 2668 5602 quod
2709 5534 2969 5604 benignus
3002 5533 3158 5588 Iesus
3193 5537 3432 5590 accubuit
3471 5541 3524 5592 in

1951 5623 2104 5676 domo
2139 5619 2415 5688 Phariswi,
2442 5623 2615 5694 attulit
2641 5623 2960 5677 alabastrum
2989 5626 3256 5693 unguenti,
3283 5637 3525 5698 stansque

1952 5723 2088 5767 retro
2126 5730 2272 5768 secus
2311 5713 2462 5783 pedes
2506 5715 2746 5798 Domini,
2788 5716 2937 5785 carpit
2966 5716 3242 5772 humiliter
3277 5719 3522 5790 lacrymis

1951 5793 2120 5876 rigare
2161 5805 2312 5875 pedes
2351 5805 2463 5874 ejus
2491 5793 2519 5872 δ’
2546 5815 2592 5886 et
2642 5805 2843 5888 capillis
2889 5807 3072 5876 capitis
3118 5810 3200 5862 sui
3248 5819 3438 5892 'e-[gere
3474 5825 3524 5867 et
