3986 6476
530 451 642 505 9.ῖὶ

1582 444 1903 502 ϐοιείηἰιιοι
1939 442 2229 499 ABBATIS
2268 440 2784 499 \‘lNDUClNENSlS

3672 442 3780 508 ’272

547 565 797 621 osculari.
823 563 901 622 Ae
950 562 1140 618 deinde
1189 568 1450 629 unguento
1502 559 1643 629 quod
1701 560 1982 624 attulerat,
2024 576 2126 613 ιιη-
2158 563 2200 621 Λ
2232 566 2333 621 rat,
2365 556 2617 628 lacrymis
2643 554 2948 612 c0nlitendo
2978 555 3177 612 delere.
3203 554 3362 613 Certe
3385 557 3527 615 Deus
3551 561 3658 631 ipse
3678 565 3781 626 που,

542 674 661 728 gere
728 673 830 710 non
895 653 1146 708 cessabat.
1206 650 1367 705 Istam
1436 651 1793 720 peccatricem
1865 649 2122 704 feminam

541 746 671 800 nulli
711 745 927 800 dubium
967 752 1049 797 est
1087 741 1312 796 Mariam
1354 740 1521 798 fuisse
1561 743 1963 809 Magdalenam,
2004 756 2123 811 qua:

539 840 690 907 prius
717 835 931 906 quidem
969 834 1175 888 exstitit
1212 833 1418 888 famosa
1460 834 1767 904 peccatrix,
1807 834 1897 889 sed
1938 842 2123 903 postea

534 935 680 982 tacta
705 934 788 981 est
812 922 1045 995 gloriosa
1078 922 1443 994 praedicatrix.
1478 922 1603 979 llaec
1635 932 1693 977 ut
1720 924 1970 992 cognovit
1999 922 2119 977 Sal-

532 1026 777 1073 vatorem
805 1031 926 1071 esse
955 1031 1075 1069 eum
1101 1013 1409 1079 l‘ltarismo,
1438 1014 1694 1079 humilem
1726 1014 1970 1068 videlicet
1999 1028 2120 1067 cum

530 1108 788 1179 superbo,
810 1107 971 1178 elegit
999 1106 1173 1175 magis
1195 1106 1261 1160 de
1291 1106 1489 1176 pietate
1512 1104 1810 1161 Salvatoris
1831 1105 2116 1167 conlidere,

535 1214 696 1266 quam
734 1198 1102 1252 austeritatem
1140 1194 1393 1249 Pharisaei
1425 1194 1735 1251 formidare.
1774 1194 2121 1251 Formidabat

535 1305 696 1345 sexus
717 1287 922 1360 fragilis
944 1286 1299 1349 Pharisaeum,
1325 1286 1595 1340 hominem
1614 1286 1731 1340 sine
1753 1285 2120 1340 misericordia

534 1389 593 1435 et
614 1380 775 1434 nimis
800 1391 1072 1449 asperum,
1098 1377 1188 1447 qui
1219 1376 1496 1430 mulierem
1520 1375 1676 1446 391
1706 1376 2118 1444 aspernabatur,

536 1481 593 1526 et
619 1471 851 1526 alienam
881 1485 910 1523 a
937 1469 1111 1524 salute
1141 1467 1418 1531 credebat,
1447 1476 1500 1520 et
1541 1468 1606 1521 ab
1640 1482 1703 1521 ea
1737 1467 1879 1535 tangi
1910 1466 2120 1536 penitus

535 1562 948 1631 dedignabatur.
1002 1559 1107 1614 Sed
1157 1559 1276 1615 fons
1322 1558 1578 1614 bonitatis
1617 1567 1670 1612 et
1713 1558 1928 1628 pietatis
1971 1560 2120 1627 origo

535 1644 680 1709 Deus
709 1651 953 1712 humilis,
980 1650 1070 1720 qui
1101 1648 1328 1704 humiles
1357 1656 1666 1718 peccatores
1693 1648 1984 1718 qumrebat,
2015 1666 2117 1703 non

535 1755 600 1800 ut
633 1746 936 1809 damnaret,
970 1742 1062 1796 sed
1090 1752 1142 1794 ut
1171 1739 1517 1811 justilicaret,
1549 1739 1827 1793 mulierem
1856 1740 2119 1807 peccatri-

538 1850 656 1890 cem
696 1849 802 1889 non
831 1833 1108 1903 despexit,
1141 1846 1240 1886 nec
1265 1830 1314 1886 ei
1342 1844 1467 1885 suos
1495 1827 1764 1884 subtraxit
1806 1829 1998 1899 pedes,
2025 1829 2119 1885 sccl

538 1927 781 1990 tradidit,
809 1935 863 1981 et
885 1900 1002 1994 ejus
1027 1923 1345 1991 obsequium
1373 1922 1599 1976 multum
1625 1930 1905 1991 gratanter
1934 1935 2116 1977 susceo
2146 1900 2192 1959 Β

534 2019 632 2088 pit.
662 2017 755 2071 illa
782 2031 912 2072 vero
940 2015 1154 2086 quando
1193 2014 1423 2084 primum
1453 2016 1682 2070 accessit
1714 2015 1781 2069 ad
1811 2014 2115 2080 Dominum,

530 2108 795 2163 attentius
838 2108 1118 2161 audiamus
1157 2105 1285 2176 quid
1319 2104 1527 2160 fecerit.
1578 2103 1735 2160 Retro
1778 2122 1925 2160 secus
1964 2107 2119 2175 pcdes

534 2200 703 2261 stetit,
733 2209 777 2252 et
806 2198 983 2269 ﬂebat,
1023 2198 1180 2268 quia,
1212 2197 1460 2266 quamvis
1498 2197 1565 2251 de
1595 2197 1963 2253 misericordia
2006 2196 2117 2251 Do-

532 2291 666 2350 mini
699 2290 986 2361 plurimum
1022 2298 1395 2361 prtesumeret,
1437 2290 1734 2344 accusatrix
1772 2297 2115 2358 peccatorum

535 2380 865 2437 conscientia
917 2394 1035 2434 eam
1084 2379 1430 2434 vehementer
1477 2379 1721 2449 urgebat.
1768 2377 1894 2434 llaec
1938 2380 2118 2448 itaque

532 2471 808 2544 peccatrix
834 2470 959 2525 dum
992 2470 1205 2525 dilectio
1231 2469 1322 2523 dat
1343 2468 1391 2524 ei
1423 2484 1594 2539 spem,
1625 2478 1679 2524 et
1706 2469 1965 2523 memoria
1994 2483 2119 2539 pec-

534 2572 782 2617 catorum
831 2574 1053 2616 suorum
1106 2559 1299 2616 incutit
1347 2560 1624 2626 timorem,
1677 2559 1940 2615 dubitavit
1981 2574 2128 2631 pene,

530 2652 664 2723 quid
696 2655 918 2717 laceret,
952 2650 1206 2719 quoniam
1235 2659 1291 2705 et
1318 2652 1384 2704 ad
1415 2650 1687 2705 Christum
1717 2651 1975 2706 accedere
1995 2666 2120 2721 pro-

531 2744 657 2814 pius
684 2742 992 2799 recordatio
1012 2741 1300 2796 criminum
1324 2749 1382 2795 et
1413 2741 1573 2796 timor
1597 2756 1717 2795 eam
1747 2741 2115 2807 retentabant,

532 2843 589 2888 et
624 2833 692 2888 ab
725 2831 813 2887 illo
842 2831 1115 2887 abstinere
1144 2831 1347 2886 diutius
1379 2846 1502 2902 spes
1533 2841 1589 2887 et
1620 2831 1835 2887 dilectio
1868 2832 2119 2901 prohibe-

532 2922 685 2977 bant.
718 2920 937 2976 Timore
963 2920 1177 2976 tandem
1205 2920 1360 2975 home
1388 2921 1498 2991 spei
1526 2921 1864 2977 concorditer
1890 2924 2114 2990 sociato,

533 3014 696 3068 ambo
717 3012 883 3067 duces
909 3010 1228 3081 peccatricis
1249 3010 1489 3066 mulieris
1514 3010 1667 3079 fiunt,
1693 3021 1746 3067 et
1775 3026 1891 3066 eam
1917 3014 2119 3082 pariter

532 3118 707 3173 usque
735 3103 802 3157 ad
840 3102 1100 3157 tenendos
1131 3102 1277 3173 ipsos
1306 3103 1470 3172 pedes
1496 3101 1720 3157 multum
1754 3104 1966 3175 benigni
2001 3106 2117 3160 Sal-

533 3196 741 3253 vatoris
770 3197 1071 3265 adducunt,
1104 3194 1195 3251 ubi
1227 3196 1373 3251 illam
1406 3194 1686 3252 devotione
1717 3208 2117 3267 prosternentes

532 3288 767 3345 feliciter
792 3289 1259 3343 commendarunt.
1293 3285 1441 3343 Beati
1475 3286 1607 3343 tales
1638 3289 1822 3355 duces,
1857 3291 1946 3360 qui
1978 3307 2115 3346 sem.

530 3395 633 3452 per
665 3380 867 3435 dueum
910 3379 978 3435 ad
1010 3378 1324 3434 Christum!
1366 3387 1421 3433 et
1460 3380 1613 3433 beata
1654 3381 1926 3450 peceatrix
1948 3422 1962 3446 ,
1997 3396 2118 3450 qua:

532 3469 699 3524 talem
728 3469 922 3523 meruit
942 3468 1142 3525 habere
1163 3468 1448 3522 ducatum!
1475 3466 1637 3538 Spem
1661 3478 1821 3538 atque
1846 3469 2113 3537 timorem,

532 3560 868 3615 dilectissimi
894 3601 910 3625 ,
941 3560 1015 3614 ita
1043 3558 1273 3615 alterum
1305 3558 1460 3613 alteri
1491 3559 1851 3615 necessarium
1881 3575 1999 3617 esse
2027 3578 2116 3616 co-

532 3671 885 3734 gnoscamus,
925 3655 1068 3726 quod
1100 3670 1264 3710 unum
1298 3656 1414 3711 sine
1443 3656 1614 3713 altero
1653 3672 1927 3727 nunquam
1960 3659 2115 3716 nobis

532 3746 793 3817 prodesse
820 3747 1124 3802 credamus.
1156 3746 1341 3803 Timor
1372 3748 1554 3818 utique
1584 3749 1701 3804 sine
1741 3764 1867 3820 spe,
1900 3758 1983 3805 cst
2018 3749 2112 3806 de-

534 3836 811 3905 Speratio;
856 3843 911 3889 et
947 3849 1070 3905 spes
1107 3835 1224 3891 sine
1269 3835 1488 3901 timore,
1538 3837 1699 3891 stulta
1740 3838 2110 3908 praesumptio.

533 3926 675 3983 Ecce
708 3927 900 3983 mulier
927 3927 1199 3997 peccatrix
1236 3928 1399 3999 pedes
1437 3938 1608 3993 tenet,
1643 3944 1776 3998 quos
1814 3939 1996 3983 tenere
2024 3929 2111 3983 diu

535 4020 901 4085 desideravit;
929 4034 1094 4090 super
1122 4020 1265 4091 ipsos
1294 4019 1562 4090 lacrymas
1589 4019 1782 4075 fundit.
1806 4019 1968 4090 392
1998 4019 2112 4075 Non

534 4110 607 4165 ibi
650 4125 770 4163 eam
816 4109 1046 4165 locutam
1078 4108 1245 4165 fuisse
1290 4108 1547 4180 legimus,
1588 4111 1684 4165 sed
1717 4110 2108 4181 laerymatatn;

533 4208 590 4254 et
628 4208 804 4253 tamen
848 4199 1050 4268 optime
1087 4199 1321 4253 locutam
1363 4200 1638 4254 credimus
1663 4239 1678 4263 ,
1725 4199 1819 4255 sed
1862 4199 2113 4271 lacrymis

533 4290 714 4358 potius
742 4303 917 4358 quam
946 4289 1166 4353 ,verbis.
1218 4286 1385 4342 Valde
1427 4303 1660 4358 namque
1708 4288 1980 4344 fructuosa
2029 4300 2113 4344 est

533 4379 674 4450 apud
699 4380 897 4435 bonum
929 4379 1097 4434 Deum
1126 4378 1326 4433 locutio
1354 4377 1731 4449 lacrymarum.
1759 4380 1894 4435 Dutn
1922 4381 2114 4434 mulier

532 4486 629 4527 ore
658 4479 803 4526 tenet
827 4470 1121 4533 silentium,
1151 4468 1391 4539 lacryma
1422 4472 1536 4540 agit
1571 4471 1865 4539 negotium,
1901 4480 1954 4525 et
1984 4474 2109 4526 dmn

2230 647 2720 703 mlsericordiarum
2743 647 3031 716 peccatrici
3054 647 3267 701 feminas
3287 647 3485 705 fontem
3505 658 3780 716 contulerat

2229 737 2611 808 lacrymarum,
2640 743 2694 790 et
2719 735 2838 791 fons
2868 751 2965 805 per
2992 751 3051 790 se
3080 737 3337 792 deficiens
3365 755 3471 794 non
3503 742 3779 816 deﬁciebat,

2228 826 2349 895 quia
2395 825 2517 880 fons
2554 824 2878 879 naturaliter
2922 825 3235 880 indelit-iens
3272 827 3419 881 illum
3470 831 3781 891 abundanter

2228 915 2506 984 iriigabat.
2551 916 2772 985 Capillis
2817 917 2929 971 suis
2962 916 3116 971 tersit
3156 917 3348 987 pedes,
3380 935 3516 989 quos
3558 921 3779 997 lacrymis

2223 1006 2372 1062 lavit.
2398 1008 2452 1062 In
2477 1023 2582 1077 quo
2605 1009 2760 1063 nobis
2783 1007 3115 1063 fortitudinis
3140 1014 3445 1083 exemplum
3469 1019 3774 1074 monstravit.

2225 1098 2360 1155 Dum
2385 1101 2528 1155 enim
2554 1101 2831 1156 humiliter
2850 1098 3025 1159 flendo
3053 1114 3271 1176 peccata
3298 1115 3352 1160 et
3372 1106 3596 1160 crimina
3620 1119 3773 1166 nostra

2223 1194 2526 1260 abluimus,
2562 1194 2790 1250 multum
2832 1209 3055 1251 necesse
3095 1205 3177 1251 est
3221 1204 3277 1250 ut
3324 1198 3522 1251 mentis
3560 1199 3772 1266 ratione,

2222 1284 2382 1355 393
2410 1286 2551 1354 quod
2579 1294 2662 1340 est
2688 1294 2869 1339 nostra
2899 1284 3159 1340 fortitudo
3177 1326 3191 1350 ,
3221 1302 3327 1340 non
3356 1287 3529 1341 solum
3550 1289 3773 1354 crimina.

2224 1392 2407 1430 verum
2452 1376 2615 1430 etiam
2659 1386 2882 1445 peccata
2928 1378 3183 1448 deinceps
3231 1378 3482 1434 vitemus.
3532 1378 3774 1453 Lacryma:

2224 1464 2402 1536 itaque
2432 1479 2535 1518 non
2567 1465 2756 1529 verbo,
2796 1468 2889 1522 sed
2930 1482 3094 1537 opere
3123 1477 3471 1536 peccatorum
3512 1471 3775 1539 praedicant

2220 1555 2660 1622 exstinctionem,
2686 1564 2737 1612 et
2768 1558 2932 1613 tersio
2956 1558 3291 1628 capillorum,
3316 1560 3443 1629 quia
3468 1564 3770 1631 postmodum

2220 1654 2439 1714 peccata
2480 1646 2654 1702 vitare
2696 1647 2979 1713 debemus,
3025 1648 3357 1703 fortitudinis
3401 1651 3596 1706 indicat
3634 1654 3774 1708 actio-

2222 1754 2365 1794 nem.
2410 1739 2599 1809 Capilli
2645 1741 2769 1795 licet
2822 1740 3151 1811 superfluere
3187 1742 3352 1811 capiti
3399 1743 3688 1810 videantur,
3724 1745 3770 1801 ita

2221 1829 2353 1901 ipsis
2399 1837 2576 1884 tamen
2615 1830 2906 1900 aliquando
2951 1832 3186 1887 hominis
3229 1831 3490 1888 fortitudo
3527 1834 3768 1904 ﬁguratur.

2222 1919 2374 1986 Quod
2410 1919 2459 1972 in
2494 1918 2756 1975 Samsone
2786 1920 2879 1975 illo
2909 1918 3205 1975 fortissimo
3234 1932 3422 1991 aperte
3456 1932 3767 1988 monstratur,

2218 2007 2374 2079 cujus
2418 2009 2651 2064 maxima
2699 2008 2960 2065 fortitudo
2998 2012 3050 2066 in
3093 2012 3301 2081 capillis
3341 2013 3510 2069 fuisse
3553 2017 3766 2070 refertur.

2222 2099 2375 2156 Unde
2402 2100 2650 2154 Salvator
2672 2102 2832 2156 etiam
2860 2102 3139 2172 discipulis
3161 2104 3275 2159 suis
3300 2104 3558 2175 loquitur,
3585 2107 3764 2161 dicens:

2221 2186 2413 2259 Capilli
2442 2190 2628 2259 capitis
2655 2192 2810 2244 vestri
2844 2207 3022 2245 omnes
3052 2195 3313 2247 numerati
3345 2205 3469 2249 sunt
3497 2193 3693 2263 (Matth.
3717 2211 3764 2259 x,

2220 2279 2332 2352 30).
2375 2279 2492 2336 Non
2542 2272 2664 2335 illos
2694 2281 2878 2351 utique
2916 2282 3139 2351 capillos
3168 2297 3288 2337 esse
3333 2293 3661 2349 numeratos,
3696 2285 3765 2354 qui

2222 2371 2304 2425 vel
2341 2370 2485 2426 ferro
2521 2371 2789 2427 attonderi
2833 2379 2888 2426 et
2929 2369 3117 2441 projici
3164 2372 3340 2428 solent
3368 2413 3385 2438 ,
3433 2374 3516 2429 vel
3551 2376 3767 2444 temporis

2218 2469 2376 2516 astate
2403 2460 2638 2515 deﬂuere
2666 2474 2729 2515 ac
2759 2462 2966 2530 perire,
2995 2462 3161 2527 dicit;
3197 2463 3293 2518 sed
3324 2464 3556 2518 virtutes
3580 2464 3761 2525 auium.

2220 2563 2274 2607 et
2306 2552 2701 2607 multitudinem
2732 2567 3011 2616 sensuum,
3042 2553 3145 2622 qui'
3164 2554 3231 2608 de
3271 2554 3557 2626 principali
3585 2556 3764 2620 mentis,

2221 2646 2374 2715 quasi
2408 2647 2474 2700 de
2514 2647 2691 2714 capite
2727 2642 3091 2716 apostolorum
3134 2646 3593 2715 producebantur,
3634 2647 3764 2715 capit.

2222 2737 2302 2791 los
2344 2738 2536 2807 capitis
2578 2737 2885 2808 appellavit.
2919 2737 3008 2793 Isti
3055 2739 3296 2808 profecto
3330 2740 3512 2811 capilli
3554 2742 3602 2794 in
3628 2738 3763 2794 Naza-

2222 2827 2343 2883 rmis
2376 2837 2561 2893 erant,
2593 2829 2743 2894 istis,
2771 2838 2829 2884 ut
2860 2829 2933 2883 ita
2960 2830 3170 2896 dicam,
3209 2830 3432 2887 funibus
3470 2831 3759 2903 alienigenas

2219 2919 2532 2992 altigabant.
2562 2919 2733 2977 Pedes
2757 2936 2895 2991 quos
2923 2921 3177 2992 lacrymis
3218 2922 3431 2987 laverat
3452 2964 3467 2989 ,
3501 2934 3553 2980 et
3573 2924 3759 2994 capillis,

2219 3017 2278 3063 ut
2314 3009 2570 3075 diximus,
2614 3018 2862 3074 terserat,
2917 3011 3217 3066 osculatur.
3264 3012 3528 3068 Osculum
3580 3014 3764 3069 familia-

2220 3099 2493 3155 rissimum
2525 3100 2672 3170 pacis
2712 3109 2795 3155 est
2826 3109 2991 3171 atque
3033 3102 3345 3159 concordia:
3375 3106 3613 3175 signum.
3656 3105 3763 3159 licet

2219 3204 2451 3263 quantus
2477 3201 2557 3247 est
2580 3192 2913 3248 fortitudinis
2938 3192 3149 3249 fructus
3183 3205 3237 3249 et
3271 3196 3652 3267 lacrymarum.
3683 3196 3762 3250 Pa-

2219 3300 2335 3340 cem
2380 3296 2435 3339 et
2462 3285 2809 3339 concordiam
2839 3286 3020 3340 firmat
3052 3286 3195 3341 inter
3223 3287 3466 3343 multum
3508 3303 3647 3345 ream
3688 3304 3763 3343 an-

2218 3378 2394 3434 cillam
2419 3386 2481 3431 et
2512 3375 2878 3447 iustissimum
2902 3375 3145 3445 iudicem
3169 3378 3361 3433 Deum.
3392 3380 3541 3436 Vere
3567 3380 3755 3435 multum

2218 3484 2391 3535 ream,
2422 3469 2520 3523 sed
2560 3467 2787 3523 multum
2818 3468 3107 3539 gloriosam
3136 3470 3274 3524 hanc
3305 3469 3565 3527 feminam
3603 3471 3761 3526 dicam.

2217 3558 2332 3614 Non
2361 3560 2579 3630 quidem
2620 3559 2743 3614 inde
2773 3559 3004 3630 gloriosa
3035 3570 3139 3625 est,
3178 3563 3319 3616 unde
3358 3577 3482 3631 res,
3516 3565 3630 3635 quia
3650 3561 3762 3615 mul-

2216 3662 2330 3708 tum
2362 3668 2472 3718 rea,
2518 3666 2641 3706 cum
2674 3653 2952 3721 peccando
2978 3652 3267 3708 Dominum
3306 3655 3657 3727 contempsit;
3688 3655 3759 3709 sed

2217 3746 2444 3799 multum
2484 3744 2736 3814 gloriosa,
2778 3756 2902 3797 cum
2946 3744 3095 3799 illum
3141 3744 3355 3800 dilexit.
3408 3742 3535 3803 Haec
3581 3745 3757 3809 mulier,

2217 3837 2341 3891 dum
2373 3836 2583 3891 Domini
2610 3838 2774 3906 pedes
2804 3847 3076 3907 unguento
3099 3839 3243 3907 quod
3273 3853 3463 3893 secum
3509 3837 3758 3894 detulerat.

2214 3926 2377 4000 394
2438 3928 2629 3991 unxit,
2680 3928 2957 3983 odorifero
3026 3929 3433 3984 medicamento
3485 3942 3591 3984 sum
3636 3926 3759 3980 bona!

2216 4019 2460 4081 actionis,
2494 4035 2654 4088 quam
2688 4034 2787 4088 per
2826 4019 3139 4074 universum
3178 4021 3450 4074 mundum
3474 4019 3627 4088 longe
3649 4017 3758 4071 late-

2214 4126 2320 4180 que
2365 4110 2640 4181 dispersit,
2673 4126 2781 4165 non
2828 4125 2924 4165 sua
2966 4120 3199 4176 tantum,
3228 4122 3421 4165 verum
3465 4113 3622 4166 etiam
3650 4107 3760 4164 mul-

2216 4211 2391 4256 torum
2434 4189 2658 4257 vulnera
2706 4210 3055 4273 peccatorum
3102 4203 3406 4272 mitigando
3457 4203 3678 4266 sanavit,
3717 4209 3759 4253 et

2212 4291 2453 4362 quotidie
2501 4307 2695 4348 sanare
2745 4307 2853 4347 non
2908 4292 3131 4348 desinit.
3166 4292 3299 4360 Quis
3354 4288 3515 4349 enim
3567 4300 3755 4363 peccata

2214 4384 2397 4439 Maria:
2432 4384 2656 4439 audiens
2677 4384 2879 4453 poterit
2906 4383 3141 4456 amplius
3170 4385 3385 4440 veniam
3423 4402 3529 4441 non
3555 4398 3755 4456 sperare,

2214 4475 2256 4529 si
2289 4474 2526 4546 perfecte
2554 4476 2819 4545 paenitere
2853 4475 3125 4531 voluerit?
3166 4476 3401 4547 lmplmn
3445 4465 3533 4535 est
3559 4477 3755 4535 credere

532 4563 713 4633 lingua
748 4561 971 4625 silebat,
1015 4559 1255 4629 Iacryma
1285 4559 1476 4615 melius
1515 4560 1891 4629 conﬁtebatur,
1933 4571 1990 4617 et
2019 4564 2110 4617 dc-
2140 4576 2187 4635 ι)
2214 4574 2274 4619 ιιι
2299 4566 2365 4621 ad
2406 4580 2623 4637 pmnam
2663 4566 2951 4635 deputetur
2999 4576 3263 4622 teternam
3312 4569 3431 4637 qui,
3478 4570 3559 4624 vel
3603 4576 3756 4639 postea

532 4654 743 4712 centius
770 4652 1075 4722 perorabat.
1109 4648 1300 4706 Merito
1331 4660 1517 4706 sancta
1561 4653 1832 4721 peccatrix
1863 4655 1987 4708 dum
2017 4654 2109 4710 lle-

532 4751 632 4815 vit,
656 4747 848 4811 tacuit,
871 4759 940 4799 ne
960 4743 1098 4798 forte
1120 4742 1297 4797 minus
1319 4743 1522 4800 diceret
1542 4749 1684 4814 quod
1712 4745 1957 4815 nequiter
1977 4748 2105 4817 egit.

535 4839 682 4895 Satis
703 4846 827 4893 sunt
848 4824 1030 4903 utique
1054 4835 1305 4890 meliores
1328 4835 1686 4909 lacrymarum
1710 4851 1918 4907 preces,
1946 4854 2106 4908 quam

532 4932 844 4987 verborum.
874 4928 1008 4985 Nam
1038 4930 1131 5000 qui
1161 4929 1340 4986 verbis
1366 4939 1617 5000 precatur
1648 4929 1913 4984 interdum
1943 4927 2107 4985 oﬂ‘en-

534 5023 640 5089 dit;
674 5022 911 5093 tacryma
947 5030 1125 5076 autem
1158 5020 1432 5078 offendere
1467 5021 1689 5076 minime
1724 5021 1889 5076 novit.
1932 5018 2106 5077 Verba

534 5113 825 5183 aliquando
861 5127 968 5167 non
998 5112 1277 5182 proferunt
1318 5122 1489 5169 totum
1532 5112 1839 5184 negotium;
1872 5112 2107 5184 lacryma

532 5217 747 5273 semper
777 5211 943 5257 totum
971 5203 1168 5258 mentis
1193 5204 1429 5259 ostendit
1455 5204 1727 5259 allectum.
1756 5203 1819 5257 Et
1849 5203 1971 5258 ideo
1994 5220 2109 5257 ιιιιιο

533 5294 631 5349 tier
652 5295 764 5362 jam
787 5310 891 5348 non
914 5296 1080 5348 utitur
1102 5293 1299 5362 verbis,
1323 5311 1419 5364 per
1436 5310 1554 5364 qua:
1578 5294 1776 5349 multos
1801 5294 2104 5363 deceperat,

531 5400 596 5439 ac
637 5383 953 5452 decipienda
997 5384 1224 5438 multum
1276 5392 1633 5453 peccaverat,
1684 5398 1751 5439 ne
1796 5398 1893 5453 per
1940 5382 2105 5437 verba

530 5475 711 5528 minus
736 5473 810 5527 illi
838 5473 1091 5528 credatur
1117 5475 1184 5528 ad
1214 5472 1606 5537 conﬁtendum,
1647 5474 1845 5543 quibus
1871 5473 1945 5527 uti
1978 5488 2107 5527 con-

531 5575 782 5619 sueverat
808 5564 875 5619 ad
898 5564 1250 5634 peccandum.
1278 5563 1442 5618 Multa
1469 5564 1614 5618 enim
1640 5566 1875 5619 hominis
1898 5564 2104 5618 falsitas

531 5669 654 5709 eum
686 5655 862 5711 reddit
895 5657 1056 5712 etiam
1089 5655 1149 5709 in
1179 5656 1413 5711 veritate
1438 5665 1766 5726 suspectum.
1795 5654 1950 5710 Unde
1988 5669 2105 5708 ma-

533 5745 634 5799 luit
671 5761 891 5800 causam
931 5762 1083 5801 suam
1122 5754 1245 5800 ante
1265 5746 1499 5816 judic‘em
1527 5786 1542 5812 ,
1585 5760 1744 5815 quem
1783 5761 1881 5801 nec
1923 5746 2103 5801 cordis

533 5849 728 5888 arcana
758 5835 951 5901 latent,
981 5835 1195 5891 ﬂetibus
1228 5834 1415 5906 agere,
1450 5846 1503 5892 et
1537 5839 1679 5907 quod
1710 5852 1839 5892 voce
1870 5837 2101 5910 delique-

2211 4670 2373 4725 qnam
2403 4654 2666 4725 peccavit,
2705 4654 2930 4726 panitet
2972 4663 3027 4709 et
3058 4655 3272 4711 Domini
3322 4658 3576 4713 mandata
3606 4663 3757 4711 custo-

2212 4744 2306 4799 dit.
2357 4743 2506 4812 llaec,
2533 4745 2809 4815 .inquam,
2855 4746 3133 4814 peccatrix
3183 4761 3211 4799 a
3252 4754 3463 4815 septem
3514 4743 3758 4803 daemoniis

2211 4848 2458 4903 possessa
2497 4834 2710 4905 legitur,
2754 4834 2807 4890 id
2828 4843 2913 4889 est
2942 4835 3299 4889 universitate
3327 4837 3587 4891 vitiorum
3626 4834 3754 4907 plena

2210 4925 2377 4981 fuisse
2402 4927 2740 4996 perhibetur.
2790 4924 2897 4982 Sed
2946 4940 3072 4981 cum
3102 4927 3173 4981 ad
3210 4927 3755 4983 misericordissimam

2213 5015 2497 5071 Dominum
2527 5027 2849 5086 compuncta
2883 5018 3048 5073 corde
3079 5018 3392 5084 revertitur,
3438 5020 3554 5075 imo
3578 5018 3641 5072 ab
3664 5016 3757 5086 ipso

2210 5107 2277 5162 ad
2300 5107 2473 5177 ipsum
2499 5107 2924 5164 misericorditer
2946 5110 3199 5176 trahitur,
3224 5113 3406 5166 statim
3435 5118 3755 5180 peccatorum

2208 5208 2264 5255 et
2294 5196 2583 5252 criminum
2607 5198 2856 5255 sordibus
2875 5210 3157 5272 purgator,
3196 5213 3251 5256 et
3280 5219 3399 5272 quae
3427 5205 3583 5273 prius
3610 5200 3756 5255 fuerat

2208 5292 2476 5360 possessio
2524 5292 2849 5367 daemonum,
2902 5298 3080 5367 gratia
3138 5298 3375 5368 Spiritus
3432 5297 3610 5352 sancti
3662 5299 3754 5347 tota

2210 5382 2468 5450 repletur.
2494 5385 2571 5436 Ac
2594 5384 2672 5438 sic
2699 5400 2766 5439 ex
2798 5387 3104 5443 miseranda
3137 5389 3447 5459 peccatrice
3476 5388 3602 5442 felix
3619 5382 3756 5440 disci-

2209 5475 2330 5545 pula
2373 5475 2533 5539 facta,
2584 5475 2636 5529 in
2662 5478 2806 5531 omni
2840 5480 2946 5533 vita
2972 5494 3071 5535 sua
3103 5482 3359 5551 deinceps
3383 5480 3615 5534 Domino
3649 5474 3752 5531 dili-

2207 5575 2394 5636 genter
2435 5566 2770 5636 obsequitur.
2802 5570 2947 5625 lnter
2984 5572 3266 5642 obsequia,
3308 5587 3431 5641 quae
3478 5576 3660 5626 sancta
3699 5564 3756 5616 le-

2206 5659 2349 5712 mina
2393 5658 2464 5711 illi
2493 5648 2758 5725 exhibuit,
2788 5660 2913 5717 licet
2941 5664 3199 5719 universo
3229 5666 3301 5721 sit
3333 5667 3537 5720 mundo
3562 5658 3748 5718 notissi-

2205 5760 2374 5810 mum,
2408 5747 2761 5818 irreligiosum
2810 5736 3011 5805 credidi
3052 5752 3268 5809 silentio
3296 5755 3598 5825 praeterire.
3640 5747 3753 5803 Cum

2205 5838 2317 5907 ipse
2343 5837 2602 5922 Bullinus
2623 5847 2678 5895 et
2706 5837 2957 5920 Salvator
2978 5851 3161 5898 noster
3193 5843 3350 5901 Jesus
3373 5844 3627 5900 Christus
3651 5847 3752 5895 cum
