4034 6364
336 360 446 417 273

1752 368 2142 431 SERMONES.

3494 370 3603 424 27$

335 479 619 554 discipulis
644 482 759 540 suis
791 482 847 540 in
884 485 1045 541 domo
1077 484 1318 542 Simonis
1347 496 1666 543 cenaturus
1700 503 1916 545 recum-
1945 491 1992 549 Α
2020 490 2154 543 tiens
2191 484 2443 541 exsilium
2471 485 2482 539 !
2522 481 2616 539 Est
2657 482 2839 554 itaque
2876 482 2943 539 de
2974 481 3207 554 propriis
3237 496 3455 549 egressa
3487 482 3602 537 liui-

332 577 513 640 beret,
540 575 656 632 haec
699 574 767 631 ad
808 574 959 630 illam
1006 576 1206 632 mulier
1232 578 1486 642 accessit,
1517 586 1704 649 atque,
1755 587 1918 651 prout

334 668 475 723 bene
495 675 870 731 consueverat,
916 676 1247 737 unguentum
1276 670 1490 736 detulit,
1537 680 1609 737 et,
1639 672 1784 742 quod
1811 670 1915 741 ipsi

331 753 563 825 apostoli
602 754 828 810 minime
851 757 1343 826 pnesumpsissent,
1371 773 1537 829 super
1557 770 1721 830 caput
1748 761 1917 830 ipsius

333 844 467 900 illud
498 860 621 901 cum
665 860 860 917 magna
904 845 1190 905 devotione
1235 848 1444 905 eﬂ‘udit.
1491 849 1726 921 Oquam
1756 853 1914 907 beata

330 935 553 999 mulier.
597 950 719 1006 quae
752 937 973 994 humilis
1019 940 1296 1008 peccatrix
1326 949 1486 997 antea
1536 957 1662 996 cum
1715 943 1915 999 timore

330 1024 547 1081 Domini
579 1024 744 1095 pedes
791 1027 965 1091 unxit,
1000 1029 1347 1096 postmodum
1380 1045 1491 1086 non
1537 1031 1716 1086 minus
1745 1046 1908 1101 quam

330 1116 447 1187 ipse
473 1117 688 1184 Petrus,
729 1118 893 1190 395
927 1120 1011 1177 sui
1053 1110 1328 1180 Creatoris
1371 1124 1571 1182 ardens
1599 1126 1909 1193 dilectione,

328 1217 495 1278 caput
528 1209 644 1279 ejus
679 1225 880 1280 ungere
911 1213 1147 1267 meruit!
1192 1214 1351 1270 illum
1394 1216 1663 1285 siquidem
1707 1217 1909 1273 Petrus

328 1307 491 1368 negat
516 1315 681 1370 quem
719 1302 916 1358 mulier
952 1304 1231 1375 praedicat,
1269 1315 1327 1362 et
1351 1307 1481 1377 quia
1509 1305 1649 1363 Deus
1682 1319 1766 1364 est
1792 1311 1911 1364 uni-

326 1402 606 1449 versorum
644 1393 875 1463 mystica
918 1394 1175 1452 unctione
1222 1399 1492 1469 designat.
1536 1398 1664 1455 Haec
1690 1409 1794 1465 est,
1828 1401 1911 1455 in-

324 1493 517 1549 quam,
541 1480 631 1538 illa
659 1482 801 1539 bona
845 1482 1069 1551 Femina,
1107 1502 1228 1556 quae
1257 1488 1432 1558 prima
1479 1504 1602 1544 cum
1651 1505 1801 1559 purae
1829 1490 1911 1546 di-

326 1566 575 1645 lectionis
621 1571 801 1628 studio
857 1572 924 1628 ad
970 1586 1380 1631 monumentum
1431 1579 1609 1638 venit:
1658 1580 1775 1634 hzcc
1826 1588 1912 1635 est

325 1657 417 1715 illa
440 1661 726 1726 veraciter,
755 1677 878 1734 qua:
913 1662 987 1719 ibi
1016 1665 1205 1721 beatas
1250 1668 1521 1736 lacrymas
1567 1667 1735 1724 ﬂevit.
1769 1668 1907 1725 Huic

2019 582 2143 645 bus,
2166 579 2451 635 Dominum
2472 576 2657 634 Jesnm
2677 575 2951 633 Christum
2980 576 3144 632 Deum
3169 589 3355 630 verum
3384 574 3602 631 assidue

2018 670 2316 742 praedicans
2361 676 2419 724 et
2444 666 2563 737 ejus
2606 655 3030 723 resurrectionis
3078 664 3376 720 testiﬁcans
3401 663 3602 719 verita-

2019 768 2147 813 tem.
2196 755 2393 813 Mansit
2430 768 2601 825 usque
2630 754 2697 810 ad
2726 754 2935 809 exitum
2963 753 3107 814 vitm,
3136 753 3189 807 in
3232 753 3335 807 hac
3357 752 3603 808 veritatis

2014 846 2313 902 assertione
2357 858 2734 916 perseverans.
2797 843 2924 899 llaec
2970 853 3159 900 sancta
3211 842 3404 898 mulier
3430 844 3619 925 cori-ii

2013 938 2201 1011 gendis
2223 938 2388 1010 397
2430 936 2741 993 hominibus
2788 936 3019 1006 praebuit
3062 937 3418 994 correctionis
3441 936 3605 992 docu-

2014 1040 2291 1095 mentum,
2346 1037 2403 1084 et
2451 1027 2717 1084 correctis
2766 1027 2990 1083 virtutis
3039 1028 3370 1098 exemplum.
3426 1026 3601 1096 Hujus

2012 1120 2189 1174 oratio
2211 1127 2297 1174 est
2331 1117 2598 1174 medicina
2629 1116 2860 1186 peccati,
2902 1114 3023 1184 ejus
3050 1115 3233 1188 lingua
3259 1116 3343 1185 pia
3374 1118 3604 1172 ostiaria

2013 1210 2153 1267 facta
2181 1210 2327 1265 coeli.
2361 1208 2516 1266 Omni
2558 1207 2796 1278 perfecte
2844 1207 3124 1278 ptenitenti
3149 1207 3373 1276 jauuam
3405 1210 3600 1277 aperit.

2012 1298 2190 1354 nullus
2219 1299 2288 1354 ab
2315 1313 2378 1354 ea
2408 1308 2661 1369 peccator
2703 1296 3034 1360 excluditur,
3079 1297 3184 1352 nisi
3213 1298 3304 1368 qui
3350 1299 3601 1366 impmnio

2012 1400 2132 1447 tcns
2161 1392 2367 1446 intrare
2407 1390 2663 1445 noluerit.
2693 1388 2834 1444 Huic
2870 1388 3041 1459 igitur
3068 1388 3319 1459 gloriosae
3361 1389 3596 1451 fumium.

2012 1482 2208 1538 fratres
2238 1483 2367 1546 mei,
2415 1482 2629 1553 animas
2652 1489 2709 1535 et
2753 1493 2985 1548 corpora
3034 1487 3220 1534 nostra
3267 1488 3378 1534 tota
3417 1479 3599 1534 inten-

2011 1566 2156 1622 tione
2177 1580 2242 1620 ac
2260 1565 2460 1620 virtute
2479 1564 2940 1627 commendemus,
2961 1570 3233 1633 quatenus
3253 1562 3372 1632 ejus
3390 1562 3558 1618 suil‘ra
3571 1592 3590 1604 -

2009 1659 2111 1728 giis
2154 1665 2209 1714 et
2267 1656 2753 1715 intercessionibus
2813 1655 2957 1711 intra
3015 1653 3162 1710 illam
3240 1654 3596 1710 beatitudinis

321 1748 574 1809 Christus
618 1765 847 1823 surgens
893 1769 924 1808 a
957 1756 1190 1811 mortuis
1234 1758 1470 1826 primum
1519 1760 1799 1829 apparuit;
1851 1768 1909 1815 et
1942 1825 1971 1829 _
2003 1750 2223 1820 ianuam
2255 1747 2423 1815 ι’θοίρί
2452 1747 2747 1812 valeamus:
2781 1753 2837 1801 ει
2865 1745 2934 1801 ad
2965 1746 3165 1817 ipsum:
3195 1745 3265 1800 ad
3292 1758 3454 1815 quem
3478 1743 3594 1814 53'“

320 1839 439 1897 hac
461 1840 610 1901 illum
636 1844 938 1900 surrexisse
963 1825 1423 1919 apostolisiprima
1457 1825 1748 1905 nuntiavit.
1778 1838 1909 1907 llaec.
1939 1825 1981 1885 Β
2011 1844 2126 1913 ipsa
2173 1841 2404 1896 ίθίίοίιθτ
2446 1841 2713 1910 Pervellit:
2763 1846 2819 1894 ει
2867 1853 2967 1895 "09
3004 1838 3309 1907 Ρθτνεηίτθν
3359 1852 3596 1907 θυιηίιυθ

316 1937 409 1991 est
452 1932 831 2002 peccatoribus
876 1934 1049 1993 forma
1112 1938 1470 2008 pmnimmiae,
1525 1956 1651 2011 spes
1704 1942 1902 2007 veniae;

313 2032 447 2088 qua
495 2030 837 2089 peccatorem
902 2024 1068 2079 etiam
1133 2026 1321 2083 multis
1370 2029 1693 2086 criminibus
1751 2044 1905 2085 reum

313 2109 613 2180 desperare
642 2127 749 2168 non
780 2114 1009 2183 patitur,
1036 2116 1083 2171 si
1123 2125 1337 2173 tantum
1384 2119 1745 2177 admissurum
1792 2136 1907 2191 pcn-

314 2198 525 2266 uiteat,
571 2208 628 2256 et
674 2202 845 2258 corde
898 2204 967 2259 ad
1018 2204 1304 2263 Dominum
1358 2218 1730 2265 convertatur.
1780 2208 1911 2267 llaec

314 2300 583 2363 praeterea
631 2307 739 2349 non
777 2292 994 2364 ignorat
1035 2297 1331 2354 humanam
1381 2298 1753 2371 fragilitatem,
1807 2317 1907 2372 pro

311 2397 427 2452 qua
466 2382 710 2441 divinam
765 2386 1025 2455 pietatem
1070 2388 1411 2447 incessanter
1466 2401 1680 2447 exorat.
1743 2392 1900 2449 lianc

314 2473 645 2543 specialiter,
658 2484 781 2546 post
808 2477 1095 2534 Dominum
1120 2488 1175 2535 et
1200 2479 1319 2549 ejus
1344 2483 1753 2539 sanctissimam
1782 2499 1866 2538 ma
1882 2514 1899 2526 -

314 2572 478 2631 trem,
525 2565 833 2623 mirabilem
876 2577 932 2625 et
960 2568 1442 2641 incomparabilem
1479 2572 1774 2645 Virginem,
1825 2574 1903 2629 la-

310 2653 520 2725 crymis
559 2655 739 2725 potius
790 2657 1140 2728 imploremus
1186 2678 1350 2731 quam
1408 2664 1608 2730 verbis,
1647 2675 1706 2719 ut
1754 2681 1897 2734 quae,

313 2745 546 2801 Domino
574 2747 923 2819 prepitiante,
953 2766 1177 2807 suorum
1206 2756 1421 2810 veniam
1460 2756 1722 2828 lacrymis
1755 2756 1900 2812 obti-
1945 2753 1953 2759 ’

311 2836 436 2891 nuit
462 2839 805 2907 delictorum,
849 2851 1039 2899 sancta
1070 2843 1461 2901 intercessione
1509 2862 1667 2902 suum
1716 2849 1898 2919 propi-

310 2927 567 2985 tiatorem
606 2931 764 2988 nobis
806 2935 1183 3003 peccatoribus
1219 2935 1513 3007 prepitium
1551 2938 1765 3006 reddat,
1812 2949 1894 3006 et,

311 3029 663 3091 peccatorum
702 3024 1025 3081 remissione
1066 3036 1343 3099 percepta,
1372 3044 1473 3085 nos
1508 3030 1654 3085 intra
1671 3030 1895 3101 januam

310 3113 541 3182 recipiat
560 3114 817 3185 paradisi,
848 3115 1098 3188 illiusque
1126 3118 1310 3175 divino
1335 3123 1645 3190 conspectui
1676 3132 1896 3183 sanctos
1924 3160 1967 3223 Ο

304 3219 366 3269 et
400 3208 772 3267 immaculatos
810 3213 1083 3271 exhibeat.
1120 3212 1248 3269 llaec
1284 3215 1616 3284 specialiter,
1659 3224 1719 3273 ut
1753 3216 1895 3270 dixi-

307 3315 454 3369 tnus,
478 3315 510 3355 a
547 3302 703 3359 nobis
733 3314 817 3359 est
846 3304 1182 3371 invocanda;
1217 3305 1361 3373 haec,
1394 3315 1454 3361 ut
1474 3306 1631 3362 nobis
1657 3308 1895 3376 patroci~

306 3401 491 3456 utetur,
548 3392 828 3449 humiliter
873 3403 930 3451 et
982 3395 1292 3465 frequenter
1337 3396 1703 3466 deprecanda.
1756 3396 1892 3451 Nam

301 3482 439 3555 quid
496 3483 567 3540 sit
617 3486 788 3556 magis
832 3488 1201 3543 necessarium
1251 3487 1625 3558 peccatoribus
1678 3489 1896 3559 experi-

306 3584 494 3630 mento
530 3575 739 3641 didicit,
787 3578 1060 3646 quomodo
1087 3594 1184 3648 per
1224 3594 1286 3635 se
1316 3580 1426 3634 ruit
1455 3579 1692 3634 humana
1730 3580 1899 3653 fragi-

303 3662 457 3729 lites,
513 3667 783 3735 quomodo
827 3667 994 3741 396
1037 3685 1101 3725 ex
1152 3669 1335 3725 divino
1376 3669 1578 3726 auxilio
1626 3672 1883 3742 resurgit,

303 3754 572 3826 quidquid
624 3766 710 3814 est
753 3758 922 3824 intus,
981 3770 1036 3814 et
1101 3759 1365 3830 quidquid
1412 3769 1568 3816 extra
1619 3764 1891 3833 cognovit.

307 3845 436 3901 llaec
479 3846 644 3903 divini
687 3847 865 3904 adhuc
915 3847 1107 3919 ignara
1156 3848 1421 3920 mysterii,
1470 3850 1625 3919 prius
1673 3851 1893 3920 quidem

304 3936 584 4004 [necanda
611 3946 912 4002 corruerat,
952 3937 1044 3993 sed
1081 3940 1147 3993 de
1186 3953 1285 3994 suo
1320 3953 1447 3994 casn
1491 3954 1551 3995 se
1584 3941 1760 3995 erexit
1790 3940 1896 3996 for-

306 4025 503 4081 tiorem
538 4040 701 4096 quam
749 4027 795 4083 si
837 4028 1111 4097 peccando
1159 4027 1383 4083 minime
1425 4029 1728 4085 cecidisset.
1763 4029 1895 4098 Quae

301 4116 455 4179 enim
486 4116 701 4175 vincula
742 4124 1089 4188 peccatorum
1123 4133 1231 4173 non
1273 4119 1545 4174 relaxaret
1579 4118 1697 4175 fusa
1731 4134 1896 4191 super

302 4207 473 4278 pedes
499 4205 799 4263 Salvatoris
823 4217 1134 4265 sanctarum
1172 4208 1453 4264 inundatio
1492 4209 1895 4281 lacrymarum‘l

300 4295 473 4366 Cujus
497 4296 708 4369 plagam
749 4296 995 4354 criminis
1037 4314 1143 4355 non
1193 4307 1414 4355 sanaret
1456 4298 1544 4356 illa
1585 4314 1708 4356 cum
1745 4307 1893 4356 tanta

301 4389 590 4447 devotione
627 4391 900 4449 celebrata
929 4390 1122 4460 capitis
1158 4391 1341 4446 unctio
1380 4391 1810 4462 Redemptoris?
1845 4394 1890 4450 0

2006 1934 2191 1988 videre
2248 1943 2305 1987 et
2362 1932 2564 1987 habere
2620 1943 2930 1986 mereamur
2995 1928 3287 1983 Dominum
3343 1937 3603 1982 nostrum

2005 2026 2189 2083 Jcsum
2231 2024 2531 2085 Christum,
2562 2020 2658 2092 qui
2703 2036 2828 2077 cum
2859 2020 3026 2077 Patre
3072 2026 3128 2075 et
3169 2017 3374 2088 Spiritu
3404 2027 3594 2073 sancto

2005 2119 2137 2173 vivit
2162 2126 2220 2172 et
2262 2123 2454 2188 regnat
2494 2113 2638 2169 Deus
2666 2127 2764 2182 per
2792 2111 2975 2167 omnia
3002 2110 3203 2165 saecula
3247 2107 3592 2164 saeculorum.

2004 2207 2195 2263 Amen.

2631 2292 2866 2352 SERMO
2902 2290 2974 2348 Χ.

2322 2402 2390 2443 ΒΕ
2427 2401 2671 2444 LATRONE
2707 2399 2946 2441 ειινιτο
2986 2397 3040 2438 IN
3076 2397 3269 2440 CRUCI.

2074 2478 2130 2535 in
2181 2478 2433 2550 passione
2476 2479 2647 2535 nostri
2695 2476 2995 2533 Salvatoris
3044 2476 3182 2531 latro
3234 2474 3355 2540 ille,
3396 2475 3489 2545 qui
3534 2476 3591 2530 iu

2002 2570 2241 2628 sinistris
2287 2571 2496 2640 positus
2549 2569 2744 2634 fuerat,
2796 2576 2853 2624 et
2902 2567 3225 2623 adulabatur
3266 2564 3489 2629 Judaeis,
3537 2576 3593 2620 ct

2000 2661 2407 2718 conviciabatur
2446 2660 2702 2725 Christo,
2753 2659 2951 2714 malam
3000 2659 3168 2713 vitam
3208 2655 3378 2728 pejori
3415 2669 3593 2714 morte

2001 2753 2196 2819 ﬁnivit,
2230 2762 2283 2808 et
2313 2753 2518 2823 recepit
2549 2752 2691 2809 sicut
2732 2759 3031 2808 meruerat.
3079 2749 3144 2805 Et
3169 2750 3290 2815 ideo
3315 2749 3408 2805 diu
3442 2749 3588 2819 loqui

1998 2844 2064 2898 de
2094 2857 2161 2898 eo
2195 2842 2371 2898 inanis
2403 2841 2555 2898 labor
2582 2849 2688 2906 est,
2725 2849 2782 2896 et
2824 2855 2973 2896 mora
3021 2839 3252 2895 inutilis.
3288 2837 3588 2908 Loquimur

1999 2931 2163 3002 igitur
2185 2929 2255 2984 de
2279 2933 2408 2998 alio,
2441 2932 2509 2989 de
2522 2926 2645 3001 "quo
2672 2930 2822 3001 loqui
2852 2938 2908 2985 et
2939 2928 3166 2984 materia
3200 2926 3375 2982 tidelis
3403 2938 3506 2994 est,
3534 2939 3591 2985 et

1997 3042 2161 3083 causa
2222 3025 2482 3084 salubris.
2537 3021 2639 3078 llic
2678 3036 2807 3077 vero
2853 3020 2906 3077 in
2954 3019 3165 3075 dextris
3210 3018 3437 3090 positus,
3482 3035 3589 3074 non

1998 3118 2129 3188 quia
2167 3116 2475 3172 crediderat
2527 3112 2767 3176 Christo,
2818 3111 3151 3181 patiebatur,
3189 3109 3285 3165 sed
3328 3109 3585 3171 credidit,

1998 3208 2125 3264 dum
2202 3215 2503 3280 pateretur.
2567 3203 2847 3260 Christum
2914 3202 3190 3257 hominem
3259 3200 3587 3257 cruciﬁxum

1994 3298 2163 3354 clavis
2190 3297 2241 3352 in
2289 3309 2467 3360 cruce,
2510 3303 2623 3347 toto
2663 3305 2891 3362 corpore
2936 3297 3146 3344 tensum
3188 3290 3323 3344 vidit
3355 3298 3587 3358 aSpectu

1995 3402 2276 3460 corporeo,
2306 3397 2361 3443 et
2398 3387 2452 3443 in
2484 3385 2603 3455 ipso
2635 3384 2917 3453 spinarum
2944 3381 3194 3444 vulnera,
3236 3379 3406 3451 398
3451 3395 3584 3435 san-

1994 3480 2210 3551 guinem
2256 3479 2324 3535 de
2370 3477 2627 3533 membris
2668 3474 2997 3537 radiantem,
3023 3481 3074 3527 et
3122 3472 3238 3527 sola
3267 3473 3422 3539 signa
3453 3470 3587 3525 allii:-

1994 3573 2190 3628 ctionis
2225 3580 2282 3626 et
2310 3570 2525 3635 mortis,
2572 3569 2715 3625 sicut
2756 3567 2811 3622 in
2855 3565 3076 3622 homine
3117 3578 3247 3620 mox
3292 3563 3578 3619 morituro.

1994 3664 2268 3732 Cuncepta
2297 3669 2476 3715 autem
2504 3668 2561 3714 et
2587 3665 2713 3712 nata
2744 3657 2799 3712 in
2830 3669 2897 3713 eo
2927 3655 3054 3719 iide,
3082 3662 3343 3725 operante
3373 3652 3583 3724 Spiritu

1992 3762 2205 3819 sancto,
2254 3751 2512 3832 angelicis
2554 3750 2727 3807 oculis
2758 3749 3124 3805 immortalem
3173 3756 3230 3803 et
3259 3747 3497 3809 divinam
3524 3751 3583 3802 in

1995 3845 2212 3901 Christo
2264 3841 2665 3912 contemplatur
2705 3840 3071 3911 majestatem,
3117 3838 3445 3903 admiratur,
3489 3838 3585 3892 ad-

1995 3944 2139 3999 orat,
2162 3934 2347 3988 laudat
2378 3941 2433 3989 et
2455 3932 2768 3988 conﬁtetur.
2801 3929 2877 3985 De
2897 3944 3059 3985 cruce
3087 3944 3190 3998 pro
3217 3929 3322 3985 [ide
3350 3934 3583 3999 pugnat,

1996 4025 2201 4082 socium
2245 4024 2492 4094 increpat
2531 4021 3020 4092 blasphemantem,
3074 4026 3132 4072 et
3177 4017 3230 4072 in
3259 4032 3326 4073 eo
3371 4016 3587 4071 Judaeo-

1998 4132 2141 4183 rum,
2172 4115 2264 4187 qui
2293 4115 2542 4181 aderant,
2584 4109 2959 4168 inﬁdelitatem
3004 4108 3204 4175 arguit,
3244 4121 3346 4162 nec
3382 4106 3586 4163 blandi-

1999 4217 2086 4262 tur
2108 4206 2210 4273 eis,
2241 4219 2345 4260 nec
2389 4216 2484 4258 eos
2509 4207 2750 4256 veretur.
2782 4195 3045 4253 Mirabilis
3072 4196 3254 4252 divina
3298 4196 3538 4265 potentia
3563 4202 3578 4252 t

1999 4295 2144 4353 Crux
2186 4311 2306 4366 qua:
2332 4302 2460 4350 ante
2507 4291 2574 4348 ad
2606 4290 2931 4362 supplicium
2963 4290 3278 4362 gerebatur,
3319 4286 3436 4357 jam
3473 4287 3585 4342 suf-

1998 4385 2245 4456 fragatur
2277 4385 2343 4439 ad
2389 4384 2696 4454 praemium,
2725 4389 2780 4436 et
2805 4394 2930 4435 reus
2963 4378 3058 4448 qui
3102 4391 3201 4446 pro
3247 4391 3348 4430 suo
3379 4372 3587 4429 scelere

301 4491 471 4548 quam
508 4493 664 4548 pura.
696 4496 856 4550 quam
883 4481 1107 4550 provida
1140 4481 1353 4538 exstitit
1379 4481 1539 4550 hujus
1574 4483 1895 4552 pmnitentis
1924 4497 1973 4556 ι)
2000 4476 2360 4533 damnabatur
2386 4476 2440 4530 in
2486 4489 2669 4539 cruce,
2707 4473 2774 4529 de
2803 4480 2957 4527 reatu
2998 4484 3098 4526 suo
3123 4468 3448 4531 antidotum,
3476 4481 3587 4537 quo

300 4566 558 4632 intentio,
586 4568 671 4623 cui
697 4567 824 4624 licet
844 4569 964 4639 pius
992 4569 1253 4625 Dominus
1281 4569 1543 4640 quidquid
1568 4570 1889 4641 deliquerat,

300 4655 625 4723 dimisisset,
671 4659 826 4728 quasi
869 4659 1096 4725 odisset,
1146 4661 1422 4732 propriam
1466 4660 1723 4731 deinceps
1765 4677 1891 4733 per-

302 4756 494 4829 secuta
525 4759 610 4805 est
630 4763 872 4818 carnem,
898 4751 1168 4808 continuis
1202 4751 1474 4822 castigans
1500 4768 1621 4809 eam
1643 4736 1889 4824 jejuniis,

302 4851 362 4894 et
389 4839 548 4910 longa
584 4841 895 4897 orationum
923 4851 980 4898 et
1016 4842 1322 4912 vigiliarum
1351 4844 1671 4899 assiduitate
1694 4844 1892 4915 fatiga-

306 4938 421 4986 tam
451 4928 557 5002 legi
598 4932 797 4988 mentis
844 4946 909 4987 ac
948 4932 1176 4987 rationis
1234 4933 1524 5005 diligenter
1572 4932 1889 5003 subjiciens.

302 5017 423 5074 Non
460 5019 590 5091 quia
636 5031 819 5075 sancta
861 5034 989 5076 caro
1019 5020 1233 5090 spiritui
1285 5029 1630 5092 repugnaret,
1672 5022 1768 5078 sed
1811 5023 1891 5079 sic

301 5109 524 5181 agebat,
556 5119 634 5166 ut‘
657 5112 723 5166 de
750 5127 847 5166 sua
873 5125 1044 5167 carne
1080 5127 1188 5167 non
1217 5112 1588 5182 quotidianam
1615 5112 1758 5179 dico,
1790 5112 1887 5168 sed

300 5203 584 5258 assiduam
627 5202 859 5260 hostiam
905 5202 1081 5259 laudis
1121 5217 1220 5259 suo
1260 5202 1603 5274 pr0pitiatori
1641 5201 1885 5259 oii‘erret.

299 5291 350 5351 0
388 5308 555 5364 quam
606 5293 933 5350 venerabilis
980 5292 1241 5365 discipula
1292 5294 1561 5361 veritatis,
1594 5311 1718 5366 quae
1765 5305 1890 5367 post

302 5394 620 5455 perceptam
674 5400 706 5441 a
764 5384 990 5441 Domino
1032 5384 1159 5441 Jesu
1211 5384 1432 5442 Christo
1488 5387 1887 5445 absolutionem

300 5477 549 5533 omnium
578 5486 944 5547 peccatorum,
995 5486 1118 5547 post
1164 5477 1281 5547 ejus
1331 5479 1787 5536 resurrectionem
1833 5491 1891 5538 et

302 5570 679 5625 ascensionem
708 5569 764 5626 in
783 5568 974 5633 eteius,
1013 5577 1068 5624 et
1096 5567 1282 5624 Sancti
1318 5570 1543 5640 spiritus
1576 5571 1885 5641 adventum,

302 5660 587 5718 declinans
624 5659 879 5715 invidiam
921 5659 1254 5723 Judmorum,
1288 5650 1356 5716 'et
1404 5662 1598 5733 patria:
1638 5661 1886 5719 ultimum

294 5749 423 5820 .vale
449 5750 658 5817 dicens,
681 5766 778 5823 pro
822 5751 905 5808 sui
935 5749 1247 5819 Conditoris
1273 5766 1460 5808 amore
1492 5752 1729 5824 suscepit
1759 5770 1885 5825 gau-

1995 4578 2241 4635 sanatur,
2276 4566 2518 4632 coniicit,
2568 4575 2626 4623 et
2656 4567 2723 4622 de
2754 4580 2917 4621 cruce
2949 4571 3211 4633 Operatur
3243 4560 3583 4633 mysterium.

1995 4658 2201 4714 Reatus
2227 4657 2281 4713 in
2303 4656 2702 4729 pmuitentiatu.
2735 4654 2926 4710 mortis
2958 4653 3214 4707 interitus
3243 4652 3296 4707 in
3320 4660 3582 4709 aeternam

1995 4747 2161 4802 vitam
2211 4753 2602 4801 commutatur.
2640 4744 2745 4799 lsta
2780 4742 3001 4812 quidem
3036 4741 3164 4796 felix
3202 4738 3581 4801 commutatio,

1995 4855 2095 4893 nec
2131 4846 2214 4892 est
2245 4834 2471 4890 inferior
2512 4834 2601 4890 illa
2643 4850 2765 4905 quae
2794 4821 3062 4903 sequitur.
3095 4831 3262 4887 Latro
3303 4834 3583 4887 conlessor

1993 4942 2057 4982 ex
2114 4926 2323 4980 latrone
2372 4924 2624 4988 eﬂicitur,
2666 4932 2723 4978 ct
2765 4933 2977 4993 martyr
3022 4937 3089 4979 ex
3137 4919 3477 4987 confessore;
3525 4931 3583 4978 et

1996 5026 2264 5072 tormenta
2314 5029 2437 5086 qua:
2485 5015 2636 5085 prius
2682 5016 2736 5070 in
2793 5013 3010 5070 latrone
3062 5022 3380 5083 coeperant,
3442 5028 3580 5069 nova

1993 5109 2166 5178 gratia
2206 5120 2469 5163 coronam
2516 5114 2574 5163 et
2610 5106 2894 5176 praemium
2947 5107 3209 5177 martyris
3252 5107 3575 5162 sortiuntur.

1995 5196 2129 5253 Huic
2158 5198 2318 5254 beato
2346 5205 2403 5253 et
2446 5196 2697 5253 mirando
2738 5196 2858 5251 viro
2884 5196 3096 5252 nullum
3128 5197 3369 5252 salutare
3405 5195 3580 5250 deluit

1993 5303 2416 5349 sacramentum.
2454 5290 2590 5348 Nam
2618 5290 2761 5362 quod
2797 5306 2895 5360 per
2936 5291 3173 5347 vicarius
3214 5289 3466 5347 Christus
3494 5288 3581 5340 vi.

1993 5384 2226 5440 sibilitcr
2254 5385 2365 5456 agit
2416 5386 2471 5440 in
2514 5383 2638 5440 aliis
2680 5385 3022 5450 Christianis,
3077 5385 3180 5440 hoc
3228 5379 3575 5438 invisibiliter

1992 5480 2102 5550 egit
2148 5479 2201 5533 in
2229 5477 2319 5533 illo
2356 5491 2457 5547 per
2500 5477 2873 5549 semetipsum.
2921 5476 3028 5532 Per
3078 5474 3356 5530 Christum
3390 5472 3575 5541 itaque

1991 5571 2313 5646 baptismum
2347 5568 2399 5625 in
2425 5584 2587 5626 cruce
2615 5569 2880 5641 percepit,
2915 5578 2972 5624 et
3004 5577 3202 5624 caetera
3235 5565 3362 5621 ﬁdei
3387 5577 3572 5620 sacra-

1992 5671 2193 5717 merita.
2242 5658 2355 5714 Nisi
2399 5659 2546 5715 enim
2594 5674 2625 5714 a
2672 5658 2892 5715 Christo
2941 5658 3253 5726 baptizatus
3296 5664 3461 5719 esset,
3516 5662 3572 5709 et

1992 5756 2167 5809 hctus
2211 5750 2433 5808 omnino
2475 5748 2751 5823 perfectus
2799 5749 3178 5817 Christianus,
3226 5748 3275 5805 ei
3321 5747 3575 5805 Christus
