3986 6452
207 385 317 447 2Ἰῖ

1683 410 2072 470 SEllliONES.

3426 423 3537 475 $278
3567 440 3579 471 ε.

223 515 488 581 tauquam
825 518 1053 593 fugiens,
1084 519 1209 576 dum
1231 519 1459 578 Christi-
1482 520 1701 579 divitias
1729 540 1858 594 pau-
1888 532 1933 587 Α
1963 527 2116 582 vidus
2159 527 2466 581 sanctitatis
2504 527 2728 584 alterius
2758 531 3063 600 derogator,
3091 528 3182 583 sed
3214 527 3332 597 pius
3363 534 3544 585 conci-

232 619 362 674 pere
393 606 515 662 vita
539 608 1083 680 lucrari-desiderat,
1114 629 1310 668 vanum
1353 625 1407 670 et
1440 616 1593 685 quasi
1624 616 1846 686 impium

241 710 478 773 reputat,
505 706 665 775 quod
710 709 900 765 multis
925 708 1044 764 aliis
1073 709 1297 764 charum
1334 716 1390 763 et
1432 710 1580 780 pium
1610 710 1844 765 videtur.

246 791 341 849 Sic
363 792 736 854 Dcifamulus
792 798 1383 869 inspiratione‘divina-
1412 800 1678 869 repletur;
1733 802 1849 871 ejus

250 885 429 941 adhuc
463 895 665 944 tenera
694 897 752 944 et
780 889 1008 947 delicata
1053 906 1181 948 caro
1220 893 1418 949 mentis
1461 892 1767 948 constantia
1795 900 1851 945 et

247 979 439 1052 vigore
466 980 701 1050 spiritus
747 981 1056 1049 roboratur,
1101 993 1157 1039 et
1194 985 1238 1041 si
1267 985 1516 1040 violentia
1554 999 1689 1054 opus
1729 983 1846 1047 fuit,

253 1086 383 1128 eam
407 1072 510 1128 sibi
557 1071 766 1131 inferre
795 1089 901 1132 non
945 1075 1173 1143 distulit,
1205 1086 1264 1132 ιη
1308 1076 1601 1132 cruciﬁxus
1629 1075 1849 1131 cruciﬁ-

250 1179 387 1220 xum
429 1164 721 1220 Dominum
773 1177 1113 1237 sequeretur.
1162 1168 1318 1224 Hunc
1364 1168 1579 1224 Domini
1632 1182 1846 1224 servum

252 1256 375 1313 sola
399 1255 582 1311 nutrix
608 1270 729 1323 sua,
762 1272 884 1328 quae
904 1272 1026 1315 eum
1069 1267 1252 1314 tenere
1287 1258 1573 1324 nutrierat,
1603 1269 1659 1313 et
1684 1273 1848 1328 quam

250 1346 377 1417 ipse
409 1346 541 1404 satis
574 1344 665 1415 pic
694 1345 972 1415 diligebat,
999 1357 1185 1403 secuta
1210 1359 1313 1415 est,
1341 1364 1448 1404 non
1470 1349 1688 1419 quidem
1723 1363 1849 1404 san-

246 1436 467 1492 ctitatis
502 1451 691 1493 amore
718 1436 979 1509 ﬂagrans,
1017 1439 1110 1494 sed
1139 1439 1189 1494 ei
1214 1440 1377 1494 etiam
1411 1439 1612 1495 nolenti
1656 1453 1850 1494 carna-

250 1528 327 1584 lis
355 1527 658 1584 aﬂ‘ectionis
684 1530 865 1585 studio
901 1530 1214 1586 ministrare
1250 1529 1583 1586 desiderans.
1614 1530 1721 1585 Sed
1766 1529 1850 1584 vir

247 1620 451 1677 beatus
483 1620 597 1677 Deo
623 1622 806 1692 potius
851 1622 1166 1677 ministrare
1210 1622 1446 1687 volebat,
1481 1637 1585 1677 non
1613 1622 1713 1677 sibi
1747 1622 1848 1675 mi-

250 1711 481 1766 nistrari
526 1709 596 1765 ab
640 1711 880 1766 homine.
925 1710 1058 1765 Erat
1099 1720 1279 1766 tamen
1334 1712 1388 1766 in
1441 1711 1723 1780 utriusque
1758 1726 1848 1779 pe—

246 1813 407 1859 ctore
435 1803 643 1873 pietas;
679 1811 738 1858 at
783 1802 999 1859 diversa
1031 1802 1187 1858 valde
1234 1803 1487 1867 intentio,
1517 1802 1641 1858 licet
1671 1803 1845 1856 amica

1954 617 2116 701 liator
2141 618 2388 674 simul'et
2421 620 2637 691 adjutor
2661 623 2890 684 exstitit,
2916 630 2971 677 et
3001 622 3074 682 ei,
3114 620 3265 690 cujus
3289 620 3543 674 virtutem

1946 707 2059 763 lam
2090 720 2270 766 mente
2294 722 2639 781 conceperat,
2691 714 2978 785 religionis
3015 712 3266 767 habitum
3300 712 3543 767 tradidit.

1951 801 2135 857 Cultor
2161 811 2352 857 autem
2369 803 2484 869 D‘ei,
2513 813 2567 858 et
2595 806 2676 859 sui
2724 816 3070 877 contemptor
3102 804 3453 873 Benedictus,
3478 807 3548 861 ad

1953 890 2154 955 locum,
2185 892 2277 960 qui
2333 891 2598 948 Sublacus
2631 905 2876 961 vocatur,
2906 898 3252 965 perveniens,
3284 896 3427 950 inter
3457 912 3548 966 pe-

1954 989 2158 1035 trarum
2193 983 2482 1044 scissuras,
2517 985 2570 1039 in
2606 988 2895 1055 quemdam
2926 988 3296 1044 arctissimum
3327 1004 3544 1057 specum

1951 1088 2012 1127 se
2037 1074 2285 1139 contulit,
2316 1074 2405 1130 ubi
2439 1075 2704 1131 desideria
2729 1079 2910 1133 carnis
2936 1082 3131 1135 mentis
3158 1081 3367 1135 ratione
3394 1096 3542 1135 utor-

1954 1163 2190 1229 tilicans,
2218 1164 2394 1221 tribus
2418 1166 2577 1222 anuis
2611 1167 2742 1221 nulli
2786 1169 3066 1223 hominum
3109 1180 3288 1235 notus,
3314 1183 3545 1241 excepto

1953 1257 2198 1311 Romano
2231 1259 2530 1325 monacho,
2571 1260 2789 1314 mansit.
2835 1259 3110 1316 Romanus
3156 1277 3284 1317 vero
3334 1264 3544 1317 abbatis

1953 1348 2059 1414 sui,
2084 1348 2344 1403 Adeodati
2374 1349 2612 1414 nomine,
2640 1351 2968 1420 aspectibus,
2998 1350 3149 1406 horis
3174 1352 3368 1421 quibus
3393 1362 3546 1421 pote—

1954 1453 2059 1506 rat,
2090 1455 2148 1496 se
2174 1441 2262 1513 pie
2288 1441 2632 1507 absentabat,
2657 1452 2711 1497 et
2732 1458 2894 1513 quem
2925 1458 3022 1497 suo
3065 1444 3281 1513 corpori
3327 1444 3545 1498 subtra-

1953 1533 2111 1587 hebat
2136 1547 2330 1602 panem
2353 1531 2645 1588 Benedicto
2682 1532 2954 1603 portabat.
2987 1533 3066 1588 Ad
3102 1533 3417 1602 prmdictum
3445 1546 3544 1585 au-

1954 1632 2118 1689 trum,
2150 1624 2293 1692 quod
2323 1624 2417 1678 Dei
2444 1622 2677 1678 famulus
2704 1639 2801 1694 pro
2842 1624 3015 1695 patria
3047 1623 3376 1693 possidebat,
3417 1623 3544 1693 quia

1952 1715 2114 1770 nimis
2165 1715 2349 1786 gravis
2396 1723 2514 1770 erat
2560 1730 2845 1780 ascensus,
2878 1714 3155 1771 Romanus
3198 1715 3382 1770 venire
3435 1730 3541 1768 non

1954 1804 2199 1870 valebat;
2230 1805 2324 1860 sed
2351 1805 2405 1858 in
2433 1821 2584 1875 rupe,
2623 1821 2742 1876 quae
2772 1806 3005 1876 desuper
3028 1805 3324 1871 eminebat,
3344 1805 3544 1873 longis-

248 1894 560 1959 videretur,
588 1893 717 1948 dum
754 1892 843 1948 illa
882 1893 1057 1960 carni,
1094 1893 1186 1947 ille
1215 1892 1427 1963 spiritui
1453 1894 1658 1949 servire
1679 1893 1847 1947 medi-
1881 1875 1925 1929 Β
1950 1896 2149 1950 simum
2187 1882 2543 1965 copulaverat
2583 1875 2785 1961 funem,
2827 1897 2880 1949 in
2910 1875 3031 1965 iquo
3074 1910 3267 1966 panem
3307 1894 3542 1966 ligabat,

245 1993 423 2041 tatur.
453 1985 608 2041 ibant
650 1985 811 2040 ambo
857 1984 1016 2040 simul
1066 1994 1324 2055 tanquam
1372 1994 1545 2039 mater
1573 1992 1629 2039 et
1681 1984 1843 2046 filius,

247 2079 429 2134 donec
457 2085 679 2133 ventum
701 2086 785 2133 est
813 2076 881 2131 ad
927 2076 1125 2143 locum,
1157 2076 1247 2146 qui
1280 2074 1445 2131 Etlidc
1472 2076 1686 2130 dicitur.
1728 2074 1847 2141 Quo

248 2176 306 2230 in
332 2173 457 2230 loco
491 2189 521 2229 a
552 2173 787 2244 quodam
832 2187 1067 2244 paupere
1094 2171 1231 2237 viro,
1263 2186 1361 2241 pro
1391 2170 1592 2225 Christi
1638 2184 1842 2234 amore,

246 2280 464 2337 pauper
489 2263 695 2321 Christi
724 2277 848 2318 cum
896 2278 992 2317 sua
1043 2262 1256 2317 nutrice
1283 2261 1479 2332 hospes
1527 2261 1841 2330 suscipitur.

248 2355 451 2413 Nutrix
478 2370 609 2411 vero
632 2354 775 2409 illius
806 2368 930 2409 cum
962 2368 993 2407 a
1021 2352 1216 2409 vicinis
1255 2352 1572 2409 mulieribus
1611 2352 1846 2420 capiste-

252 2450 396 2503 rium
445 2447 766 2518 accepisset,
799 2460 907 2517 quo
946 2445 1214 2502 modicum
1248 2445 1432 2510 tritici,
1470 2444 1613 2514 quod
1641 2444 1721 2499 eis
1747 2458 1846 2514 pro

247 2540 346 2596 Dei
373 2555 563 2597 amore
590 2538 845 2595 collatum
896 2537 1097 2603 fuerat,
1143 2552 1375 2608 purgare
1416 2537 1712 2600 debuisset,
1751 2551 1846 2591 vas

249 2636 430 2705 ipsum
485 2648 647 2705 super
683 2647 925 2689 mensam
984 2646 1088 2686 non
1139 2632 1277 2686 bene
1313 2628 1480 2703 404
1519 2630 1842 2686 collocatum

247 2724 473 2789 cecidit,
506 2733 561 2780 et
591 2723 665 2778 ita
712 2721 1055 2778 confractum
1084 2729 1168 2777 est
1204 2730 1264 2775 ut
1291 2722 1344 2775 in
1391 2722 1526 2775 duas
1553 2730 1733 2792 partes
1763 2721 1846 2774 in-

247 2818 536 2874 veniretur
580 2816 834 2871 divisum.
867 2816 998 2882 Qua:
1033 2828 1159 2869 cum
1206 2814 1506 2883 praestitum
1560 2814 1662 2868 sibi
1699 2813 1845 2883 capi-

247 2910 486 2964 sterium
530 2908 762 2965 fractum
814 2906 1187 2976 conspiceret,
1239 2914 1293 2961 ct
1342 2914 1558 2976 gentem
1610 2904 1844 2975 regionis

246 3000 397 3056 illius
437 3009 700 3066 tenacem,
730 3007 787 3053 et
829 2998 1139 3068 importune
1190 2996 1331 3058 quod
1364 3011 1519 3051 suum
1567 3004 1653 3051 est
1690 3011 1845 3065 repe-

248 3100 459 3146 tentem
482 3098 818 3161 agnosceret,
847 3100 951 3143 nec
995 3086 1221 3143 omnino
1245 3086 1469 3141 haberet
1502 3086 1644 3139 unde
1685 3086 1841 3138 dam-

248 3199 380 3243 num
420 3197 679 3253 reparare
722 3189 909 3252 posset
944 3179 1181 3234 alienum
1213 3218 1227 3243 ,
1260 3177 1388 3233 flere
1431 3178 1620 3246 cmpit,
1669 3187 1725 3231 et
1753 3176 1843 3231 do-
1870 3216 1914 3276 C

247 3290 398 3329 nutat
431 3273 488 3329 in
530 3288 638 3343 qua
674 3272 930 3341 hospitali
979 3269 1216 3336 fuerant,
1254 3260 1575 3339 lacrymosis
1620 3268 1843 3323 vocibus

245 3364 487 3434 replere.
513 3361 657 3416 Puer
684 3371 868 3416 autem
893 3360 1015 3431 pius
1053 3369 1110 3414 et
1136 3369 1380 3422 Sanctus,
1421 3372 1543 3412 cum
1572 3357 1841 3412 nutricem

246 3472 404 3513 suam
434 3455 758 3510 clamantem
785 3462 841 3508 et
886 3452 1100 3507 flentem
1127 3452 1341 3505 audiret
1366 3450 1575 3521 pariter
1598 3458 1655 3505 et
1688 3450 1841 3504 vide-

249 3559 356 3614 ret,
386 3548 537 3602 illius
587 3547 916 3601 anxietatem
976 3559 1129 3600 suam
1181 3543 1387 3598 faciens
1445 3542 1839 3612 compassionis

246 3639 475 3707 affectu,
499 3639 634 3694 duas
662 3636 821 3693 fracti
852 3636 1127 3707 capisterii
1159 3645 1343 3706 partes
1373 3634 1602 3701 accepit,
1633 3643 1689 3688 et
1716 3648 1839 3689 cum

245 3729 511 3802 lacrymis
544 3728 808 3783 orationis
841 3726 1165 3783 sacrificium
1192 3734 1300 3780 tota
1329 3721 1525 3778 mentis
1554 3722 1841 3777 devotione

247 3824 489 3880 Domino
510 3822 727 3879 obtulit.
761 3819 913 3887 Quod
941 3819 1205 3890 completa
1234 3818 1482 3873 oratione
1533 3818 1606 3871 ita
1650 3830 1840 3869 sanum

246 3925 303 3972 et
328 3916 605 3985 integrum
635 3913 914 3968 inventum
936 3920 1040 3979 est,
1058 3925 1121 3966 ac
1144 3909 1187 3966 si
1217 3909 1435 3964 minime
1459 3907 1688 3962 fractum
1713 3905 1843 3960 fuis-

246 4015 357 4062 set.
396 4004 551 4072 Quod
584 4004 835 4075 religiosa
872 4003 1052 4058 anima
1103 3999 1461 4072 omnipotenti
1495 3999 1604 4053 Deo
1640 3998 1841 4068 gratias

250 4097 501 4159 referens
526 4094 757 4165 accepit,
785 4102 842 4149 et
865 4092 1129 4148 nutricem
1168 4106 1322 4147 suam
1354 4089 1557 4144 sanctis
1580 4097 1634 4143 et
1667 4088 1842 4141 Immi-

250 4188 398 4245 libus
449 4187 634 4243 verbis
676 4185 1022 4250 consolatus,
1072 4183 1121 4238 ei
1177 4180 1522 4249 capisterium
1581 4178 1835 4235 reddidit.

247 4281 387 4349 Quae
431 4279 561 4334 licet
588 4274 888 4347 stupefacta
930 4272 1194 4329 miraculo
1238 4271 1448 4337 fuisset,
1482 4268 1626 4322 illam
1663 4277 1839 4323 tamen

246 4370 604 4441 capisterium
650 4368 841 4425 sanum
886 4366 1235 4420 vehementer
1269 4363 1527 4428 laetificat,
1554 4361 1695 4435 quod
1733 4373 1840 4413 non

248 4460 603 4518 mediocriter
656 4455 1105 4512 mmstiflcaverat
1158 4453 1415 4509 fractum.
1468 4451 1602 4506 Rem
1658 4451 1841 4518 itaque

1954 1985 2043 2039 ubi
2073 1985 2235 2039 etiam
2260 2000 2484 2054 parvum
2532 1985 2765 2040 inseruit
2799 1986 3247 2052 tintinnabulum,
3273 1989 3341 2041 ad
3389 1986 3543 2055 cujus

1948 2078 2198 2133 videlicet
2225 2078 2564 2134 tintinnabuli
2592 2093 2783 2133 sonum
2816 2080 2898 2132 vir
2918 2089 3139 2134 sanctus
3164 2087 3346 2149 posset
3369 2093 3542 2148 agno-

1951 2182 2127 2232 scere,
2156 2166 2221 2220 ad
2250 2180 2312 2221 se
2343 2166 2645 2220 [tertianam
2682 2182 2805 2221 cum
2851 2182 2986 2237 pane
3016 2170 3247 2222 veniSse.
3290 2167 3394 2222 Sed
3438 2166 3543 2227 ini:

1950 2256 2122 2310 micus
2161 2256 2456 2309 amiccrum
2491 2256 2583 2311 Dei
2639 2256 2907 2323 diabolus,
2946 2267 3215 2327 quatenus
3238 2266 3293 2311 et
3340 2258 3393 2311 in
3427 2255 3539 2310 [lo-

1948 2362 2109 2400 mano
2135 2346 2310 2415 ignem
2335 2346 2617 2400 charitatis
2642 2346 3036 2417 exstingueret,
3066 2354 3120 2401 et
3149 2347 3341 2404 ahena
3365 2347 3511 2400 inten
3528 2373 3545 2393 π

1949 2441 2095 2495 tione
2120 2439 2393 2495 Benedicti
2426 2441 2665 2493 animum
2704 2439 2795 2495 vel
2820 2439 2960 2494 fame
2984 2448 3209 2511 cogente
3238 2451 3537 2502 revocaret,
3566 2502 3571 2506 ν

1948 2531 2181 2600 lapidem
2396 2527 2642 2597 jactavit,
2668 2539 2723 2586 et
2749 2531 2890 2600 quod
2922 2530 3033 2584 funi
3068 2532 3243 2585 fuerat.
3271 2529 3537 2585 insertum
3562 2566 3569 2583 ς

1949 2622 2370 2677 tintinnabulum
2415 2622 2593 2693 fregit.
2632 2620 2813 2677 Bonus
2855 2633 3036 2677 tamen
3086 2621 3364 2676 Romanus
3404 2637 3541 2691 Opus

1947 2712 2250 2777 charitatis,
2279 2712 2420 2780 quod
2466 2722 2727 2782 cmperat,
2759 2728 2866 2765 non
2915 2711 3148 2780 reliquit.
3188 2701 3542 2782 Omnipot'cus

1946 2822 2075 2860 vero
2108 2808 2246 2861 Deus
2294 2819 2350 2864 et
2396 2804 2653 2859 Dominus
2693 2804 2866 2859 bonus
2904 2812 3277 2857 remunerator
3318 2812 3372 2856 et
3416 2803 3539 2873 pius

1946 2898 2204 2965 indultor,
2234 2914 2357 2954 cum
2383 2898 2541 2953 beato
2569 2896 2684 2950 viro
2726 2895 3012 2951 Benedicto
3032 2936 3046 2959 ,
3080 2896 3131 2949 in
3183 2895 3336 2966 cujus
3376 2897 3541 2949 corde

1945 3001 2000 3047 et
2020 3007 2247 3060 corpore
2272 2991 2503 3045 mundus
2523 2998 2575 3043 et
2604 2987 2701 3043 llos
2718 2989 2857 3059 ejus,
2883 2989 3072 3058 patria:
3094 2987 3332 3043 ctelcstis
3352 3002 3540 3041 amore

1946 3099 2171 3155 prorsus
2204 3093 2445 3150 aruerat,
2481 3083 2531 3136 in
2563 3084 2664 3137 hoc
2706 3082 2905 3137 saeculo
2949 3080 3260 3150 centuplum
3311 3080 3555 3135 reddere

1945 3171 2295 3234 decrevisset,
2337 3177 2394 3222 ut
2434 3168 2605 3237 prima
2642 3168 2999 3236 promissione
3034 3167 3320 3238 completa,
3347 3181 3541 3221 secun-

1947 3262 2089 3326 dam,
2119 3261 2285 3316 vitam
2327 3261 2575 3315 videlicet
2617 3268 2899 3324 teternam,
2937 3258 3208 3330 perfectus
3252 3257 3541 3313 mundana:

1946 3352 2370 3423 impcrfectionis
2399 3361 2741 3422 contemptor
2775 3367 2832 3406 se
2861 3361 3203 3420 recepturum
3229 3350 3539 3404 indubitan-

1947 3455 2032 3500 ter
2057 3456 2393 3516 agnosceret,
2435 3445 2652 3514 quidam
2680 3443 2932 3514 religioso
2952 3444 3289 3514 presbytero,
3312 3442 3402 3510 qui
3434 3441 3541 3495 sibi

1945 3536 2111 3590 indie
2159 3534 2379 3590 Paschae
2424 3535 2575 3588 cibos
2626 3533 2871 3603 parabat,
2920 3533 3177 3587 Dominus
3223 3546 3319 3601 per
3360 3531 3535 3585 visum

1945 3643 2209 3699 apparere
2248 3629 2538 3698 dignatur:
2565 3641 2796 3695 eumque
2831 3625 3115 3695 diligenter
3151 3623 3409 3679 sollicitat
3440 3625 3536 3677 di-

1944 3733 2129 3773 cens:
2186 3717 2263 3771 Tu
2321 3717 2414 3770 tibi
2455 3716 2596 3771 cibos
2661 3716 2913 3770 delicatos
2957 3716 3192 3786 parasti,
3245 3727 3292 3769 et
3359 3731 3537 3768 servus

1943 3823 2088 3861 meus
2110 3807 2422 3860 Benedictus
2462 3808 2603 3875 [ante
2642 3808 2929 3860 cruciatur.
2968 3805 3068 3871 Qtti
3108 3805 3231 3859 licet
3259 3812 3312 3859 et
3336 3803 3533 3867 locutu,

1944 3906 1999 3952 et
2037 3897 2184 3951 illum
2214 3896 2425 3951 Domini
2466 3912 2681 3951 servum
2730 3898 3024 3968 ignoraret,
3054 3897 3237 3951 statim
3276 3896 3532 3958 surrexit,

1942 3997 1997 4044 et
2041 3988 2300 4059 quidquid
2330 3990 2394 4042 ad
2449 3990 2882 4043 manducandum
2938 3988 3040 4043 sibi
3085 3997 3391 4058 paraverat,
3439 3987 3534 4041 Dei

1942 4082 2216 4135 hominem
2268 4080 2549 4136 cibaturus
2597 4095 2781 4136 secum
2833 4080 3145 4148 assumpsit.
3187 4079 3247 4132 Et
3276 4079 3531 4147 quoniam

1943 4170 2297 4225 admonitioni
2323 4170 2520 4224 divinae
2560 4170 2782 4225 obedire
2820 4169 3041 4223 minime
3074 4169 3300 4234 distulit,
3344 4178 3533 4224 sancto

1944 4263 2147 4333 Spiritu
2177 4262 2259 4317 sui
2289 4263 2499 4317 itineris
2523 4263 2659 4317 duce
2687 4276 2873 4317 carere
2912 4275 3017 4315 non
3047 4261 3371 4330 potuit.Quo
3396 4278 3533 4333 pne-

1940 4362 2028 4416 vio
2053 4356 2299 4425 pervenit
2329 4357 2394 4411 ad
2424 4356 2625 4422 locum,
2664 4357 2719 4413 in
2748 4372 2855 4426 quo
2885 4357 2968 4412 vir
3003 4362 3225 4412 sanctus
3247 4369 3306 4410 se
3342 4358 3529 4413 occul-

1944 4463 2062 4509 tans
2087 4454 2351 4509 latitahat.
2384 4451 2485 4520 Qui
2516 4452 2612 4507 soli
2648 4453 2756 4507 Deo
2788 4452 3001 4522 placere
3022 4458 3267 4527 cupiens,
3291 4471 3397 4510 non
3438 4472 3525 4513 so-

246 4561 459 4622 gestam
494 4565 617 4606 cum
659 4545 901 4615 ejusdem
947 4544 1051 4601 loci
1097 4543 1309 4610 incolae,
1338 4559 1444 4599 non
1471 4541 1688 4613 quidem
1718 4541 1837 4594 sine
1868 4563 1915 4622 ί)
1941 4546 2052 4601 lum
2095 4546 2302 4601 notitiae
2349 4544 2658 4610 hominum,
2697 4544 2789 4599 sed
2839 4545 3001 4600 etiam
3039 4562 3251 4612 eorum,
3300 4563 3420 4617 qua:
3473 4549 3525 4602 iu

247 4657 450 4712 magna
504 4638 886 4700 admiratione,
939 4636 1308 4707 agnovissent,
1346 4649 1513 4704 super
1553 4631 1699 4686 fores
1730 4631 1836 4685 Ec-

245 4736 454 4799 clesia,
491 4747 611 4805 quae
635 4732 706 4786 ibi
755 4732 807 4785 in
835 4731 1041 4784 honore
1069 4728 1128 4782 B.
1180 4725 1324 4782 Petri
1350 4726 1614 4781 aedificata
1642 4724 1839 4787 fuerat,

245 4843 347 4883 vas
381 4827 556 4897 ipsum
599 4822 1019 4893 suspenderunt,
1049 4828 1316 4890 quatenus
1361 4833 1550 4873 omnes
1581 4832 1841 4886 agnosce-

246 4927 396 4981 rent,
427 4925 728 4987 prmsentcs
768 4912 979 4968 scilicet
1016 4920 1069 4965 et
1095 4910 1280 4975 futuri,
1311 4908 1483 4964 lidelis
1512 4924 1702 4963 servus
1737 4909 1843 4962 Do-

244 5013 385 5071 mini
436 5010 761 5066 Benedictus
798 5022 828 5062 a
874 5015 1071 5079 quanta
1126 5005 1459 5076 perfectione
1506 5005 1554 5059 ei
1614 5004 1842 5074 coeperit

247 5104 529 5161 famulari.
578 5101 865 5171 Templum
915 5110 1099 5154 autem
1155 5097 1390 5168 Spiritus
1437 5096 1611 5151 sancti
1665 5095 1840 5163 gratia

248 5196 559 5268 repletum,
594 5192 784 5247 laudes
813 5190 1089 5246 hominum
1121 5197 1177 5244 et
1203 5187 1627 5257 vituperationes
1656 5200 1842 5241 eorum

244 5290 443 5345 eodem
476 5286 659 5343 animo
697 5284 1022 5354 suscipiens,
1051 5282 1215 5355 405
1255 5282 1518 5337 nutricem
1562 5296 1713 5336 suam
1746 5295 1843 5334 oc-

245 5380 401 5437 culte
426 5379 691 5442 dcseruit,
716 5376 916 5433 deserti
947 5374 1050 5432 loci
1096 5388 1366 5430 secessum
1392 5382 1582 5443 petens
1609 5373 1842 5427 amicum

247 5468 527 5542 religioni.
559 5468 678 5536 Quo
698 5468 827 5524 dum
865 5467 1131 5532 tenderet,
1160 5465 1375 5520 cuidam
1406 5465 1697 5527 monacho,
1739 5464 1843 5518 llo-

244 5578 421 5620 Itano
446 5562 689 5627 nomine,
713 5559 994 5623 obviavit;
1025 5573 1054 5611 a
1079 5572 1188 5629 quo
1209 5557 1498 5628 diligenter
1528 5557 1841 5627 inquisitus,

241 5655 351 5712 ohe
369 5650 677 5707 «voluntatis
708 5658 979 5706 secretum
1001 5648 1048 5703 ei
1080 5647 1295 5703 tandem
1330 5649 1431 5705 sub
1462 5649 1680 5703 nomine
1708 5664 1841 5704 con-

238 5746 514 5805 [é’sSiouis
556 5744 791 5815 aperuit.
840 5741 1004 5812 Cujus
1050 5743 1298 5797 devotam
1343 5742 1560 5797 Christo
1610 5740 1841 5795 animam

235 5855 375 5902 cum
404 5838 687 5901 Romanus
708 5836 1003 5892 monachus
1043 5835 1411 5907 cognovisset,
1443 5850 1545 5890 non
1593 5833 1731 5889 sicut
1765 5831 1843 5885 in~

1943 4638 2142 4693 mundo
2164 4636 2508 4692 ﬁebantadeo
2528 4650 2723 4707 expers
2747 4646 2865 4691 erat
2880 4638 3041 4707 quod,
3058 4640 3275 4709 quando
3296 4641 3528 4705 Pascha,

1943 4730 2024 4785 vel
2048 4728 2299 4800 quaelibet
2324 4727 2639 4782 solemnitas
2667 4738 2936 4799 ageretur,
2974 4731 3189 4800 penitus
3225 4732 3527 4803 ignorabat.
3614 4719 3622 4727 ’

1942 4825 2106 4879 Facta
2132 4825 2314 4894 itaque
2343 4822 2589 4879 oratione
2617 4830 2740 4892 post
2776 4822 2953 4877 dulcia
2984 4825 3108 4879 vitae
3136 4824 3391 4894 perennis
3420 4824 3530 4880 col-

1944 4917 2147 4987 loquia,
2174 4917 2478 4988 presbyter,
2508 4917 2599 4987 qui
2637 4916 2703 4971 ad
2746 4928 2865 4972 eum
2895 4927 3136 4984 venerat,
3174 4922 3253 4975 sic
3282 4931 3528 4976 sanctum

1946 5009 2284 5079 alloquitur:
2341 5007 2538 5077 Surge,
2577 5018 2624 5062 et
2672 5008 2822 5063 ambo
2890 5012 3090 5078 pariter
3140 5029 3409 5067 sumamus
3457 5014 3531 5067 ci--

1946 5104 2098 5165 bum,
2146 5101 2270 5171 quia
2320 5101 2476 5155 hodie
2544 5101 2805 5169 paschalis
2870 5103 3172 5159 solemnitas
3215 5106 3524 5160 celebratur.

1945 5193 2107 5265 [.07
2137 5192 2234 5247 Cui
2276 5193 2357 5246 vir
2416 5192 2507 5246 Dei
2557 5194 2805 5260 protinus
2851 5197 3169 5266 respondit:
3230 5196 3368 5250 Novi
3402 5197 3527 5265 quia

1950 5285 2157 5339 Pascha
2197 5293 2292 5351 est,
2328 5286 2575 5353 quoniam
2601 5286 2870 5341 humilitas
2905 5305 3021 5342 mea
3045 5290 3215 5343 videre
3245 5299 3293 5343 te
3314 5290 3523 5341 meruit.

1948 5374 2289 5431 llonorabilis
2332 5374 2453 5428 vitae
2522 5376 2809 5448 presbyter
2842 5377 2971 5432 item
3025 5380 3301 5434 asseruit:
3364 5374 3526 5431 Vera-

1946 5468 2073 5520 citer
2090 5466 2246 5520 hodie
2266 5465 2374 5518 dies
2396 5475 2468 5519 est
2504 5469 2897 5524 resurrectionis
2925 5469 3237 5533 Dominicte;
3266 5469 3523 5522 abstinere

1946 5557 2038 5610 tibi
2064 5572 2165 5610 non
2200 5554 2318 5608 licet
2346 5555 2401 5608 in
2434 5565 2541 5609 tam
2578 5555 2804 5626 gloriosa
2841 5559 3135 5628 festivitate.
3170 5556 3450 5628 PrOpterca
3488 5577 3522 5612 a

1948 5647 2170 5702 Domino
2206 5647 2394 5700 missus
2426 5661 2562 5711 sum,
2594 5656 2649 5699 ut
2686 5664 2837 5714 quem
2869 5648 2995 5700 mihi
3018 5648 3187 5701 cibum
3213 5664 3523 5717 paraveram

1947 5737 2038 5790 tibi
2084 5735 2295 5789 debeam
2364 5735 2680 5789 ministrare.
2740 5736 3127 5791 Benediccntes
3187 5737 3366 5806 itaque
3422 5737 3527 5790 Do.

1950 5828 2152 5881 minum
2192 5832 2243 5880 et
2289 5823 2492 5895 pariter
2524 5823 2699 5879 cibum
2749 5835 3052 5893 sumentes,
3084 5835 3206 5897 post
3254 5824 3525 5896 expletam
