3986 6462
441 350 567 415 270

1473 350 1791 407 GOFFREDI
1830 346 2120 409 ABBATIS
2162 349 2687 410 VINDOCINENSIS

3606 357 3711 414 280

438 466 798 525 refectionem
842 479 899 527 et
927 480 1163 526 sanctam
1209 465 1648 531 collocationem,
1674 479 1832 534 quem
1883 466 2025 521 Deus
2053 470 2097 528 Α
2127 466 2377 521 nedictus
2401 465 2613 537 plenius
2650 466 2891 537 agnovit,
2936 480 3098 537 quam
3145 475 3273 527 ante
3298 466 3450 522 illum
3491 468 3711 537 quilibet

437 557 756 617 hominibus
805 561 1106 631 exemplum
1157 558 1292 612 bene
1340 553 1551 611 vivendi
1596 554 1765 610 voluit
1808 555 2026 610 demon-

436 659 619 705 strare
643 652 943 721 presbyter,
965 650 1031 705 ad
1044 647 1338 704 Ecclesium
1361 661 1521 717 quam
1541 645 1758 715 regebat
1777 645 2023 710 veniens,

437 746 542 796 nec
571 743 748 811 potuit
776 740 1051 795 occultare
1076 754 1172 793 nec
1202 737 1393 793 voluit.
1418 736 1585 791 Fama
1622 735 1785 809 igitur
1810 734 2024 790 discur-

435 840 593 889 rente
615 829 818 888 sancta:
846 832 1291 887 conversationis.
1320 830 1480 895 illius,
1510 826 1787 885 Benedicti
1827 842 2023 883 nomen

434 937 543 977 non
570 922 917 979 mediocriter
964 923 1163 978 mundo
1204 924 1456 993 innotuit,
1490 926 1614 995 quia
1644 927 1819 996 posita
1860 940 2024 996 super

434 1013 818 1070 candelabrum
848 1013 1064 1070 lucerna
1106 1015 1274 1071 latere
1321 1031 1426 1071 non
1459 1018 1648 1086 potuit,
1677 1035 1797 1089 quae
1827 1019 1880 1074 in
1920 1019 2021 1074 ho-

432 1105 669 1162 minibus
694 1116 1039 1176 peccatorum
1077 1108 1328 1164 tenebras
1352 1106 1543 1178 fugans
1571 1120 1835 1166 eteorum
1866 1126 2019 1167 metr-

431 1207 515 1253 tes
553 1199 841 1268 splendore
883 1200 1036 1256 bona
1072 1200 1303 1255 actionis
1340 1201 1607 1256 irradians
1630 1243 1645 1266 ,
1685 1203 1738 1257 in
1778 1219 2018 1258 antorem

430 1289 513 1343 sui
538 1288 818 1353 Creatoris
845 1290 1240 1345 couvertit.Vir
1266 1292 1369 1347 isto
1395 1292 1679 1349 laudabilis
1701 1293 1844 1361 vitae,
1880 1295 2019 1350 mira

429 1388 582 1444 sunt.
626 1381 723 1438 sed
776 1380 898 1438 fidei
948 1383 1311 1441 admiratione
1353 1385 1601 1440 miranda
1644 1380 1766 1456 qua:
1809 1388 1862 1442 in
1916 1387 2020 1443 hoc

427 1474 652 1537 mundo,
695 1474 926 1531 Domino
966 1484 1315 1543 cooperame,
1366 1477 1595 1547 peregit.
1645 1477 1779 1532 Nam
1819 1488 2019 1548 prmter

429 1564 693 1635 Regulam
717 1567 1121 1632 menachorum,
1137 1567 1226 1623 ubi
1260 1568 1532 1624 invenitur
1552 1572 1731 1627 omnis
1753 1572 2017 1641 perfectio

430 1659 730 1723 hominum,
762 1674 923 1730 quam
953 1661 1192 1716 dictante
1223 1658 1428 1731 Spiritu
1457 1671 1645 1718 sancto
1661 1664 1896 1734 scripsit,
1917 1679 2017 1721 nec

429 1751 548 1820 ipse
592 1751 810 1823 quidem
863 1749 1046 1808 minus
1105 1750 1344 1822 perfecte
1390 1752 1528 1807 vixit
1591 1769 1753 1823 quam
1806 1754 2010 1810 docuit.

429 1843 632 1901 Omnes
671 1855 888 1903 sanctos
917 1862 982 1902 ac
1023 1843 1359 1903 venerabiles
1392 1843 1602 1912 Patres,
1630 1856 1895 1918 quotquot
1944 1849 2014 1903 ab
2047 1824 2093 1884 Β

427 1937 584 1991 initio
633 1937 813 1993 smculi
867 1938 1105 2000 fuerunt.
1159 1938 1400 1994 inritatus
1452 1937 1722 1994 veraciter
1765 1936 2016 2006 agnosci-

423 2037 535 2097 tur,
569 2031 658 2101 qui
691 2040 785 2086 aut
810 2031 1038 2102 aequale,
1069 2042 1161 2087 aut
1182 2048 1319 2103 opus
1343 2032 1542 2095 simile,
1575 2022 1718 2101 quod
1750 2031 1825 2086 illi
1868 2031 2016 2087 fece-

422 2132 568 2187 runt.
613 2122 810 2180 fecisse
855 2125 1079 2181 minime
1128 2125 1422 2181 dubitatur.
1462 2123 1617 2179 Unde
1659 2124 1854 2178 merito
1905 2138 2015 2176 non

421 2215 662 2270 omnium
697 2213 973 2283 iustorum
1015 2215 1267 2285 spiritum
1290 2214 1460 2287 5.08
1487 2214 1744 2269 habuisse
1784 2222 2012 2277 tantum,

421 2309 516 2365 sed
541 2305 1063 2374 omniumjnstorum
1086 2309 1275 2378 spiritu
1301 2308 1493 2378 plenus
1516 2308 1679 2363 fuisse
1701 2308 1752 2362 in
1776 2290 2014 2363 secundo

421 2393 562 2448 libro
592 2394 939 2463 Dialogorum
968 2399 1143 2452 sancti
1174 2396 1420 2468 Gregorii
1452 2397 1738 2452 laudabilis
1769 2385 1894 2452 vitae
1925 2397 2015 2452 do-

422 2483 609 2549 ctoris,
641 2484 733 2555 qui
761 2484 1129 2540 venerabilem
1155 2485 1325 2541 vitam
1352 2486 1495 2542 illius
1534 2488 1774 2558 scripsit,
1820 2488 2014 2559 pradi-

423 2583 602 2629 eatnr.
627 2573 785 2629 Nulla
833 2575 1045 2631 ratione
1073 2575 1341 2632 silendum
1372 2585 1475 2642 est,
1506 2579 1599 2632 sed
1653 2579 1881 2635 veritate
1931 2578 2013 2633 di-

423 2662 658 2716 cendum
704 2664 973 2731 quomodo
1026 2663 1271 2720 Romano
1313 2665 1581 2721 monacho
1620 2676 1745 2722 tunc
1788 2668 2011 2734 licebat,

421 2752 542 2811 sine
579 2753 661 2811 sui
687 2754 896 2810 abbatis
939 2754 1156 2812 licentia
1200 2756 1478 2825 quodlibet
1527 2772 1661 2827 opus
1687 2759 1885 2814 bonum
1916 2775 2012 2829 pa-

422 2851 591 2908 traret
619 2859 741 2900 cum
783 2847 1065 2905 monachis
1107 2846 1267 2905 modo
1314 2865 1418 2905 non
1456 2849 1630 2906 liceat.
1665 2849 1780 2907 Hoc
1824 2851 2011 2921 utique

344 2984 349 2989 .
420 2935 556 2991 satis
578 2937 914 3007 agnoscitur,
954 2939 1000 2993 si
1046 2948 1292 3012 tempus,
1328 2951 1383 2996 et
1427 2942 1684 3013 temporis
1717 2943 1851 2997 ordo
1882 2943 2009 2998 dili-

420 3039 611 3098 genter
662 3042 946 3101 pensatur.
998 3033 1239 3089 Fuerunt
1280 3050 1515 3106 namque
1582 3044 1709 3091 ante
1759 3044 2007 3091 sanctum

418 3117 772 3177 Benedictum
804 3120 1028 3179 abbates
1056 3131 1112 3180 et
1145 3123 1398 3181 abbatum
1425 3125 1818 3190 institutiones,
1866 3127 2009 3181 sicut

418 3219 546 3266 ante
603 3211 876 3269 Christum
929 3214 1205 3286 legislator
1263 3218 1477 3273 exstitit
1522 3218 1751 3290 Moyses.
1800 3217 2005 3273 Bonam

417 3304 635 3381 (pridem
672 3315 727 3360 et
772 3313 1015 3361 sanctam
1044 3307 1269 3364 Judaico
1316 3309 1514 3380 populo
1558 3309 1772 3379 Moyses
1826 3308 2010 3365 attulit

415 3396 611 3479 legem,
630 3398 725 3454 sed
756 3398 1003 3456 Christus
1025 3398 1335 3456 Christiano
1349 3400 1546 3472 populo
1569 3400 1797 3456 contulit
1816 3400 2011 3455 melio-

416 3503 554 3545 rem.
585 3489 661 3548 ita
689 3489 866 3546 sancti
894 3490 996 3546 viri
1026 3490 1168 3548 illius
1206 3492 1466 3562 temporis
1499 3491 1795 3545 secundum
1822 3490 2005 3544 datam

415 3582 521 3639 sibi
554 3599 584 3638 a
627 3584 737 3640 Deo
764 3585 993 3655 gratiam
1038 3588 1429 3644 monachorum
1481 3586 1626 3657 leges
1674 3594 2003 3651 statuerunt,

414 3675 511 3732 sed
548 3673 707 3732 Pater
742 3690 806 3730 ac
846 3674 1036 3747 legifer
1082 3688 1269 3733 noster
1298 3678 1642 3742 Benedictus,
1669 3677 1811 3733 sicut
1835 3693 1864 3731 a
1897 3679 2007 3732 Deo

414 3765 683 3834 majorem
723 3768 949 3838 gratiam
982 3770 1245 3841 percepit,
1274 3770 1348 3825 ita
1390 3767 1668 3824 meliorem
1698 3767 1872 3838 legem
1919 3767 2005 3822 in-

414 3859 613 3919 stituit.
650 3857 784 3913 Nam
812 3860 1072 3932 quidquid
1103 3861 1178 3917 illi
1208 3860 1389 3916 minus
1414 3861 1499 3916 vel
1528 3860 1762 3931 amplius
1803 3860 2003 3916 facieno

415 3948 545 4004 dum
590 3950 976 4018 praedixerunt,
1017 3950 1102 4006 vel
1134 3951 1251 4006 fieri
1302 3951 1687 4021 permiserunt,
1721 3951 1835 4022 ipse
1882 3960 2005 4019 post

413 4041 533 4096 illo;
560 4044 816 4097 correxit.
873 4041 1029 4099 Unde
1059 4044 1359 4107 monachis,
1393 4053 1451 4097 ut
1488 4058 1653 4113 opera
1694 4042 1832 4098 bona
1884 4042 2004 4097 sine

411 4131 713 4201 spiritualis
761 4132 940 4187 Patris
977 4131 1196 4188 licentia
1256 4133 1478 4189 minime
1521 4132 1749 4198 faciant,
1798 4130 2001 4186 idcirco

413 4235 561 4277 nunc
614 4221 970 4291 prohibetur,
1019 4236 1092 4277 ne
1138 4223 1423 4293 quisquam
1482 4237 1671 4277 eorum
1724 4221 1998 4291 pr0priam

412 4311 750 4367 voluntatem
779 4311 879 4366 sub
922 4313 1109 4382 specie
1145 4313 1379 4381 pietatis,
1405 4313 1491 4369 vel
1515 4311 1804 4381 cujuslibet
1846 4313 2001 4366 bona:

409 4404 779 4475 operationis,
814 4414 1096 4474 sequatur.
1130 4405 1197 4458 Et
1247 4418 1344 4475 per
1392 4406 1496 4459 hoc
1540 4404 1776 4458 maxime
1823 4402 1999 4472 qualis

2130 555 2384 610 abbatum
2410 565 2506 612 aut
2556 556 2727 612 noluit
2769 556 3036 620 revelare.
3062 567 3153 612 aut
3199 558 3380 623 minus
3425 557 3706 615 intellexit.

2130 644 2406 701 Romanus
2442 646 2607 718 igitur
2652 649 2705 702 in
2740 648 2831 702 illo
2878 663 2977 704 suo
3023 650 3166 702 facto
3200 650 3395 705 merito
3438 649 3708 715 laudatur,

2126 736 2249 805 quia
2280 738 2384 791 ista
2409 746 2465 793 et
2519 740 2765 810 quaedam
2816 739 2922 795 alia
2963 740 3246 795 monachis
3293 750 3425 801 tunc
3455 739 3705 810 licebant,

2125 848 2246 903 quae
2274 849 2421 891 nunc
2458 834 2833 904 prohibentur.
2874 834 3012 897 Sunt
3043 837 3243 892 etenim
3263 837 3516 907 quadam
3538 837 3705 905 bona,

2125 942 2244 995 qua:
2271 927 2425 998 prius
2454 927 2671 998 quidem
2711 927 2877 983 licere
2912 936 3160 997 possunt,
3183 930 3276 984 sed
3312 929 3498 983 illicita
3529 940 3704 999 postea

2124 1018 2278 1089 ﬁunt.
2310 1018 2445 1073 Nam
2480 1019 2762 1075 monachis
2782 1020 2928 1075 illius
2950 1021 3208 1088 temporis
3239 1020 3327 1074 illa
3360 1021 3708 1077 humanitatis

2123 1128 2287 1182 opera
2320 1112 2577 1178 licebant,
2601 1113 2728 1184 quia
2770 1128 2829 1168 se
2873 1129 2983 1180 non
3013 1114 3082 1168 ab
3112 1114 3218 1169 illis
3246 1113 3504 1183 operibus
3545 1115 3706 1169 absti-

2124 1221 2252 1261 nere
2278 1206 2664 1276 promiserant.
2693 1205 2968 1262 Modernis
3002 1221 3135 1260 vero
3178 1206 3259 1261 sic
3287 1206 3379 1263 illa
3417 1206 3581 1261 licere
3607 1206 3705 1261 mi-

2123 1298 2269 1359 nime
2301 1306 2546 1367 possunt,
2575 1297 2666 1367 qui
2691 1311 2789 1353 nec
2816 1297 2928 1364 illa,
2953 1311 3055 1353 nec
3083 1296 3187 1351 alia
3214 1296 3352 1355 bona
3388 1296 3567 1353 facere
3594 1297 3708 1353 sine

2120 1389 2418 1458 spiritualis
2458 1390 2636 1459 patris
2669 1388 2948 1447 voluntate
2991 1391 3345 1451 devoverunt,
3374 1395 3433 1444 et
3455 1387 3562 1444 fide
3601 1403 3709 1445 sua:

2119 1481 2476 1550 professionis
2520 1482 2908 1546 firmaverunt,
2949 1496 3112 1552 quam
3154 1480 3407 1536 videlicet
3434 1496 3547 1537 sum
3588 1496 3708 1549 pro-

2119 1571 2369 1631 fessionis
2429 1572 2616 1646 ftdent,
2667 1573 2965 1629 secundum
3008 1569 3271 1641 Regulam
3303 1570 3360 1625 S.
3411 1570 3707 1635 Benedicti,

2119 1665 2409 1722 tenendam
2448 1682 2631 1721 coram
2657 1666 2796 1731 Deo,
2829 1674 2885 1720 et
2912 1665 3117 1722 sanctis
3161 1662 3279 1731 ejus
3320 1666 3702 1734 promiserunt.

2120 1757 2271 1813 Licet
2296 1760 2456 1812 etiam
2480 1757 2716 1823 mulieri,
2739 1757 2783 1812 si
2816 1756 3068 1821 voluerit,
3091 1756 3318 1821 nubere,
3341 1755 3471 1825 quia
3500 1756 3549 1811 ei
3577 1755 3709 1810 bene

2119 1849 2451 1905 conceditur.
2474 1849 2579 1904 Sed
2606 1849 2650 1902 si
2674 1847 3043 1918 virginitatem
3066 1846 3301 1912 voverit,
3319 1855 3375 1902 et
3388 1856 3581 1916 postea
3606 1861 3707 1903 nu-

2118 1941 2308 2010 pserit,
2332 1955 2421 1995 rea
2453 1939 2740 1997 tenebitur.
2769 1939 2976 1995 Bonum
3028 1947 3112 1994 est
3144 1946 3320 1994 tamen
3375 1936 3707 2008 conjuginrn,

2118 2034 2213 2089 sed
2239 2032 2492 2104 coningio
2520 2032 2686 2105 410
2714 2032 2998 2105 virginitas
3032 2030 3245 2087 melior.
3271 2031 3365 2087 Sic
3393 2040 3707 2089 sanctorum

2116 2124 2538 2194 praecedentium
2568 2122 2792 2177 Patrum
2841 2122 3019 2177 omnis
3052 2120 3322 2183 institutio
3358 2129 3447 2176 est
3489 2119 3708 2191 quidem

2116 2215 2279 2279 bona,
2315 2213 2412 2270 sed
2443 2211 2772 2267 venerabilis
2818 2211 3097 2273 Benedicti
3145 2209 3299 2280 longe
3341 2210 3707 2279 praestantior.

2117 2304 2248 2371 Qua:
2277 2313 2401 2360 ante
2440 2303 2589 2359 illum
2636 2302 2827 2359 Patres
2878 2302 3050 2357 sancti
3094 2300 3522 2362 constituerunt,
3570 2300 3709 2353 velut

2117 2396 2202 2451 lex
2238 2396 2432 2468 Moysi,
2471 2397 2604 2451 dura
2643 2403 2697 2449 et
2745 2409 2938 2465 aspera
2974 2392 3216 2448 fuerunt.
3265 2390 3546 2461 Sapientis
3586 2408 3711 2448 vere

2114 2486 2393 2541 Benedicti
2442 2484 2710 2539 institutio
2758 2496 2977 2549 sancta,
3020 2482 3204 2538 suavis
3235 2491 3290 2537 et
3336 2482 3471 2537 levis
3513 2490 3619 2548 est,
3660 2492 3708 2537 el

2114 2589 2289 2632 matre
2316 2578 2574 2632 virtutum
2602 2575 2933 2632 discretione
2961 2573 3216 2630 videlicet
3238 2571 3419 2643 plena.
3450 2573 3689 2643 Antiqno

2114 2682 2232 2721 rum
2272 2667 2481 2721 sanetio
2536 2667 2779 2731 Patrum,
2822 2665 2976 2735 quasi
3030 2663 3232 2718 veteris
3288 2662 3424 2734 legis
3474 2664 3704 2718 cultores

2112 2759 2319 2815 habuit.
2368 2760 2498 2815 Pius
2539 2768 2719 2814 autem
2779 2766 2835 2813 et
2873 2757 3140 2811 discretus
3189 2755 3353 2811 Pater
3387 2754 3704 2811 Benedictus

2113 2848 2328 2904 iilorum
2383 2858 2588 2904 statuta
2639 2858 2900 2918 tanquam
2947 2849 3098 2903 dura:
3151 2847 3285 2916 legis
3325 2847 3707 2902 auctoritatem

2113 2950 2448 3013 temperans,
2492 2959 2593 2999 nos
2627 2957 2782 2997 novae
2829 2941 3019 3012 gratia:
3058 2940 3199 2996 ﬁdos
3243 2940 3573 3011 procreavit.
3621 2939 3709 2994 Illa

2111 3038 2266 3107 quasi
2296 3046 2481 3093 vetera
2517 3051 2656 3106 pene
2692 3034 2776 3090 vel
2802 3035 3018 3104 penitus
3047 3034 3228 3089 omnia
3273 3033 3633 3098 transierunt,
3655 3043 3709 3088 et

2110 3143 2238 3198 ecce
2262 3145 2292 3183 a
2321 3128 2379 3183 S.
2408 3127 2701 3182 Benedicto
2734 3125 2875 3181 facta
2901 3134 3026 3180 sunt
3078 3139 3237 3180 nova.
3274 3124 3365 3178 Illa
3397 3125 3564 3180 etiam
3592 3133 3711 3178 tan-

2111 3236 2273 3290 quam
2314 3221 2505 3277 umbra
2532 3228 2587 3276 et.
2613 3218 2783 3290 figura
2819 3216 3011 3272 futura:
3050 3217 3361 3273 monasticae
3386 3218 3512 3272 vita:
3542 3217 3715 3274 fuisse

2111 3311 2385 3373 videntur,
2432 3310 2525 3365 sed
2571 3323 2665 3377 per
2707 3306 3029 3363 laudabilem
3069 3306 3284 3362 Patrem
3328 3306 3707 3371 Benedictum,

2109 3413 2440 3476 cooperante
2469 3403 2675 3477 Spiritu
2705 3411 2915 3468 saneto,
2956 3410 3041 3457 est
3068 3400 3271 3455 veritas
3294 3401 3552 3455 revelata.
3592 3400 3709 3471 [pse

2111 3505 2292 3552 tamen
2328 3509 2426 3565 pro
2466 3508 2789 3572 magnagsua
2831 3492 3133 3547 humilitate
3176 3489 3233 3546 8.
3265 3490 3449 3545 Basilii
3477 3500 3534 3547 et
3558 3506 3702 3560 prte-

2108 3585 2413 3641 cedentium
2440 3583 2606 3637 vitam
2649 3590 2705 3637 et
2757 3596 2920 3653 Opera
2959 3581 3205 3645 Patrum,
3236 3579 3321 3634 vel
3365 3595 3463 3635 sua
3498 3588 3705 3646 tacens,
3795 3633 3804 3642 ,

2107 3675 2191 3730 vel
2221 3674 2376 3746 quasi
2421 3675 2635 3730 modica
2659 3674 2867 3738 dicens,
2910 3673 3095 3728 laudat
3126 3681 3182 3726 et
3214 3672 3467 3726 miratur.
3518 3672 3711 3726 Bonus

2106 3769 2368 3839 optimum
2410 3766 2706 3837 discipulus
2748 3766 3064 3837 Magistrum
3114 3765 3377 3829 imitatus,
3406 3764 3501 3835 qui
3531 3767 3701 3821 taceri

2105 3858 2474 3930 praecipiebat,
2502 3874 2624 3914 cum
2646 3873 2731 3922 ea,
2761 3872 2866 3928 que
2890 3858 3008 3912 siue
3032 3857 3149 3926 ipso
3173 3856 3496 3911 nemo'alius
3520 3855 3710 3913 facere

2105 3960 2319 4022 poterat
2345 3950 2695 4019 operabatur.
2719 3949 2786 4003 Et
2815 3949 3034 4018 quidem
3058 3948 3135 4003 illi
3161 3947 3330 4003 nostri
3363 3949 3539 4003 sancti
3563 3966 3704 4019 pra:-

2105 4042 2441 4105 decessores,
2467 4040 2556 4110 qui
2596 4055 2693 4095 nos
2740 4047 3141 4108 praecesserunt
3173 4040 3241 4095 ad
3267 4039 3511 4113 sidereas
3541 4056 3700 4095 man-

2104 4135 2304 4199 siones,
2322 4143 2378 4189 et
2409 4134 2657 4202 religiose
2681 4132 2952 4197 vixerunt,
2984 4141 3040 4189 et
3064 4133 3315 4203 religiose
3335 4136 3704 4206 scripserunt.

2104 4222 2208 4280 Sed
2239 4227 2380 4280 sicut
2421 4223 2769 4294 postheatos
2805 4231 2916 4278 tres
2961 4224 3352 4295 evangelistas,
3382 4224 3709 4281 Matthmnm

2102 4316 2334 4380 scilicet,
2363 4315 2565 4371 Lucam
2588 4323 2641 4369 et
2673 4312 2936 4378 Marcum,
2965 4330 3156 4371 eorum
3199 4325 3429 4387 quartus
3456 4316 3710 4372 Joannes

2102 4406 2380 4475 apostolus
2402 4406 2641 4476 scripsit.
2672 4412 2725 4458 et
2762 4404 2974 4467 melius,
3004 4406 3083 4461 sic
3116 4406 3199 4460 vir
3226 4405 3329 4461 iste
3356 4407 3549 4461 beatus
3575 4418 3702 4477 post

408 4506 464 4553 et
491 4509 689 4568 qttanta
719 4501 789 4553 sit
813 4499 983 4551 virtus
1020 4494 1342 4551 obedientiae
1372 4493 1697 4555 ostenditur,
1731 4508 1836 4562 qua
1886 4507 1993 4547 non
2026 4513 2076 4571 ι)
2101 4494 2237 4550 alios
2290 4495 2482 4551 Patres
2522 4497 2913 4552 monachorum
2976 4495 3235 4566 Regulam
3293 4497 3532 4565 scripsit,
3586 4514 3704 4563 qua

409 4589 584 4646 solum
621 4588 760 4645 mala
800 4589 992 4650 vitare,
1039 4586 1134 4641 sed
1183 4586 1346 4640 etiam
1391 4598 1422 4639 a
1466 4584 1790 4654 quibusdam
1840 4583 1998 4638 bonis

407 4684 683 4753 operibus’
712 4681 940 4738 subditis
987 4679 1265 4736 abstinere
1298 4677 1630 4749 praecipitur.
1655 4675 1789 4733 Cum
1834 4677 1998 4748 igitur

410 4777 612 4848 alligati
646 4774 813 4848 409
852 4771 1071 4828 funibus
1099 4769 1427 4826 obedientiae
1452 4769 1650 4826 subditi
1676 4784 1738 4825 ea
1771 4785 1876 4825 non
1912 4770 1993 4825 fa.-

405 4869 560 4923 ciunt
585 4882 707 4939 qum
733 4866 835 4922 sibi
877 4866 1021 4921 bona
1056 4863 1328 4928 videntur,
1361 4878 1587 4921 necesse
1608 4871 1711 4930 est,
1736 4872 1795 4918 ut
1823 4864 1874 4918 hi
1900 4864 1993 4934 qui

408 4955 491 5010 eis
518 4965 775 5023 praesunt,
804 4968 871 5010 ex
914 4968 1010 5009 sua
1051 4961 1202 5023 parte
1242 4953 1381 5008 bona
1427 4955 1831 5019 demonstrent,
1874 4969 1995 5024 quae

408 5053 723 5116 operentur.
755 5043 906 5100 Hanc
926 5044 1244 5102 obedientiaa
1264 5044 1495 5100 formam
1526 5045 1784 5101 Dominus
1810 5044 1864 5100 in
1901 5061 1995 5117 pa-

408 5137 594 5195 radiso
628 5138 944 5208 parentibus
967 5139 1155 5208 primis
1190 5138 1401 5207 primus
1439 5138 1707 5205 instituit;
1738 5139 1829 5207 qui
1869 5153 1995 5195 cum

409 5246 602 5286 omnes
625 5230 758 5285 alias
778 5230 1008 5300 paradisi
1041 5229 1264 5286 arbores
1306 5230 1386 5285 eis
1421 5230 1800 5295 concessisset,
1831 5246 1992 5284 unam

410 5320 995 5391 interdixit,quatenus
1028 5321 1280 5378 videlicet
1310 5319 1411 5393 ipsi
1448 5329 1807 5391 agnoscerent
1849 5320 1990 5389 quod

329 5473 339 5489 ι
408 5410 701 5472 Dominum
743 5419 797 5465 et
841 5411 1156 5483 magistrum
1202 5424 1364 5479 super
1404 5426 1463 5466 se
1494 5410 1801 5473 habebant,
1838 5409 1993 5478 cujus

408 5501 673 5557 voluntati
714 5502 935 5559 obedire
963 5502 1251 5557 debebant.
1284 5500 1387 5567 Qui
1418 5516 1523 5555 non
1578 5500 1699 5555 ideo
1729 5514 1992 5571 peccave~

408 5598 557 5658 runt,
583 5593 726 5663 quod
779 5591 979 5646 malum
1027 5598 1172 5647 esset
1200 5605 1419 5661 pomum
1448 5590 1591 5658 quod
1620 5590 1987 5657 comederunt,

410 5679 502 5741 sed
524 5681 648 5748 quia
684 5681 826 5751 quod
865 5681 1068 5757 bonum
1103 5688 1222 5734 erat
1263 5686 1450 5732 contra
1495 5679 1838 5733 interdictum
1886 5678 1992 5733 Do-

408 5770 544 5831 mini
588 5771 904 5848 tetigerunt.
948 5772 1117 5841 llujus
1162 5768 1484 5825 obedientim
1518 5769 1767 5825 virtutem
1797 5769 1853 5825 S.
1886 5770 1988 5825 Be-

2104 4596 2356 4655 tanquam
2402 4587 2658 4642 dulcioris
2704 4587 2987 4642 charitatis
3019 4595 3304 4650 memento,
3353 4589 3479 4642 vivo
3524 4587 3701 4656 lapidi

2099 4678 2318 4735 Christo
2342 4677 2560 4734 homine
2587 4679 2901 4748 diligentius
2922 4678 3216 4751 411-17
3251 4676 3446 4748 jungit,
3477 4679 3542 4732 de
3582 4695 3707 4748 quo.

2097 4771 2364 4828 veraciter
2381 4771 2560 4826 dicere
2588 4785 2896 4841 possumus,
2926 4779 2982 4825 et
3013 4770 3244 4824 ﬁrmiter
3266 4770 3491 4825 credere
3527 4770 3696 4826 debe-

2097 4880 2217 4919 mus
2236 4864 2377 4933 quod
2406 4878 2438 4917 a
2466 4863 2577 4919 Deo
2613 4862 2769 4918 nobis
2797 4862 2871 4917 sit
2919 4870 3176 4945 tanquam
3208 4863 3486 4932 apostolus
3509 4873 3565 4918 et
3592 4880 3703 4916 an-

2097 4954 2246 5026 gelus
2267 4953 2588 5012 destinatus.
2615 4950 2751 5007 Nam
2775 4952 2925 5006 illum
2954 4951 3163 5006 idcirco
3190 4953 3346 5006 nobis
3377 4952 3696 5023 specialiter

2097 5046 2244 5100 misit
2275 5043 2415 5100 Deus
2451 5055 2509 5098 ut
2551 5045 2682 5114 ipsa:
2720 5042 2967 5099 formata:
3007 5050 3061 5096 et
3105 5040 3358 5097 formosa:
3402 5043 3527 5098 vita:
3576 5059 3703 5098 suae

2096 5134 2342 5206 exemplo
2371 5149 2469 5189 nos
2499 5135 2719 5205 pmprle
2755 5141 2812 5189 et
2849 5132 3199 5205 singulariter
3231 5133 3575 5199 informaret,
3603 5147 3699 5205 ιιι-ι

2096 5240 2199 5293 que
2219 5239 2331 5281 suae
2378 5224 2622 5279 doctrina
2658 5224 2942 5295 sapientiae
2989 5226 3149 5280 nobis
3199 5239 3320 5294 qua:
3361 5235 3489 5281 sunt
3544 5226 3695 5283 bona

2094 5315 2432 5371 familiariter
2454 5317 2746 5375 nuntiaret.
2763 5318 2915 5372 Illum
2940 5318 3104 5372 etiam
3129 5328 3252 5387 post
3274 5333 3334 5373 se
3352 5319 3687 5389 praecipuum

2094 5403 2332 5469 Patrem,
2365 5414 2661 5475 pastorem,
2697 5408 2967 5463 medicum
2998 5416 3053 5462 ct
3083 5407 3403 5476 magistrum
3441 5409 3691 5467 decrevit.

2093 5499 2646 5553 cssemonachorum.
2687 5496 2841 5552 llunc
2868 5498 3031 5568 igitur
3069 5497 3440 5553 beatissimum
3482 5500 3691 5564 virum,

2094 5588 2481 5658 praecordiales
2501 5589 2661 5645 amici
2691 5599 2746 5645 et
2775 5589 2996 5656 fratres,
3020 5594 3182 5648 corde
3207 5605 3264 5649 et
3297 5612 3395 5652 ore
3424 5598 3686 5667 supplici.

2095 5689 2514 5747 terexoremus,
2552 5690 2824 5752 quatenus
2870 5682 3051 5748 Pater,
3103 5696 3303 5755 pastor,
3350 5689 3592 5743 medicus
3624 5697 3687 5748 τι

2092 5774 2352 5846 magister
2401 5777 2479 5830 sic
2533 5784 2718 5831 noster
2752 5790 2872 5831 esse
2898 5776 3168 5847 dignetur,
3200 5787 3260 5833 ut
3313 5780 3400 5850 pia
3435 5782 3672 5854 paterni:
