3986 6470
175 422 277 480 εει
981 428 1225 484 TRACT.
1266 429 1355 486 DE
1391 427 1712 484 ()RDINAT.
1754 428 1972 486 EPISC.
2014 430 2101 485 ET
2141 430 2228 486 DE
2266 431 2599 489 INVESTIT.
2636 432 2810 490 LUC.
3383 439 3493 493 28?.

192 548 429 595 [annos
456 540 712 607 nutriat,
756 549 966 601 animos
1000 551 1210 597 nostras
1253 552 1440 611 pascat
1474 555 1613 611 pane
1641 540 1813 595 virtu-
1840 548 1885 603 Α
1921 557 2061 606 mur.
2088 544 2278 613 quiest
2303 546 2459 600 dator
2485 555 2538 601 et
2561 555 2933 600 remunerator
2955 547 3213 602 bonorum
3241 564 3490 619 cperunt,

202 642 342 696 tum,
362 630 699 688 vulneribus
724 644 1070 704 peccatorum
1107 642 1160 689 et
1190 633 1474 689 criminum
1502 643 1810 688 nostrorum
1917 634 2060 689 Deus
2083 645 2139 689 et
2184 636 2445 691 Dominus
2482 647 2664 693 noster
2709 637 2900 703 Iesus,
2934 641 3024 709 qui
3065 656 3185 695 cum
3234 643 3396 697 Patre
3439 652 3499 698 et

208 724 514 785 medeatur.
549 734 610 779 et
663 741 774 780 suo
824 726 1133 795 magisterio
1160 725 1445 797 diligenter
1475 725 1813 794 edocti,quae
1920 725 2123 794 Spiritu
2150 737 2338 782 sancto
2366 730 2493 783 vivit
2515 739 2569 782 et
2596 739 2784 799 regnat
2829 745 2925 799 per
2953 734 3134 787 omnia
3160 733 3358 789 secula
3392 747 3498 789 sa-

212 817 354 871 bona
389 823 514 869 sunt
543 832 872 885 operemur,
900 826 954 872 et
985 815 1056 870 ad
1092 816 1266 885 ipsum
1294 817 1579 887 pervenire
1605 831 1813 871 merea-
1918 818 2183 873 culorum.
2214 819 2405 875 Amen.

203 989 2172 1013 ~—————_————_————_————————

2181 1002 3489 1026 Μ

1582 1120 2137 1213 LECTORI.

304 1309 466 1376 Pene,
511 1318 566 1363 ut
614 1310 782 1369 vides.
841 1314 1115 1369 consilium
1148 1312 1335 1437 gaertn
1389 1313 1526 1364 hunc
1590 1312 1820 1365 libellum
1887 1314 2150 1376 omittere,
2198 1316 2338 1395 quod
2391 1315 2540 1367 aliud
2598 1315 2730 1368 nihil
2784 1317 3048 1370 rideretur
3090 1336 3245 1388 quam
3297 1321 3493 1392 aliquot

304 1382 623 1437 useulorum.
654 1381 753 1433 hoc
782 1390 857 1434 est
889 1381 942 1437 ἓ.
972 1385 1027 1437 5.
1058 1389 1113 1437 4.
1186 1423 1198 1437 .
1231 1383 1264 1433 6
1291 1398 1453 1434 unum
1492 1383 1546 1435 in
1574 1397 1759 1437 corpus
1786 1394 2027 1437 conaesta
2062 1387 2310 1437 repetitio.
2344 1384 2536 1437 Postea
2577 1395 2748 1437 tamen
2778 1403 2895 1437 enm
2935 1391 3112 1437 animo
3149 1391 3364 1437 subiret-
3392 1408 3493 1437 mm

219 1382 623 1454 opusculorum,
654 1381 753 1433 hoc
782 1381 942 1454 esti,
972 1385 1027 1449 5,
1058 1389 1113 1447 4,
1148 1381 1198 1443 5.
1231 1383 1264 1433 6
1291 1398 1453 1434 unum
1492 1383 1546 1435 in
1574 1397 1759 1454 corpus
1786 1394 2042 1454 congesta,
2062 1381 2310 1449 repetitio.
2344 1384 2536 1438 Postea
2577 1395 2748 1439 tamen
2778 1403 2895 1438 cum
2935 1381 3112 1440 animo
3149 1381 3496 1454 subiret,'non

220 1451 402 1527 solum
424 1453 490 1527 in
517 1460 740 1527 utroque
756 1452 936 1527 codice
962 1467 1140 1527 nostra
1163 1462 1385 1527 exstare.
1413 1468 1588 1527 rerum
1618 1453 1673 1504 in
1701 1454 1795 1506 illo
1824 1455 1981 1513 etiam
2010 1453 2201 1527 fuisse,
2232 1471 2339 1527 quo
2364 1472 2489 1527 usus
2528 1467 2604 1508 est
2639 1454 2732 1509 Fr.
2765 1455 3055 1515 Turrianus
3082 1475 3100 1512 :
3138 1476 3200 1512 ac
3237 1451 3493 1527 pra'terea

217 1521 385 1598 sie-in
418 1522 514 1598 isto
545 1523 703 1587 reperi
731 1538 849 1590 quia
881 1524 949 1598 in_
974 1524 1079 1598 illis
1099 1521 1369 1598 opusculis
1389 1525 1540 1598 dicta
1558 1532 1701 1582 sunt,
1738 1532 1790 1573 nt
1811 1523 2081 1598 nonnulla
2101 1524 2359 1579 interdum
2385 1525 2613 1598 adjecta,
2643 1527 2903 1598 detracta,
2931 1521 3246 1598 interpolata
3277 1541 3496 1593 constet,

220 1590 465 1711 fubitqui
502 1601 555 1713 3t
587 1589 839 1673 nequeat,
861 1593 986 1662 quin
1013 1589 1173 1665 hujus
1196 1594 1353 1647 etiam
1380 1591 1540 1645 libelli
1564 1606 1748 1645 auctor
1776 1593 1842 1645 sit
1876 1589 2146 1661 (ῖοΙΪτ-ἰιίιιε
2173 1607 2191 1644 .'
2218 1589 2476 1664 pra'teriri
2510 1598 2718 1650 omnino
2748 1596 2893 1665 nefas
2927 1600 3050 1664 rati,
3068 1589 3165 1652 "rel
3192 1597 3289 1652 hoc
3312 1589 3498 1655 salleni

243 1676 343 1712 oco
368 1675 396 1713 e
433 1677 498 1713 en
541 1676 624 1713 um
661 1677 976 1713 curavimus.

243 1676 343 1712 σεο
368 1675 624 1714 eaenaum
661 1677 976 1718 curavimus.

1071 1870 1676 1985 DOMNI
1754 1869 2629 1985 GOFFBIDI

222 2033 396 2201 ςλ³
1532 2097 1827 2190 TRAC

1903 2099 2215 2190 'ATUS

725 2291 812 2346 DE
846 2288 1309 2347 ORDINATIONE
1347 2287 1848 2358 EPISCOPORUM,
1885 2291 1975 2346 ET
2005 2290 2092 2346 DE
2121 2289 2584 2373 INVESTITURA
2625 2293 3000 2357 LAICORUM.

216 2592 495 2664 Ca/fridus
524 2590 919 2647 Vindocinensis
935 2591 1467 2646 monasteriihumilis
1492 2608 1688 2653 servus,
1713 2609 1807 2645 sno
1842 2596 1887 2650 B
1913 2602 2283 2649 consecretur.
2318 2593 2567 2667 Alioquin
2623 2597 2681 2651 lit
2722 2599 2970 2667 quaedam
3019 2615 3184 2668 prava
3218 2601 3496 2660 simulatio

288 2682 630 2755 prccardiali
666 2684 833 2737 amico
864 2681 1023 2737 Petro
1053 2681 1214 2735 Leoni
1258 2679 1316 2735 S.
1354 2682 1601 2735 llomanw
1627 2681 1811 2735 Eccle-

288 2777 387 2829 siae
409 2774 691 2840 cardinali,
714 2775 1023 2829 catholicon:
1056 2775 1216 2842 ﬁdem
1245 2786 1352 2827 toto
1390 2775 1544 2827 corde
1572 2774 1809 2844 diligere,

293 2877 345 2918 et
373 2883 461 2919 eos
491 2868 578 2938 qui
602 2866 965 2919 contradicunt
994 2867 1113 2919 totis
1137 2866 1329 2919 viribus
1354 2866 1679 2934 impugnare.

289 2956 425 3012 Tute
466 2957 745 3027 petitionis
780 2966 839 3012 et
870 2972 1002 3012 mete
1044 2958 1420 3026 promissionis
1468 2973 1573 3011 non
1620 2957 1810 3011 imme-

216 3064 360 3117 mor,
419 3049 466 3103 si
524 3065 628 3102 non
682 3056 743 3102 ut
791 3048 971 3115 debui,
1027 3048 1216 3103 saltem
1273 3058 1331 3102 ut
1377 3048 1548 3117 potui,
1605 3048 1809 3103 tentavi

215 3138 461 3203 solvere,
494 3146 549 3191 et
577 3137 720 3208 quod
756 3153 785 3192 a
826 3145 876 3191 te
922 3146 1204 3206 quzesuum
1233 3136 1400 3210 418
1431 3146 1513 3191 est
1553 3146 1607 3191 et
1641 3153 1670 3191 a
1725 3152 1810 3192 me

212 3228 586 3301 promissum:
622 3228 687 3283 de
722 3228 1063 3283 ordinatione
1102 3228 1351 3281 videlicet
1376 3229 1613 3297 episcopi
1660 3229 1809 3283 etde

214 3321 546 3377 investitura
570 3319 858 3376 laicorum.
891 3319 943 3374 ln
970 3319 1164 3390 primis
1206 3319 1432 3373 ﬁrmiter
1460 3320 1680 3372 ere-lere
1712 3335 1809 3374 nos

210 3421 437 3482 oportet
482 3422 536 3467 et
592 3413 901 3468 nullatenus
950 3412 1196 3466 dubitare
1247 3420 1305 3464 ut
1356 3411 1805 3479 quemmlmodum

211 3502 520 3572 baptismus
550 3500 914 3556 Christianum
966 3499 1114 3565 facit,
1150 3501 1221 3554 ita
1269 3500 1463 3556 electio
1515 3509 1571 3554 et
1614 3514 1809 3555 conse-

210 3592 389 3646 cratio
426 3590 557 3646 facit
594 3591 925 3661 episcOpum.
960 3589 1027 3645 Et
1051 3592 1190 3645 sicut
1223 3590 1554 3661 impossnbile
1582 3591 1808 3644 estsine

210 3685 539 3755 baptismate
593 3683 957 3740 Christianum
1008 3681 1145 3746 ﬁeri,
1198 3682 1270 3735 ita
1335 3689 1421 3737 est
1476 3680 1808 3751 impossibile

206 3777 530 3847 episcopum
566 3777 682 3831 sine
707 3774 971 3830 electione
1007 3783 1063 3829 et
1086 3774 1493 3829 consecratione
1528 3774 1723 3829 creari.
1748 3774 1805 3828 ln

205 3867 556 3922 ordinatione
588 3865 826 3937 episcopi
877 3865 1070 3919 electio
1108 3873 1162 3920 et
1208 3864 1550 3919 consecratio
1594 3863 1673 3918 sic
1719 3872 1804 3918 est

1916 2682 1971 2737 in
2026 2682 2290 2747 Ecclesia,
2318 2693 2372 2737 et
2413 2686 2798 2741 ecclesiastica:
2844 2688 3123 2757 dignitatis
3166 2689 3342 2746 illusio
3391 2711 3498 2748 non

1913 2787 2094 2842 parva.
2130 2772 2448 2842 Quicunque
2485 2776 2647 2844 igitur
2673 2777 2929 2832 canonice
2971 2795 3074 2833 non
3107 2780 3316 2837 electus
3340 2785 3497 2852 quasi

1913 2865 2211 2919 sacrandus
2233 2865 2461 2927 accedit,
2478 2866 2560 2920 vel
2584 2867 2677 2935 qui
2703 2883 2807 2922 non
2830 2879 2910 2923 est
2936 2868 3103 2925 libere
3124 2884 3498 2941 consecratus,

1911 2952 2074 3007 etiam
2125 2954 2168 3006 si
2220 2955 2479 3008 canonica
2532 2958 2868 3025 pnecesserit
2918 2958 3132 3023 electio,
3172 2975 3491 3019 exsecratus

1912 3042 2132 3097 recedit.
2151 3040 2284 3096 Nam
2308 3044 2447 3097 sicut
2472 3045 2561 3099 ubi
2594 3061 2697 3100 non
2720 3059 2804 3101 est
2828 3064 2953 3104 vera
2980 3052 3158 3105 cordis
3188 3058 3496 3131 conversio,

1911 3146 2018 3186 non
2050 3133 2295 3200 sequitur
2331 3134 2487 3202 plena
2534 3136 2809 3202 remissio,
2853 3137 2922 3191 ita
2966 3140 3056 3193 ubi
3107 3157 3210 3196 non
3253 3148 3499 3214 sequitur

1910 3222 2077 3278 libera
2094 3226 2454 3290 consecratio,
2472 3227 2683 3282 etiamsi
2704 3230 2965 3285 canonica
2984 3233 3177 3288 electio
3202 3238 3494 3303 praecedat,

1910 3314 2133 3369 minime
2163 3317 2404 3384 prodest,
2437 3333 2558 3371 cum
2588 3329 2780 3373 neutra
2823 3319 2933 3375 sola
2973 3324 3280 3394 episcopum
3308 3342 3498 3389 creare

1909 3403 2154 3459 sulliciat.
2172 3404 2283 3461 Nec
2303 3415 2384 3460 est
2407 3406 2494 3460 illa
2520 3406 2684 3463 libera
2705 3412 3043 3465 consecratio
3058 3426 3217 3481 quant
3242 3416 3497 3484 praecedit

1909 3495 2108 3551 factum
2141 3496 2256 3552 sine
2278 3496 2481 3566 judicio
2510 3508 2562 3553 et
2596 3499 2803 3568 justitia
2841 3500 3236 3572 juramentum,
3272 3520 3393 3559 cum
3430 3505 3492 3564 Β.

1912 3585 2274 3658 Hieronymus
2333 3604 2495 3659 super
2538 3589 2863 3655 Jeremiatn,
2915 3593 3058 3647 dit-at
3132 3593 3495 3667 jttratueulutn

1905 3691 2012 3731 non
2068 3692 2189 3733 esse
2241 3677 2570 3742 faciendum,
2621 3681 2709 3734 ubi
2763 3697 2867 3735 non
2917 3691 3001 3737 est
3046 3683 3260 3753 iustitia
3309 3686 3492 3751 simul,

1905 3769 2107 3824 veritas
2135 3778 2190 3825 et
2230 3769 2516 3839 judicium.
2548 3771 2700 3839 Quod
2744 3774 2790 3826 si
2838 3774 2995 3829 aliter
3027 3775 3189 3830 fuerit
3232 3793 3490 3847 pursuin-

1905 3866 2077 3928 ptum,
2103 3859 2470 3929 juramentum
2503 3875 2607 3914 non
2636 3863 2760 3925 erit,
2794 3864 2885 3917 sed
2926 3864 3247 3934 perjurium.

206 3967 447 4027 utraque
483 3957 786 4012 necessaria
816 3958 957 4027 quod
987 3956 1327 4011 consecratio
1355 3955 1474 4009 sine
1512 3955 1795 4020 electione,
1829 3972 1873 4034 ο
1974 3945 2241 4002 Ρκιῖιεΐθὲι
2293 3949 2395 4001 Irin
2446 3950 2662 4019 proprie
2712 3954 2927 4021 propria
2983 3954 3224 4010 Ecclesia
3289 3959 3491 4014 habere

205 4058 264 4102 et
298 4049 421 4104 sine
448 4047 865 4104 consecratione
889 4048 1080 4104 electio
1123 4049 1431 4118 episcopum
1465 4046 1645 4102 facere
1688 4048 1802 4103 sola

208 4154 320 4197 non
354 4135 571 4193 sufﬁcit.
607 4138 741 4192 Nam
774 4138 912 4193 sicut
942 4139 995 4192 in
1028 4138 1353 4208 baptismate
1382 4153 1518 4208 aqua
1550 4149 1605 4192 et
1646 4138 1801 4193 invo-

206 4230 357 4284 catio
388 4226 623 4299 Spiritus
670 4229 845 4284 sancti
887 4237 1013 4282 sunt
1056 4228 1382 4291 necessaria,
1433 4244 1553 4297 quae
1597 4227 1804 4284 faciunt

207 4308 608 4384 Christianum,
636 4318 710 4372 ita
758 4317 812 4373 in
857 4318 1158 4372 ordinando
1200 4318 1457 4387 episcopo
1505 4318 1697 4374 electio
1748 4329 1801 4375 et

207 4410 551 4465 consecratio
580 4419 707 4464 sunt
755 4411 1077 4465 necessitate
1105 4407 1416 4477 conjuncta,
1461 4425 1580 4479 qua:
1614 4420 1802 4465 creant

206 4502 547 4572 episcopum.
579 4500 645 4555 Et
677 4501 820 4555 sicut
850 4516 987 4569 aqua
1024 4499 1159 4562 sola,
1192 4508 1283 4553 aut
1313 4500 1425 4555 sola
1459 4500 1801 4557 invocatione

204 4595 386 4651 sancti
419 4593 657 4664 Spiritus
689 4609 791 4649 nec
816 4595 1118 4666 baptismus
1147 4593 1261 4649 ﬁeri
1290 4603 1484 4665 potest,
1511 4610 1609 4650 nec
1638 4595 1800 4650 homo

202 4700 327 4741 esse
351 4684 714 4752 Christianus,
742 4686 814 4739 ita
859 4687 970 4740 sola
1013 4686 1297 4751 electione,
1330 4695 1422 4740 aut
1465 4687 1575 4741 sola
1607 4702 1800 4741 conse-

203 4766 456 4831 cratio'ite
507 4791 671 4834 nemo.
708 4775 951 4830 ordinari
994 4775 1079 4831 vel
1132 4777 1251 4831 ﬁeri
1295 4776 1434 4829 valet
1488 4777 1797 4846 episcopus.

202 4865 465 4938 Magnum
495 4868 710 4937 quidem
740 4877 796 4922 et
828 4868 1186 4938 baptismatis,
1201 4877 1255 4923 et
1286 4868 1566 4922 electionis
1591 4878 1645 4922 et
1669 4885 1800 4923 eon-

198 4958 530 5015 seCrationis
556 4958 795 5030 episcopi
815 4969 1241 5026 sacramentum;
1258 4962 1350 5015 sed
1374 4961 1799 5031 illud'prmcepit,

197 5058 258 5104 et
285 5066 388 5121 per
426 5050 563 5104 alios
606 5051 740 5104 facit
764 5051 1042 5115 Christus;
1080 5052 1261 5106 ethoc
1294 5052 1403 5122 egit
1461 5069 1554 5124 per
1599 5063 1800 5108 semet-

195 5140 476 5212 ipsum.ln
508 5141 601 5196 illo
619 5142 975 5211 spiritualiter
998 5153 1216 5197 creatur
1248 5143 1497 5209 homo,et
1520 5160 1549 5197 a
1580 5143 1799 5199 Christo

194 5232 549 5288 Christianus
564 5234 760 5287 dicitur
777 5249 793 5299 ;
817 5251 869 5288 tn
887 5235 989 5289 isto
1004 5248 1131 5290 vero
1152 5236 1403 5289 dominus
1425 5245 1479 5288 et
1499 5236 1793 5305 imperator

1905 4036 2107 4103 debet,
2139 4052 2368 4107 quonon
2419 4055 2584 4093 unum
2634 4042 2680 4095 si
2729 4042 2979 4107 defuerit,
3010 4045 3156 4099 velut
3194 4047 3491 4119 paralytica

1897 4130 2062 4200 jacet,
2109 4146 2211 4185 nec
2257 4131 2455 4203 ligandi
2510 4149 2608 4187 nec
2653 4134 2896 4189 solvendi
2939 4146 3258 4204 potestatem
3302 4140 3487 4195 habet.

1904 4222 2071 4276 Debet
2098 4223 2280 4292 itaque
2309 4223 2547 4278 Ecclesia
2580 4224 2841 4279 catholica
2865 4241 3007 4289 esse,
3028 4239 3173 4281 casta
3199 4240 3252 4282 et
3278 4230 3444 4286 libera
3469 4248 3483 4285 :

1902 4313 2331 4385 catholica,quia
2362 4328 2464 4369 nec
2495 4315 2649 4369 vendi
2681 4316 2841 4369 debet
2866 4332 2963 4370 nec
2991 4318 3125 4379 emi;
3158 4331 3330 4385 casta,
3361 4323 3490 4389 quia

1902 4407 2212 4462 nullatenus
2240 4408 2400 4462 debet
2433 4407 2745 4462 muneribus
2771 4409 3079 4478 corrumpi;
3113 4409 3301 4475 libera,
3357 4415 3489 4482 quia

1900 4499 2143 4555 smculari
2192 4499 2444 4569 potestati
2494 4514 2601 4552 non
2651 4498 2810 4554 debet
2859 4497 3046 4566 subjici
3104 4515 3203 4555 nec
3251 4503 3320 4555 ab
3359 4502 3478 4569 ejus

1900 4609 2100 4664 sponso
2158 4593 2400 4663 qualibet
2470 4591 2763 4646 occasione
2808 4607 2838 4645 a
2896 4591 3139 4646 saeculari
3210 4603 3482 4662 potestate

1898 4694 2299 4740 sacramentum
2343 4682 2680 4752 extorqueri,
2710 4698 2831 4736 cum
2862 4686 3086 4737 omnino
3131 4682 3249 4752 lege
3300 4685 3484 4740 divina

1897 4779 2251 4848 prohibeatur
2300 4792 2397 4832 nec
2465 4777 2534 4831 ab
2596 4775 2850 4845 episc0po
2906 4776 3009 4830 nisi
3062 4791 3159 4847 pro
3215 4776 3326 4831 sola
3380 4776 3489 4832 ﬁde

1897 4870 2159 4924 catholica
2224 4876 2623 4922 sacramentum
2678 4868 2947 4937 exigatur.
3003 4866 3250 4921 Christus
3299 4869 3487 4938 utique

1899 4971 2092 5031 pastor
2118 4963 2292 5030 bonus
2324 4974 2578 5030 sponsam
2608 4959 2772 5031 426
2802 4959 2993 5029 qumrit
3035 4958 3269 5022 fidelem,
3296 4959 3485 5016 infide-

1895 5052 1998 5106 lem
2028 5055 2251 5122 respuit,
2290 5060 2497 5107 castam
2525 5051 2717 5121 diligit,
2749 5052 2863 5105 odit
2892 5060 3230 5123 corruptam,
3254 5053 3482 5107 liberam

1894 5146 1994 5199 sibi
2020 5145 2213 5210 sociat,
2246 5144 2496 5199 ancillam
2524 5141 2727 5211 abiicit.
2760 5142 2918 5198 Falso
2961 5144 3145 5214 itaque
3172 5145 3482 5199 nominatur

1893 5237 2200 5305 cpiscopus,
2230 5237 2320 5307 qui
2351 5235 2635 5290 adnullare
2683 5245 2911 5289 conatur
2938 5232 3223 5291 electionis
3250 5245 3304 5291 et
3349 5252 3485 5292 con-

191 5333 429 5379 creatur
483 5324 951 5390 Christianorum,
1004 5326 1094 5394 qui
1157 5342 1265 5382 non
1324 5325 1494 5382 solum
1568 5336 1792 5381 vocatur
1821 5320 1869 5380 D
1896 5328 2213 5385 secrationis
2242 5328 2512 5393 ordinem,
2543 5340 2702 5397 quem
2733 5326 2985 5382 Christus
3010 5344 3106 5397 per
3128 5328 3476 5395 semetipsum

189 5415 551 5472 Christianus
580 5432 612 5471 a
639 5417 880 5481 Christo,
912 5418 1005 5474 sed
1034 5417 1195 5473 etiam
1230 5417 1431 5472 Christi
1460 5419 1604 5473 vices
1629 5434 1789 5489 agere

187 5506 465 5561 creditur.
498 5505 789 5562 Sciendum
819 5524 948 5563 vero
971 5508 1113 5578 quod
1156 5508 1245 5562 hic
1267 5508 1350 5561 vel
1374 5509 1675 5578 ubicunque
1723 5509 1797 5563 de

187 5600 469 5656 electione
495 5610 549 5656 et
568 5602 976 5657 consecratione
997 5601 1233 5671 episcopi
1257 5601 1454 5670 agitur,
1472 5601 1788 5656 canonicam

186 5705 427 5747 necesse
459 5699 547 5748 est
584 5692 929 5758 elcCtiouem,
956 5691 1122 5767 419
1155 5701 1210 5747 et
1256 5692 1478 5747 liberam
1506 5708 1792 5748 consecra-

187 5787 405 5846 tionem
436 5785 695 5859 intelligi,
734 5795 795 5844 ut
829 5787 920 5862 qui
964 5785 1225 5844 canonice
1266 5786 1508 5858 eligitur,
1532 5794 1587 5841 et
1624 5784 1791 5843 bbere

1894 5422 2101 5493 primus
2131 5420 2381 5475 instituit.
2415 5418 2532 5490 Ipse
2578 5421 2720 5475 enim
2773 5420 2977 5490 primus
3024 5427 3077 5471 et
3133 5418 3295 5487 elegit
3341 5433 3475 5486 apo-

1896 5513 2083 5580 stolos,
2112 5522 2165 5567 et
2195 5514 2552 5568 consecravit.
2578 5512 2713 5567 Tota
2740 5513 2920 5581 itaque
2947 5511 3218 5564 ordinatio
3238 5510 3475 5579 episcopi

1896 5606 1949 5660 in
1994 5605 2257 5660 electione
2298 5615 2351 5659 et
2377 5606 2787 5659 consecratione
2831 5603 3097 5658 consistit.
3158 5601 3281 5655 Ihee
3323 5602 3480 5671 prlus

1896 5708 1995 5764 per
2048 5696 2417 5765 semetipsum,
2480 5704 2539 5747 ut
2593 5694 2797 5748 dictum
2844 5700 2949 5755 est,
3006 5691 3255 5746 Christus
3314 5692 3475 5759 fecit;

1898 5782 2092 5839 deinde
2125 5798 2251 5840 vero
2278 5783 2464 5839 vicarii
2502 5782 2639 5852 ejus.
2670 5783 2738 5838 Et
2771 5781 2824 5837 in
2875 5780 3133 5852 apostolis
3175 5780 3391 5854 quidem
3439 5797 3481 5837 a
3510 5822 3524 5831 ,
