3986 6452
515 408 626 466 283

1542 408 1859 464 COFFRlDl
1896 404 2189 463 ABBATIS
2230 403 2744 462 VINDOCINENSIS

3660 407 3764 465 ΞΜ

518 524 739 579 Christo
795 523 933 576 facta
980 532 1124 581 sunt,
1172 520 1426 588 quoniam
1470 519 1537 575 ab
1587 520 1702 591 ipso
1746 530 1802 575 et
1846 520 2004 576 electi
2047 527 2103 574 et
2134 522 2175 578 A
2206 518 2389 587 (Joon.
2421 534 2510 586 xv,
2543 519 2620 586 5;.
2660 518 2796 574 Sunt
2826 518 3066 589 quidam,
3092 519 3183 591 qui
3238 518 3493 575 Romana:
3532 516 3768 577 Ecclesiae

518 615 820 672 conscerati
872 614 1104 667 fuerunt.
1140 612 1194 664 In
1239 611 1358 665 aliis
1386 626 1514 665 vero
1560 611 1833 674 omnibus,
1871 626 1900 664 a
1942 609 2101 666 nullis

518 708 641 761 aliis
687 706 805 759 ﬁeri
842 705 981 763 licet,
1016 704 1120 758 nisi
1150 719 1180 756 a
1213 703 1429 757 vicariis
1455 703 1678 757 Christi.
1731 702 1869 758 Sunt
1916 712 2099 757 autem

516 798 702 852 vicarii
725 796 923 851 Christi
947 796 1129 850 clerici
1157 795 1210 848 in
1238 795 1521 861 electione,
1541 796 1782 865 episcopi
1821 795 1873 848 in
1905 808 2100 849 conse-

514 888 779 941 cratione.
814 887 1007 941 Czeteri
1049 901 1237 943 omnes
1282 898 1466 957 petere
1515 889 1729 958 quidem
1780 888 2097 957 episcopum

515 987 764 1047 pissent,
793 978 1000 1049 eligere
1036 994 1165 1034 vero
1195 980 1280 1036 vel
1329 995 1652 1036 consecrare
1702 995 1806 1035 non
1853 988 2099 1049 possunt.

517 1067 633 1122 Hoc
660 1081 909 1124 sanctum
951 1083 1379 1139 sacramentum,
1404 1071 1736 1146 electionem
1775 1072 2024 1127 videlicet
2049 1079 2106 1125 ct

516 1162 980 1217 consecrationem
1006 1164 1394 1233 apostolorum,
1423 1163 1665 1219 Christus
1688 1164 1918 1234 primum
1955 1163 2102 1225 fecit,

515 1266 614 1320 per
639 1253 781 1321 quod
832 1262 1031 1308 eteteta
1059 1256 1251 1310 ﬁerent
1293 1264 1652 1310 sacramenta.
1689 1254 1744 1310 Si
1771 1271 1896 1309 vero
1920 1271 2105 1309 sacra-

518 1355 784 1411 mentum,
835 1348 977 1417 qqu
1030 1348 1284 1417 primum,
1338 1356 1395 1402 ut
1450 1348 1653 1402 dictum
1704 1359 1807 1413 ρει,
1858 1347 2105 1403 Christus

519 1435 645 1492 fecit
693 1453 792 1507 per
850 1439 1220 1509 semetipsum,
1274 1438 1435 1492 aliter
1480 1438 1683 1494 factum
1732 1440 1897 1493 fuerit
1944 1454 2103 1508 quam

520 1526 724 1594 docuit,
780 1528 1131 1584 Sacramenta
1186 1538 1381 1585 caetera
1418 1546 1538 1600 qua:
1601 1540 1921 1601 sequuntur,
1969 1545 2106 1601 quas

519 1621 667 1676 vires
692 1619 894 1677 habere
921 1620 1156 1689 valeant,
1181 1636 1279 1677 nec
1298 1622 1437 1677 ratio
1460 1623 1633 1685 docet,
1661 1632 1716 1679 et
1740 1623 1871 1677 ﬁdes
1896 1623 2108 1692 ignorat

520 1708 849 1765 Christiana.
881 1712 1201 1783 Quicunque
1226 1728 1357 1785 ergo
1394 1712 1514 1768 sine
1547 1714 1807 1768 canonica
1844 1714 2108 1769 electione

521 1809 576 1853 et
603 1801 773 1857 libera
797 1804 1205 1859 consecratione
1248 1805 1350 1859 sub
1380 1805 1602 1859 nomine
1628 1805 1900 1874 pontiﬁcis
1927 1806 2105 1861 eccle-

2205 609 2383 663 mnuia
2408 608 2568 665 licere
2599 618 2811 678 putant,
2841 619 2897 664 et
2926 612 3079 680 quasi
3107 611 3337 682 quadam
3385 610 3769 679 dispensatione

2205 696 2365 751 aLter
2389 713 2550 767 quam
2582 698 2763 752 divina
2810 698 3090 769 Scriptura
3135 699 3401 770 praecipit,
3431 714 3550 751 eam
3598 699 3771 757 facere

2205 803 2381 857 posse.
2434 788 2752 859 Quicunque
2804 804 2934 859 ergo
2999 790 3078 846 sic
3137 791 3311 859 sapit,
3371 789 3586 859 decipit.
3643 789 3769 847 Nam

2208 878 2463 935 Romana:
2490 881 2745 937 Ecclesia:
2774 891 2897 950 post
2945 881 3163 937 Petrum
3192 882 3413 936 minime
3459 880 3598 948 licet,
3638 885 3771 952 quod

2205 970 2367 1024 Petro
2398 984 2503 1024 non
2542 969 2712 1024 licuit.
2745 969 2906 1024 Petro
2932 985 3053 1038 quae
3077 969 3291 1041 liganda
3321 977 3480 1024 erant
3510 968 3701 1039 ligandi
3722 981 3773 1027 et

2206 1078 2325 1131 quae
2349 1060 2607 1115 solvenda
2642 1061 2882 1116 solvendi
2929 1071 3013 1116 est
3043 1077 3071 1116 a
3109 1061 3326 1117 Christo
3352 1060 3482 1115 data
3524 1073 3768 1132 potestas,

2208 1169 2311 1208 non
2342 1168 2463 1223 qua:
2505 1153 2721 1223 liganda
2749 1152 3014 1217 solvendi,
3045 1154 3126 1207 vel
3178 1168 3298 1224 qua:
3329 1161 3488 1207 erant
3533 1154 3771 1209 solvenda

2208 1247 2405 1316 ligandi
2436 1261 2692 1302 concessa
2738 1246 2985 1303 facultas.
3022 1245 3216 1301 Petrus
3248 1246 3462 1301 etiamsi
3505 1245 3772 1315 aliquando

2208 1337 2366 1391 aliter
2388 1337 2525 1406 egit,
2541 1336 2738 1391 Paulus
2764 1335 2887 1391 licet
2914 1336 2967 1389 in
2993 1336 3345 1391 conversione
3365 1337 3542 1391 adhuc
3560 1337 3774 1391 novitius

2208 1430 2255 1483 ei
2296 1428 2349 1483 in
2396 1428 2590 1484 faciem
2636 1429 2889 1484 resistere
2931 1428 3149 1483 minimc
3198 1429 3375 1483 timuit
3405 1428 3551 1500 (Gal.
3584 1443 3644 1492 tt,
3671 1430 3770 1498 ll).

2209 1518 2401 1574 Petrus
2427 1535 2554 1574 vero
2583 1519 2664 1574 sui
2690 1519 2923 1589 junioris
2953 1518 3379 1588 increpationem
3419 1518 3646 1573 libenter
3666 1533 3776 1573 sns-

2209 1611 2436 1679 cipiens,
2470 1610 2613 1681 quod
2645 1610 2763 1680 plus
2787 1609 2936 1678 justo
2965 1607 3189 1673 fecerat,
3219 1608 3508 1679 diligenter
3534 1608 3774 1663 correxit.

2210 1701 2474 1756 Praeterea
2502 1701 2644 1755 nulla
2677 1702 2888 1756 ratione
2921 1701 3037 1756 ﬁeri
3074 1701 3199 1755 licet
3222 1701 3366 1770 quod
3409 1700 3652 1756 Christus
3689 1715 3776 1755 suo

2211 1792 2457 1863 exemplo
2485 1807 2590 1847 non
2618 1793 2827 1858 docuit;
2874 1793 2988 1862 ipse
3016 1793 3160 1847 enim
3209 1793 3379 1863 legem
3427 1791 3635 1847 solvere
3682 1808 3773 1846 non

521 1890 657 1944 siam
708 1891 790 1946 vel
831 1902 1153 1962 potestatem
1204 1868 1643 1949 ecclesiasticaru-
1675 1895 1776 1950 sibi
1828 1893 2106 1949 vindicare
2140 1868 2183 1926 Β
2214 1886 2376 1951 venit,
2404 1885 2498 1941 sed
2524 1885 2818 1954 adimplere
2851 1883 3066 1955 (Matth.
3091 1900 3142 1945 ν,
3177 1882 3287 1952 t8).
3323 1882 3569 1937 Romana
3609 1882 3776 1952 itaque

519 1982 822 2050 prtcsumit,
874 1983 961 2039 hic
1018 1983 1130 2052 jam
1184 1998 1291 2039 non
1355 1998 1452 2054 per
1501 1985 1700 2040 ostium
1758 1984 1953 2050 intrat,
2012 1985 2106 2039 sed

522 2072 738 2129 aliunde
764 2075 1009 2131 ascendit
1032 2086 1091 2129 ut
1114 2076 1307 2132 merito
1329 2091 1436 2133 non
1464 2077 1606 2131 inter
1631 2077 1912 2148 episcopos
1953 2093 2105 2134 com-

520 2174 760 2234 putetur,
796 2167 891 2222 sed
932 2168 1075 2222 inter
1113 2167 1262 2223 fures
1299 2176 1354 2223 et
1400 2169 1640 2225 latrones
1686 2181 2108 2227 connumeretur

520 2253 702 2322 (Joau.
753 2271 809 2323 χ,
854 2256 929 2327 1).
980 2256 1139 2328 421
1194 2258 1301 2314 lste
1353 2257 1473 2314 aliis
1523 2260 1955 2316 benedictionem
2000 2278 2107 2316 non

518 2347 767 2418 porrigit,
795 2348 889 2403 sed
919 2358 1146 2417 pestem,
1177 2356 1233 2403 ct
1251 2348 1449 2404 vulnus
1474 2352 1653 2420 patius
1675 2351 1876 2409 inferre
1900 2352 2110 2407 videtur

521 2452 686 2506 quam
711 2439 959 2505 salutem,
989 2440 1079 2509 qui
1107 2449 1258 2495 tanta
1290 2442 1706 2512 praesumptione
1763 2443 1858 2497 Dei
1895 2443 2112 2499 maledi-

527 2528 765 2583 ctionem
820 2539 1078 2585 meretur.
1139 2529 1271 2584 Nam
1311 2531 1594 2602 episcopus
1639 2532 1731 2601 qui
1795 2533 2108 2588 canonicam

522 2617 869 2686 electionem,
895 2630 951 2675 et
992 2620 1230 2676 liberam
1265 2621 1728 2677 consecrationem
1775 2638 1879 2678 non
1931 2624 2110 2693 habet,

523 2720 610 2769 est
640 2714 792 2782 quasi
822 2716 985 2769 arbor
1029 2730 1135 2770 non
1182 2715 1388 2770 habens
1427 2716 1682 2771 radicem.
1717 2717 1895 2771 Arbor
1933 2729 2109 2773 autem

528 2821 652 2878 quae
710 2806 947 2862 radicem
1003 2822 1108 2862 non
1162 2808 1345 2871 habet,
1396 2808 1558 2862 etiam
1607 2808 1652 2863 si
1715 2808 1841 2863 folia
1896 2810 2108 2877 habeat,

522 2897 760 2955 fructum
813 2899 955 2955 lerrc
1007 2898 1316 2955 nullatenus
1366 2898 1525 2953 valet.
1587 2900 1668 2954 Ad
1743 2899 2110 2969 hujuscemodi

525 2992 777 3048 arborem
801 2991 1053 3048 Christus
1090 2992 1310 3063 quidem
1340 2995 1589 3057 accessit,
1618 3001 1673 3047 et
1711 3008 1834 3048 cum
1859 2994 1928 3048 ibi
1967 2994 2109 3050 fruc-

523 3092 639 3139 tum
664 3098 769 3138 non
795 3084 1106 3151 invenisset,
1131 3098 1249 3139 eam
1277 3083 1757 3156 maledixit(Marc.
1780 3102 1858 3153 XI,
1878 3087 1993 3156 2|).
2023 3085 2113 3143 ille

2209 1976 2784 2052 Ecclesiadivinarum
2814 1976 3217 2044 Scripturarum
3245 1973 3417 2044 legem
3451 1974 3658 2029 solvere
3681 1989 3771 2028 non

2207 2071 2399 2135 debet,
2461 2069 2554 2147 sed
2603 2083 2928 2123 conservare
2982 2076 3038 2121 et
3085 2067 3279 2121 tradita
3331 2065 3433 2119 sibi
3487 2081 3517 2119 a
3574 2065 3778 2118 Christo

2208 2171 2474 2233 potestate
2502 2178 2606 2216 non
2634 2162 2699 2215 ad
2723 2176 2875 2214 suam
2900 2158 3226 2214 voluntatem
3253 2159 3354 2225 uti,
3379 2157 3473 2213 sed
3500 2155 3774 2211 secundum

2214 2252 2379 2324 423
2406 2253 2609 2308 Christi
2640 2251 3069 2321 dispositionem.
3100 2250 3155 2304 Si
3187 2251 3350 2305 etiam
3381 2265 3411 2303 a
3442 2263 3543 2302 suo
3582 2246 3780 2315 juniore

2211 2342 2458 2396 ltomano
2500 2341 2740 2411 pontiﬁci
2791 2340 3122 2411 suggeritur,
3157 2347 3217 2393 ut
3247 2341 3291 2393 si
3340 2337 3633 2407 aliquando
3672 2336 3776 2406 plus

2205 2434 2350 2503 justo
2392 2434 2605 2500 fecerit,
2632 2433 2777 2501 juste
2818 2433 3076 2501 corrigat,
3103 2439 3357 2499 tanquam
3408 2427 3601 2482 Petrus
3644 2425 3776 2479 Pauli

2213 2524 2632 2578 aduouitionem
2665 2521 2924 2590 suscepit,
2954 2530 3007 2574 et
3046 2519 3160 2589 ipse
3189 2517 3470 2586 suscipiet,
3509 2515 3554 2570 si
3578 2515 3776 2570 Petrum

2214 2615 2411 2669 imitari
2446 2615 2737 2670 desiderat.

2283 2709 2562 2764 Adversus
2606 2721 2702 2762 eos
2751 2705 2842 2775 qui
2895 2713 3083 2759 contra
3132 2701 3336 2759 Christi
3391 2700 3778 2770 dispositionem

2216 2813 2518 2867 armantur,
2547 2802 2724 2856 bonus
2753 2800 2944 2853 doctor
2975 2806 3030 2851 et
3060 2806 3266 2867 martyr
3289 2796 3595 2866 Cyprianus
3624 2792 3778 2861 loqui-

2215 2906 2321 2960 tur,
2351 2896 2535 2950 dicens
2565 2911 2579 2946 :
2636 2891 2945 2947 Adulterum
2974 2898 3069 2956 est,
3124 2888 3342 2957 impium
3370 2899 3417 2940 et
3462 2886 3778 2952 sacrilegum,

2211 2987 2557 3057 quodcunque
2584 2985 2815 3038 humano
2847 2983 2987 3051 facta
3026 2979 3342 3045 instituitur,
3376 2987 3433 3031 ut
3481 2974 3781 3044 dispensatio

2215 3078 2410 3133 Christi
2424 3076 2658 3131 violetur.
2676 3075 2775 3141 Qui
2790 3074 2868 3128 sic
2886 3074 3012 3142 agit,
3039 3072 3287 3126 tenebras
3307 3085 3402 3140 pro
3429 3068 3573 3132 luce,
3590 3077 3782 3121 noctem

525 3174 807 3231 maximea
834 3175 942 3230 Deo
967 3175 1425 3245 maledicitur,qui
1466 3176 1824 3231 sacramentis
1857 3177 2114 3233 Ecclesia:
2140 3211 2182 3268 ε
2216 3185 2314 3241 pro
2352 3169 2462 3234 die.
2502 3182 2600 3238 ι)ΐο
2629 3167 2751 3221 Cibo
2781 3165 3000 3227 Ῐιηηθιην
3036 3178 3133 3233 Pro
3170 3170 3296 3233 Ροιυ
3331 3162 3500 3224 δίίίιηο
3532 3174 3781 3268 ξσξηαιξην

526 3263 684 3332 quasi
722 3262 918 3318 sociari
969 3279 1065 3320 sua
1104 3264 1397 3335 cupiditate
1438 3264 1734 3325 desiderat.
1767 3280 1872 3319 non
1909 3264 2111 3320 Christi

524 3352 808 3410 charitate.
885 3355 954 3410 Et
1030 3356 1206 3411 omnis
1273 3357 1363 3426 qui
1435 3358 1793 3412 sacramentis
1856 3356 2112 3413 Ecclesiae

523 3452 790 3501 caemento
815 3445 1101 3502 charitatis
1131 3462 1236 3501 non
1276 3448 1541 3517 jungitur,
1594 3446 1846 3515 injuriam
1895 3447 2111 3515 quidem

524 3534 783 3592 Ecclesia:
830 3536 983 3604 facit,
1011 3539 1106 3594 sed
1145 3540 1301 3608 quasi
1348 3541 1532 3609 paries
1575 3540 1751 3594 luteus
1798 3538 2111 3611 dissipatur,

525 3629 619 3699 qui
664 3629 793 3686 licet
838 3630 1076 3687 dealbari
1124 3633 1295 3702 possit
1345 3632 1412 3687 ad
1470 3642 1710 3700 tempus,
1769 3634 1885 3703 ejus
1936 3635 2109 3689 subita

530 3719 909 3786 dissolutione,
928 3722 1018 3790 qui
1049 3730 1178 3778 ante
1206 3723 1548 3778 conﬁdebant
1574 3724 1625 3778 in
1653 3738 1739 3789 eo,
1769 3734 2109 3795 premuntur.

531 3812 649 3867 llac
675 3813 841 3884 igitur
880 3813 1236 3870 similitudine
1265 3824 1413 3870 recte
1455 3815 1726 3887 colligitur
1754 3818 1896 3887 quod
1923 3816 2013 3885 qui
2045 3815 2113 3870 ad

527 3902 782 3977 injuriam
824 3915 1024 3961 sanctte
1068 3906 1324 3963 Ecclesia:
1361 3908 1793 3964 ecclesiasticum
1841 3908 2110 3973 ordinem,

528 4001 584 4049 et
614 3994 850 4049 maxime
899 3995 1266 4065 pontiﬁcatum
1312 3998 1640 4066 assequitur,
1698 4013 1850 4053 suam
1900 3997 2115 4052 destru—

528 4086 764 4142 ctionem
791 4086 843 4141 in
890 4087 1098 4157 primis,
1123 4087 1314 4143 deinde
1345 4088 1526 4159 populi
1567 4097 1793 4144 mortem
1836 4098 2111 4158 operatur.

528 4177 598 4234 Et
627 4187 753 4234 tunc
780 4178 1017 4235 Ecclesia
1069 4178 1323 4248 injuriam
1376 4180 1581 4250 pariter
1624 4181 1858 4237 sustinet
1882 4190 1935 4235 et
1960 4196 2114 4235 vere-

529 4270 806 4336 cundiam,
851 4272 1068 4341 quando
1117 4273 1171 4325 in
1224 4271 1471 4341 eligendo
1525 4272 1801 4341 pontiﬁce,
1856 4274 2113 4328 canonica

529 4363 727 4420 electio
779 4370 837 4417 et
885 4362 1054 4418 libera
1108 4365 1449 4418 consecratio
1500 4365 1641 4433 perit
1695 4374 1750 4419 et
1803 4365 1945 4434 quod
1992 4365 2115 4419 vitae

531 4455 767 4520 meritis,
794 4463 849 4510 et
871 4454 1153 4541 sapientiae
1177 4453 1436 4510 doctrinm
1460 4464 1622 4524 atque
1648 4454 1821 4509 sacris
1838 4455 2116 4510 ordinibus

2216 3278 2314 3332 pro
2360 3259 2600 3315 remedio
2662 3257 2890 3320 tribuit,
2933 3269 3032 3325 pro
3078 3255 3187 3307 vita
3232 3261 3485 3306 mortem.
3548 3250 3661 3304 Non
3701 3248 3787 3300 fuit

2214 3353 2427 3409 illorum
2458 3360 2590 3405 tetas
2606 3347 2931 3404 venerabilis
2962 3361 3062 3401 nec
3076 3354 3159 3401 est
3185 3343 3484 3399 auctoritas
3517 3341 3784 3399 imitanda,

2215 3442 2306 3513 qui
2336 3440 2641 3497 Susannam
2674 3437 2924 3507 pudicam
2950 3448 3303 3503 corrumpere
3334 3431 3634 3493 voluerint;
3662 3443 3787 3499 quo-

2216 3548 2334 3588 rum
2367 3540 2604 3586 veterem
2633 3528 2929 3598 nequitiam
2972 3526 3275 3588 imitantur,
3304 3524 3394 3593 qui
3427 3522 3631 3577 Christi
3659 3520 3789 3573 veri-

2216 3634 2405 3688 tatem,
2439 3629 2495 3677 et
2541 3619 2659 3690 ejus
2698 3632 2909 3688 sponsa:
2935 3616 3300 3688 virginitatem
3332 3614 3539 3668 violare
3587 3612 3786 3667 machi-

2216 3721 2433 3769 nantur.
2497 3708 2561 3764 Hi
2626 3716 2755 3763 sunt
2820 3706 3007 3775 utique
3075 3703 3167 3773 qui
3250 3701 3345 3755 Dei
3416 3700 3790 3769 dispositiones

2187 3808 2528 3866 .ilnmutant,
2557 3811 2614 3856 et
2648 3799 2965 3854 traditiones
2999 3811 3127 3851 suas
3152 3803 3393 3849 statuere
3439 3802 3721 3847 conantur.
3749 3789 3787 3843 Δ

2216 3898 2410 3968 quibus
2472 3893 2758 3950 recedente
2812 3889 3061 3946 doctrina
3126 3885 3432 3949 Dominica,
3488 3883 3696 3939 recedit
3740 3891 3789 3934 et

2218 3988 2428 4046 Domini
2453 3985 2646 4058 gratia,
2664 3998 2890 4053 quorum
2907 3997 3064 4038 secus
3082 3991 3200 4035 acta
3215 3979 3541 4048 quandoque
3563 3989 3791 4031 summus

2176 4084 2187 4089 ”
2215 4084 2409 4140 Pastor
2435 4077 2726 4134 vindicabit
2758 4084 2812 4130 et
2842 4073 3034 4129 ultoris
3067 4073 3285 4141 vigore,
3312 4078 3366 4124 et
3412 4068 3621 4139 judicis
3658 4073 3792 4136 pote-

2216 4186 2376 4233 state.
2399 4169 2855 4242 .Dispcnsaliones
2885 4167 3101 4235 quidem
3147 4165 3199 4218 in
3253 4161 3494 4217 Ecclesia
3546 4157 3793 4214 facienda:

2218 4276 2362 4331 sunt,
2416 4279 2522 4319 non
2582 4274 2766 4316 amore
2808 4258 3071 4328 pecunias,
3118 4255 3200 4310 vel
3254 4252 3499 4323 quolibet
3571 4251 3793 4304 huuiano

2218 4357 2425 4418 favore,
2450 4353 2543 4409 sed
2576 4352 2662 4421 pia
2684 4360 2737 4406 et
2761 4347 3098 4404 misericordi
3130 4345 3450 4400 intentione.
3484 4341 3644 4396 Tunc
3662 4339 3795 4395 enim

2219 4463 2249 4502 a
2287 4456 2503 4517 pastore
2526 4442 2782 4498 Ecclesia
2810 4438 3139 4508 dispensatio
3168 4437 3254 4506 pie
3276 4446 3333 4490 et
3366 4431 3795 4488 misericorditer

531 4547 777 4612 debetur,
812 4545 917 4600 illis
941 4526 1094 4615 quasi
1128 4545 1422 4613 imponitur
1449 4544 1644 4613 quibus
1685 4559 1784 4599 nec
1814 4544 1967 4598 bona:
1995 4546 2116 4599 vine
2149 4549 2196 4608 Ι)
2227 4539 2341 4595 ﬁeri
2372 4536 2632 4600 creditur,
2664 4549 2785 4590 cum
2809 4533 3009 4602 aliquid
3033 4530 3212 4585 minus
3236 4527 3473 4599 perfecte
3498 4526 3571 4579 ad
3603 4536 3799 4592 tempus

531 4640 750 4703 merita,
778 4651 879 4691 nec
928 4634 1208 4704 sapientiae
1255 4634 1524 4701 doctrina,
1556 4649 1663 4706 nec.
1707 4634 1848 4689 sacri
1901 4635 2121 4691 ordines

531 4728 917 4799 suﬂ'ragantur.
963 4725 1052 4781 lsti
1087 4733 1383 4785 terrenum,
1420 4723 1529 4778 imo
1571 4724 1891 4794 paludosum
1923 4725 2123 4781 habent

533 4819 968 4882 fundamentum,
995 4824 1050 4873 et
1102 4815 1225 4872 ideo
1254 4822 1516 4871 corruunt
1546 4815 1708 4888 422
1734 4817 1826 4887 qui
1871 4817 1961 4872 tali
2005 4817 2125 4872 fun-

537 4913 792 4968 damento
844 4910 1200 4967 aediﬁcantur.
1249 4908 1325 4964 De
1383 4908 1581 4965 talibus
1627 4911 1771 4964 enim
1820 4910 2035 4965 dicitur
2070 4910 2123 4963 in

537 5001 783 5059 Psalmo:
803 5000 1077 5069 Projecisti
1101 5016 1208 5065 eos,
1235 4999 1358 5054 dum
1386 4998 1742 5056 alienarentur
1761 4999 1935 5073 (Psal.
1954 5016 2121 5067 Lxxu,

538 5093 652 5166 l8).
705 5091 940 5149 Gravius
1014 5090 1148 5147 nihil
1194 5098 1279 5147 est
1345 5091 1488 5161 apud
1546 5091 1821 5148 Christum
1874 5091 2126 5146 Ecclesiae

540 5185 755 5255 injuria,
789 5183 944 5256 cujus
983 5192 1326 5240 sacramch
1358 5183 1452 5253 qui
1499 5196 1755 5253 perverse
1797 5182 2124 5252 suscipiunt,

540 5294 663 5336 cum
709 5277 925 5335 Christo
963 5290 1085 5332 esse
1135 5276 1218 5330 vel
1256 5276 1522 5347 prodesse
1563 5292 1669 5331 non
1715 5284 1962 5345 possunt.
1993 5274 2125 5329 Cum

540 5371 759 5427 Christo
781 5370 980 5425 etenim
1007 5366 1168 5425 simul
1198 5382 1320 5424 esse
1345 5377 1402 5424 et
1431 5376 1621 5423 contra
1643 5366 1919 5422 Christum
1948 5365 2130 5421 facere

544 5479 705 5541 nemo
734 5471 931 5534 potest,
959 5477 1082 5518 cum
1131 5461 1251 5531 ipse
1301 5461 1447 5516 dicat
1476 5475 1490 5514 :
1521 5458 1627 5525 Qui
1670 5476 1773 5515 non
1798 5469 1873 5514 est
1904 5476 2128 5524 mecum,

544 5566 728 5613 contra
753 5572 836 5612 me
862 5565 936 5610 est
961 5553 1113 5625 (Luc.
1145 5568 1223 5618 χι,
1250 5551 1365 5623 25).
1399 5550 1500 5617 Qui
1530 5559 1711 5604 autem
1749 5564 1873 5606 cum
1912 5549 2133 5605 Christo

546 5664 656 5706 non
680 5657 786 5716 est,
818 5661 921 5703 nec
944 5646 1043 5702 sibi
1069 5644 1348 5716 prodesse,
1377 5655 1478 5696 nec
1497 5640 1618 5696 aliis
1638 5649 1836 5712 potest,
1867 5657 1987 5698 cum
2016 5639 2132 5711 ipse

547 5741 747 5799 iterum
775 5747 1025 5796 asserat:
1059 5736 1166 5802 Qui
1216 5750 1323 5789 non
1365 5731 1561 5802 colligit
1608 5748 1831 5798 mecum,
1881 5732 2131 5801 dispergit

551 5831 756 5904 (ibid.).
788 5830 855 5886 Et
884 5827 1009 5884 alibi
1037 5826 1167 5883 dicit
1209 5824 1375 5882 :Sine
1411 5838 1490 5877 me
1535 5822 1665 5876 nihil
1711 5822 1923 5889 potestis
1961 5818 2133 5889 furere

2225 4631 2285 4686 ﬁt
2323 4628 2529 4695 abillo,
2558 4626 2644 4681 vel
2688 4625 2803 4680 ﬁeri
2840 4623 3192 4694 permittitur,
3229 4636 3336 4681 non
3368 4618 3655 4675 voluntate
3690 4629 3798 4673 sua,

2226 4724 2324 4778 sed
2368 4721 2595 4775 aliorum
2637 4716 2965 4775 necessitate
3016 4729 3083 4768 ne
3122 4714 3174 4769 in
3228 4713 3359 4782 ipsis
3390 4709 3652 4765 videlicet
3681 4705 3801 4760 ﬁdes

2223 4811 2530 4868 Christiana
2552 4809 2906 4879 periclitetur.
2939 4805 3032 4860 Sic
3058 4806 3221 4875 igitur
3240 4802 3482 4857 facienda
3509 4810 3569 4855 et
3594 4800 3801 4867 dispeno

2227 4905 2367 4961 satio
2416 4901 2582 4976 424
2638 4901 2705 4956 ab
2758 4898 3022 4962 Ecclesia,
3073 4904 3133 4951 ut
3183 4895 3306 4949 ﬁdei
3361 4904 3565 4947 nostrae
3617 4890 3805 4946 veritas

2228 4996 2531 5050 instruatur
2558 5000 2614 5045 et
2653 4989 2698 5043 si
2723 4989 2851 5058 quid
2879 4987 3038 5041 aliter
3076 4984 3142 5039 ad
3183 4985 3372 5039 horam
3411 4982 3620 5034 factum
3658 4978 3807 5032 fuerit

2225 5086 2309 5140 vel
2337 5083 2687 5155 permissum,
2717 5086 3022 5150 opportuno
3054 5087 3297 5146 tempore
3344 5072 3675 5143 corrigatur.
3709 5069 3808 5155 Hae

2229 5154 2523 5232 indiscreta
2560 5180 2617 5226 et
2673 5178 2864 5225 sancta
2914 5166 3320 5238 dispensatione
3364 5163 3446 5218 usi
3492 5169 3628 5215 sunt
3674 5154 3806 5213 beati

2228 5262 2458 5338 apostoli
2488 5263 2682 5316 Petrus
2704 5268 2760 5314 et
2784 5257 2982 5313 Paulus
3012 5264 3234 5328 propter
3254 5262 3459 5308 metum
3478 5250 3807 5309 Iudaeorum,

2228 5374 2297 5414 ne
2323 5357 2424 5427 ipsi
2469 5351 2992 5410 scaudalizarentur.
3024 5346 3163 5400 Nam
3195 5342 3394 5401 Paulus
3432 5350 3559 5411 post
3599 5351 3811 5427 conver-

2230 5425 2436 5503 sionem
2451 5441 2794 5499 Timotheum
2817 5435 3199 5493 circumcisum
3228 5432 3375 5496 fecit,
3390 5438 3445 5485 et
3461 5425 3810 5486 caeremonias

2230 5539 2395 5594 etiam
2431 5535 2675 5592 exercuit
2701 5530 3009 5588 Judteorum
3039 5535 3093 5580 et
3118 5526 3310 5581 Petrus
3341 5521 3523 5591 coegit
3555 5516 3811 5589 quosdam

2237 5630 2520 5702 judaizare
2572 5603 2873 5697 gentilium.
2931 5618 3171 5686 Uterque
3238 5621 3464 5672 sanctus
3540 5602 3811 5705 apostolus

2235 5724 2491 5781 simulans
2516 5736 2574 5775 se
2606 5715 2809 5772 veteris
2835 5712 2969 5784 legis
2999 5715 3266 5781 praecepta
3306 5719 3566 5769 scrvare;
3619 5716 3691 5755 ne
3725 5711 3809 5765 qui

2236 5816 2419 5873 ﬁdeles
2444 5828 2509 5870 ex
2538 5809 2735 5868 Jadwis
2781 5805 2906 5861 facti
2947 5802 3186 5884 fuerant,
3223 5804 3532 5866 susceptam
3555 5789 3818 5850 veritatis
