4034 6364
225 365 338 428 285

969 365 1220 423 TRACT.
1259 364 1348 422 DE
1379 363 1703 423 ORDlNAT.
1747 365 1813 422 El

1914 366 1958 423 3.
2001 365 2089 422 ετ
2128 364 2219 422 DE
2250 363 2590 442 lNYESTlT.
2634 363 2807 420 Luc.

3385 360 3491 417 256

225 486 480 546 notitiam
505 482 856 542 scandalizati
884 491 1162 555 negarent.
1187 483 1468 553 Fecerunt]
1496 482 1598 539 hoc
1637 483 1811 539 sancti
1840 487 1889 546 Α
1916 485 2376 542 consecrationem
2407 485 2589 542 habet.
2621 483 2772 538 Illum
2808 481 3072 552 siquidem
3105 480 3253 550 prius
3279 491 3493 550 oportet

227 578 468 651 apostoli
512 575 852 633 misericordi
886 583 941 628 et
981 575 1068 644 pia
1094 573 1488 643 compassione,
1525 587 1631 627 non
1654 571 1818 628 simu-

223 669 432 726 latione
450 669 623 724 fallaci
656 686 668 722 :
695 665 946 737 quamvis
976 665 1148 740 legem
1174 673 1299 735 post
1328 663 1681 732 Evangelium
1708 678 1814 718 non

223 777 350 820 esse
375 761 701 818 servanlam
738 761 964 817 minime
991 757 1319 814 dubitarent.
1355 755 1457 812 Ubi
1493 756 1817 812 beatissimre

220 852 354 908 vitae
374 851 480 906 viri
526 850 903 922 intelliguntur
947 864 1053 904 non
1101 857 1464 904 commutasse
1508 847 1812 909 consilium,

221 945 321 1000 sed
378 945 445 999 ad
496 943 687 998 horam
733 959 834 1014 pro
877 941 1104 996 aliorum
1160 941 1334 996 salute
1389 956 1502 996 sua:
1557 940 1816 996 doctrina:

221 1035 572 1091 sententiam.
604 1033 737 1088 Nam
762 1049 923 1105 super
954 1034 1058 1090 hoc
1109 1033 1252 1104 quod
1299 1031 1401 1102 ipsi
1441 1040 1497 1088 et
1533 1031 1624 1086 alii
1659 1030 1817 1086 aliter

222 1127 488 1190 fecerant,
521 1137 571 1183 et
603 1143 662 1183 se
692 1136 748 1182 et
777 1127 912 1183 alios
945 1137 1132 1196 postea
1159 1133 1535 1182 correxerunt.
1585 1123 1817 1179 Possunt

223 1219 392 1273 etiam
427 1227 480 1272 et
517 1219 716 1272 debent
766 1217 882 1272 fieri
911 1216 1362 1288 dispensationes,
1391 1215 1586 1285 quibus
1625 1214 1812 1270 Eccle-

221 1307 450 1371 siarum,
463 1316 514 1360 et
528 1305 982 1360 monasteriorum
998 1305 1416 1360 consuetudines
1432 1303 1812 1368 immolentur;

219 1399 322 1453 sed
373 1398 462 1452 ubi
513 1397 855 1468 postponitur
913 1396 1094 1451 minus
1145 1397 1370 1461 bonum,
1432 1405 1492 1450 ut
1535 1395 1678 1466 quod
1733 1404 1817 1450 est

219 1489 418 1547 melius
449 1490 790 1544 instituatur.
814 1488 872 1544 lu
902 1488 1047 1544 nullo
1073 1499 1250 1543 autem
1281 1487 1481 1542 malum
1517 1487 1629 1542 fieri
1657 1487 1814 1542 debet

220 1580 308 1636 vel
371 1580 633 1651 permitti,
686 1580 789 1635 nisi
851 1580 902 1634 in
966 1595 1028 1635 ea
1091 1589 1298 1650 tantum
1349 1579 1672 1634 necessitate
1722 1579 1812 1634 ubi

221 1671 448 1726 timetur
499 1687 564 1726 ne
610 1671 945 1741 periclitetur
989 1670 1141 1737 fides,
1189 1679 1244 1724 et
1288 1669 1419 1724 illud
1471 1669 1811 1740 postmodum

222 1765 550 1836 corrigatur.
577 1762 713 1818 Nam
750 1763 843 1832 qui
871 1763 1010 1818 mala
1049 1761 1274 1825 faciunt,
1307 1771 1366 1815 ut
1395 1762 1614 1818 veniant
1650 1761 1810 1827 bona,

221 1856 418 1911 horum
445 1854 647 1924 justam
681 1868 804 1909 esse
849 1853 1250 1908 damnationem
1285 1852 1482 1907 Paulus
1536 1851 1815 1922 apostolus

218 1955 582 2018 protestatur.
616 1945 674 2001 Si
707 1946 830 2016 quis
862 1959 994 2001 vero
1039 1945 1196 2000 aliter
1233 1945 1284 1998 in
1327 1944 1570 2000 Ecclesia
1601 1945 1817 2014 dispen-

219 2040 466 2096 sationes
496 2038 646 2104 facit,
674 2037 872 2092 rationi
899 2037 1058 2092 simul
1085 2045 1138 2092 et
1163 2035 1378 2092 veritati
1405 2035 1568 2108 525
1595 2044 1814 2090 contra-

220 2131 378 2197 dicit,
403 2145 503 2186 nec
527 2130 698 2186 solum
723 2127 996 2186 lucernam
1019 2130 1294 2184 ardentem
1318 2143 1422 2184 nou
1455 2129 1615 2184 habet
1628 2143 1816 2184 verum

220 2220 391 2273 etiam
419 2217 652 2272 aliorum
677 2217 930 2273 ardentes
965 2217 1278 2288 exstinguit.
1306 2217 1373 2271 Et
1397 2217 1517 2272 ideo
1539 2225 1817 2272 ncn°recte

222 2309 427 2366 dicitur
463 2307 667 2364 Christi
715 2308 979 2376 vicarius,
1012 2311 1106 2364 sed
1138 2309 1246 2365 dux
1278 2319 1363 2364 est
1388 2322 1654 2364 caecorum
1702 2309 1816 2378 ipse

221 2413 422 2455 arcus.

295 2493 374 2546 De
420 2490 741 2548 investitura
791 2500 970 2548 autem
1017 2491 1301 2559 laicorum,
1352 2491 1397 2548 si
1447 2491 1571 2561 quis
1613 2505 1813 2562 cogno-

221 2597 383 2637 scere
410 2581 644 2637 voluerit
681 2583 812 2652 quid
846 2582 1111 2638 catholica
1151 2591 1205 2639 ct
1240 2583 1532 2654 apostolica
1574 2581 1813 2636 Ecclesia

220 2674 492 2740 senserit,’
522 2674 649 2743 quid
677 2674 939 2740 docuerit,
975 2675 1104 2745 quid
1149 2673 1476 2742 judicaverit
1514 2682 1570 2727 et
1614 2672 1814 2728 consti-

222 2767 418 2829 tuerit.
460 2765 602 2836 legat
637 2766 690 2820 in
720 2767 898 2836 primo
945 2766 1180 2837 capitulo
1210 2766 1351 2821 illius
1375 2765 1587 2821 concilii
1637 2764 1810 2836 (574),

219 2858 369 2928 quod
431 2866 670 2928 tempore
713 2855 960 2928 Gregorii
1015 2857 1230 2927 septimi
1280 2872 1434 2926 papa:
1472 2855 1677 2911 factum
1731 2865 1814 2911 est

219 2960 278 3007 et
325 2950 398 3005 ibi
443 2964 631 3006 omnes
670 2950 918 3015 clericos,
962 2950 1053 3020 qui
1091 2950 1158 3005 de
1207 2965 1371 3003 manu
1425 2948 1546 3003 laici
1595 2947 1813 3002 investi-

222 3052 406 3097 turam
469 3042 796 3111 suscipiunt,
863 3041 1148 3096 haereticos
1220 3048 1491 3104 vocatos,
1566 3047 1620 3092 et
1693 3039 1813 3093 ideo

219 3134 510 3188 damnatos
548 3147 670 3188 esse
709 3141 764 3188 et
796 3133 1296 3189 exeommunicatos
1326 3131 1616 3186 invenerit.
1662 3129 1810 3185 Licet
1837 3165 1878 3222 ε

219 3223 329 3278 alia
381 3224 608 3279 haeresis
667 3224 732 3279 de
788 3223 1111 3280 investitura
1164 3223 1406 3288 dicatur,
1465 3222 1572 3276 alia
1633 3220 1808 3278 Simo-

216 3315 414 3380 niaca;
446 3315 545 3370 ista
573 3331 694 3385 qua:
724 3317 791 3372 de
835 3315 1154 3372 investitura
1194 3317 1414 3380 dicitur,
1453 3322 1643 3372 contra
1683 3330 1811 3368 san-

223 3415 372 3461 ctam
406 3407 704 3463 Ecclesiam
737 3407 929 3464 fortius
953 3407 1246 3479 iaculatur.
1279 3406 1588 3462 Simoniaca
1605 3406 1806 3461 etenim

217 3498 462 3567 pravitas
511 3499 788 3556 multoties
841 3500 901 3554 fit
952 3499 1210 3565 latenter;
1279 3498 1501 3554 Ineresis
1564 3513 1692 3554 vero
1743 3499 1810 3552 de

217 3590 541 3647 investitura
572 3606 788 3661 semper
807 3591 1018 3662 publice
1036 3591 1234 3662 agitur.
1253 3589 1329 3644 lbi
1353 3591 1518 3645 etiam
1545 3588 1598 3644 in
1620 3589 1810 3659 primis

217 3682 402 3738 omnis
448 3682 850 3739 ecclesiasticus
876 3683 1012 3738 ordo
1037 3679 1410 3746 confunditur,
1447 3679 1666 3750 quando
1708 3681 1811 3735 hoc

217 3774 365 3846 quod
389 3776 681 3846 unicuique
707 3791 737 3830 a
767 3775 883 3832 solo
913 3790 1010 3832 suo
1034 3783 1421 3831 eonsecratore
1467 3773 1521 3827 in
1567 3772 1809 3828 Ecclesia

217 3879 346 3919 cum
371 3864 731 3934 orationibus,
768 3881 890 3936 quae
917 3865 990 3920 ibi
1020 3863 1372 3928 conveniunt,
1404 3861 1519 3916 dari
1549 3861 1724 3923 debet,
1777 3877 1806 3916 a

218 3953 471 4009 saeculari
529 3963 799 4025 potestate
857 3953 1005 4024 prius
1066 3952 1354 4024 accipitur.
1417 3949 1572 4018 Quod
1639 3951 1809 4006 sancti

220 4046 458 4116 apostoli
483 4061 588 4101 non
603 4046 774 4101 solum
789 4046 1205 4111 interdixerunt,
1221 4058 1412 4098 verum
1435 4043 1597 4096 etiam
1620 4056 1811 4096 omnes

221 4136 364 4202 illos,
387 4137 481 4207 qui
507 4152 603 4206 per
639 4137 954 4192 saecularem
977 4143 1306 4206 potestatem
1333 4131 1633 4188 Ecclesiam
1663 4130 1808 4184 obti-

220 4241 376 4298 nent,
413 4247 444 4286 a
474 4231 691 4288 Christo
715 4232 817 4287 sibi
851 4231 1048 4286 tradita
1091 4237 1362 4301 potestate
1393 4226 1812 4282 damnaverunt.

219 4323 290 4379 Et
339 4324 533 4380 merito
587 4324 815 4396 apostoli
866 4323 1070 4392 judicio
1130 4320 1368 4392 Spiritus
1426 4319 1601 4374 sancti
1671 4317 1812 4372 hanc

219 4415 474 4470 haeresim
514 4415 564 4469 in
596 4415 712 4485 ipso
755 4413 1015 4470 Ecclesia:
1044 4411 1311 4482 principio
1340 4410 1599 4465 damnare
1625 4409 1812 4463 decre-

1918 579 2261 645 consecrari,
2309 579 2502 634 deinde
2543 593 2672 633 vero
2718 585 2969 647 tanquam
3021 591 3200 646 regem
3243 575 3496 630 Ecclesia:

1919 672 2092 725 sacris
2136 669 2442 740 insignibus
2489 670 2757 724 decorari.
2813 669 3022 738 Siquis
3065 679 3244 722 autem
3277 667 3497 722 cuilibet

1917 763 2159 818 szeculari
2205 763 2457 833 potestati
2505 762 2606 817 ista
2637 761 2799 815 licere
2843 769 3016 830 putat,
3049 771 3225 824 errat;
3259 760 3400 828 quod
3449 758 3494 812 si

1917 849 2205 908 defendere
2250 852 2463 916 nititur,
2493 849 2856 920 apostolorum
2894 850 3195 905 doctrinam
3224 859 3280 903 et
3325 849 3495 903 sancti

1918 941 2154 1012 Spiritus
2181 959 2397 998 sensum
2425 927 3010 998 adnullaredesiderat.
3038 941 3190 996 Unde
3214 941 3498 994 haereticus

1917 1051 2038 1090 esse
2068 1035 2374 1090 nullatenus
2402 1035 2701 1090 dubitatur.
2743 1032 3065 1087 lnvcstitura
3118 1033 3300 1102 itaque
3339 1033 3500 1084 laico-

1919 1146 2058 1195 rum,
2090 1145 2210 1198 quae
2238 1129 2294 1183 fit
2320 1144 2416 1198 per
2442 1129 2650 1198 virgam
2676 1136 2730 1181 et
2756 1129 3036 1188 annulum,
3062 1127 3254 1179 merito
3281 1128 3500 1180 haeresis

1923 1221 2238 1291 appellatur.
2273 1219 2406 1274 Nam
2435 1219 2576 1274 sicut
2603 1234 2633 1272 a
2677 1217 2896 1272 Simone
2925 1216 3229 1270 Simoniaca
3281 1217 3499 1270 haeresis

1919 1313 2140 1378 dicitur,
2169 1313 2243 1366 ita
2274 1313 2342 1367 ab
2372 1327 2438 1366 eo
2465 1312 2554 1380 qui
2587 1311 2826 1373 investit,
2857 1316 2911 1362 et
2941 1309 3008 1361 ab
3037 1308 3130 1361 illo
3157 1309 3248 1377 qui
3281 1310 3500 1363 investi-

1919 1415 2028 1470 tur,
2065 1404 2322 1474 quoniam
2355 1413 2581 1472 uterque
2613 1403 2664 1456 in
2697 1401 2785 1455 illa
2817 1417 2912 1456 sua
2941 1402 3175 1463 actione,
3209 1410 3262 1454 ct
3292 1403 3500 1470 agitare

1917 1495 2096 1549 claves
2126 1493 2399 1559 Ecclesiae,
2433 1502 2486 1547 et
2513 1491 2627 1561 ejus
2653 1492 2866 1546 unicum
2896 1508 2960 1546 ac
2999 1492 3270 1561 singulare
3296 1493 3493 1546 ostium

1915 1586 2119 1642 violare
2142 1595 2387 1650 conatur,
2415 1593 2564 1640 recto
2590 1584 2806 1639 nomine
2829 1584 3050 1638 haeresis
3077 1585 3142 1638 de
3170 1585 3494 1639 investitura

1914 1686 2158 1730 vocatur.
2184 1675 2329 1744 illaec
2376 1683 2635 1744 praeterea
2678 1675 2900 1732 haeresis
2932 1674 2998 1728 de
3045 1675 3358 1728 investitura
3385 1714 3401 1738 ,
3451 1674 3496 1728 si

1916 1779 2064 1824 recte
2103 1767 2482 1838 perSpiciatur,
2512 1769 2676 1822 etiam
2727 1768 2948 1822 haeresis
2997 1767 3302 1822 Simoniaca
3355 1782 3496 1829 esse,

1920 1861 2039 1914 viva
2077 1870 2133 1915 et
2160 1875 2287 1914 vera
2331 1860 2544 1914 ratione
2591 1860 2868 1928 probatur.
2916 1858 3049 1912 Nam
3079 1873 3198 1926 quze
3227 1857 3501 1911 s:ecularis

1916 1959 2156 2020 potestas
2183 1949 2284 2005 sibi
2315 1949 2590 2004 vindicare
2624 1948 2818 2002 nititur
2863 1948 3259 2011 investituram,
3291 1947 3392 2000 nisi
3443 1957 3500 2000 ut

1915 2057 2014 2112 per
2040 2041 2140 2098 hoc
2173 2039 2457 2111 pecuniam
2484 2047 2824 2108 extorqueat,
2867 2047 2982 2102 aut,
3011 2038 3153 2107 quod
3199 2037 3362 2108 427
3417 2046 3500 2091 est

1917 2131 2155 2202 gravius,
2195 2130 2297 2185 sibi
2344 2129 2646 2184 inordinate
2677 2129 2974 2199 subjectam
3005 2127 3202 2182 elliciat
3231 2129 3501 2198 pontificis

1918 2219 2242 2290 personam?
2290 2217 2481 2272 Nullus
2507 2230 2589 2272 est
2632 2219 2816 2287 utique
2857 2217 3141 2282 laicorum,
3175 2219 3388 2272 etiamsi
3449 2219 3499 2271 ei

1916 2313 2122 2376 liceret,
2168 2311 2259 2381 qui
2311 2319 2458 2365 tanta
2509 2311 2806 2390 intentione
2851 2311 3108 2364 annulum
3160 2311 3243 2364 vel
3292 2310 3501 2379 virgam

1917 2403 2046 2459 dare
2075 2402 2366 2467 desideret,
2418 2401 2520 2456 nisi
2563 2417 2660 2471 per
2687 2402 2799 2456 bzec
2825 2417 2946 2470 quae
2989 2411 3117 2456 sunt
3161 2412 3499 2456 sacramenta

1915 2494 2192 2560 Ecclesize,
2243 2493 2630 2564 temporalibus
2681 2491 2844 2547 lucris
2875 2493 3128 2547 inbiaret.
3179 2494 3358 2550 Laicis
3383 2495 3502 2566 qui-

1914 2585 2036 2640 dem
2081 2593 2422 2640 sacramenta
2474 2587 2541 2640 ab
2587 2583 2824 2639 Ecclesia
2879 2585 3154 2654 suscipere
3199 2586 3343 2651 licet,
3396 2602 3498 2640 non

1915 2675 2170 2731 Ecclesia:
2208 2675 2460 2746 qmelibet
2501 2685 2838 2729 sacramenta
2883 2675 3030 2729 dare.
3079 2674 3303 2745 Semper
3335 2677 3502 2730 laicus

1915 2767 1980 2822 de
2015 2768 2352 2832 iuvestitura,
2385 2777 2443 2822 ut
2468 2767 2724 2829 diximus,
2755 2775 2848 2820 aut
2876 2767 3156 2835 pecuniam
3191 2767 3290 2820 sibi
3316 2767 3497 2820 vindi-

1913 2868 2024 2924 cat,
2054 2869 2166 2925 aut,
2197 2859 2338 2928 quod
2369 2868 2454 2914 est
2479 2859 2731 2928 amplius,
2759 2859 2997 2929 episcopi
3029 2859 3111 2913 vel
3141 2860 3352 2913 abbatis
3378 2875 3501 2930 per-

1915 2967 2125 3007 sonam.
2162 2951 2275 3005 llac
2304 2967 2408 3006 non
2442 2960 2550 3005 tam
2579 2951 2814 3005 humana
2855 2966 3014 3019 quam
3048 2949 3308 3004 diabolica
3343 2949 3501 3004 mali-

1915 3045 2140 3114 gnitate,
2191 3043 2429 3099 Ecclesia
2469 3042 2790 3098 catholicam
2844 3043 3025 3108 fidem,
3072 3042 3400 3106 libertatem,
3446 3053 3501 3096 et

1915 3138 2219 3192 castitatem
2271 3137 2489 3198 amittit,
2523 3136 2658 3192 sine.
2685 3135 2880 3203 quibus
2925 3135 3066 3188 nulla
3116 3135 3322 3188 ratione
3367 3121 3496 3188 sub;

1912 3227 2071 3281 sistit.
2133 3226 2282 3281 llanc
2336 3227 2524 3297 igitur.
2553 3241 2714 3295 quam
2763 3241 2924 3296 supra
2965 3226 3222 3287 diximus,
3273 3226 3497 3278 investi-

1914 3326 2087 3371 turam
2136 3317 2443 3386 quicunque
2520 3315 2622 3369 sub
2679 3315 2860 3383 specie
2911 3314 3144 3382 pastoris
3221 3315 3498 3380 suscipere

1911 3407 2210 3478 przesumit,
2239 3408 2298 3460 fit
2321 3407 2672 3478 paralyticus,
2699 3415 2754 3460 et
2785 3405 3039 3459 lueretica
3065 3405 3211 3475 lepra
3238 3406 3496 3474 pollutus.

1911 3500 2063 3554 Illum
2095 3515 2201 3554 non
2231 3508 2503 3570 pastorem
2545 3497 2870 3554 ficlucialiter
2895 3497 3037 3563 dico,
3071 3513 3170 3553 nec
3214 3499 3357 3553 illius
3391 3499 3496 3553 νας

1911 3594 2075 3649 storis
2121 3593 2210 3662 qui
2261 3592 2497 3646 animam
2545 3607 2697 3646 suam
2745 3592 2925 3660 posuit
2975 3607 3074 3662 pro
3117 3592 3308 3647 ovibus
3360 3594 3494 3657 suis,

1913 3683 2188 3753 quodlibet
2219 3683 2542 3746 membrum,
2571 3682 2664 3737 sed
2694 3681 2800 3747 fur,
2829 3691 2884 3736 et
2919 3692 3107 3754 raptor
3129 3693 3181 3737 et
3211 3683 3366 3753 lupus
3391 3693 3494 3737 est.

1912 3774 2046 3828 Nam
2084 3775 2149 3829 ad
2182 3774 2284 3828 hoc
2314 3775 2462 3829 venit
2506 3782 2565 3827 ut
2607 3774 2836 3840 furetur,
2881 3784 2936 3829 ct
2978 3777 3155 3844 rapiat
3198 3786 3251 3830 et
3299 3786 3498 3830 mactet

1914 3865 2095 3938 (Joan.
2130 3883 2187 3931 x,
2218 3864 2324 3932 10).
2370 3864 2520 3920 llauc
2547 3874 2726 3920 autem
2757 3865 3130 3920 detestabilem
3163 3868 3494 3936 impietatem

1913 3974 2019 4012 non
2049 3957 2220 4020 solum
2251 3957 2341 4026 qui
2375 3955 2599 4022 faciunt,
2630 3957 2722 4011 sed
2753 3957 2842 4026 qui
2870 3956 3219 4011 consentiunt
3244 3958 3311 4016 ei,
3347 3959 3496 4010 dani-

1913 4048 2026 4104 nati
2057 4057 2201 4104 sunt.
2232 4047 2322 4103 llle
2352 4062 2478 4102 vero
2501 4048 2772 4102 consentit
2794 4047 2884 4115 qui
2913 4062 3033 4101 eam
3062 4054 3225 4108 tacet,
3258 4046 3349 4114 qui
3377 4062 3494 4100 eain

1913 4153 2019 4194 non
2065 4137 2310 4208 corrigit,
2344 4144 2399 4188 et
2439 4135 2532 4204 qui
2580 4135 2628 4188 ei
2677 4135 2854 4203 palam
2903 4149 3007 4188 non
3053 4134 3398 4198 contradicit,
3445 4143 3499 4188 et

1915 4245 2075 4285 nemo
2111 4239 2195 4285 est
2240 4230 2330 4300 qui
2381 4227 2755 4284 contradicere
2804 4226 2982 4296 palam
3030 4242 3134 4280 non
3179 4225 3401 4288 debeat,
3443 4234 3497 4278 et

1913 4321 2102 4392 possit.
2145 4320 2278 4376 Nam
2314 4321 2359 4375 si
2390 4319 2592 4390 praelati
2629 4334 2734 4373 non
2771 4317 2934 4372 habet
2963 4316 3361 4375 auctoritatem.
3400 4318 3498 4369 ha-

1915 4413 2006 4468 bet
2067 4423 2247 4468 tamen
2301 4410 2591 4468 Christiani
2640 4425 2850 4465 vocem.
2886 4409 2969 4462 "Et
3022 4408 3302 4475 Scriptura
3337 4408 3496 4470 dicit,

217 4513 436 4568 verunt,
470 4519 630 4575 quam
675 4505 834 4576 longo
877 4511 999 4574 post
1031 4511 1270 4573 tempore
1301 4515 1366 4554 ex
1407 4507 1561 4568 patre
1601 4496 1811 4552 diabolo

1915 4515 1970 4560 et
1990 4507 2261 4562 neminem
2285 4505 2486 4574 excipit
2512 4522 2524 4557 :
2553 4501 2866 4558 Maledicta:
2886 4503 2974 4573 qui
3002 4501 3232 4571 prohibet
3261 4500 3495 4570 gladium

217 4595 558 4650 nascituram
603 4609 726 4650 esse
769 4593 1154 4665 prceviderunt.
1205 4590 1340 4646 Cum
1385 4589 1546 4660 igitur
1585 4588 1724 4642 laico
1755 4596 1812 4642 et

137 4757 142 4764 δ
219 4687 568 4752 iuvestitura,
589 4695 644 4742 et
672 4686 850 4742 omnis
870 4685 1032 4740 etiam
1060 4682 1513 4754 disponendarum
1543 4681 1812 4737 Ecclesia-

220 4797 344 4835 rum
393 4780 479 4836 vel
517 4779 684 4854 426
726 4779 1220 4836 ecclesiasticorum
1276 4792 1458 4833 rerum
1501 4776 1730 4831 facultas
1779 4793 1808 4830 a

221 4873 434 4944 Spiritu
471 4882 684 4940 sancto,
716 4873 806 4942 qui
853 4872 906 4926 in
935 4870 1194 4941 apostolis
1231 4868 1572 4939 loquebatur,
1614 4877 1809 4940 negata

219 4964 294 5020 sit
342 4962 559 5034 penitus
609 4971 667 5018 et
703 4963 1010 5028 interdicta,
1039 4961 1130 5032 qui
1171 4960 1545 5015 investituram
1590 4975 1621 5014 a
1672 4960 1810 5014 laico

218 5058 474 5128 suscipit,
510 5073 616 5112 non
671 5059 784 5128 jam
846 5064 1036 5112 contra
1091 5052 1363 5124 apostolos
1418 5061 1646 5118 tantum,
1700 5052 1848 5106 imo

216 5157 422 5204 contra.
467 5149 749 5204 Dominum
799 5146 1185 5218 apostolorum,
1237 5143 1380 5216 quod
1431 5153 1677 5200 sanctum
1727 5153 1812 5199 est

216 5241 453 5297 canibus
479 5241 719 5310 exponit.
749 5239 1069 5295 lnvestitura
1096 5237 1262 5302 enim,
1290 5237 1356 5292 de
1383 5251 1490 5306 qua
1515 5235 1806 5305 loquimur,

217 5339 628 5386 sacramentum
661 5315 766 5396 est,
799 5331 851 5385 id
881 5338 965 5385 est
993 5342 1210 5384 sacrum
1240 5327 1476 5396 signum,
1504 5341 1613 5396 quo
1654 5325 1805 5395 prin-

219 5437 352 5494 ceps
372 5421 648 5486 Ecclesiae,
664 5422 948 5493 episcopus
963 5421 1234 5485 scilicet,a
1257 5419 1468 5475 caeteris
1501 5417 1808 5473 hominibus

219 5512 528 5568 secernitur
575 5513 780 5583 pariter
827 5521 991 5583 atque
1033 5511 1368 5582 dignoscitur
1409 5519 1466 5564 et
1505 5523 1614 5579 quo
1647 5523 1809 5578 super

223 5605 599 5661 Christianum
647 5619 864 5676 gregem
911 5618 1042 5659 cura
1083 5601 1370 5674 pastoralis
1427 5601 1475 5655 ei
1527 5600 1803 5654 tribuitur.

223 5695 378 5752 lianc
398 5695 774 5751 investituram
795 5695 963 5751 abillo
976 5695 1090 5749 solo
1109 5693 1382 5764 suscipere
1401 5691 1558 5746 debet
1581 5708 1611 5746 a
1634 5707 1739 5763 quo
1755 5701 1806 5748 et

297 5788 449 5861 βπ)
481 5787 556 5844 De
583 5804 691 5859 quo
715 5798 771 5845 et
798 5802 984 5860 supra,
1007 5787 1165 5860 epist.
1207 5784 1301 5855 ll,
1332 5784 1422 5842 lib.
1456 5800 1544 5841 tu.

1913 4615 2072 4654 suum
2092 4617 2123 4653 a
2145 4599 2404 4669 sanguine
2426 4597 2560 4668 (Jer.
2581 4611 2769 4660 xcvrtt,
2791 4579 2905 4664 ¹10),
2933 4595 2981 4647 id
3006 4603 3109 4657 est,
3131 4608 3317 4647 vocem
3343 4608 3496 4646 suam

1913 4691 1982 4746 ab
2026 4691 2393 4760 increpatione
2425 4689 2653 4758 peccati.
2688 4687 2822 4742 illud
2855 4687 3018 4741 etiam
3056 4685 3255 4739 factum
3304 4685 3496 4737 memi-

1913 4783 2075 4848 nerit,
2107 4785 2249 4852 quod
2281 4782 2432 4837 asina
2464 4781 2668 4836 fatuum
2703 4780 3024 4850 prophetam
3049 4780 3175 4832 olim
3201 4779 3499 4834 correxerit

1915 4873 2104 4943 (Num.
2138 4889 2275 4940 xxtt,
2312 4874 2423 4943 28).
2475 4873 2625 4938 Quod
2663 4872 2705 4925 si
2739 4871 2901 4926 fuerit
2942 4872 3196 4934 vitiosus,
3253 4871 3334 4924 vel
3367 4886 3494 4939 quo-

1915 4966 2044 5021 libet
2072 4965 2178 5019 alio
2208 4965 2436 5020 crimine
2465 4963 2678 5018 infamis
2703 4963 2900 5031 factus,
2928 4979 3034 5016 non
3070 4964 3186 5018 ideo
3213 4965 3374 5018 silere
3405 4965 3496 5018 tle-

1913 5058 2030 5121 bet,
2060 5057 2317 5127 quoniam
2349 5057 2639 5126 uni-cuique
2667 5055 2834 5128 428
2863 5057 3130 5124 peccatori
3158 5073 3495 5111 communem

1913 5148 2170 5205 Ecclesia!
2198 5149 2381 5214 fidem,
2409 5164 2569 5218 quam
2600 5163 2753 5202 suam
2791 5162 2911 5202 esse
2951 5149 3142 5216 credit,
3175 5157 3231 5204 et
3273 5147 3497 5202 confite-

1914 5247 2024 5306 tur,
2067 5239 2376 5305 defendere,
2431 5248 2486 5292 et
2532 5248 2720 5294 contra
2775 5239 2892 5308 ejus
2945 5240 3284 5294 adversarios
3328 5239 3496 5291 libere

1912 5345 2155 5403 pugnare
2195 5331 2342 5386 licet.
2376 5329 2508 5384 Nam
2539 5331 2611 5385 illi
2644 5331 2770 5396 duo,
2799 5332 2889 5400 qui
2919 5333 2970 5385 in
3003 5331 3252 5400 passione
3282 5327 3493 5382 Domini

1910 5423 2155 5481 crucifixi
2188 5431 2460 5478 suntcum
2491 5437 2574 5488 co,
2621 5423 2839 5477 omnino
2872 5422 3095 5476 infames
3137 5427 3322 5485 erant;
3367 5434 3492 5472 nam

1913 5515 2113 5586 publici
2165 5514 2436 5580 latrones,
2486 5529 2717 5585 quorum
2767 5529 2907 5568 unus
2955 5529 3061 5567 non
3108 5519 3315 5565 tantum
3364 5511 3492 5580 quia

1909 5605 2168 5673 credidit,
2207 5605 2301 5660 sed
2331 5605 2454 5674 quia
2497 5620 2608 5661 sua:
2637 5605 2760 5660 fidei
2804 5603 3086 5657 veritatem
3132 5611 3321 5657 contra
3358 5601 3494 5657 alte-

1911 5713 2028 5753 rum
2075 5695 2368 5754 defendere
2415 5697 2595 5768 erepit,
2647 5696 2844 5764 bonum
2893 5693 3020 5750 illud
3070 5703 3124 5750 ct
3177 5692 3502 5751 delectabile
