3986 6466
564 384 673 441 ’Π

960 382 1282 443 GOFFRlDl
1318 382 1607 438 ABBATIS
1647 379 2165 439 VlNDOClNENSIS
2204 378 2465 437 TRACT.
2507 378 2598 436 DE
2642 375 2968 437 ORDINAT.
3008 376 3248 443 EPISC.,
3288 375 3434 433 ETC.
3695 377 3776 437 288

570 501 797 557 verbum
836 515 867 554 a
913 498 1194 554 Salvatore
1233 510 1421 555 nostro
1458 497 1648 552 audire
1683 497 1877 551 meruit
1920 514 1934 551 :
1983 496 2158 553 Hodie
2185 497 2233 554 Α
2260 495 2472 560 nititur,
2504 494 2597 551 sed
2629 494 2866 565 seipsum
2904 493 2997 551 Dei
3033 493 3169 548 Filio
3192 494 3513 563 superiorem
3534 509 3621 555 sua
3648 495 3773 567 impia

566 590 777 648 scilicet
799 605 1005 644 mecum
1021 590 1122 642 eris
1143 590 1198 641 iu
1217 588 1465 655 paradiso
1494 585 1648 658 (Luc.
1672 602 1828 651 xxut,
1859 587 1971 656 ιε).
1997 588 2150 644 Unde

568 683 623 736 in
658 681 868 737 latrone
896 679 987 732 illo
1018 677 1248 732 maxime
1281 677 1614 733 declaratum
1648 677 1979 748 agnoscitur.
2006 678 2148 748 quod

562 773 650 826 vir
674 769 987 827 catholicus.
1021 767 1145 825 licet
1169 769 1321 838 prius
1353 767 1591 825 infamia:
1620 767 1848 827 maculis
1872 783 2145 837 aspersus,

564 859 688 916 ﬁdei
717 858 1031 914 defensione
1075 858 1389 927 paradisum
1439 858 1643 927 pariter
1679 865 1736 912 et
1766 872 1888 917 cum
1927 857 2147 915 Christo

557 965 681 1005 esse
723 960 981 1005 meretur.
1024 950 1091 1005 Et
1120 943 1377 1019 quoniam
1426 950 1493 1005 de
1541 949 1781 1007 Simouia
1818 951 2142 1011 mentionrm

558 1044 807 1107 fecimus,
831 1059 927 1099 cur
948 1044 1061 1114 ipsa
1086 1053 1142 1098 et
1167 1043 1427 1099 laicorum
1456 1044 1775 1101 investitura
1802 1046 1874 1100 sit
1900 1044 2141 1108 btet-esis,

554 1143 611 1188 et
641 1136 835 1189 merito
864 1135 1088 1191 haeresis
1114 1134 1374 1205 appellari
1402 1134 1616 1203 debeat,
1648 1136 1880 1205 amplius
1914 1136 2022 1192 Deo
2050 1138 2143 1190 ael—

548 1221 772 1289 iuvante
814 1224 1046 1290 dicetur,
1091 1241 1161 1281 ne
1203 1240 1367 1296 super
1412 1225 1515 1282 hoc
1560 1228 1816 1297 deinceps
1845 1227 2138 1283 dubitetur.

559 1315 670 1369 Hoc
696 1315 861 1373 etiam
906 1316 1173 1373 silendum
1208 1333 1313 1373 non
1355 1318 1479 1383 erit,
1525 1319 1667 1388 quod
1712 1318 1855 1379 sicut
1896 1320 2138 1389 quzcdam

557 1407 874 1464 investitura
917 1407 1179 1465 laicorum
1210 1417 1399 1468 contra
1438 1410 1618 1477 fidem,
1666 1410 1738 1465 ita
1767 1409 2015 1480 quaedam
2061 1409 2143 1463 in-

555 1498 814 1553 vestitura
850 1512 1036 1553 corium
1079 1498 1227 1554 salva
1259 1499 1363 1555 (ide
1409 1498 1526 1555 ﬁeri
1569 1508 1766 1569 potest.
1804 1499 2137 1554 Credendum

555 1595 661 1653 cst,
697 1585 866 1641 frater
908 1587 1248 1652 charissime.
1294 1598 1350 1645 et
1397 1588 1629 1644 ﬁrmiter
1673 1591 1962 1645 tenendum
2009 1589 2137 1645 illud

556 1679 827 1749 prcripue
853 1678 1102 1737 haeresim
1131 1696 1252 1739 esse
1282 1681 1426 1749 quod
1453 1696 1483 1735 a
1500 1680 1681 1736 Patris
1704 1683 1908 1737 unitate
1921 1682 2134 1745 Filium,

554 1767 673 1821 sive
694 1767 952 1834 Spiritum
977 1777 1229 1827 sanctum
1253 1780 1482 1833 conatur
1516 1785 1794 1839 separare,
1830 1772 1915 1827 vel
1953 1787 2137 1841 perso-

2255 588 2467 643 actioue
2516 586 2826 656 signiﬁcare
2869 587 3100 653 videtur,
3142 597 3291 641 recto
3357 587 3560 641 nomine
3604 599 3653 643 et
3690 590 3774 660 ipse

2255 679 2568 739 haereticus.
2616 688 2672 733 et
2717 678 2834 745 ejus
2878 679 3198 760 investitura
3243 677 3460 737 haeresis
3504 680 3773 748 appellatur.

2250 768 2367 824 Non
2410 771 2481 825 sit
2526 770 2945 840 imperatoribus
2993 779 3048 824 et
3100 770 3315 838 regibus
3359 769 3623 833 molestum
3665 778 3776 844 quod

2249 859 2501 926 dicimus,
2545 876 2645 916 nec
2692 861 3084 918 consuetudine
3119 861 3219 916 sibi
3263 860 3528 917 vindicare
3562 865 3774 932 nitantur,

2248 948 2388 1012 qttod
2414 948 2493 1007 eis
2520 950 2749 1005 veritate
2781 959 3031 1018 negatur.
3062 948 3198 1005 Cum
3242 949 3396 1003 laicis
3423 951 3575 1005 etiam
3606 953 3776 1024 religio-

2247 1038 2323 1093 sis
2347 1039 2804 1107 disponendarum
2831 1039 3198 1095 Ecclcsiarum
3232 1038 3316 1094 vel
3342 1040 3775 1098 ecclesiasticarum

2246 1143 2428 1184 rerum
2461 1129 2640 1184 omnis
2678 1127 2910 1185 facultas
2938 1128 3009 1183 ab
3037 1129 3292 1197 apostolis
3321 1130 3666 1199 prohibeatur,
3689 1148 3777 1187 ma-

2245 1219 2497 1275 nifestum
2542 1220 2803 1289 estquod
2850 1221 2932 1274 eis
2980 1221 3296 1276 investitura
3347 1233 3566 1292 negatur
3604 1225 3661 1279 ab
3687 1224 3775 1294 ipsa

2245 1310 2492 1368 veritate.
2523 1325 2553 1367 a
2582 1309 2801 1365 Christo
2848 1312 3095 1367 videlicet
3127 1313 3218 1381 qui
3268 1313 3322 1365 in
3356 1314 3601 1382 apostolis
3627 1315 3773 1386 loque-

2246 1402 2434 1457 batur.
2465 1401 2620 1470 Quod
2647 1415 2826 1458 autem
2853 1403 3107 1460 Christus
3135 1405 3187 1458 in
3213 1406 3469 1474 apostolis
3497 1406 3562 1460 sit
3589 1406 3774 1472 locutus,

2244 1490 2445 1546 Paulus
2467 1494 2742 1563 apostolus
2759 1495 2951 1549 asserit
2968 1495 3178 1548 dicens:
3200 1495 3279 1547 An
3296 1496 3676 1562 experimentum
3690 1499 3775 1567 ejus

2240 1585 2493 1654 qua'ritis,
2517 1587 2605 1657 qui
2626 1588 2680 1641 in
2703 1604 2783 1641 me
2802 1584 3033 1656 loquitur
3051 1586 3328 1642 Christus?
3350 1587 3434 1656 (Il
3461 1588 3571 1643 Cor.
3590 1606 3692 1652 xm,
3714 1591 3774 1661 δὴ

2240 1677 2375 1731 Cum
2406 1678 2567 1748 igitur
2588 1677 2837 1733 Christus
2863 1678 3062 1732 veritas
3087 1678 3180 1745 sit,
3210 1678 3350 1732 sicut
3376 1679 3489 1748 ipse
3512 1681 3634 1734 dixit
3654 1700 3667 1735 :
3687 1681 3774 1750 Ego

2240 1784 2355 1820 sunt
2405 1768 2592 1823 veritus
2633 1767 2814 1839 (John.
2848 1784 2961 1832 xiv,
2993 1769 3072 1838 6),
3104 1784 3204 1825 nec
3236 1784 3504 1838 unquam,
3548 1771 3648 1842 Ego
3683 1789 3773 1828 sum

553 1874 745 1913 narum
792 1859 1021 1917 alteram
1059 1861 1227 1919 altera
1266 1861 1530 1919 minorem
1568 1862 1649 1917 vel
1699 1862 1958 1930 majorem
1990 1880 2138 1919 asse-
2172 1837 2210 1892 Β
2241 1864 2593 1927 consuetudo,
2627 1866 2846 1925 dixerit.
2886 1865 2977 1935 qui
3010 1864 3353 1921 Christianus
3387 1874 3489 1928 est,
3517 1864 3771 1933 Christum;

552 1963 692 2004 rore.
713 1949 850 2004 Sunt
871 1949 1085 2019 quidem
1108 1963 1322 2006 errores
1347 1960 1402 2007 et
1424 1952 1740 2017 divisiones,
1759 1968 1880 2024 qua:
1902 1954 2138 2010 haereses

549 2037 907 2105 appellantur,
935 2038 1130 2108 quibus
1155 2039 1220 2094 de
1249 2053 1485 2110 persona
1528 2041 1709 2097 Patris
1735 2043 1818 2097 vel
1850 2043 1991 2107 Filii,
2025 2044 2138 2099 sive

550 2125 783 2195 Spiritus
807 2127 1007 2192 sancti,
1036 2128 1122 2183 vel
1149 2127 1216 2183 de
1241 2127 1407 2184 simul
1437 2138 1549 2184 tota
1581 2130 1849 2187 Trinitatc
1884 2147 2137 2200 perverse

547 2217 801 2273 sentitur.
839 2217 946 2273 Sed
981 2219 1264 2277 sciendum
1288 2230 1374 2276 est
1398 2222 1542 2289 quod
1571 2221 1659 2276 ille
1681 2223 1917 2283 maxime
1944 2232 1999 2278 et
2027 2240 2136 2278 ma.

547 2309 632 2377 gis
665 2309 883 2378 proprie
926 2308 1214 2365 hmreticus
1258 2312 1589 2379 nominatur,
1617 2314 1709 2384 qui
1742 2314 1902 2370 (idem
1932 2315 2133 2370 Christi

548 2412 712 2467 quam
758 2398 1009 2469 accepit,
1057 2400 1328 2457 obstinato
1379 2402 1547 2475 429
1604 2405 1786 2459 animo
1819 2406 2136 2475 impugnare

552 2491 798 2563 vide-nihl
817 2491 984 2563 Igitur
1010 2490 1196 2548 Simon
1226 2493 1412 2564 Magus
1443 2510 1474 2550 a
1512 2494 1569 2550 S.
1620 2496 1866 2568 Philippo
1896 2499 2137 2568 baptiza-

532 2569 638 2637 tus
681 2597 787 2637 nou
830 2590 1034 2639 tantum
1078 2584 1403 2650 haereticus,
1454 2587 1551 2642 sed
1603 2589 1983 2644 haereticorum
2027 2591 2137 2659 pri-

547 2687 671 2728 mus
713 2681 769 2729 et
807 2674 1072 2744 pessimus
1095 2676 1332 2742 exstitit;
1369 2678 1461 2747 qui
1505 2694 1610 2734 non
1660 2680 1834 2736 solum
1882 2697 1912 2735 a
1960 2681 2136 2738 Patris

546 2766 857 2835 aequalitate
896 2769 1140 2837 separari
1182 2785 1341 2838 posse
1372 2770 1630 2841 Spiritum
1672 2783 1919 2828 sanctum
1949 2776 2136 2831 existi-

546 2859 740 2923 mavit,
791 2861 887 2916 sed
935 2862 1103 2916 etiam
1150 2862 1269 2932 ipso
1317 2863 1521 2933 Spiritu
1569 2876 1758 2921 sancto
1793 2867 1967 2938 major
2016 2883 2136 2924 esse

545 2960 973 3020 praesumptuose
1023 2956 1284 3009 tentando
1328 2956 1657 3026 concupivit.
1716 2956 1850 3012 Nam
1897 2973 2020 3013 cum
2078 2976 2137 3016 se

547 3057 704 3112 posse
733 3045 960 3113 pecunia
1003 3045 1283 3114 possidere
1316 3046 1580 3115 Spiritum
1607 3057 1855 3105 sanctum
1900 3053 2134 3121 putavit.

546 3133 677 3235 quid
704 3134 929 3204 appetiit
953 3135 1122 3235 aliud,
1155 3136 1257 3192 nisi
1293 3147 1350 3192 ut
1373 3137 1576 3207 Spiritu
1616 3149 1804 3195 sancto
1828 3139 2001 3207 major
2024 3142 2136 3210 ipse
2164 3179 2205 3235 ο

548 3222 859 3289 haberetur,
874 3240 996 3280 cum
1017 3225 1188 3295 major
1206 3228 1278 3283 sit
1297 3229 1388 3300 qui
1416 3229 1654 3299 possidet
1673 3246 1834 3299 quam
1852 3232 1994 3301 quod
2019 3250 2133 3301 pos-

544 3314 900 3388 sitleturMct.
920 3318 1209 3389 vut)?Cum
1225 3320 1408 3391 itaque
1422 3320 1607 3377 Patris
1623 3330 1679 3379 et
1698 3322 1819 3378 Filii
1834 3334 1888 3379 et
1901 3323 2134 3394 Spiritus

544 3408 717 3462 sancti
757 3423 1018 3476 personas
1058 3411 1352 3482 inaequales
1382 3413 1610 3482 quilibet
1644 3414 1836 3471 nititur
1865 3425 2130 3483 astruere,

544 3498 757 3555 ratione
801 3502 1006 3570 pariter
1043 3513 1100 3559 et
1140 3505 1467 3563 auctoritate
1514 3507 1804 3563 haereticus
1851 3509 2129 3572 habeatur,

544 3591 715 3647 multo
761 3593 933 3663 magis
967 3593 1154 3651 Simon
1205 3596 1410 3666 Magus,
1446 3597 1537 3666 qui
1590 3596 1853 3666 Spiritum
1885 3609 2131 3655 salictum

548 3681 658 3738 Deo
685 3682 831 3737 Patri
871 3695 927 3738 et
967 3684 1103 3740 Filio
1130 3687 1389 3755 aequalem
1426 3703 1523 3756 per
1551 3689 1731 3744 omnia
1770 3690 1872 3744 sibi
1905 3692 2131 3761 pecunia

546 3772 814 3842 subjicere
845 3776 1088 3839 tentavit,
1140 3777 1444 3845 haereticus,
1496 3788 1551 3835 et
1604 3779 1866 3845 Simouia,
1908 3797 2028 3851 quas
2065 3782 2134 3837 ab

547 3863 667 3933 ipso
712 3865 928 3922 inventa
969 3875 1073 3933 est,
1101 3875 1157 3923 ct
1185 3868 1254 3923 ab
1281 3884 1347 3924 eo
1382 3870 1600 3934 dicitur,
1638 3871 1858 3928 hatresis
1886 3888 2134 3942 compro-

548 3957 722 4012 batur.
770 3957 965 4014 Laicus
1008 3970 1185 4014 autem
1210 3976 1333 4016 cum
1361 3961 1736 4019 investituram
1765 3962 2131 4017 Ecclesiarum

547 4044 737 4101 tribuit
780 4062 876 4117 per
900 4048 1105 4119 virgam
1136 4058 1189 4104 et
1242 4052 1524 4119 annulum,
1552 4068 1672 4122 quae
1708 4063 1832 4107 sunt
1880 4052 2134 4108 Ecclesiae

545 4146 908 4203 sacramenta,
939 4139 1083 4201 sicut
1112 4140 1192 4195 sal
1221 4150 1276 4197 et
1299 4157 1459 4212 aqua,
1490 4143 1669 4200 oleum
1696 4151 1751 4198 et
1790 4143 2051 4208 chrisma,
2081 4152 2135 4216 et

545 4232 791 4300 quaedam
827 4231 958 4296 alia,
996 4232 1113 4288 sine
1141 4235 1337 4303 quibus
1375 4236 1652 4291 hominum
1692 4245 1747 4291 et
1780 4235 2132 4290 ecclesiarum

2238 1966 2293 2009 et
2322 1957 2412 2025 qui
2447 1972 2540 2012 rex
2579 1965 2660 2012 est
2694 1956 2891 2026 Regem
2935 1971 3139 2026 regum,
3186 1958 3357 2025 ipsam
3391 1957 3590 2013 scilicet
3613 1958 3771 2009 verita-

2243 2058 2371 2112 tem,
2409 2057 2690 2118 sequatur,
2719 2063 2827 2103 nou
2850 2047 3315 2104 consuetudinem.
3362 2047 3418 2107 lu
3447 2046 3774 2102 ecclesiasticis

2240 2138 2692 2208 possessionibus,
2733 2139 2983 2208 quamvis
3011 2153 3112 2193 nec
3158 2138 3213 2193 in
3262 2138 3492 2209 legibus,
3522 2153 3616 2192 nec
3642 2138 3686 2192 iu
3707 2151 3773 2192 cae

2240 2228 2473 2285 nouibus
2523 2229 2858 2291 inveniatur,
2914 2238 3094 2284 tamen
3143 2238 3366 2299 prepter
3414 2228 3699 2284 scandalum
3733 2234 3777 2282 et

2238 2318 2478 2375 schisma
2506 2319 2808 2382 vitandum,
2840 2318 2962 2372 talis
3006 2318 3224 2388 regibus
3269 2318 3584 2375 investitura
3621 2331 3777 2372 coace-

2239 2409 2506 2470 datur,ut
2551 2423 2651 2462 nec
2697 2408 2794 2478 ipsi
2833 2416 3054 2478 propter
3093 2407 3253 2480 43],
3304 2409 3409 2463 hoc
3454 2417 3675 2478 pereant,
3702 2422 3778 2461 nec

2238 2512 2427 2556 sancta
2473 2499 2710 2556 Ecclesia
2741 2500 3124 2556 dctrimentum
3153 2503 3411 2570 patiatur.
3442 2500 3775 2555 luvestiturm

2239 2609 2337 2664 per
2366 2593 2570 2663 virgam
2599 2604 2655 2647 et
2688 2592 2945 2646 annulum
2989 2593 3258 2661 accipere,
3293 2593 3395 2646 nisi
3430 2607 3459 2645 a
3506 2607 3600 2648 suo
3625 2605 3776 2645 conse-

2240 2694 2476 2750 cratore,
2506 2682 2855 2739 manifestum
2888 2693 2972 2737 est
2998 2698 3120 2738 esse
3148 2684 3491 2746 damnosum,
3534 2684 3647 2752 quia
3679 2681 3777 2737 nulli

2240 2778 2378 2833 laico
2424 2777 2546 2833 licet
2577 2777 2667 2831 illa
2717 2776 2970 2831 Ecclesire
3006 2785 3350 2831 sacramenta
3398 2776 3546 2841 dare,
3590 2776 3710 2830 sicut
3741 2776 3779 2829 ei

2241 2885 2348 2925 non
2384 2870 2505 2924 licet
2531 2870 2846 2939 episcOpum
2871 2882 3211 2922 consecrare.
3247 2867 3354 2921 Res
3380 2869 3565 2932 etiam,
3591 2882 3694 2935 quae
3714 2881 3781 2919 se-

2240 2959 2341 3015 mel
2364 2960 2618 3015 Ecclesize
2637 2960 2775 3014 data:
2791 2968 2941 3023 sunt,
2959 2972 3112 3027 rcges
3135 2973 3228 3012 eas
3254 2959 3451 3013 iterum
3479 2958 3621 3019 dare,
3641 2956 3709 3010 vel
3731 2957 3783 3010 tle

2241 3051 2371 3122 ipsis
2399 3052 2655 3107 investire
2681 3067 2781 3106 nec
2805 3051 3025 3115 debent,
3052 3065 3152 3105 nec
3176 3051 3561 3105 convenienter
3580 3059 3780 3119 possunt.

2242 3147 2374 3201 Nam
2403 3146 2562 3202 alicui
2591 3146 2722 3200 illud
2746 3148 2878 3201 dare
2897 3146 3041 3215 quod
3073 3145 3255 3205 habet.
3279 3155 3336 3200 et
3355 3146 3420 3199 de
3444 3145 3545 3199 hoc
3569 3144 3783 3198 investire

2237 3241 2471 3309 aliquem
2502 3226 2647 3309 quod
2694 3238 2783 3293 ille
2823 3236 2935 3306 jam
2980 3248 3151 3304 tenet,
3183 3235 3511 3307 superﬂuum
3538 3248 3784 3292 cstetva-

2238 3340 2386 3390 num,
2420 3343 2525 3382 non
2575 3337 2749 3383 tamen
2795 3327 3007 3383 videtur
3048 3326 3425 3381 criminosum.
3470 3327 3586 3381 Alia
3634 3326 3786 3394 utique

2235 3427 2318 3472 est
2346 3416 2686 3481 investitura,
2718 3432 2838 3485 qute
2874 3417 3185 3485 episcopum
3233 3415 3475 3485 perlicit;
3528 3417 3625 3469 alia
3663 3428 3784 3480 vero,

2235 3524 2355 3577 quae
2379 3509 2691 3577 episcopum
2723 3508 2918 3576 pascit.
2958 3507 3046 3561 Illa
3076 3522 3144 3561 ex
3190 3507 3375 3562 divino
3407 3508 3530 3575 jure
3575 3507 3787 3569 habetur,

2237 3598 2336 3651 ista
2362 3613 2425 3652 ex
2465 3597 2588 3675 jure
2623 3597 2879 3651 humano.
2927 3596 3200 3652 Subtrahe
3238 3597 3329 3664 jus
3375 3597 3788 3668 divinum,spiri-

2237 3690 2458 3745 tualiter
2478 3689 2763 3759 episcopus
2793 3704 2898 3742 non
2929 3698 3174 3752 creatur;
3222 3688 3482 3744 subtrahe
3522 3688 3608 3757 jus
3632 3690 3789 3743 huma-

2238 3794 2386 3845 num,
2422 3778 2789 3847 possessiones
2817 3777 3043 3841 amittit,
3090 3777 3285 3847 quibus
3314 3778 3429 3847 ipse
3473 3779 3789 3849 corporaliter

2235 3878 2588 3925 sustentatur.
2640 3866 2755 3921 Non
2800 3867 2946 3921 enim
2983 3868 3357 3936 possessiones
3385 3867 3611 3923 haberet
3638 3866 3789 3922 Eccle-

2234 3960 2335 4020 sia,
2368 3959 2468 4013 nisi
2493 3959 2595 4013 sibi
2622 3976 2652 4011 a
2696 3958 2910 4029 regibus
2940 3958 3292 4022 donarentur,
3322 3969 3377 4013 et
3422 3961 3490 4014 ab
3523 3961 3667 4029 ipsis,
3703 3974 3789 4012 non

2234 4052 2453 4121 quidem
2477 4050 2674 4104 divinis
2703 4049 3080 4114 sacramentis,
3115 4051 3207 4104 sed
3252 4052 3676 4118 possessionibus
3700 4060 3789 4104 ter-

2236 4144 2381 4197 renis
2411 4141 2772 4195 iuvcstiretur.
2815 4140 2890 4193 Ex
2913 4140 3036 4210 jure
3062 4140 3248 4195 divino
3275 4142 3491 4211 regibus
3525 4145 3725 4212 quidem
3748 4151 3791 4194 ct

2237 4234 2653 4304 imperatoribus
2699 4233 3075 4300 dominamur;
3116 4234 3247 4302 ipsis
3293 4242 3474 4288 tamen
3522 4252 3589 4289 ex
3632 4235 3788 4289 eodem

544 4324 983 4379 consecrationes
1033 4323 1149 4387 liet'i
1197 4340 1301 4381 non
1350 4335 1600 4394 possunt,
1649 4325 1751 4380 sibi
1794 4327 1885 4396 jus
1929 4324 2131 4382 Christi
2229 4324 2371 4393 jure,
2406 4324 2530 4391 quia
2561 4322 2762 4377 Christi
2808 4322 3010 4377 domini
3061 4332 3207 4388 sunt,
3255 4324 3519 4379 honorem
3568 4326 3791 4381 debemus

544 4422 770 4483 usurpat
798 4422 855 4470 et
884 4423 1228 4483 potestatem,
1256 4422 1311 4469 et
1355 4415 1757 4483 quodammodo
1786 4432 1844 4471 se
1874 4417 1967 4470 Dei
2000 4417 2135 4473 Filio

2235 4425 2285 4470 ct
2326 4416 2705 4480 reverentiam,
2750 4415 2892 4469 sicut
2921 4414 3053 4468 dicit
3091 4415 3383 4485 Apostolus
3417 4433 3431 4469 :
3467 4415 3649 4486 Regem
3680 4431 3795 4470 rest:-

546 4505 804 4576 prtedicat
851 4505 1120 4561 altiorem.
1155 4505 1287 4559 Nam
1335 4506 1461 4562 dum
1512 4506 1603 4560 illa
1653 4507 1909 4563 Ecclesiae
1954 4525 2133 4564 sacra-
2166 4514 2209 4572 ο
2238 4508 2420 4561 νεηιίηὶ
2453 4505 2502 4574 (Ι
2535 4504 2684 4561 Petr.
2707 4521 2770 4568 tt,
2800 4505 2908 4576 l7).
2944 4504 3021 4559 Ex
3065 4503 3186 4574 jure
3228 4515 3410 4560 autem
3440 4506 3671 4561 humano
3699 4517 3795 4561 tan-

546 4604 732 4651 menta
778 4594 852 4648 ibi
901 4595 1117 4661 dantur,
1160 4595 1249 4651 ubi
1296 4594 1414 4648 dari
1463 4595 1684 4662 debent,
1727 4604 1783 4651 et
1811 4599 2026 4667 quibus,
2079 4609 2133 4655 et

547 4687 783 4758 quando,
812 4697 864 4743 et
893 4686 1163 4756 quomodo
1200 4686 1417 4751 debent,
1446 4703 1545 4757 per
1574 4692 1999 4748 consecrationis
2030 4696 2132 4748 mi-

549 4778 804 4846 nistrum,
859 4793 892 4833 a
936 4776 1033 4837 Dei
1071 4774 1208 4831 Filio
1237 4777 1454 4840 dantur,
1501 4792 1529 4831 a
1570 4792 1677 4847 quo
1706 4779 1954 4837 universa
2004 4784 2136 4839 ﬁunt

551 4878 916 4933 sacramenta,
949 4876 1004 4924 et
1034 4882 1063 4921 a
1097 4882 1205 4936 quo
1240 4868 1571 4923 tribuuntur.
1611 4868 1760 4926 Unde
1806 4872 1946 4928 Dens
1980 4873 2167 4953 Pater~

550 4960 617 5013 ad
657 4958 921 5015 Joannem
969 4959 1209 5029 loquitur
1243 4960 1428 5015 dicens
1478 4979 1491 5015 :
1539 4960 1710 5030 Super
1750 4980 1901 5032 quem
1945 4966 2136 5020 videris

551 5049 810 5113 Spiritum
849 5050 1270 5119 descendentem,
1314 5051 1480 5127 430
1522 5051 1612 5108 ille
1642 5048 1723 5108 ἐει
1771 5054 1869 5132 φιῆ
1910 5056 2136 5123 baptizat

554 5140 736 5213 (Joan.
767 5158 819 5208 ι,
849 5143 963 5214 55).
994 5142 1222 5210 Quando
1256 5144 1421 5209 dixit,
1458 5145 1547 5200 ille
1575 5156 1648 5200 est
1687 5148 1776 5216 qui
1821 5147 2074 5218 baptism,
2106 5163 2136 5202 a

553 5238 709 5300 parte
739 5241 909 5289 totum
957 5235 1303 5307 signiﬁcavit.
1348 5235 1482 5292 Nam
1530 5236 1625 5292 Dei
1672 5236 1840 5294 Filius
1888 5239 2137 5294 universa

552 5334 757 5381 sancta:
785 5326 1037 5385 Ecclesiae
1068 5329 1285 5386 coniicit
1316 5340 1368 5387 et
1398 5331 1588 5385 tribuit
1615 5341 1980 5387 sacramenta.
2012 5331 2138 5387 Lai-

548 5431 656 5474 .cus
680 5428 880 5485 autem,
910 5423 1126 5490 quando
1149 5430 1340 5477 contra
1373 5423 1464 5477 Dei
1496 5421 1706 5491 Filium}
1729 5423 1808 5478 sic
1838 5424 2137 5492 praesumit,

552 5509 601 5567 si
625 5518 750 5578 tuon
780 5511 1033 5582 amplius,
1058 5527 1166 5567 non
1193 5512 1371 5567 minus
1396 5521 1577 5566 Lumen
1604 5526 1764 5581 quam
1788 5511 1990 5567 iSimon
2028 5512 2141 5568 lla-

546 5615 655 5672 gite
700 5602 974 5669 intumuit,
1006 5610 1061 5656 ct
1088 5601 1204 5672 ipse
1249 5600 1580 5663 intumescit,
1612 5601 1703 5670 qui
1748 5601 1800 5654 in
1849 5600 2140 5656 collatione

550 5701 1022 5761 sacramentorum
1055 5703 1117 5761 se
1154 5689 1249 5746 Dei
1275 5688 1412 5744 Filio
1438 5690 1737 5760 anteponit.
1778 5690 1843 5744 Et
1868 5691 1993 5759 quia
2031 5690 2141 5746 Deo

561 5782 653 5839 Dei
681 5783 819 5841 Filio
848 5797 953 5839 non
999 5781 1171 5839 solum
1208 5781 1291 5838 sui
1321 5780 1496 5836 Patris
1526 5781 1888 5852 aequalitatem
1926 5782 2141 5838 demere

2239 4609 2348 4653 tum
2382 4599 2484 4652 illis
2515 4598 2793 4661 debemus,
2834 4606 3095 4664 quantum
3129 4597 3501 4666 possessiones
3534 4598 3792 4667 diligimus,

2236 4689 2432 4759 quibus
2455 4690 2521 4743 ab
2547 4689 2677 4758 ipsis
2702 4687 2832 4742 vela
2858 4688 3173 4757 parentibus
3190 4688 3308 4741 suis
3323 4687 3567 4743 Ecclesia
3590 4690 3739 4742 ditata
3753 4696 3796 4742 et

2237 4781 2488 4837 investita
2511 4780 2860 4849 dignoscitur.
2880 4779 3031 4834 Unde
3045 4779 3103 4832 Β.
3123 4779 3458 4846 Augustinus
3480 4796 3639 4848 super
3658 4777 3796 4833 Joan-

2238 4887 2360 4925 nem
2392 4870 2474 4924 sic
2504 4868 2740 4939 loquitur
2769 4869 2945 4937 (tract.
2974 4869 3028 4932 6)
3050 4887 3062 4921 z
3083 4866 3208 4920 Noli
3230 4870 3434 4923 dicere:
3467 4867 3608 4934 Quid
3629 4870 3741 4922 mihi
3758 4876 3797 4919 et

2240 4962 2384 5033 regi?
2427 4961 2566 5027 Quid
2590 4961 2680 5013 tibi
2702 4976 2823 5029 ergo
2852 4969 2898 5012 et
2924 4960 3274 5029 possessioni?
3302 4959 3436 5015 Nam
3470 4978 3568 5030 per
3587 4963 3701 5031 jura
3726 4975 3795 5011 rc-

2185 5087 2195 5097 .
2238 5068 2361 5123 gum
2377 5050 2740 5122 possessiones
2757 5050 3042 5105 habentur.
3061 5049 3118 5105 Si
3135 5065 3262 5104 vero
3276 5049 3667 5123 hazdixeris,
3680 5047 3799 5118 Quid

2242 5143 2371 5198 mihi
2393 5151 2448 5198 et
2468 5142 2617 5212 regi?
2638 5140 2755 5196 Noli
2779 5139 2891 5208 jam
2922 5141 3103 5196 dicere
3133 5142 3507 5211 possessiones
3537 5153 3671 5208 tuas,
3693 5141 3798 5211 quia

2241 5237 2306 5288 ad
2332 5235 2444 5304 ipsa
2461 5234 2606 5303 jura,
2627 5232 2821 5303 quibus
2845 5232 3211 5300 possessiones
3229 5232 3599 5301 possidentur,
3626 5246 3801 5287 renun-

2243 5325 2407 5378 tiasti.
2457 5323 2592 5379 Nam
2646 5324 2938 5379 secundum
2982 5320 3073 5390 jus
3139 5322 3529 5392 impcratorum
3580 5322 3802 5393 possides

2245 5426 2475 5470 terrena.
2506 5414 2655 5469 Tolle
2685 5415 3067 5485 imperatorum
3085 5412 3231 5483 jura,
3259 5414 3382 5483 quis
3409 5416 3570 5471 audet
3598 5415 3800 5470 dicere:

2240 5508 2357 5563 Mea
2387 5515 2471 5563 est
2498 5507 2586 5561 illa
2618 5506 2763 5568 villa,
2798 5514 2892 5559 aut
2921 5520 3073 5559 meus
3099 5516 3182 5560 est
3208 5505 3313 5561 iste
3344 5520 3558 5572 servus,
3583 5515 3673 5559 aut
3701 5518 3803 5560 mea

2243 5609 2323 5654 cst
2354 5599 2455 5653 ista
2482 5596 2708 5652 domus?
2735 5595 2853 5662 Quo
2887 5593 3008 5664 jure
3035 5594 3278 5651 defendis
3302 5596 3495 5652 villas?
3525 5597 3721 5658 divino,
3745 5609 3807 5649 an

2242 5690 2511 5748 humano?
2556 5689 2797 5743 divinum
2824 5686 2913 5755 jus
2950 5687 3002 5741 in
3039 5686 3337 5756 Scripturis
3380 5688 3673 5754 habemus;
3716 5687 3805 5741 huc

2246 5798 2460 5840 manum
2481 5782 2568 5852 jus
2593 5781 2647 5837 in
2669 5779 2875 5851 legibus
2904 5793 3109 5850 regum.
3145 5774 3297 5832 Unde
3327 5778 3558 5850 quisque
3584 5778 3810 5849 possidet
