3986 6448
220 421 318 477 289
1169 412 1456 470 sereno.
1494 444 1563 454 —
1602 415 1850 470 nume.
1893 413 2318 478 rrmuoemcn
2359 396 2658 479 cannot

3371 431 3482 488 296

221 534 351 605 quod
380 529 654 600 possidet?
701 527 884 583 Nonne
923 526 1044 596 jure
1078 527 1354 582 humano?
1393 527 1524 580 Nam
1555 527 1678 596 jure
1705 528 1786 580 di-
1815 533 1858 588 Λ
1893 531 2053 595 xerit,
2083 531 2264 586 eliciat
2303 534 2643 602 sanguinem,
2673 545 2726 590 et
2751 538 2876 592 dum
2918 539 3219 612 rubiginem
3251 541 3319 596 de
3347 559 3477 599 vase

221 629 354 688 vino,
373 621 577 675 Domini
598 631 674 672 est
699 631 833 672 terra
854 629 899 672 et
922 618 1186 687 plenitudo
1206 619 1319 688 ejus
1338 617 1510 688 (Psal.
1527 635 1680 684 xxm,
1702 619 1776 688 i).

221 719 471 785 Pauperes
495 724 547 767 et
574 713 772 767 divites
801 713 936 766 Deus
963 711 1027 766 de
1059 727 1162 766 uno
1188 713 1297 767 luto
1324 712 1470 777 fet-it,
1502 722 1558 766 et
1586 713 1783 766 divites

221 820 270 864 et
296 820 544 878 pauperes
573 821 680 857 una
710 814 846 857 terra
875 813 1170 872 supportat.
1193 803 1320 858 Jure
1346 813 1521 856 tamen
1546 804 1782 856 humano

221 900 340 954 dicis
369 917 381 950 :
414 897 536 950 llrec
573 896 699 948 \illa
733 911 848 949 mea
877 904 978 960 est,
1028 896 1142 949 litec
1170 896 1365 949 domus
1411 910 1528 949 mea
1559 905 1662 958 est,
1697 895 1785 950 hic

221 1005 390 1046 servus
416 1003 566 1041 meus
599 996 706 1040 est.
735 985 862 1040 Jure
891 1002 1020 1055 ergo
1051 987 1307 1040 humano.
1336 985 1466 1039 Jure
1498 987 1784 1054 imperato-

164 1115 174 1131 ,
223 1097 324 1135 rum
351 1079 547 1148 quare?
579 1078 718 1144 Quia
757 1078 869 1143 ipsa
894 1076 1016 1144 jura
1041 1081 1276 1130 humana
1302 1092 1400 1145 per
1430 1077 1784 1146 imperatores

220 1187 265 1230 et
293 1190 434 1243 reges
465 1173 650 1226 smculi
693 1173 834 1225 Deus
870 1170 1147 1225 distribuit
1188 1171 1443 1226 Ecclesia:
1480 1186 1609 1224 suat.
1657 1169 1785 1226 Pos-

157 1267 171 1289 ⁷’
221 1277 327 1322 sunt
369 1266 545 1334 itaque
594 1264 713 1317 sine
755 1261 1050 1317 offensione
1101 1278 1254 1332 reges
1301 1271 1420 1332 post
1467 1261 1782 1316 electionem

221 1358 508 1412 canonicam
541 1365 596 1408 et
625 1355 850 1409 liberam
883 1356 1346 1409 consecrationem
1381 1369 1475 1424 per
1503 1355 1786 1408 investitu-

220 1465 318 1503 ram
358 1447 586 1516 regalem
639 1447 692 1500 in
730 1446 1114 1501 ecclesiasticis
1163 1447 1612 1516 possessionibus,
1657 1461 1784 1500 con-

219 1540 515 1600 cessionem,
549 1538 836 1601 auxilium,
869 1547 922 1591 et
949 1537 1315 1591 defensionem
1344 1538 1597 1606 episcopo
1625 1537 1781 1600 dare;

221 1631 340 1700 quod
368 1629 604 1697 quolibet
634 1630 790 1699 signo
818 1627 1016 1684 factum
1045 1629 1336 1693 exstiterit,
1368 1629 1502 1697 regi,
1531 1627 1612 1681 vel
1650 1642 1783 1696 pon-

221 1721 351 1783 tilici,
375 1735 462 1773 seu
496 1719 782 1773 catholica:
812 1719 932 1774 ﬁdei
965 1733 1070 1773 non
1121 1721 1354 1773 nocebit.
1390 1719 1569 1774 Voluit
1613 1720 1785 1774 bonus

221 1813 450 1867 Dominus
496 1823 550 1865 et
604 1811 868 1878 magister
921 1821 1104 1865 noster
1148 1811 1394 1865 Christus
1448 1811 1780 1880 spiritualem

219 1902 428 1970 gladium
458 1913 510 1953 et
543 1901 888 1954 materialem
924 1916 1043 1955 esse
1075 1901 1126 1954 in
1160 1899 1470 1956 defensione
1508 1901 1778 1955 Ecclesia).
1819 1891 1858 1948 Β

219 1993 350 2059 Quod
393 1992 434 2044 si
477 1991 618 2044 alter
665 1993 738 2046 ab
783 1991 953 2045 altero
984 1991 1307 2045 retunditur.
1358 1991 1468 2046 lloc
1501 1992 1560 2044 ﬁt
1593 2002 1782 2046 contra

218 2086 338 2139 illius
375 2085 735 2138 voluntatem.
786 2083 895 2138 l‘lac
938 2085 1225 2138 occasione
1271 2085 1336 2138 de
1370 2099 1534 2152 regno
1576 2083 1782 2151 iustitia

215 2177 409 2240 tollitur,
438 2186 488 2228 et
533 2190 650 2244 pax
688 2175 754 2229 dc
782 2175 1045 2238 Ecclesia,
1075 2173 1328 2228 scandala
1375 2175 1707 2229 suscitantur
1731 2184 1786 2230 et

210 2268 491 2332 schismata,
525 2276 578 2320 et
626 2266 687 2320 ﬁt
717 2265 1020 2319 animarum
1051 2265 1279 2334 perditio
1323 2264 1480 2318 simul
1512 2273 1566 2319 et
1589 2263 1783 2334 corpo-

211 2372 328 2420 rum,
359 2365 409 2409 et
433 2357 555 2408 dmn
584 2354 764 2427 £33
793 2371 1014 2425 regnum
1049 2365 1098 2408 et
1131 2355 1492 2409 sacerdotium
1529 2371 1691 2408 unum
1718 2355 1786 2409 ab

213 2448 357 2501 altero
385 2449 766 2516 impugnatnr,
795 2447 1132 2516 periclitatur
1167 2457 1476 2515 utrumque.
1523 2445 1656 2500 Nam
1692 2463 1784 2501 rex

209 2553 252 2594 ct
278 2540 530 2593 Romanus
571 2539 829 2607 pontifex
867 2554 989 2593 cum
1028 2553 1165 2592 unus
1193 2547 1379 2592 contra
1410 2538 1608 2603 alimn,
1642 2538 1785 2591 alter

213 2647 293 2700 pro
322 2633 455 2701 regni
483 2632 915 2696 coasuetudine,
952 2632 1090 2684 alter
1125 2647 1224 2700 pro
1249 2631 1505 2686 Ecclesia:
1536 2631 1785 2686 libertate

215 2723 428 2793 erigitur,
458 2739 699 2794 regnum
739 2723 882 2776 illam
921 2723 1368 2777 consuetudinem
1403 2723 1648 2778 obtinere
1680 2740 1784 2778 non

214 2827 387 2886 potest,
412 2834 506 2872 nec
538 2817 775 2885 poterit,
807 2826 859 2870 et
891 2817 1130 2872 Ecclesia
1159 2833 1270 2872 sua:
1297 2817 1562 2873 libertatis
1588 2819 1787 2872 amittit

215 2909 490 2977 plurimum.
534 2907 665 2961 Rex
705 2916 965 2976 prmterea
1012 2922 1360 2962 sacrosancta
1408 2908 1787 2961 communione

215 3001 392 3068 pariter
416 3007 466 3053 et
503 2999 667 3068 regia
717 2998 978 3067 dignitate
1008 2999 1270 3067 privatur,
1303 3013 1332 3052 a
1376 2997 1621 3052 Romano
1657 3014 1787 3052 vero

217 3091 436 3158 pontiﬁce
473 3090 692 3152 multis,
743 3090 832 3159 qui
871 3089 971 3143 sibi
1022 3090 1295 3144 deservire
1327 3090 1646 3153 debuerant,
1695 3105 1786 3144 ne-

219 3181 434 3235 cessitate
460 3190 724 3251 cogente,
753 3179 1006 3233 servitur.
1046 3179 1112 3233 Et
1132 3180 1220 3248 qui
1247 3195 1275 3233 a
1305 3181 1558 3250 pontiﬁce
1587 3182 1786 3236 docen-

216 3271 301 3323 dos
324 3280 451 3334 erat,
480 3280 533 3323 et
571 3269 860 3323 ducendus
889 3284 918 3322 a
946 3284 1092 3338 rege,
1125 3285 1218 3322 rex
1256 3278 1310 3322 et
1347 3270 1584 3339 pontifex
1617 3286 1786 3340 popu-

219 3359 311 3412 lum
351 3362 619 3428 sequitur.
675 3359 881 3414 llabeat
934 3369 1110 3412 autem
1166 3359 1404 3414 Ecclesia
1462 3377 1672 3431 pacem,
1728 3371 1784 3416 et

221 3468 411 3523 regnum
447 3451 765 3521 justitiam;
801 3451 999 3505 habeat
1044 3466 1134 3504 rex
1168 3452 1637 3516 consuetudinem,
1686 3453 1782 3507 sed

220 3543 408 3608 bonam,
433 3554 484 3598 et
513 3558 624 3597 non
659 3558 826 3610 quam
855 3542 992 3597 male
1026 3543 1278 3611 reposcit.
1307 3544 1400 3596 sed
1434 3559 1594 3612 quam
1620 3559 1782 3614 supra

221 3636 442 3701 diximus,
471 3637 876 3689 investituram.
911 3633 1118 3688 Habeat
1154 3633 1390 3688 Ecclesia
1431 3650 1582 3689 suam
1620 3635 1784 3688 liber-

133 3781 136 3784 .
219 3735 387 3790 talem;
416 3727 504 3779 sed
530 3740 886 3794 summopere
930 3731 1119 3777 caveat
1147 3740 1213 3777 ne
1254 3723 1378 3775 dum
1413 3723 1571 3776 nimis
1593 3738 1780 3782 eumn-

232 3913 469 3931 —-

1887 633 2116 676 conatur
2141 624 2385 688 eradere,
2419 639 2514 678 vas
2543 627 2716 696 ipsum
2749 627 3048 700 frangatur.
3082 631 3194 686 lloc
3221 641 3305 686 cst
3338 645 3478 700 pra:-

1885 715 2102 784 cipumn
2132 715 2475 772 discretionis
2528 719 2852 786 membrum,
2905 738 2971 775 ne
3017 723 3245 790 quilibet
3294 733 3476 778 rector

1891 806 2166 870 Ecclesia),
2218 823 2314 860 sua
2361 809 2603 878 qualibet
2647 811 2858 866 actione
2912 828 2941 866 a
2985 813 3189 868 Satana
3241 815 3476 870 circum-

1886 898 2152 952 veniatur.
2186 900 2338 954 Tunc
2367 899 2510 952 enim
2553 907 2733 954 rector
2781 919 2810 953 a
2863 902 3063 956 Salana
3117 905 3474 960 circumveni-

1888 999 1996 1053 tur,
2023 990 2238 1058 quando
2263 991 2362 1044 sub
2387 993 2566 1058 specie
2583 990 2810 1058 justitim
2837 1006 2932 1060 per
2955 995 3173 1047 nimiam
3202 995 3471 1050 tristitiam

1889 1081 2179 1148 regendum
2216 1082 2395 1150 perire
2438 1082 2730 1150 contingit.
2761 1083 2849 1150 qui
2896 1086 3070 1152 potuit
3109 1085 3329 1140 liberari
3377 1101 3475 1157 per

1889 1173 2297 1242 indulgentiam.
2329 1173 2597 1227 Prmterea
2640 1175 2814 1228 bonus
2840 1184 2894 1228 et
2921 1176 3190 1232 discretus
3216 1178 3472 1248 Augusti-

1887 1279 1988 1318 nus
2017 1264 2068 1317 in
2101 1265 2325 1332 epistola
2357 1264 2422 1318 ad
2461 1265 2874 1319 l’armen'anum
2907 1266 3056 1330 dicit,
3088 1268 3176 1322 vix
3210 1278 3304 1323 aut
3337 1286 3473 1324 nun.

1887 1371 2048 1425 quam
2099 1357 2676 1410 exeommunicandnm
2732 1371 2855 1410 eum
2906 1372 3025 1413 esse
3073 1361 3162 1428 qui
3219 1361 3270 1414 in
3333 1360 3476 1415 malo

1885 1461 2050 1514 opere
2081 1447 2406 1500 obstinatam
2443 1447 2842 1501 multitudinem
2879 1447 3042 1502 habet
3085 1463 3292 1503 secum.
3340 1450 3472 1504 Nam

1889 1537 2221 1593 tolerabilius
2268 1537 2480 1591 videtur
2539 1538 2630 1592 nni
2684 1551 2940 1608 parcere,
3009 1556 3079 1595 ne
3133 1543 3183 1595 in
3236 1542 3475 1597 Ecclesia

1887 1631 2123 1685 schisma
2169 1629 2467 1683 seminetur
2499 1627 2663 1702 434
2694 1631 3078 1700 plurimorum.
3125 1634 3190 1688 Et
3232 1635 3480 1690 beatissi-

1888 1736 2008 1773 mus
2051 1719 2242 1772 doctor
2282 1728 2334 1772 et
2382 1731 2588 1791 martyr
2628 1721 2930 1791 Cyprianus
2977 1723 3173 1778 asserit
3226 1725 3410 1779 dicens
3461 1742 3472 1778 :

1889 1813 2128 1866 Srhisma
2158 1829 2259 1865 non
2286 1823 2359 1866 est
2385 1812 2708 1880 faciendum,
2759 1815 2964 1868 etiamsi
2996 1816 3048 1868 in
3075 1816 3254 1870 eadem
3282 1817 3406 1886 ﬁde,
3428 1827 3478 1871 et

1887 1905 1942 1956 in
1985 1902 2164 1954 eadem
2214 1901 2492 1954 traditione
2541 1917 2642 1956 non
2688 1913 2988 1971 permaneat
3034 1905 3124 1974 qui
3169 1907 3379 1960 recedit.
3407 1907 3472 1960 Et

1889 1992 2141 2047 Salomon
2181 1992 2231 2045 in
2271 1992 2639 2047 Ecclesiaste:
2687 1993 2942 2047 Scindens
2986 1995 3127 2063 ligna
3162 1995 3479 2064 periclitabi-

1886 2095 1974 2138 tur
2013 2085 2067 2138 in
2097 2085 2191 2146 eis,
2229 2084 2272 2136 si
2305 2085 2552 2137 exciderit
2595 2083 2793 2153 ferrum
2825 2084 3021 2154 (Et-cie.
3053 2103 3106 2150 x,
3138 2086 3212 2154 9).
3259 2085 3386 2141 Item
3419 2087 3476 2142 in

1887 2176 2073 2230 Exodo
2114 2193 2126 2228 :
2166 2175 2233 2228 In
2278 2175 2430 2228 domo
2476 2191 2581 2229 una
2619 2177 2936 2242 comedetur,
2991 2193 3094 2230 non
3141 2179 3358 2246 ejicirlis
3409 2179 3476 2233 de

1887 2268 2042 2321 domo
2077 2284 2284 2320 carnem
2309 2268 2453 2335 foras
2483 2265 2680 2337 (Exod.
2707 2282 2805 2330 χιι,
2833 2265 2948 2336 46).
2977 2267 3051 2321 Ex
3080 2269 3274 2336 quibus
3296 2269 3475 2323 verbis

1887 2361 2156 2428 colligitur
2177 2360 2319 2430 quod
2346 2360 2417 2413 sit
2437 2360 2748 2414 tolerandus
2773 2360 2840 2415 ab
2857 2359 3093 2414 Ecclesia
3115 2362 3204 2429 qni
3231 2362 3475 2415 multitu-

1887 2451 2066 2505 dinem
2109 2451 2268 2504 habet
2306 2465 2510 2514 secum,
2540 2464 2607 2504 ne
2649 2451 2775 2504 dum
2819 2466 2983 2504 unum
3025 2451 3300 2519 corrigere
3341 2453 3472 2505 uiti-

1889 2557 2028 2604 nmr,
2057 2540 2287 2609 perditio
2316 2540 2409 2594 ﬁat
2438 2540 2753 2594 multorum.
2781 2538 2894 2595 Hoc
2915 2541 3081 2596 etiam
3111 2539 3473 2613 Hieronymus

1889 2633 1954 2685 ad
1981 2631 2340 2702 Augustinum
2373 2630 2583 2694 scribit,
2613 2630 2798 2685 dicens
2823 2631 2988 2700 quod,
3023 2632 3320 2687 secundum
3350 2632 3473 2688 bea-

1891 2731 2066 2775 torum
2089 2722 2452 2790 apostolorum
2477 2719 2621 2774 Petri
2646 2729 2700 2774 et
2719 2719 2873 2774 Pauli
2897 2721 3238 2791 prudentiam
3262 2722 3477 2791 dispen-

1887 2814 2260 2880 sationemque
2302 2811 2606 2873 honestam,
2647 2811 2937 2883 aliquando
2968 2811 3082 2866 ﬁeri
3129 2827 3350 2868 necesse
3391 2822 3476 2866 est

1887 2904 2028 2973 quod
2053 2901 2176 2970 jure
2205 2903 2645 2972 reprehenditur,
2681 2918 2750 2956 ne
2773 2902 3106 2957 Christiana.
3139 2902 3278 2974 plebi
3321 2919 3476 2960 acan-

1889 2997 2066 3049 dalum
2092 2995 2317 3050 oriatur.
2349 2993 2405 3048 Si
2429 3009 2559 3048 vero
2589 2993 2933 3063 imperatoris
2963 3003 3019 3049 et
3037 2994 3183 3065 regis
3209 3009 3470 3066 persona,

1891 3102 1995 3140 non
2037 3095 2215 3140 tamen
2257 3084 2400 3138 illius
2427 3094 2584 3140 terra:
2621 3084 2911 3154 aliquando
2942 3085 2994 3140 in
3020 3101 3231 3140 summa
3262 3086 3473 3154 iustitia

1889 3177 2217 3248 parcendum
2240 3185 2340 3239 est,
2367 3191 2434 3230 ne
2464 3190 2676 3229 summa
2707 3184 2920 3230 crescat
2956 3174 3082 3231 inde
3112 3175 3339 3230 malitia.
3376 3175 3474 3230 Mi-

1892 3271 2076 3324 nistris
2095 3265 2348 3323 Ecclesia:
2372 3266 2587 3336 penitus
2603 3265 2988 3330 interdieatnr,
3011 3280 3080 3322 ne
3099 3267 3242 3334 quod
3267 3266 3470 3335 justum

1889 3372 1971 3417 est
2013 3360 2208 3429 injuste
2247 3370 2668 3427 consequantur.
2719 3355 2797 3414 De
2838 3357 3090 3429 przesenti
3127 3359 3386 3426 materia,
3424 3359 3472 3414 si

1891 3451 2068 3506 minus
2103 3449 2182 3503 vel
2207 3450 2363 3503 aliter
2385 3449 2490 3503 dixi
2515 3462 2679 3518 quam
2702 3448 2884 3513 debui,
2907 3448 3225 3519 ignorantiae
3247 3448 3470 3518 depute—

1893 3554 2001 3605 tur,
2041 3553 2095 3598 et
2121 3542 2458 3610 indulgentnr
2496 3541 2942 3598 misericorditer.
2985 3541 3041 3595 Si
3086 3551 3266 3595 autem
3312 3542 3470 3606 bene,

1891 3636 2118 3706 benigne
2158 3635 2505 3702 suscipiatur,
2550 3645 2604 3686 ιιι
2639 3636 2962 3689 observetur
3002 3633 3305 3704 diligenter.

1591 3903 3431 3927 Μ

1404 4025 2248 4152 APPENDIX.

857 4207 2814 4408 PRIVILEGIMEODEBICI

1427 4481 1908 4539 CARNOTENSIS
1948 4481 2250 4539 EPISCOPI

769 4603 877 4657 Pro
908 4602 1220 4655 monasterio
1272 4594 1657 4660 Viudocinensi,
1700 4595 1811 4666 ipso
1836 4595 2178 4648 dedicationis
2205 4594 2318 4664 ejus
2357 4596 2442 4649 die
2462 4596 2709 4664 scriptum
2740 4594 2910 4668 (575).

272 4788 323 4844 in
346 4789 559 4844 nomine
589 4786 690 4841 Dei
721 4783 1114 4852 omnipotentis
1138 4778 1316 4832 Patris
1339 4787 1393 4831 et
1423 4775 1545 4830 Filii
1575 4785 1630 4830 et
1651 4776 1773 4845 Spi-
1810 4781 1852 4837 ι)
1879 4778 2035 4831 cilius
2090 4776 2341 4845 precibus
2375 4777 2436 4830 Β.
2489 4775 2639 4830 Petri
2695 4776 3007 4844 adepturos,
3058 4781 3112 4830 et
3146 4780 3463 4842 prmsentem

218 4881 333 4934 ritus
381 4882 578 4936 sancti.
634 4879 746 4947 Ego
797 4873 1162 4929 Theodericus
1221 4871 1515 4938 Deigratta
1567 4867 1773 4921 Carno-

217 4971 366 5024 tensis
405 4971 722 5039 episcopus,
779 4963 1050 5018 universis
1095 4968 1296 5013 sancta:
1327 4955 1580 5010 Ecclesiae
1611 4953 1784 5008 ﬁdeli-

214 5061 302 5115 bus
330 5073 513 5116 notum
550 5059 716 5119 facio.
745 5056 885 5126 quod
915 5051 1206 5110 Gaufridus
1233 5049 1463 5120 inclytus
1495 5062 1699 5110 comes,
1724 5055 1780 5099 et

217 5170 336 5207 uxor
354 5155 470 5223 eius
499 5149 831 5206 venerabilis
858 5147 1034 5214 Agnes
1059 5142 1358 5203 comitissa,
1393 5137 1780 5192 monasterium

217 5254 397 5298 sancta:
430 5252 486 5298 et
540 5239 833 5295 individua:
865 5235 1116 5290 Trinitati
1175 5232 1413 5285 dicatum
1464 5230 1516 5281 in
1564 5227 1783 5282 castello

217 5347 319 5394 suo.
352 5333 496 5402 quod
544 5329 908 5386 Vindocinum
963 5325 1184 5388 dicitur,
1217 5338 1282 5376 ex
1327 5329 1512 5374 nostro
1558 5318 1783 5371 consilio

215 5424 432 5492 propriis
461 5421 767 5491 sumptibus
793 5425 1231 5477 construxerunt,
1261 5421 1554 5480 nostroque
1588 5421 1642 5462 et
1665 5410 1781 5462 cle-

218 5513 438 5568 ricorum
463 5521 780 5568 nostrorum
803 5521 1028 5564 assensu
1058 5515 1113 5560 et
1151 5505 1504 5562 concessione
1533 5500 1591 5552 Β.
1622 5500 1782 5553 Petro

217 5613 266 5656 et
289 5603 401 5674 ejus
423 5604 683 5659 Romana:
708 5599 959 5654 Ecclesiae
987 5597 1040 5651 in
1062 5594 1443 5666 patrimonium
1473 5601 1526 5645 et
1549 5589 1779 5644 alodium

218 5695 540 5760 obtulerunt,
571 5695 767 5750 exinde
795 5691 991 5746 futura:
1027 5691 1152 5745 vita:
1187 5687 1574 5745 beatitudinem
1616 5700 1672 5737 se
1701 5682 1781 5736 fa-

280 5789 428 5861 (375)
461 5789 537 5844 De
563 5802 673 5858 quo
702 5787 756 5842 in
781 5785 920 5844 notis
949 5785 1016 5840 ad
1038 5782 1260 5840 Gotfridi
1283 5781 1442 5854 epist.
1467 5779 1499 5833 4
1526 5778 1614 5833 lib.
1643 5793 1679 5832 ι.

611 5978 692 5998 0-.-

485 6003 585 6052 εδ⁴
628 5999 728 6039 ..ἓ

1891 4867 2102 4922 felicius
2130 4877 2421 4921 exacturos
2473 4880 2576 4919 non
2621 4880 2753 4918 vana
2790 4879 2883 4934 spe
2928 4864 3276 4917 coalidentcs.
3310 4862 3465 4930 Quod

1889 4974 2012 5013 cum
2058 4973 2238 5012 rerum
2315 4973 2535 5010 suarum
2590 4953 3201 5026 amplitudineliberali
3253 4954 3468 5008 muniﬁ-

1889 5048 2067 5104 centia
2104 5048 2543 5117 locupletassent,
2592 5056 2647 5100 et
2700 5056 3143 5101 ornamentorum
3200 5045 3350 5100 vario
3403 5061 3467 5099 ac

1891 5138 2170 5207 multiplici
2203 5153 2402 5208 genere
2451 5139 2819 5201 decorassent,
2867 5137 2934 5192 ad
2977 5137 3118 5192 illius
3142 5137 3468 5192 venerabilis

1891 5229 1990 5283 loci
2023 5230 2414 5284 dedicationem
2460 5245 2578 5293 nos,
2612 5238 2667 5282 et
2696 5228 2895 5283 multos
2926 5228 3060 5284 alios
3089 5229 3371 5298 episcopos
3413 5237 3469 5281 et

1890 5321 2117 5374 abbates
2165 5328 2527 5383 vocaverunt,
2591 5329 2643 5373 et
2694 5329 2752 5373 ut
2814 5318 3009 5374 fratres
3060 5318 3188 5372 inibi
3243 5319 3353 5370 Deo
3395 5332 3464 5369 ex

1891 5410 1949 5464 S.
1981 5410 2250 5464 Benedicti
2277 5423 2466 5463 norma
2493 5409 2773 5463 militaturi
2809 5408 3154 5479 tranquillius
3180 5415 3236 5461 et
3261 5407 3465 5472 absque

1891 5501 1995 5554 ulla
2048 5501 2421 5570 inquietudine
2465 5510 2869 5570 permanerent,
2910 5501 3183 5571 petierunt
3211 5513 3240 5550 a
3285 5495 3460 5557 nobis,

1890 5605 1948 5648 ut
1993 5593 2252 5663 quidquid
2305 5593 2685 5648 redhibitionis
2732 5593 2845 5646 sive
2874 5591 3065 5645 debita:
3116 5585 3468 5654 subjectionis

1889 5694 2090 5742 nostra:
2143 5685 2435 5757 episcopali
2486 5685 2598 5741 sedi
2649 5683 2769 5739 alim
2825 5681 3137 5754 persolvunt
3184 5678 3464 5745 Ecclesiae,
