3986 6454
520 400 620 457 29!
1694 389 1993 447 APPEND.
2035 390 2126 446 AD
2164 389 2591 449 GOFFRIDUM.

519 512 646 569 huic
679 510 890 569 noviter
931 508 1230 571 mdiﬂcatsc,
1261 521 1358 576 pro
1401 519 1627 561 summa:
1660 503 1949 559 Trinitatis
1999 503 2098 558 ho-
2128 507 2179 566 Α
2631 502 2675 556 Α
2703 505 3021 561 monasterio
3049 502 3109 562 S.
3143 504 3379 563 Martini.

519 617 656 657 nore
683 610 737 656 et
767 614 971 662 amore,
995 610 1051 653 ct
1075 613 1261 653 eorum
1286 596 1702 666 supplicatione,
1735 596 1787 651 in
1811 599 2101 666 praesentia

518 704 894 761 personarum,
924 701 1045 756 qua:
1082 686 1148 739 ad
1179 684 1576 740 dedicationem
1604 696 1996 751 convenerant,
2024 703 2105 743 re-

524 780 882 841 mitteremns,
913 785 968 829 et
998 790 1066 829 ne
1095 775 1216 843 quis
1250 773 1538 829 ecclesiam
1568 774 1651 828 vel
1695 776 2098 845 possessionem

515 867 940 924 ecclesiasticam
969 865 1023 919 in
1055 864 1435 920 Vindocineusi
1455 865 1812 933 comitatu,in
1836 876 2101 938 quantum

522 957 590 1010 ad
619 964 860 1009 nostrum
893 953 1200 1023 pertinebat
1230 953 1625 1024 episcopatum,
1670 954 1827 1011 alteri
1871 956 2101 1012 abbatite

524 1046 627 1100 nisi
664 1044 1043 1101 Vindocinensi
1092 1045 1341 1110 donaret,
1367 1044 1452 1100 vel
1504 1047 1860 1117 concederet,
1912 1057 2102 1104 nostra

522 1135 846 1190 auctoritate
886 1134 1322 1204 prohiberemus.
1374 1134 1484 1190 Nos
1510 1150 1640 1190 vero
1664 1136 1807 1205 quod
1835 1138 1903 1191 ah
1948 1139 2103 1195 initio
2724 1137 3011 1196 A'cim’tate
3034 1137 3274 1198 Pictam.

517 1225 689 1294 ipsius
718 1226 1032 1281 monasterii
1060 1235 1115 1280 et
1141 1226 1241 1296 ipsi
1271 1226 1557 1296 petierant,
1588 1236 1643 1283 et
1665 1242 1766 1283 nos
1799 1227 2104 1286 feceramus

517 1316 875 1372 laudantibus
908 1317 1123 1372 clericis
1152 1318 1377 1384 nostris,
1405 1318 1457 1373 in
1491 1327 1640 1375 tanto
1685 1330 1949 1376 conventu
1970 1336 2101 1377 con-

517 1405 738 1459 ﬁrmare
762 1404 968 1475 justum
1017 1405 1349 1476 putavimus.
1402 1406 1785 1464 Concessimus
1818 1412 2002 1480 itaque
2047 1417 2103 1465 et

519 1496 903 1562 concedimus,
960 1506 1018 1551 ut
1079 1498 1395 1568 pradictum
1444 1501 1832 1555 monasterium
1881 1504 2105 1557 omnino

430 1576 441 1589 ’
520 1589 755 1643 liberum
803 1604 868 1643 ex
921 1598 1104 1645 nostra
1150 1603 1326 1660 parte,
1371 1592 1523 1647 etab
1558 1576 1710 1648 omni
1764 1594 2004 1665 SUbjCClit

1638 1595 1710 1648 ini
1764 1594 2103 1665 subiectione
2780 1593 2824 1646 Α
2853 1594 3212 1652 (ἔεηοηιαπηο.

530 1682 837 1737 absolutum
870 1683 1255 1754 perpetualiter
1290 1683 1510 1753 existat,
1564 1685 1763 1740 nullam
1815 1687 1972 1742 nobis
2019 1687 2105 1742 vel

524 1774 933 1830 successoribus
980 1775 1180 1830 nostris
1217 1783 1556 1845 potestatem,
1612 1776 1811 1831 nullam
1862 1779 2105 1833 domina-

533 1865 733 1921 tionem
760 1867 811 1920 in
840 1881 905 1921 eo
933 1865 1071 1931 loco,
1122 1867 1236 1931 sive
1284 1868 1337 1921 in
1383 1869 1783 1925 habitatoribus
1826 1870 1928 1925 loci
1971 1872 2103 1927 reti-
2136 1860 2179 1915 Β

529 1968 734 2022 nentes,
774 1959 869 2015 sed
915 1961 995 2016 eis
1040 1959 1297 2015 fraternae
1339 1963 1626 2018 charitatis
1669 1964 1957 2019 consilium
2000 1980 2099 2020 an-

525 2059 772 2115 nuentes,
804 2059 860 2104 et
908 2050 960 2104 in
1007 2066 1103 2106 sua
1146 2053 1475 2108 necessitate
1519 2061 1720 2108 nostra:
1767 2054 2104 2110 auctoritatis
2207 2050 2883 2162 ἦξῇξᾷιξδίιζὲψθηθηυε.

525 2141 777 2162 ,η-..μω
879 2141 1048 2162 nu“
1340 2147 1374 2162 ..
1972 2158 1981 2162 -
2055 2148 2066 2160 .

521 2141 805 2196 auxilium.
876 2141 1238 2201 Concedimus
1305 2147 1469 2200 etiam
1538 2146 1715 2202 eidem
1777 2148 2104 2205 monasterio

524 2231 787 2301 ίιιιῑάίιιιίά
845 2232 897 2287 in
945 2234 1256 2305 episcopatu
1293 2245 1479 2292 nostro
1529 2237 1693 2293 hodie
1740 2239 2000 2309 possidet,
2050 2249 2108 2296 et
2225 2231 2423 2277 """".'

2210 630 2494 691 Comedus
2524 632 2781 694 decanus.

2208 727 2511 785 Walterius
2551 739 2766 785 cantor.

2207 818 2499 891 Frogerius
2520 824 2882 880 subdecanus.

2206 910 2463 967 Albertus
2489 912 2833 970 cellararius.

2208 1000 2324 1057 Otlo
2353 1004 2666 1062 subcantor.

2207 1267 2475 1326 Arnulfus
2505 1269 2769 1330 decanus.

2207 1358 2517 1417 Willelmus
2537 1372 2751 1420 cantor.

2206 1451 2383 1510 Raino
2404 1463 2597 1510 cantor
2624 1453 2683 1511 8.
2714 1454 2931 1514 Hilarii.

2206 1724 2482 1781 Gerardus
2513 1735 2727 1782 cantor.

2207 1815 2469 1888 lngoisus.
2498 1817 2758 1874 lsbertus.

2206 1908 2554 1966 Ermenull‘us
2589 1911 2974 1969 scholasticus.

523 2322 783 2392 quidquid
816 2324 869 2377 in
912 2322 1095 2381 futuro
1142 2325 1290 2397 juste
1333 2328 1621 2398 acquirere
1669 2329 1887 2399 poterit,
1935 2340 1990 2385 et
2039 2345 2107 2386 ne
2685 2320 2733 2376 Α
2764 2322 2971 2378 “vim”
2999 2323 3302 2397 Αηάεςανα-

521 2413 645 2482 quis
676 2412 1000 2481 Ecclesiam,
1055 2429 1152 2470 seu
1193 2417 1491 2485 quamlibet
1521 2417 1774 2473 Ecclesiae
1809 2420 2107 2489 possessio-

522 2516 646 2557 uem
673 2501 724 2555 in
752 2503 1011 2557 comitatu
1037 2502 1418 2561 Vindociuensi
1453 2506 1521 2561 ad
1552 2515 1795 2562 nostram
1824 2508 2105 2565 dioecesim

521 2598 884 2669 pertinentem
950 2599 1107 2655 alteri
1173 2603 1505 2658 monasterio
1571 2604 1676 2661 nisi
1722 2607 2105 2664 Vindocineusi

526 2688 731 2745 tribuat
782 2689 868 2744 vel
913 2691 1211 2758 concedat,
1259 2692 1632 2763 prohibemus.
1683 2693 1837 2762 Quod
1889 2696 2106 2765 quidem

523 2780 891 2835 concessionis
933 2791 989 2836 et
1019 2780 1287 2838 libertatis
1327 2781 1726 2840 ﬁrmamentum
1768 2794 1829 2840 ut
1860 2787 2108 2844 veracius

523 2884 622 2939 per
651 2880 894 2942 tempora
943 2888 1261 2930 successura
1303 2876 1577 2941 credat-ar,
1631 2877 1946 2949 ﬁrmiusque
1975 2896 2108 2936 con-

524 2970 796 3029 servetur,
837 2973 1161 3033 pmentem
1206 2966 1455 3022 chartam
1513 2969 1784 3024 conscribi
1826 2970 2106 3043 jussimus,

525 3061 583 3109 et
611 3053 664 3107 in
691 3054 878 3108 auditu
917 3055 1195 3126 popularis
1222 3055 1544 3129 frequentia:
1571 3061 1812 3127 recitari,
1840 3071 1895 3118 et
1915 3080 2109 3121 omnes

530 3155 643 3200 tam
700 3147 1087 3204 ecclesiastica:
1167 3166 1327 3221 quam
1397 3153 1672 3209 saecularis
1727 3154 1933 3212 militia:
1984 3157 2111 3215 huic

2207 2449 2514 2508 Gauslenus
2540 2453 2801 2510 decanus.

2144 2592 2152 2604 ,
2207 2541 2556 2615 Beringerius
2579 2545 3024 2602 archidiaconus.

2209 2634 2529 2692 Buchardus
2570 2637 2969 2694 thesaurarius.

2210 2726 2507 2783 Rainaldus
2535 2730 2979 2788 archidiaconus.

2209 2817 2465 2875 Fulcoius
2486 2819 2825 2891 capellanus.

2209 2906 2451 2966 Joannes
2477 2911 2857 2970 scholasticus.

2210 2998 2516 3056 Gauslenus
2544 3016 2702 3072 puer.

2210 3089 2507 3148 Gaul‘ridus
2534 3107 2691 3161 puer.

537 3181 643 3200 ιιιιιι
700 3181 1087 3204 cunnum-auus;
1167 3181 1327 3221 quam
1397 3181 1672 3209 arcuum":
1727 3181 1933 3212 "nulla:
1984 3181 2111 3215 uutc
2143 3203 2177 3226 η
2213 3181 2408 3239 pou-us
2432 3184 2828 3243 subdiaconus.

537 3239 974 3299 nostracactioni
1024 3241 1332 3308 obviantes,
1389 3244 1495 3299 nisi
1538 3245 1729 3317 dignos
1775 3248 2106 3316 paenitentiae
2135 3228 2180 3262 υ

526 3344 692 3400 super
735 3331 840 3386 hoc
877 3331 1108 3388 fecerint
1135 3332 1367 3401 fructus,
1412 3336 1627 3406 publica
1668 3341 2108 3397 excommunica-
2686 3385 2695 3393 .
2789 3319 2868 3374 Ab
2913 3318 3224 3392 ῙηθοΙίδηιο·

526 3422 674 3476 ιίοιθ
720 3423 1118 3481 damnavimus.
1162 3424 1420 3482 Chartam
1469 3428 1636 3484 etiam
1684 3428 1844 3484 istam
1874 3435 2100 3505 propriis

1469 3428 1636 3484 etiam
1684 3428 1844 3484 ίεῑειιη
1874 3435 2109 3505 propriis
2213 3447 2531 3506 Gnillelmus
2558 3451 3001 3509 archidiaconus.

525 3512 777 3569 manibus
806 3515 1085 3584 posuimus
1114 3531 1278 3587 super
1326 3517 1499 3575 altare
1544 3521 1962 3584 Vindocinensis
1992 3541 2110 3581 mo.
2212 3538 2476 3597 Vivimus
2501 3542 2838 3612 οαρειιεηιιε,

526 3604 772 3672 nasterii,
802 3606 855 3661 in
882 3606 1097 3677 signum
1127 3615 1183 3662 et
1231 3610 1600 3670 testimonium
1628 3627 1904 3688 perpetua:
1936 3618 2107 3673 liber-

529 3700 678 3754 tatis.
708 3698 877 3769 Hujus
901 3712 1080 3756 autem
1114 3704 1191 3759 rei
1218 3714 1523 3763 assertores
1552 3718 1607 3764 et
1628 3677 1797 3767 testes
1826 3712 2108 3769 nobiscum
2320 3766 2327 3773 .
2697 3678 2742 3732 Α
2780 3677 3031 3735 samum
3070 3681 3303 3740 manu“

527 3789 747 3848 fuerunt
774 3794 1115 3853 honorabiles
1142 3811 1391 3868 persona:
1418 3801 1820 3874 episcoporum,
1851 3805 2106 3863 abbatum
2213 3811 2480 3869 Ranull‘us
2507 3813 2949 3873 archidiaconus.

528 3893 585 3955 et
606 3885 950 3944 clericorum.
2210 3901 2483 3959 Acbaldus
2510 3904 2950 3961 archidiaconus.

530 3974 790 4031 Arnulfus
819 3976 1163 4036 Turonorum
1196 3983 1641 4057 archiepiscOpns

524 4065 852 4106 icnlnharlnc
878 4068 1221 4106 Dinlnunmnm
1247 4037 1557 4106 nrn:a;|'nir:nal
2736 4037 2968 4093 Nom'na
3025 4039 3273 4096 abbatum
3337 4103 3340 4106 ,

526 4068 853 4124 isembertus
878 4068 1222 4129 Pictavorum
1246 4074 1555 4146 episcopus.

526 4156 820 4213 Gcrvasius
852 4159 1274 4219 Cenomanensis
1296 4166 1511 4234 praesul.
2214 4167 2367 4238 llugo
2389 4167 2455 4223 de
2485 4167 2853 4231 S._Salvatore
2884 4172 3066 4230 Karoil
3097 4176 3256 4232 abba.

526 4247 800 4306 llubertus
830 4253 1070 4321 pontifex
1088 4255 1517 4326 Andegavensis.
2213 4257 2542 4316 Fredericus
2574 4261 2642 4317 de
2664 4260 2722 4316 S.
2756 4262 3055 4321 Florentio.

526 4340 790 4399 Ger-aldus
818 4344 1225 4416 lngolismensis
1254 4348 1475 4417 pracsul.
2215 4348 2511 4409 Walterius
2531 4353 2597 4409 de
2622 4352 2681 4410 S.
2709 4354 2925 4411 Albino.

525 4436 806 4494 Amelinus
832 4438 1169 4495 Albiensium
1194 4440 1508 4511 episcopus.
2215 4442 2492 4501 Ebrardns
2523 4447 2593 4502 de
2622 4446 2682 4502 S.
2716 4446 2982 4505 Karilelo.

2145 4550 2191 4605 ι)
2217 4535 2514 4594 Landricus
2543 4539 2609 4594 de
2629 4539 2687 4594 S.
2719 4540 2882 4596 Petro
2904 4541 3161 4612 Carnot.}

1027 4575 1036 4600 ι
1143 4574 1155 4587 ο
1195 4575 1207 4587 ο
2146 4572 2191 4605 υ
2218 4572 2387 4592 υαΙΙυΙ
2401 4572 2514 4594 “sua
2543 4572 2601 4594 υς

1029 4575 1081 4645 .Α
1107 4584 1315 4629 civitate
1343 4572 1593 4629 Cornuto.
2215 4627 2501 4685 Durandus
2527 4629 2595 4685 de

1399 4587 1593 4629 amato.
2146 4572 2191 4605 U
2218 4572 2514 4594 ⁵⁴¹¹¹¹υ¹¹υυ¹δ
2543 4572 2609 4594 ιισ
2630 4572 2687 4594 υ·
2719 4572 2882 4596 Icuu
2904 4572 2973 4598 ua

2215 4627 2501 4685 Durandus
2527 4629 2595 4685 de
2621 4631 2678 4686 8.
2708 4631 2973 4691 Gildasio.

523 4709 786 4768 Arnull'us
823 4710 1116 4765 archidiac.
1149 4718 1204 4765 et
1226 4721 1546 4780 przcccntor.
2215 4717 2469 4774 Salomon
2494 4719 2559 4776 de
2584 4718 2893 4780 Bonavalle.

524 4802 792 4874 Georgius
813 4802 1256 4856 archidiaconus.
2214 4808 2367 4879 llngo
2395 4811 2694 4882 Longiledii
2739 4817 2930 4874 abbas.

529 4893 660 4961 Sigo
691 4891 945 4960 magister
964 4888 1301 4945 scholarum.
2213 4900 2381 4955 Falco
2413 4902 2478 4957 de
2499 4902 2556 4959 S.
2575 4902 2803 4963 Joanne.

527 4982 818 5049 Aginerius
844 4980 1182 5051 capellanus.
1689 5059 1702 5065 _
2214 4990 2509 5063 Ansegisus
2540 5010 2697 5065 pecc.

532 5071 873 5143 llildegarius
895 5072 1253 5129 subdecanus.
1689 5059 1703 5073 ’
2216 5059 2412 5136 Petrus
2441 5084 2506 5138 dc
2532 5059 2802 5143 Nantoilo.

531 5162 1070 5231 llilduinusjuvenis.
2217 5169 2468 5239 Algerius
2489 5172 2556 5227 de
2583 5172 2642 5229 8.
2670 5176 2938 5234 Amando.

532 5255 824 5317 Walterius
849 5255 1283 5315 archidiaconus.
1730 5296 1749 5306 κ
2162 5320 2167 5327 ,
2214 5261 2491 5318 Amaldus
2519 5265 2585 5320 de
2608 5266 2921 5338 Angeliaco.

2215 5352 2332 5407 Odo
2357 5354 2423 5409 de
2445 5354 2502 5410 8.
2536 5356 2759 5415 Sabino.

1046 5398 1085 5511 ᾼ
1109 5407 1311 5453 «vitale
1341 5396 1573 5453 Τανοηοο
2215 5444 2326 5499 Azo
2363 5446 2430 5502 de
2459 5446 2519 5503 S.
2546 5449 2812 5509 Michaele
2841 5454 3031 5511 eremi.

528 5527 674 5581 ano
699 5528 958 5585 decanus.
1069 5508 1074 5514 ’
2216 5537 2646 5598 Archembaldus
2673 5545 2739 5599 de
2779 5508 3153 5605 “uase—ntio.

529 5615 741 5672 Wenilo
766 5620 1061 5675 arcbidiac.
1085 5631 1137 5675 et
1163 5620 1566 5677 thesaurarius.
1832 5696 1838 5701 θ
2220 5628 2456 5687 Joannes
2494 5635 2839 5693 de’Luzione.

531 5704 801 5762 Rohertns
819 5708 1157 5766 cellararius.
2217 5721 2558 5782 Theobaldus
2589 5730 2653 5785 de
2683 5730 3003 5797 Quinciaco.

532 5794 820 5855 Gauterius
844 5797 1098 5856 aedituus.
2213 5811 2515 5873 Ansbertus
2544 5818 2610 5874 de
2649 5794 2992 5880 Ponteleveo.

3906 4932 3907 4957 1

3906 4992 3907 5001 η

3906 5016 3907 5053 1

3906 5100 3907 5119 1

3905 5194 3908 5211 1

3906 5232 3907 5241 η

3906 5246 3907 5285 1

3906 5288 3907 5325 1

3906 5338 3907 5361 1

3906 5368 3907 5383 1

3906 5394 3907 5419 1

3906 5426 3907 5439 1

3906 5450 3907 5469 1

3906 5548 3907 5579 1
