3986 6504
528 450 634 509 299
1521 431 1938 491 TiilOFRlDUS
1977 430 2198 485 ABBAS
2238 430 2836 487 EFTERNACENSIS.
3694 440 3775 496 δυο

529 570 687 636 Jesu,
711 570 843 622 sicut
898 572 944 616 et
968 561 1073 631 ipse
1101 556 1228 610 Iesu
1261 548 1473 613 Christi,
1498 548 1631 602 nihil
1664 547 1844 617 utique
1878 546 1972 599 tibi
2002 545 2251 613 tribuam,
2281 544 2382 599 nisi
2410 543 2550 615 quod
2583 545 2645 597 ab
2679 544 2917 597 omnibus
2940 540 3230 599 Christiani
3259 548 3485 602 nominis
3519 548 3774 611 hominibus

531 660 812 733 Apostolus
863 655 1019 718 serio,
1070 658 1119 704 ct
1173 646 1365 716 sazpius
1403 642 1454 714 (I
1486 641 1607 697 Cor.
1639 659 1710 707 IV,
1745 642 1841 707 16;
1877 657 1954 707 ιιι,
1993 642 2018 695 1
2055 658 2070 702 ς
2129 640 2362 711 Philipp.
2398 656 2484 707 ιιι,
2518 639 2608 711 17)
2639 640 2818 711 exigit.
2847 639 3035 712 Itaque
3055 642 3150 695 hoc
3192 642 3333 697 malo
3364 642 3536 696 dicere
3574 646 3704 727 quod
3724 652 3776 702 ad

531 776 701 815 meam
731 770 836 808 rem
862 747 1072 819 proprie
1095 744 1251 813 facit,
1286 758 1441 813 quam
1474 758 1560 794 eos
1593 740 1815 804 imitari,
1844 739 1933 809 qui
1964 739 2052 791 ubi
2082 738 2447 808 pra'fationcm
2495 748 2585 791 aut
2642 737 3025 792 dedicationem
3060 739 3316 804 scribunt,
3349 741 3527 793 omnia
3561 741 3775 809 undique,

531 857 688 912 etiam
713 859 925 906 externa
948 850 1341 904 consectantur,
1375 854 1494 908 qua:
1516 852 1724 906 quoquo
1750 835 1905 889 modo
1929 834 1998 886 ad
2040 833 2183 887 illius
2216 833 2719 887 commendationem
2745 845 2980 902 spectare
3009 834 3309 902 videantur,
3337 851 3490 907 quem
3521 836 3770 907 alloquun-

460 984 467 997 ι
529 962 638 1004 tur.
666 946 729 1005 Si
752 944 807 999 id
833 953 1068 1012 agerem,
1094 935 1315 1004 benigna
1340 933 1468 986 mihi
1495 941 1784 1001 suppeteret
1809 930 1980 1000 copia.
2017 928 2325 999 Suggereret
2355 928 2483 981 mihi
2509 927 2714 998 familia
2747 939 2862 993 tua,
2897 939 2950 981 ut
2982 928 3047 982 de
3069 928 3195 983 vivis
3218 929 3431 993 sileam,
3462 936 3661 984 tuorum
3684 929 3766 999 fra-

529 1053 670 1096 trum
700 1035 1105 1108 magnanimum
1133 1047 1254 1102 par,
1276 1028 1616 1082 Franciscum
1644 1038 1689 1081 et
1711 1027 2017 1089 Antonium,
2048 1024 2280 1094 peditum
2303 1026 2636 1094 equitumque
2656 1025 2954 1095 praefectos,
2978 1040 3109 1095 quos
3132 1041 3226 1096 pro
3241 1026 3438 1096 patria,
3465 1025 3770 1095 principibus.

529 1154 667 1210 rege,
694 1135 820 1206 fide,
850 1132 988 1196 Deo,
1010 1131 1267 1199 sanguine
1289 1143 1384 1181 suo
1406 1134 1745 1196 purpuratos,
1775 1123 2000 1177 alterum
2029 1121 2380 1192 Neoportum,
2411 1120 2632 1176 alterum
2664 1118 2974 1192 Reinberga,
2999 1120 3230 1192 gloriosa
3261 1130 3429 1176 morte
3458 1122 3770 1177 accumbentes

528 1235 681 1290 uidit.
715 1229 869 1287 Ultro
909 1232 1214 1282 occurreret
1245 1221 1384 1277 alius
1420 1219 1609 1289 frater,
1634 1217 1930 1281 Johannes,
1959 1217 2022 1270 de
2072 1215 2226 1286 cujus
2251 1217 2476 1286 episc0pi
2507 1216 2590 1270 sui
2634 1217 2786 1270 rebus
2814 1218 2970 1287 gestis
2993 1226 3040 1271 et
3081 1218 3188 1271 vita
3227 1217 3283 1271 in
3313 1216 3659 1271 illustrissimo
3678 1215 3769 1269 loco

528 1330 724 1403 posita,
749 1325 1102 1386 Atrebatum;
1133 1317 1533 1389 archiepiscopi,
1558 1314 1937 1379 Cameracum;
1973 1313 2230 1368 senatoris
2267 1314 2372 1377 sui,
2402 1310 2650 1368 Sanctius
2672 1314 2985 1381 concilium;
3021 1314 3179 1385 legati
3204 1314 3267 1367 de
3305 1313 3620 1385 gravissimis
3647 1312 3767 1366 rebus

530 1431 601 1485 ad
629 1445 683 1484 se
704 1425 875 1490 missi,
896 1434 1159 1477 summum
1188 1416 1440 1471 Ecclesia:
1458 1422 1613 1482 caput
1644 1412 1882 1483 pontifex
1895 1428 2064 1473 mauu,
2084 1410 2209 1480 quid
2232 1427 2337 1464 non
2359 1421 2559 1477 sancte,
2579 1421 2625 1465 et
2649 1411 2801 1482 quasi
2826 1427 2921 1481 pro
2938 1411 3255 1475 testimonio,
3282 1409 3572 1479 referrent?
3593 1408 3769 1479 lugere-

532 1536 610 1582 ret
638 1543 693 1581 se
715 1525 916 1580 interea
956 1519 1090 1572 alter
1114 1512 1531 1568 Atrebatensium
1560 1512 1853 1579 episcopus,
1885 1506 2226 1573 Franciscus,
2253 1517 2471 1578 patruus
2498 1517 2619 1562 tuus
2651 1507 2845 1578 major,
2887 1517 3129 1578 nepotum
3162 1508 3342 1578 utique
3375 1501 3536 1571 justi!
3559 1500 3765 1554 laudibus

530 1627 618 1696 pie
648 1621 959 1681 delectatus,
988 1613 1078 1668 sed
1116 1611 1225 1665 suis
1249 1612 1322 1662 ita
1350 1608 1573 1661 illustris
1604 1616 1658 1659 ut
1695 1622 1814 1660 eum
1842 1603 2173 1674 Burgundio,
2201 1602 2464 1671 Belgium,
2495 1603 2864 1674 grauissimum
2893 1604 3033 1658 orbis
3058 1614 3211 1657 terra?
3226 1601 3510 1662 theatrum,
3530 1595 3766 1650 concilium

537 1693 936 1772 Tridentinum,
972 1721 1034 1760 ac
1075 1705 1186 1774 ipse
1233 1702 1454 1772 denique
1490 1699 1632 1753 orbis
1665 1709 1842 1762 teme,
1901 1707 1973 1750 tot
2015 1696 2351 1751 nobilissimis
2386 1697 2538 1751 editis
2567 1696 2736 1764 libris,
2793 1712 2895 1751 non
2923 1695 3078 1749 modo
3102 1696 3227 1759 vita,
3268 1693 3609 1749 clarissimum
3638 1699 3766 1750 ιιοιιί.

535 1814 662 1870 Iam
692 1811 756 1865 de
788 1814 1004 1880 parente
1031 1813 1122 1857 tuo
1145 1799 1368 1869 pra'side
1397 1797 1717 1851 Richardoto
1748 1796 1868 1867 (hac
1891 1796 2029 1850 enim
2061 1795 2470 1865 nuncupatione,
2523 1794 2618 1849 etsi
2657 1793 2805 1847 aliud
2856 1792 3024 1846 addas
3052 1791 3206 1855 nihil,
3238 1800 3347 1845 tota
3376 1789 3586 1861 Eumpa
3608 1801 3671 1846 est
3695 1809 3768 1845 no-

536 1907 789 1979 tissimus)
821 1903 1032 1972 quando
1058 1897 1194 1951 mihi
1226 1896 1318 1948 uni
1347 1894 1523 1947 deesse
1547 1902 1720 1961 posset
1748 1891 1888 1962 quod
1932 1890 2180 1954 dicerem,
2212 1905 2328 1943 cum
2352 1889 2590 1960 pluribus
2619 1888 2960 1958 scriptoribus
2982 1895 3346 1957 argumentum
3369 1888 3676 1957 suggesserit,
3697 1889 3770 1959 qui

536 2010 727 2070 negant
768 2016 822 2053 se
847 1997 1052 2051 calamo
1084 1993 1402 2050 adumbrare
1440 2008 1591 2063 posse
1634 1990 1773 2060 quod
1807 1988 1896 2042 ille
1935 1988 2039 2044 vita
2081 1988 2368 2059 expressit?
2406 1986 2546 2041 Hinc
2569 1997 2770 2057 reperta
2814 1985 3097 2046 scribendi,
3139 1982 3503 2055 laudandique
3540 1986 3768 2056 ingeniosa

531 2096 630 2149 illa
676 2103 723 2149 et
745 2092 1043 2164 majestatis
1065 2090 1221 2159 plena
1242 2087 1569 2157 compendia.
1598 2084 1926 2155 Burgundia:
1952 2081 2198 2151 Pha'nix,
2227 2083 2359 2139 alter
2380 2083 2684 2146 Parmenio,
2704 2080 2985 2142 Leonidas,
3010 2077 3272 2150 Zopyrus,
3298 2076 3509 2142 Nestor,
3530 2081 3767 2135 Aristides.

536 2195 598 2250 Si
628 2193 757 2248 mihi
785 2190 849 2245 de
877 2189 992 2259 ejus
1025 2186 1175 2240 rebus
1196 2184 1354 2254 gestis
1387 2181 1666 2235 dicendum
1686 2190 1817 2234 esset
1850 2190 2024 2234 uterer
2049 2191 2097 2233 et
2138 2181 2247 2251 ipse
2274 2178 2607 2249 compendio,
2634 2187 2682 2231 et
2708 2186 2912 2229 tantum
2943 2175 3092 2248 verbo
3121 2174 3432 2241 indicarem,
3457 2177 3570 2247 ejus
3597 2180 3771 2241 potius.

533 2304 677 2343 mum
700 2286 981 2357 sapientia,
1013 2283 1383 2351 industriaque
1408 2280 1509 2333 tria
1535 2278 1871 2349 gravissima,
1899 2278 2444 2348 perniciosissimaque
2468 2274 2601 2330 bella
2628 2273 2882 2329 exstincta
2907 2273 3100 2344 fuisse:
3129 2273 3233 2326 duo
3264 2287 3382 2325 cum
3406 2272 3604 2328 duobus
3621 2283 3772 2343 poten-

536 2384 756 2439 tissimis
778 2381 1022 2453 regibus;
1053 2380 1284 2441 tertium,
1310 2390 1427 2429 cum
1457 2374 1652 2428 civibus
1682 2373 1876 2436 dicam,
1920 2389 1988 2426 an
2033 2372 2268 2426 hostibus
2322 2369 2635 2425 acerrimis?
2665 2368 2789 2423 lam
2831 2384 2993 2438 genus
3029 2377 3176 2420 tuum
3220 2377 3535 2434 maternum,
3587 2372 3773 2425 illustris

538 2478 743 2552 familia
773 2478 836 2532 de
858 2475 1240 2534 Baillencourt,
1287 2486 1406 2541 qua:
1441 2469 1631 2523 decora
1677 2468 1805 2520 mihi
1857 2467 2337 2538 suggereret?qua:
2387 2464 2648 2534 facinora,
2676 2462 2753 2518 vel
2791 2462 2955 2528 danti,
2986 2460 3065 2515 vel
3115 2460 3320 2514 militiae
3358 2464 3776 2529 pra'suntissima.’

540 2574 832 2645 Utriusque
854 2574 1067 2644 generis
1093 2572 1248 2641 longo
1276 2569 1461 2625 ordine
1489 2569 1656 2623 haeres
1679 2567 1939 2623 Claudius
1968 2567 2034 2622 de
2060 2565 2442 2632 Baillencourt,
2472 2565 2762 2620 triremium
2810 2566 3073 2635 totiusque
3099 2563 3303 2616 militiae
3347 2563 3621 2620 Melitensis
3654 2582 3770 2635 pm-

537 2673 732 2743 fectus,
762 2668 1125 2724 illustrissimo
1153 2665 1379 2737 principi
1408 2662 1477 2718 D.
1505 2662 1729 2729 Alophio
1754 2663 1818 2718 de
1834 2661 2201 2732 Wignacourt,
2220 2660 2412 2731 Magno
2439 2659 2792 2714 Meliteusium
2821 2656 3257 2728 Magistro,afﬁai
3285 2667 3409 2725 tuo;
3436 2658 3674 2729 simulque
3698 2659 3776 2712 toti

536 2765 854 2822 Christiana:
878 2765 1009 2833 reip.
1043 2777 1255 2833 operam
1280 2762 1565 2815 etiamnum
1597 2766 1837 2826 pratstat,
1871 2772 2025 2827 seque
2055 2766 2102 2810 et
2140 2756 2429 2825 majoribus
2452 2757 2562 2810 suis
2586 2756 2818 2826 dignam.
2857 2754 2963 2811 Sed
2984 2754 3099 2809 istis
3116 2753 3350 2823 omissis,
3385 2756 3549 2825 malo,
3570 2756 3638 2809 uti
3659 2755 3769 2818 dixi,

534 2880 599 2922 ea
617 2878 906 2920 memorare
941 2875 1056 2930 qua:
1085 2858 1294 2929 proprie
1321 2855 1390 2909 ad
1414 2866 1462 2909 te
1484 2856 1764 2925 pertinent,
1794 2852 1974 2909 lubens
1999 2853 2139 2908 enim
2166 2854 2327 2908 audio
2357 2854 2546 2908 bonum
2575 2862 2777 2923 poetam
2815 2871 2827 2906 :
3740 2850 3747 2855 ’

1433 2972 1568 3026 Nam
1593 2986 1782 3042 genus,
1811 2980 1865 3026 et
1902 2978 2234 3042 proavos,et
2258 2985 2379 3041 quia:
2409 2985 2513 3025 non
2553 2970 2777 3025 iecimus
2805 2969 2932 3041 ipsi,

1429 3067 1521 3120 Vix
1547 3081 1609 3122 ea
1637 3076 1821 3122 nostra
1853 3082 2010 3123 voco.

613 3198 792 3267 Neque
821 3206 991 3249 tamen
1021 3195 1196 3246 omnia
1227 3202 1317 3244 tua
1359 3192 1580 3244 dicenda
1614 3189 1777 3262 (quod
1813 3192 2112 3261 panegyrici
2154 3192 2326 3260 peius
2371 3191 2457 3255 sit,
2500 3206 2660 3261 quam
2690 3191 2854 3245 brevis
2884 3192 3140 3262 epistolis)
3176 3193 3266 3245 sed
3324 3211 3487 3248 unum
3518 3198 3770 3253 duntaxat,

535 3297 697 3366 quod,
726 3305 804 3358 ut,
829 3294 1003 3347 dicere
1024 3288 1376 3352 institueram,
1402 3302 1519 3341 cum
1546 3303 1625 3353 eo,
1652 3287 1793 3357 quod
1826 3286 1879 3339 in
1913 3286 2153 3339 manibus
2188 3286 2315 3339 mihi
2341 3294 2437 3350 est,
2463 3287 2536 3339 ita
2566 3297 2638 3339 est
2665 3285 3025 3355 conjunctum,
3054 3297 3109 3339 ut
3138 3287 3308 3340 omitti
3340 3304 3371 3339 a
3397 3303 3476 3340 me
3499 3301 3594 3338 non
3613 3285 3769 3352 possit.

532 3389 704 3459 Atque
731 3388 827 3442 hoc
853 3387 1022 3455 ipsum
1044 3385 1118 3439 sic
1147 3384 1341 3448 dicam,
1370 3392 1424 3436 ut
1459 3398 1561 3437 non
1599 3392 1706 3436 tam
1736 3381 1830 3435 tibi
1856 3381 1909 3434 id
1933 3381 2158 3435 tribuam
2183 3380 2336 3452 (vetat
2359 3381 2457 3435 hoc
2479 3381 2644 3449 pietas
2669 3390 2841 3448 tua,et
2859 3380 3131 3451 religiosus
3159 3380 3355 3452 pudor)
3373 3398 3530 3451 quam
3555 3380 3654 3433 Dea
3672 3377 3774 3445 Opt.

535 3476 689 3534 Max.
718 3481 757 3534 Α
796 3496 900 3550 quo
929 3492 1003 3535 est
1037 3496 1199 3537 Olmie
1233 3482 1419 3536 datum
1477 3480 1764 3549 optimum,
1795 3489 1850 3535 et
1887 3494 2048 3534 omne
2078 3480 2276 3534 donum
2328 3480 2627 3550 perlectum
2659 3477 2803 3549 (Jac.
2846 3495 2883 3543 ι,
2916 3479 3025 3549 17).
3054 3479 3127 3532 Ac
3149 3479 3227 3532 sic
3255 3479 3475 3549 faciam,
3497 3479 3627 3550 quod
3654 3478 3708 3530 de
3728 3494 3775 3530 se

532 3576 810 3643 proﬁtetur
836 3578 1041 3632 divinus
1071 3577 1503 3646 Bernardus,qui
1528 3575 1778 3646 quiddam
1810 3574 1873 3628 de
1896 3574 2153 3644 fratribus
2182 3576 2291 3628 suis
2315 3574 2721 3644 praedicaturus,
2743 3574 2981 3628 Laudem
3017 3574 3224 3627 Domini
3254 3575 3501 3644 loquetur
3518 3591 3575 3631 os
3603 3566 3772 3636 meum,

534 3669 730 3738 inquit,
761 3684 867 3723 non
909 3681 1170 3725 vostrum.
1205 3668 1387 3739 Hujus
1412 3670 1575 3739 igitur
1607 3669 1819 3723 Domini
1842 3668 2051 3723 laudem
2082 3679 2130 3723 et
2160 3687 2253 3741 ego
2291 3670 2474 3724 merito
2502 3671 2708 3741 loquor,
2738 3672 2829 3741 qui
2859 3681 2911 3724 ut
2937 3669 3187 3724 Maurum
3210 3687 3451 3740 puerum,
3483 3675 3578 3727 sibi
3597 3682 3778 3727 sancto-

533 3782 634 3836 que
665 3765 974 3831 Benedicto,
1002 3783 1032 3820 a
1055 3776 1270 3837 parente
1296 3766 1615 3836 Euthychio,
1664 3768 1804 3821 tradi
1857 3768 2091 3822 voluerat
2122 3784 2140 3822 :
2171 3769 2246 3821 sic
2286 3777 2335 3821 te
2360 3785 2486 3838 pene
2514 3770 2688 3822 adhuc
2722 3767 3001 3837 infantem,
3035 3767 3133 3822 sibi
3174 3772 3472 3825 consecrari
3506 3773 3669 3835 voluit,
3694 3788 3776 3840 pa-

534 3864 921 3918 trocinantibus
968 3874 1015 3918 et
1068 3864 1412 3920 educantibus
1444 3865 1623 3920 eodem
1673 3863 1730 3919 S.
1778 3863 2065 3920 Benedicto
2115 3875 2161 3919 et
2219 3863 2466 3928 Vedasto,
2502 3867 2555 3919 in
2579 3882 2802 3938 quorum
2832 3865 2994 3919 nobili
3019 3866 3270 3920 asceterio
3292 3868 3363 3921 ad
3401 3868 3595 3922 virilem
3636 3883 3776 3936 usque

535 3970 766 4026 (etatem,
800 3973 854 4016 ut
880 3972 950 4026 te,
980 3958 1189 4032 illisque
1210 3960 1428 4031 dignum
1460 3972 1595 4026 erat,
1629 3961 1848 4015 eductus
1879 3972 1927 4015 et
1973 3961 2290 4032 informatus
2320 3977 2336 4013 :
2367 3973 2419 4015 ut
2464 3965 2562 4015 hac
2589 3978 2792 4033 quoque
2822 3963 2874 4015 in
2908 3978 2960 4015 re
2990 3960 3239 4014 Maurum
3273 3961 3439 4016 uirum
3469 3961 3545 4015 vir
3573 3960 3776 4015 imitare‘

532 4054 629 4120 ris,
650 4055 739 4108 cui
767 4072 929 4125 puero
957 4072 1088 4125 puer
1122 4060 1448 4116 assimilatas
1470 4077 1624 4125 eras;
1650 4070 1873 4131 utroque
1903 4059 1994 4115 illo
2029 4061 2147 4114 divo
2173 4060 2392 4125 uolente,
2426 4060 2487 4116 S.
2512 4059 2857 4115 Willibrordo
2888 4060 3249 4114 commodatus
3276 4075 3356 4125 es,
3398 4062 3551 4131 cujus
3574 4060 3776 4129 familia:

533 4147 808 4219 Efternaci
831 4170 1108 4221 praeesses.
1140 4155 1210 4210 Id
1237 4156 1498 4228 quomodo
1543 4166 1780 4227 priestes,
1829 4173 1933 4211 non
1961 4157 2163 4222 dicam,
2194 4172 2257 4210 ne
2284 4175 2315 4210 a
2343 4157 2590 4212 laudibus
2623 4156 2836 4211 Domini
2885 4157 2955 4211 ad
3001 4166 3120 4211 tuas
3150 4156 3424 4226 deﬂexisse
3452 4158 3641 4212 videar.
3683 4152 3775 4208 Sed

531 4259 651 4299 eum
677 4246 847 4316 ipsum
883 4248 1166 4306 Dominum
1194 4253 1381 4307 merito
1406 4268 1608 4310 mecum
1644 4252 1849 4320 laudes,
1874 4254 1965 4324 qui
1992 4269 2107 4308 eam
2159 4253 2250 4308 tibi
2281 4265 2528 4319 mentem,
2577 4255 2906 4326 gratiamque
2950 4254 3251 4321 contulerit,
3286 4263 3342 4309 ut
3371 4269 3475 4310 non
3523 4255 3665 4310 modo
3685 4251 3777 4306 tuis

529 4340 657 4410 ﬁliis
680 4344 824 4397 omni
859 4360 953 4414 ope
979 4346 1297 4413 consuleres,
1329 4363 1504 4402 verum
1548 4349 1707 4401 etiam
1758 4357 1937 4417 patres
1963 4357 2079 4402 tuos
2122 4346 2256 4403 velut
2289 4366 2321 4402 a
2354 4349 2576 4403 mortuis
2628 4350 2903 4412 excitares,
2935 4358 2990 4402 ut
3020 4364 3086 4403 ea:
3112 4349 3195 4404 his
3216 4363 3422 4420 quoque
3449 4347 3679 4403 redivivis
3705 4344 3776 4398 illi

528 4440 800 4494 haurirent
833 4442 950 4495 vita:
977 4443 1138 4497 beata:
1156 4455 1435 4513 prcecepta,
1460 4453 1615 4512 atque
1644 4443 2059 4512 adhortationes,
2094 4454 2143 4500 te
2162 4444 2385 4516 singulis
2416 4444 2628 4499 illorum
2653 4446 2922 4500 occinente
2946 4443 3183 4500 salutare
3221 4444 3360 4501 illud
3390 4463 3597 4502 carmen
3626 4464 3639 4500 :

1452 4559 1629 4624 Disce,
1655 4575 1809 4631 puer,
1840 4561 2094 4617 virtutem
2123 4578 2188 4617 ex
2219 4561 2324 4628 liis,
2365 4577 2661 4632 verumque
2682 4561 2942 4630 laborem,

532 4663 624 4706 aut
672 4654 845 4724 potius
885 4655 1017 4709 illud
1065 4654 1339 4710 diuinioris
1387 4657 1515 4710 vatis
1545 4672 1563 4710 :
1611 4655 1890 4729 Interroga
1918 4666 2127 4728 patrem
2162 4668 2337 4726 tuum,
2358 4668 2413 4714 ct
2449 4658 2793 4715 annuutiabit
2816 4659 2911 4715 tibi
2941 4676 2953 4712 :
2986 4658 3223 4730 majores
3248 4671 3390 4734 tuos,
3420 4676 3477 4723 et
3500 4667 3668 4725 dicent
3687 4665 3777 4721 tibi

531 4744 712 4815 (Deut.
747 4764 920 4815 xxx",
952 4751 1026 4821 7).

601 4840 871 4897 Dubitabit
897 4844 1140 4914 fortassis
1163 4846 1435 4914 imperitus
1454 4848 1717 4918 quispiam
1745 4848 1873 4920 quid
1904 4850 2031 4903 mihi
2064 4850 2167 4904 ista
2192 4860 2517 4905 mortuorum
2553 4851 2864 4907 excitatione
2895 4853 3066 4907 velim.
3114 4855 3193 4907 An
3221 4872 3325 4909 non
3363 4853 3725 4925 quodammodo
3746 4869 3779 4905 ιι

531 4940 751 4992 mortuis
777 4942 997 5007 excitat,
1026 4945 1115 5012 qui
1141 4960 1228 4997 eos
1260 4946 1351 5014 qui
1383 4953 1491 4998 tam
1524 4944 1690 5001 altum
1721 4956 1795 5001 tot
1823 4947 2020 5002 serrula
2050 4947 2314 5003 silentium
2358 4951 2619 5011 tenebant,
2646 4949 2929 5020 loquentes.
2965 4953 3068 5006 imo
3094 4952 3384 5009 clamantes
3411 4954 3669 5024 inopinato
3702 4949 3782 5008 fa-

529 5034 600 5086 cit
619 5033 647 5085 Ρ
668 5034 845 5089 ΑΙιιιιιι
875 5039 1075 5093 tacebat
1106 5040 1435 5110 Thiofridus,
1462 5041 1881 5098 delitescentibus
1917 5046 1970 5099 in
2022 5045 2177 5099 unius
2223 5044 2543 5099 bibliothecm
2569 5046 2827 5116 angustiis
2851 5046 2962 5116 ejus
2993 5051 3364 5113 monumentis,
3406 5050 3787 5106 immortalitate

525 5128 891 5199 dignissimis;
916 5135 1072 5206 idque
1108 5154 1277 5191 annos
1298 5136 1412 5206 jam
1435 5140 1743 5208 quingentos
1766 5157 1924 5210 prope
1944 5151 1991 5194 et
2020 5142 2422 5212 quinquaginta.
2459 5140 2788 5212 Thiofrirlns,
2818 5142 2968 5213 cujus
2997 5142 3549 5208 FLouEs,sanctorum
3580 5138 3787 5196 tumuli‘

512 5228 746 5293 :aspersi,
776 5227 1112 5297 ipsitumulo,
1138 5243 1195 5285 ut
1218 5234 1292 5286 sic
1315 5232 1849 5297 dixerim,obliuionis
1875 5236 2088 5301 inclusi,
2119 5246 2166 5289 et
2196 5236 2428 5306 indigna:
2456 5237 2824 5307 ignorationis,
2853 5235 3082 5292 latebant
3111 5251 3129 5290 :
3161 5254 3277 5293 cum
3304 5236 3599 5308 dignissimi
3623 5226 3785 5288 essen‘

522 5313 615 5382 qui
645 5317 875 5372 onmium
905 5322 1113 5391 piorum
1172 5326 1392 5381 naribus
1434 5326 1849 5397 applicarentur,
1893 5331 2081 5401 quippe
2135 5331 2225 5401 qui
2255 5333 2359 5386 sint
2390 5331 2591 5397 Christi
2624 5332 2797 5388 bonus
2820 5334 2954 5389 odor
2993 5334 3126 5402 Deo,
3153 5344 3209 5390 et
3231 5336 3366 5390 odor
3393 5334 3516 5389 vita:
3546 5334 3598 5387 in
3624 5332 3785 5384 vitam

510 5408 593 5466 iis
617 5414 708 5483 qui
732 5415 866 5469 salvi
895 5419 1028 5473 limit
1050 5420 1135 5489 (ΙΙ
1177 5422 1301 5476 Cor.
1332 5438 1409 5484 ιι.
1436 5422 1521 5488 15,
1550 5423 1658 5494 iii).
1698 5424 1852 5491 Quod
1884 5427 2038 5495 siqui
2078 5428 2334 5481 immundi
2371 5428 2625 5482 scaraba‘i
2654 5428 2749 5482 hoc
2777 5437 2884 5483 tant
2929 5430 3077 5484 suavi
3114 5431 3273 5484 odore
3294 5425 3789 5501 affendentur,nihil

519 5503 743 5560 mirum:
761 5524 881 5562 nam
897 5511 1052 5565 etiam
1079 5511 1167 5567 ille
1182 5512 1345 5567 bonus
1375 5512 1716 5570 Christiodor
1739 5515 1802 5571 iis
1824 5516 1915 5586 qui
1932 5525 2179 5587 pereunt,
2196 5519 2331 5572 odor
2350 5526 2434 5572 est
2461 5519 2653 5574 mortis
2679 5519 2731 5571 in
2759 5530 2984 5583 mortem
3001 5521 3171 5590 (versu
3203 5522 3404 5577 decimo
3434 5522 3619 5592 sexto).
3635 5516 3791 5571 llum

517 5598 684 5668 igitur
713 5603 948 5672 odorem,
981 5606 1073 5660 hos
1105 5606 1316 5664 FLORES
1339 5611 1611 5679 producis,
1651 5608 1863 5667 Prwsul
1892 5611 2236 5682 amplissime,
2271 5630 2377 5667 non
2422 5623 2698 5669 contentus
2728 5616 2793 5668 iis
2834 5618 3079 5682 recreari,
3107 5618 3232 5682 nisi,
3261 5620 3404 5688 quod
3437 5621 3553 5674 sine
3577 5615 3793 5670 ﬁctione

518 5695 779 5764 didicisti,
809 5699 929 5756 sine
956 5701 1155 5757 invidia
1186 5704 1428 5760 omnibus
1476 5707 1851 5762 communices
1907 5705 2063 5778 (Sap.
2099 5722 2191 5773 vn,
2222 5707 2335 5778 1⁸5).
2369 5706 2597 5777 Magnas
2621 5708 2718 5771 tibi
2748 5708 2949 5764 debebit
2979 5726 3039 5764 eo
3071 5712 3282 5765 nomine
3308 5712 3451 5767 orbis
3477 5709 3793 5766 Chrstianus

517 5793 747 5857 gratias;
776 5795 867 5847 sed
900 5805 955 5849 tu
986 5797 1210 5866 majores
1238 5799 1343 5854 Deo
1375 5818 1394 5855 :
1425 5803 1514 5872 qui
1540 5812 1655 5871 post
1688 5812 1762 5856 tot
1795 5818 1989 5868 annos,
2015 5811 2063 5854 te
2090 5802 2422 5869 potissimum
2446 5802 2657 5872 elegerit
2691 5804 2831 5873 (cum
2856 5812 2930 5858 tot
2960 5804 3075 5873 alii,
3104 5804 3364 5875 Thiofridi
3393 5815 3513 5859 ante
3535 5816 3601 5867 te,
3625 5803 3795 5854 limes

519 5883 630 5961 des,
663 5885 724 5936 de
749 5900 828 5947 eo.
854 5903 996 5954 aque
1030 5900 1184 5959 atque
1210 5893 1335 5961 ipse,
1371 5894 1638 5962 siluerint)
1664 5895 1753 5961 qui
1776 5893 1910 5947 hanc
1938 5892 2217 5948 lucernam
2269 5893 2368 5950 sub
2412 5894 2591 5951 modio
2623 5895 2890 5964 latentem,
2932 5914 3095 5970 super
3128 5898 3516 5955 candelabrum
3569 5909 3796 5973 pouercs
