  <div class='ocr_page' id='page_1' title='image "/cluster/home/n/w/nwhite01/storage/ocr_20150623/157/hvd.32044010248185/156.png"; bbox 0 0 4034 6364; ppageno 0'>
   <div class='ocr_carea' id='block_1_1' title="bbox 376 345 3654 434">
    <p class='ocr_par' dir='ltr' id='par_1_1' title="bbox 376 345 3654 434">
     <span class='ocr_line' id='line_1_1' title="bbox 376 345 3654 434; baseline -0.001 -29"><span class='ocrx_word' id='word_1_1' title='bbox 376 351 474 406; x_wconf 72' lang='lat' dir='ltr'><strong><em>sm</em></strong></span> <span class='ocrx_word' id='word_1_2' title='bbox 1766 345 2181 416; x_wconf 78' lang='lat' dir='ltr'><strong><em>PROLOQUIA.</em></strong></span> <span class='ocrx_word' id='word_1_3' title='bbox 3547 373 3654 434; x_wconf 51' lang='lat'><strong><em>50,</em></strong></span> 
     </span>
    </p>
   </div>
   <div class='ocr_carea' id='block_1_2' title="bbox 379 456 3662 554">
    <p class='ocr_par' dir='ltr' id='par_1_2' title="bbox 379 456 3662 554">
     <span class='ocr_line' id='line_1_2' title="bbox 379 456 3662 554; baseline 0.005 -38"><span class='ocrx_word' id='word_1_4' title='bbox 379 460 599 536; x_wconf 61' lang='lat' dir='ltr'><strong><em>(Matth.</em></strong></span> <span class='ocrx_word' id='word_1_5' title='bbox 626 474 680 525; x_wconf 90' lang='lat' dir='ltr'><strong><em>v,</em></strong></span> <span class='ocrx_word' id='word_1_6' title='bbox 714 456 801 527; x_wconf 81' lang='grc'><strong>15)</strong></span> <span class='ocrx_word' id='word_1_7' title='bbox 825 467 871 511; x_wconf 90' lang='lat' dir='ltr'><strong><em>et</em></strong></span> <span class='ocrx_word' id='word_1_8' title='bbox 903 457 1218 522; x_wconf 75' lang='lat' dir='ltr'><strong><em>ostenderes,</em></strong></span> <span class='ocrx_word' id='word_1_9' title='bbox 1252 456 1343 511; x_wconf 86' lang='lat' dir='ltr'><strong><em>tibi</em></strong></span> <span class='ocrx_word' id='word_1_10' title='bbox 1379 456 1526 511; x_wconf 85' lang='lat' dir='ltr'><strong><em>cordi</em></strong></span> <span class='ocrx_word' id='word_1_11' title='bbox 1547 473 1658 511; x_wconf 86' lang='lat' dir='ltr'><strong><em>esse</em></strong></span> <span class='ocrx_word' id='word_1_12' title='bbox 1680 457 1811 512; x_wconf 79' lang='lat' dir='ltr'><strong><em>illud</em></strong></span> <span class='ocrx_word' id='word_1_13' title='bbox 1849 459 2117 530; x_wconf 87' lang='lat' dir='ltr'><strong><em>Sapientis</em></strong></span> <span class='ocrx_word' id='word_1_14' title='bbox 2147 475 2165 512; x_wconf 89' lang='lat'><em>:</em></span> <span class='ocrx_word' id='word_1_15' title='bbox 2198 461 2473 532; x_wconf 82' lang='lat' dir='ltr'><strong><em>Sapientia</em></strong></span> <span class='ocrx_word' id='word_1_16' title='bbox 2494 464 2829 537; x_wconf 82' lang='lat' dir='ltr'><strong><em>abscondita,</em></strong></span> <span class='ocrx_word' id='word_1_17' title='bbox 2861 482 2915 526; x_wconf 86' lang='lat' dir='ltr'><strong><em>et</em></strong></span> <span class='ocrx_word' id='word_1_18' title='bbox 2941 472 3254 529; x_wconf 87' lang='lat' dir='ltr'><strong><em>Thcsaurus</em></strong></span> <span class='ocrx_word' id='word_1_19' title='bbox 3283 477 3504 544; x_wconf 80' lang='lat' dir='ltr'><strong><em>invisus,</em></strong></span> <span class='ocrx_word' id='word_1_20' title='bbox 3539 499 3662 554; x_wconf 60' lang='lat' dir='ltr'><strong><em>quae</em></strong></span> 
     </span>
    </p>
   </div>
   <div class='ocr_carea' id='block_1_3' title="bbox 385 551 3661 638">
    <p class='ocr_par' dir='ltr' id='par_1_3' title="bbox 385 551 3661 638">
     <span class='ocr_line' id='line_1_3' title="bbox 385 551 3661 638; baseline 0.006 -26"><span class='ocrx_word' id='word_1_21' title='bbox 385 556 594 612; x_wconf 73' lang='lat' dir='ltr'><strong><em>utilitas</em></strong></span> <span class='ocrx_word' id='word_1_22' title='bbox 625 555 679 612; x_wconf 88' lang='lat' dir='ltr'><strong><em>in</em></strong></span> <span class='ocrx_word' id='word_1_23' title='bbox 718 552 1001 622; x_wconf 85' lang='lat' dir='ltr'><strong><em>utrisque?</em></strong></span> <span class='ocrx_word' id='word_1_24' title='bbox 1033 551 1224 616; x_wconf 88' lang='lat' dir='ltr'><strong><em>(Eccli.</em></strong></span> <span class='ocrx_word' id='word_1_25' title='bbox 1259 569 1350 618; x_wconf 81' lang='lat' dir='ltr'><strong><em>xx,</em></strong></span> <span class='ocrx_word' id='word_1_26' title='bbox 1380 552 1494 624; x_wconf 75' lang='grc'><strong>52).</strong></span> <span class='ocrx_word' id='word_1_27' title='bbox 1523 551 1654 618; x_wconf 80' lang='lat' dir='ltr'><strong><em>Qua:</em></strong></span> <span class='ocrx_word' id='word_1_28' title='bbox 1685 554 1795 608; x_wconf 73' lang='lat' dir='ltr'><strong><em>ha&#39;c</em></strong></span> <span class='ocrx_word' id='word_1_29' title='bbox 1819 555 2137 625; x_wconf 78' lang='lat' dir='ltr'><strong><em>Sapientia?</em></strong></span> <span class='ocrx_word' id='word_1_30' title='bbox 2163 559 2278 627; x_wconf 88' lang='lat' dir='ltr'><strong><em>quis</em></strong></span> <span class='ocrx_word' id='word_1_31' title='bbox 2309 559 2626 615; x_wconf 76' lang='lat' dir='ltr'><strong><em>thesaurus?</em></strong></span> <span class='ocrx_word' id='word_1_32' title='bbox 2659 562 2955 635; x_wconf 80' lang='lat' dir='ltr'><strong><em>Eptgraphe</em></strong></span> <span class='ocrx_word' id='word_1_33' title='bbox 2984 568 3249 638; x_wconf 90' lang='lat' dir='ltr'><strong><em>loquitur.</em></strong></span> <span class='ocrx_word' id='word_1_34' title='bbox 3284 569 3497 628; x_wconf 76' lang='lat' dir='ltr'><strong><em>FLOBES</em></strong></span> <span class='ocrx_word' id='word_1_35' title='bbox 3533 551 3661 634; x_wconf 58' lang='lat' dir='ltr'><strong><em>Ert-</em></strong></span> 
     </span>
    </p>
   </div>
   <div class='ocr_carea' id='block_1_4' title="bbox 381 647 3646 746">
    <p class='ocr_par' dir='ltr' id='par_1_4' title="bbox 381 647 3646 746">
     <span class='ocr_line' id='line_1_4' title="bbox 381 647 3646 746; baseline 0.004 -36"><span class='ocrx_word' id='word_1_36' title='bbox 381 669 560 710; x_wconf 74' lang='lat' dir='ltr'><strong><em>nruu</em></strong></span> <span class='ocrx_word' id='word_1_37' title='bbox 594 651 947 708; x_wconf 68' lang='lat' dir='ltr'><strong><em>Sancronuu.</em></strong></span> <span class='ocrx_word' id='word_1_38' title='bbox 979 648 1102 702; x_wconf 89' lang='lat' dir='ltr'><strong><em>Non</em></strong></span> <span class='ocrx_word' id='word_1_39' title='bbox 1129 659 1251 704; x_wconf 88' lang='lat' dir='ltr'><strong><em>sunt</em></strong></span> <span class='ocrx_word' id='word_1_40' title='bbox 1281 649 1336 702; x_wconf 91' lang='lat' dir='ltr'><strong><em>hi</em></strong></span> <span class='ocrx_word' id='word_1_41' title='bbox 1369 647 1560 704; x_wconf 86' lang='lat' dir='ltr'><strong><em>Flores</em></strong></span> <span class='ocrx_word' id='word_1_42' title='bbox 1586 648 1920 717; x_wconf 75' lang='lat' dir='ltr'><strong><em>decidentes,</em></strong></span> <span class='ocrx_word' id='word_1_43' title='bbox 1947 653 2135 722; x_wconf 80' lang='lat' dir='ltr'><strong><em>quibus</em></strong></span> <span class='ocrx_word' id='word_1_44' title='bbox 2171 653 2488 708; x_wconf 75' lang='lat' dir='ltr'><strong><em>horrendum</em></strong></span> <span class='ocrx_word' id='word_1_45' title='bbox 2523 656 2614 711; x_wconf 70' lang='lat' dir='ltr'><strong><em>Vae</em></strong></span> <span class='ocrx_word' id='word_1_46' title='bbox 2643 657 2842 713; x_wconf 79' lang='lat' dir='ltr'><strong><em>intonat</em></strong></span> <span class='ocrx_word' id='word_1_47' title='bbox 2870 663 3120 730; x_wconf 78' lang='lat' dir='ltr'><strong><em>propheta</em></strong></span> <span class='ocrx_word' id='word_1_48' title='bbox 3153 663 3288 733; x_wconf 88' lang='lat' dir='ltr'><strong><em>(Isa.</em></strong></span> <span class='ocrx_word' id='word_1_49' title='bbox 3343 681 3536 730; x_wconf 77' lang='lat' dir='ltr'><strong><em>xxvm,</em></strong></span> <span class='ocrx_word' id='word_1_50' title='bbox 3570 668 3646 746; x_wconf 79' lang='grc'><strong><em>1).</em></strong></span> 
     </span>
    </p>
   </div>
   <div class='ocr_carea' id='block_1_5' title="bbox 378 745 3658 825">
    <p class='ocr_par' dir='ltr' id='par_1_5' title="bbox 378 745 3658 825">
     <span class='ocr_line' id='line_1_5' title="bbox 378 745 3658 825; baseline 0.005 -19"><span class='ocrx_word' id='word_1_51' title='bbox 378 749 520 806; x_wconf 84' lang='lat' dir='ltr'><strong><em>Sunt</em></strong></span> <span class='ocrx_word' id='word_1_52' title='bbox 547 748 720 817; x_wconf 80' lang='lat' dir='ltr'><strong><em>potius</em></strong></span> <span class='ocrx_word' id='word_1_53' title='bbox 748 747 838 816; x_wconf 85' lang='lat' dir='ltr'><strong><em>qui</em></strong></span> <span class='ocrx_word' id='word_1_54' title='bbox 861 745 1014 816; x_wconf 81' lang='lat' dir='ltr'><strong><em>quasi</em></strong></span> <span class='ocrx_word' id='word_1_55' title='bbox 1051 759 1171 800; x_wconf 85' lang='lat' dir='ltr'><strong><em>rosa</em></strong></span> <span class='ocrx_word' id='word_1_56' title='bbox 1200 745 1442 814; x_wconf 88' lang='lat' dir='ltr'><strong><em>plantata</em></strong></span> <span class='ocrx_word' id='word_1_57' title='bbox 1477 761 1641 815; x_wconf 87' lang='lat' dir='ltr'><strong><em>super</em></strong></span> <span class='ocrx_word' id='word_1_58' title='bbox 1669 747 1822 803; x_wconf 83' lang='lat' dir='ltr'><strong><em>rivos</em></strong></span> <span class='ocrx_word' id='word_1_59' title='bbox 1858 763 2122 818; x_wconf 86' lang='lat' dir='ltr'><strong><em>aquarum</em></strong></span> <span class='ocrx_word' id='word_1_60' title='bbox 2183 749 2514 807; x_wconf 85' lang='lat' dir='ltr'><strong><em>lructilicent</em></strong></span> <span class='ocrx_word' id='word_1_61' title='bbox 2543 770 2557 806; x_wconf 90' lang='lat'><strong><em>:</em></strong></span> <span class='ocrx_word' id='word_1_62' title='bbox 2593 757 2748 824; x_wconf 87' lang='lat' dir='ltr'><strong><em>quasi</em></strong></span> <span class='ocrx_word' id='word_1_63' title='bbox 2795 756 3056 825; x_wconf 89' lang='lat' dir='ltr'><strong><em>Libanus,</em></strong></span> <span class='ocrx_word' id='word_1_64' title='bbox 3092 762 3314 816; x_wconf 87' lang='lat' dir='ltr'><strong><em>odorem</em></strong></span> <span class='ocrx_word' id='word_1_65' title='bbox 3367 745 3658 821; x_wconf 73' lang='lat' dir='ltr'><strong><em>suavitatis</em></strong></span> 
     </span>
    </p>
   </div>
   <div class='ocr_carea' id='block_1_6' title="bbox 378 842 3026 930">
    <p class='ocr_par' dir='ltr' id='par_1_6' title="bbox 378 842 3026 930">
     <span class='ocr_line' id='line_1_6' title="bbox 378 842 3026 930; baseline 0.005 -28"><span class='ocrx_word' id='word_1_66' title='bbox 378 847 641 912; x_wconf 78' lang='lat' dir='ltr'><strong><em>habeant;</em></strong></span> <span class='ocrx_word' id='word_1_67' title='bbox 676 844 830 915; x_wconf 87' lang='lat' dir='ltr'><strong><em>quasi</em></strong></span> <span class='ocrx_word' id='word_1_68' title='bbox 854 843 1024 898; x_wconf 89' lang='lat' dir='ltr'><strong><em>lilium</em></strong></span> <span class='ocrx_word' id='word_1_69' title='bbox 1048 842 1180 898; x_wconf 87' lang='lat' dir='ltr'><strong><em>dent</em></strong></span> <span class='ocrx_word' id='word_1_70' title='bbox 1203 845 1450 910; x_wconf 89' lang='lat' dir='ltr'><strong><em>odorem,</em></strong></span> <span class='ocrx_word' id='word_1_71' title='bbox 1485 853 1541 900; x_wconf 90' lang='lat' dir='ltr'><strong><em>et</em></strong></span> <span class='ocrx_word' id='word_1_72' title='bbox 1571 843 1861 901; x_wconf 79' lang='lat' dir='ltr'><strong><em>frondcant</em></strong></span> <span class='ocrx_word' id='word_1_73' title='bbox 1885 847 1938 902; x_wconf 89' lang='lat' dir='ltr'><strong><em>in</em></strong></span> <span class='ocrx_word' id='word_1_74' title='bbox 1965 849 2196 920; x_wconf 79' lang='lat' dir='ltr'><strong><em>gratiam</em></strong></span> <span class='ocrx_word' id='word_1_75' title='bbox 2227 850 2420 922; x_wconf 82' lang='lat' dir='ltr'><strong><em>(Eccli.</em></strong></span> <span class='ocrx_word' id='word_1_76' title='bbox 2453 868 2638 918; x_wconf 74' lang='lat' dir='ltr'><strong><em>XXXIX,</em></strong></span> <span class='ocrx_word' id='word_1_77' title='bbox 2674 855 2760 923; x_wconf 88' lang='grc'><strong><em>17,</em></strong></span> <span class='ocrx_word' id='word_1_78' title='bbox 2790 857 2878 922; x_wconf 86' lang='grc'><strong><em>18,</em></strong></span> <span class='ocrx_word' id='word_1_79' title='bbox 2915 859 3026 930; x_wconf 92' lang='grc'><strong>19).</strong></span> 
     </span>
    </p>
   </div>
   <div class='ocr_carea' id='block_1_7' title="bbox 451 940 3661 1012">
    <p class='ocr_par' dir='ltr' id='par_1_7' title="bbox 451 940 3661 1012">
     <span class='ocr_line' id='line_1_7' title="bbox 451 940 3661 1012; baseline 0.005 -16"><span class='ocrx_word' id='word_1_80' title='bbox 451 941 556 996; x_wconf 79' lang='lat' dir='ltr'><strong><em>Hic</em></strong></span> <span class='ocrx_word' id='word_1_81' title='bbox 584 940 816 996; x_wconf 80' lang='lat' dir='ltr'><strong><em>uidelicet</em></strong></span> <span class='ocrx_word' id='word_1_82' title='bbox 845 941 979 994; x_wconf 86' lang='lat' dir='ltr'><strong><em>odor</em></strong></span> <span class='ocrx_word' id='word_1_83' title='bbox 1005 956 1218 1010; x_wconf 77' lang='lat' dir='ltr'><strong><em>sagaces</em></strong></span> <span class='ocrx_word' id='word_1_84' title='bbox 1255 940 1350 994; x_wconf 89' lang='lat' dir='ltr'><strong><em>tibi</em></strong></span> <span class='ocrx_word' id='word_1_85' title='bbox 1378 957 1530 994; x_wconf 86' lang='lat' dir='ltr'><strong><em>nares</em></strong></span> <span class='ocrx_word' id='word_1_86' title='bbox 1562 941 1796 1011; x_wconf 80' lang='lat' dir='ltr'><strong><em>replevit,</em></strong></span> <span class='ocrx_word' id='word_1_87' title='bbox 1828 952 1876 997; x_wconf 91' lang='lat' dir='ltr'><strong><em>et</em></strong></span> <span class='ocrx_word' id='word_1_88' title='bbox 1911 944 2078 1012; x_wconf 75' lang='lat' dir='ltr'><strong><em>eﬁ‘ecit</em></strong></span> <span class='ocrx_word' id='word_1_89' title='bbox 2111 955 2166 998; x_wconf 90' lang='lat' dir='ltr'><strong><em>ut</em></strong></span> <span class='ocrx_word' id='word_1_90' title='bbox 2189 961 2440 1002; x_wconf 85' lang='lat' dir='ltr'><strong><em>curreres</em></strong></span> <span class='ocrx_word' id='word_1_91' title='bbox 2473 946 2524 1001; x_wconf 90' lang='lat' dir='ltr'><strong><em>in</em></strong></span> <span class='ocrx_word' id='word_1_92' title='bbox 2551 948 2771 1004; x_wconf 86' lang='lat' dir='ltr'><strong><em>odorem</em></strong></span> <span class='ocrx_word' id='word_1_93' title='bbox 2811 949 3030 1006; x_wconf 84' lang='lat' dir='ltr'><strong><em>Florum</em></strong></span> <span class='ocrx_word' id='word_1_94' title='bbox 3057 955 3300 1010; x_wconf 87' lang='lat' dir='ltr'><strong><em>istorum.</em></strong></span> <span class='ocrx_word' id='word_1_95' title='bbox 3334 953 3533 1010; x_wconf 86' lang='lat' dir='ltr'><strong><em>Parum</em></strong></span> <span class='ocrx_word' id='word_1_96' title='bbox 3561 957 3661 1012; x_wconf 84' lang='lat' dir='ltr'><strong><em>hoc</em></strong></span> 
     </span>
    </p>
   </div>
   <div class='ocr_carea' id='block_1_8' title="bbox 375 1029 3660 1116">
    <p class='ocr_par' dir='ltr' id='par_1_8' title="bbox 375 1029 3660 1116">
     <span class='ocr_line' id='line_1_8' title="bbox 375 1029 3660 1116; baseline 0.004 -30"><span class='ocrx_word' id='word_1_97' title='bbox 375 1033 472 1088; x_wconf 85' lang='lat' dir='ltr'><strong><em>tibi</em></strong></span> <span class='ocrx_word' id='word_1_98' title='bbox 510 1033 633 1103; x_wconf 84' lang='lat' dir='ltr'><strong><em>fuit.</em></strong></span> <span class='ocrx_word' id='word_1_99' title='bbox 667 1031 750 1086; x_wconf 86' lang='lat' dir='ltr'><strong><em>Ne</em></strong></span> <span class='ocrx_word' id='word_1_100' title='bbox 787 1047 974 1101; x_wconf 86' lang='lat' dir='ltr'><strong><em>parum</em></strong></span> <span class='ocrx_word' id='word_1_101' title='bbox 1004 1030 1148 1085; x_wconf 79' lang='lat' dir='ltr'><strong><em>utilis</em></strong></span> <span class='ocrx_word' id='word_1_102' title='bbox 1179 1029 1299 1103; x_wconf 84' lang='lat' dir='ltr'><strong><em>(etsi</em></strong></span> <span class='ocrx_word' id='word_1_103' title='bbox 1341 1046 1590 1100; x_wconf 81' lang='lat' dir='ltr'><strong><em>perquam</em></strong></span> <span class='ocrx_word' id='word_1_104' title='bbox 1623 1032 1829 1102; x_wconf 87' lang='lat' dir='ltr'><strong><em>gratus)</em></strong></span> <span class='ocrx_word' id='word_1_105' title='bbox 1873 1032 2138 1087; x_wconf 82' lang='lat' dir='ltr'><strong><em>videretur</em></strong></span> <span class='ocrx_word' id='word_1_106' title='bbox 2167 1035 2298 1088; x_wconf 87' lang='lat' dir='ltr'><strong><em>odor</em></strong></span> <span class='ocrx_word' id='word_1_107' title='bbox 2351 1050 2512 1104; x_wconf 66' lang='lat' dir='ltr'><strong><em>rosa},</em></strong></span> <span class='ocrx_word' id='word_1_108' title='bbox 2557 1036 2768 1099; x_wconf 88' lang='lat' dir='ltr'><strong><em>Libani.</em></strong></span> <span class='ocrx_word' id='word_1_109' title='bbox 2819 1039 2948 1105; x_wconf 88' lang='lat' dir='ltr'><strong>lilii;</strong></span> <span class='ocrx_word' id='word_1_110' title='bbox 2983 1041 3213 1099; x_wconf 80' lang='lat' dir='ltr'><strong><em>ell&#39;loruit</em></strong></span> <span class='ocrx_word' id='word_1_111' title='bbox 3257 1045 3350 1098; x_wconf 89' lang='lat' dir='ltr'><strong><em>tibi</em></strong></span> <span class='ocrx_word' id='word_1_112' title='bbox 3397 1045 3660 1116; x_wconf 77' lang='lat' dir='ltr'><strong><em>Thiofridi</em></strong></span> 
     </span>
    </p>
   </div>
   <div class='ocr_carea' id='block_1_9' title="bbox 373 1124 3658 1208">
    <p class='ocr_par' dir='ltr' id='par_1_9' title="bbox 373 1124 3658 1208">
     <span class='ocr_line' id='line_1_9' title="bbox 373 1124 3658 1208; baseline 0.004 -30"><span class='ocrx_word' id='word_1_113' title='bbox 373 1124 526 1190; x_wconf 79' lang='lat' dir='ltr'><strong><em>liber,</em></strong></span> <span class='ocrx_word' id='word_1_114' title='bbox 559 1135 812 1194; x_wconf 81' lang='lat' dir='ltr'><strong><em>tauquam</em></strong></span> <span class='ocrx_word' id='word_1_115' title='bbox 843 1142 1060 1195; x_wconf 71' lang='lat' dir='ltr'><strong><em>praecox</em></strong></span> <span class='ocrx_word' id='word_1_116' title='bbox 1095 1141 1219 1193; x_wconf 86' lang='lat' dir='ltr'><strong><em>uva,</em></strong></span> <span class='ocrx_word' id='word_1_117' title='bbox 1246 1135 1303 1182; x_wconf 88' lang='lat' dir='ltr'><strong><em>et</em></strong></span> <span class='ocrx_word' id='word_1_118' title='bbox 1327 1125 1574 1181; x_wconf 67' lang='lat' dir='ltr'><strong><em>ltetatum</em></strong></span> <span class='ocrx_word' id='word_1_119' title='bbox 1607 1136 1690 1182; x_wconf 90' lang='lat' dir='ltr'><strong><em>est</em></strong></span> <span class='ocrx_word' id='word_1_120' title='bbox 1715 1143 1812 1182; x_wconf 79' lang='lat' dir='ltr'><strong><em>cor</em></strong></span> <span class='ocrx_word' id='word_1_121' title='bbox 1848 1136 1997 1182; x_wconf 89' lang='lat' dir='ltr'><strong><em>tuum</em></strong></span> <span class='ocrx_word' id='word_1_122' title='bbox 2028 1128 2079 1182; x_wconf 88' lang='lat' dir='ltr'><strong><em>in</em></strong></span> <span class='ocrx_word' id='word_1_123' title='bbox 2107 1144 2169 1183; x_wconf 88' lang='lat' dir='ltr'><strong><em>ea</em></strong></span> <span class='ocrx_word' id='word_1_124' title='bbox 2205 1128 2395 1200; x_wconf 88' lang='lat' dir='ltr'><strong><em>(Eccli.</em></strong></span> <span class='ocrx_word' id='word_1_125' title='bbox 2449 1147 2524 1198; x_wconf 86' lang='lat' dir='ltr'><strong><em>LI,</em></strong></span> <span class='ocrx_word' id='word_1_126' title='bbox 2561 1133 2678 1203; x_wconf 87' lang='grc'><strong>19).</strong></span> <span class='ocrx_word' id='word_1_127' title='bbox 2711 1132 2942 1204; x_wconf 83' lang='lat' dir='ltr'><strong><em>Longius</em></strong></span> <span class='ocrx_word' id='word_1_128' title='bbox 2982 1147 3030 1190; x_wconf 89' lang='lat' dir='ltr'><strong><em>te</em></strong></span> <span class='ocrx_word' id='word_1_129' title='bbox 3057 1140 3288 1208; x_wconf 72' lang='lat' dir='ltr'><strong><em>provexit</em></strong></span> <span class='ocrx_word' id='word_1_130' title='bbox 3314 1142 3426 1194; x_wconf 75' lang='lat' dir='ltr'><strong><em>Iure</em></strong></span> <span class='ocrx_word' id='word_1_131' title='bbox 3451 1140 3658 1194; x_wconf 75' lang='lat' dir='ltr'><strong><em>ltetitia.</em></strong></span> 
     </span>
    </p>
   </div>
   <div class='ocr_carea' id='block_1_10' title="bbox 377 1217 3659 1292">
    <p class='ocr_par' dir='ltr' id='par_1_10' title="bbox 377 1217 3659 1292">
     <span class='ocr_line' id='line_1_10' title="bbox 377 1217 3659 1292; baseline 0.004 -19"><span class='ocrx_word' id='word_1_132' title='bbox 377 1217 708 1273; x_wconf 87' lang='lat' dir='ltr'><strong><em>Consiliatus</em></strong></span> <span class='ocrx_word' id='word_1_133' title='bbox 735 1232 814 1284; x_wconf 92' lang='lat' dir='ltr'><strong><em>es,</em></strong></span> <span class='ocrx_word' id='word_1_134' title='bbox 849 1227 907 1273; x_wconf 88' lang='lat' dir='ltr'><strong><em>ut</em></strong></span> <span class='ocrx_word' id='word_1_135' title='bbox 931 1233 1225 1276; x_wconf 87' lang='lat' dir='ltr'><strong><em>enarrares</em></strong></span> <span class='ocrx_word' id='word_1_136' title='bbox 1277 1221 1408 1282; x_wconf 87' lang='lat' dir='ltr'><strong><em>quid</em></strong></span> <span class='ocrx_word' id='word_1_137' title='bbox 1456 1221 1510 1275; x_wconf 88' lang='lat' dir='ltr'><strong><em>hi</em></strong></span> <span class='ocrx_word' id='word_1_138' title='bbox 1543 1219 1753 1275; x_wconf 75' lang='lat' dir='ltr'><strong><em>FLones</em></strong></span> <span class='ocrx_word' id='word_1_139' title='bbox 1808 1219 1986 1274; x_wconf 86' lang='lat' dir='ltr'><strong><em>odoris</em></strong></span> <span class='ocrx_word' id='word_1_140' title='bbox 2031 1219 2344 1284; x_wconf 79' lang='lat' dir='ltr'><strong><em>funderent,-</em></strong></span> <span class='ocrx_word' id='word_1_141' title='bbox 2373 1231 2421 1275; x_wconf 91' lang='lat' dir='ltr'><strong><em>et</em></strong></span> <span class='ocrx_word' id='word_1_142' title='bbox 2460 1224 2744 1275; x_wconf 86' lang='lat' dir='ltr'><strong><em>enarrandi</em></strong></span> <span class='ocrx_word' id='word_1_143' title='bbox 2781 1225 2981 1292; x_wconf 76' lang='lat' dir='ltr'><strong><em>studio,</em></strong></span> <span class='ocrx_word' id='word_1_144' title='bbox 3018 1235 3075 1280; x_wconf 90' lang='lat' dir='ltr'><strong><em>ut</em></strong></span> <span class='ocrx_word' id='word_1_145' title='bbox 3105 1227 3287 1284; x_wconf 83' lang='lat' dir='ltr'><strong><em>lurore</em></strong></span> <span class='ocrx_word' id='word_1_146' title='bbox 3315 1230 3552 1292; x_wconf 86' lang='lat' dir='ltr'><strong><em>repletus</em></strong></span> <span class='ocrx_word' id='word_1_147' title='bbox 3579 1245 3659 1288; x_wconf 84' lang='lat' dir='ltr'><strong><em>es.</em></strong></span> 
     </span>
    </p>
   </div>
   <div class='ocr_carea' id='block_1_11' title="bbox 379 1313 944 1385">
    <p class='ocr_par' dir='ltr' id='par_1_11' title="bbox 379 1313 944 1385">
     <span class='ocr_line' id='line_1_11' title="bbox 379 1313 944 1385; baseline 0.004 -19"><span class='ocrx_word' id='word_1_148' title='bbox 379 1313 573 1385; x_wconf 81' lang='lat' dir='ltr'><strong><em>(Eccli.</em></strong></span> <span class='ocrx_word' id='word_1_149' title='bbox 608 1329 805 1377; x_wconf 63' lang='grc' dir='ltr'>χχχιχ,</span> <span class='ocrx_word' id='word_1_150' title='bbox 833 1313 944 1384; x_wconf 76' lang='grc'><strong>16).</strong></span> 
     </span>
    </p>
   </div>
   <div class='ocr_carea' id='block_1_12' title="bbox 453 1404 3665 1487">
    <p class='ocr_par' dir='ltr' id='par_1_12' title="bbox 453 1404 3665 1487">
     <span class='ocr_line' id='line_1_12' title="bbox 453 1404 3665 1487; baseline 0.004 -29"><span class='ocrx_word' id='word_1_151' title='bbox 453 1405 604 1458; x_wconf 77' lang='lat' dir='ltr'><strong><em>Nihil</em></strong></span> <span class='ocrx_word' id='word_1_152' title='bbox 629 1405 696 1459; x_wconf 88' lang='lat' dir='ltr'><strong><em>do</em></strong></span> <span class='ocrx_word' id='word_1_153' title='bbox 735 1405 950 1460; x_wconf 82' lang='lat' dir='ltr'><strong><em>auribus</em></strong></span> <span class='ocrx_word' id='word_1_154' title='bbox 989 1406 1115 1461; x_wconf 86' lang='lat' dir='ltr'><strong><em>tuis.</em></strong></span> <span class='ocrx_word' id='word_1_155' title='bbox 1158 1407 1302 1462; x_wconf 82' lang='lat' dir='ltr'><strong><em>Adeo</em></strong></span> <span class='ocrx_word' id='word_1_156' title='bbox 1327 1418 1376 1462; x_wconf 88' lang='lat' dir='ltr'><strong><em>te</em></strong></span> <span class='ocrx_word' id='word_1_157' title='bbox 1427 1408 1532 1462; x_wconf 81' lang='lat' dir='ltr'><strong><em>vidi</em></strong></span> <span class='ocrx_word' id='word_1_158' title='bbox 1562 1406 1688 1477; x_wconf 82' lang='lat' dir='ltr'><strong><em>ferri</em></strong></span> <span class='ocrx_word' id='word_1_159' title='bbox 1727 1409 1782 1460; x_wconf 89' lang='lat' dir='ltr'><strong><em>iu</em></strong></span> <span class='ocrx_word' id='word_1_160' title='bbox 1817 1408 2003 1461; x_wconf 88' lang='lat' dir='ltr'><strong><em>horum</em></strong></span> <span class='ocrx_word' id='word_1_161' title='bbox 2037 1404 2257 1460; x_wconf 81' lang='lat' dir='ltr'><strong><em>Florum</em></strong></span> <span class='ocrx_word' id='word_1_162' title='bbox 2287 1407 2661 1477; x_wconf 81' lang='lat' dir='ltr'><strong><em>uulgationem,</em></strong></span> <span class='ocrx_word' id='word_1_163' title='bbox 2691 1419 2746 1463; x_wconf 90' lang='lat' dir='ltr'><strong><em>ut</em></strong></span> <span class='ocrx_word' id='word_1_164' title='bbox 2782 1427 2954 1466; x_wconf 78' lang='lat' dir='ltr'><strong><em>revera</em></strong></span> <span class='ocrx_word' id='word_1_165' title='bbox 3000 1414 3129 1481; x_wconf 77' lang='lat' dir='ltr'><strong><em>ferri</em></strong></span> <span class='ocrx_word' id='word_1_166' title='bbox 3162 1417 3354 1484; x_wconf 84' lang='lat' dir='ltr'><strong><em>potius,</em></strong></span> <span class='ocrx_word' id='word_1_167' title='bbox 3387 1433 3542 1487; x_wconf 84' lang='lat' dir='ltr'><strong><em>quant</em></strong></span> <span class='ocrx_word' id='word_1_168' title='bbox 3571 1427 3665 1471; x_wconf 86' lang='lat' dir='ltr'><strong><em>tua</em></strong></span> 
     </span>
    </p>
   </div>
   <div class='ocr_carea' id='block_1_13' title="bbox 377 1498 3664 1576">
    <p class='ocr_par' dir='ltr' id='par_1_13' title="bbox 377 1498 3664 1576">
     <span class='ocr_line' id='line_1_13' title="bbox 377 1498 3664 1576; baseline 0.003 -24"><span class='ocrx_word' id='word_1_169' title='bbox 377 1507 560 1568; x_wconf 86' lang='lat' dir='ltr'><strong><em>sponte</em></strong></span> <span class='ocrx_word' id='word_1_170' title='bbox 588 1515 740 1568; x_wconf 89' lang='lat' dir='ltr'><strong><em>agere</em></strong></span> <span class='ocrx_word' id='word_1_171' title='bbox 768 1499 1033 1554; x_wconf 81' lang='lat' dir='ltr'><strong><em>videreris.</em></strong></span> <span class='ocrx_word' id='word_1_172' title='bbox 1067 1498 1203 1554; x_wconf 81' lang='lat' dir='ltr'><strong><em>Mihi</em></strong></span> <span class='ocrx_word' id='word_1_173' title='bbox 1231 1499 1442 1571; x_wconf 88' lang='lat' dir='ltr'><strong><em>quidem</em></strong></span> <span class='ocrx_word' id='word_1_174' title='bbox 1472 1500 1580 1555; x_wconf 75' lang='lat' dir='ltr'><strong><em>visa</em></strong></span> <span class='ocrx_word' id='word_1_175' title='bbox 1598 1509 1670 1553; x_wconf 91' lang='lat' dir='ltr'><strong><em>est</em></strong></span> <span class='ocrx_word' id='word_1_176' title='bbox 1702 1499 1813 1553; x_wconf 73' lang='lat' dir='ltr'><strong><em>lucc</em></strong></span> <span class='ocrx_word' id='word_1_177' title='bbox 1837 1513 2048 1570; x_wconf 66' lang='lat' dir='ltr'><strong><em>praecox</em></strong></span> <span class='ocrx_word' id='word_1_178' title='bbox 2080 1514 2181 1552; x_wconf 88' lang='lat' dir='ltr'><strong><em>uva</em></strong></span> <span class='ocrx_word' id='word_1_179' title='bbox 2222 1499 2383 1554; x_wconf 85' lang='lat' dir='ltr'><strong><em>odore</em></strong></span> <span class='ocrx_word' id='word_1_180' title='bbox 2430 1515 2527 1553; x_wconf 88' lang='lat' dir='ltr'><strong><em>suo</em></strong></span> <span class='ocrx_word' id='word_1_181' title='bbox 2558 1515 2607 1554; x_wconf 89' lang='lat' dir='ltr'><strong><em>te</em></strong></span> <span class='ocrx_word' id='word_1_182' title='bbox 2633 1500 2936 1558; x_wconf 87' lang='lat' dir='ltr'><strong><em>inebriasse.</em></strong></span> <span class='ocrx_word' id='word_1_183' title='bbox 2985 1507 3059 1558; x_wconf 80' lang='lat' dir='ltr'><strong><em>Ac</em></strong></span> <span class='ocrx_word' id='word_1_184' title='bbox 3091 1506 3166 1559; x_wconf 88' lang='lat' dir='ltr'><strong><em>sic</em></strong></span> <span class='ocrx_word' id='word_1_185' title='bbox 3198 1506 3372 1560; x_wconf 82' lang='lat' dir='ltr'><strong><em>factus</em></strong></span> <span class='ocrx_word' id='word_1_186' title='bbox 3400 1509 3550 1576; x_wconf 87' lang='lat' dir='ltr'><strong><em>quasi</em></strong></span> <span class='ocrx_word' id='word_1_187' title='bbox 3580 1509 3664 1563; x_wconf 89' lang='lat' dir='ltr'><strong><em>vir</em></strong></span> 
     </span>
    </p>
   </div>
   <div class='ocr_carea' id='block_1_14' title="bbox 375 1593 3651 1672">
    <p class='ocr_par' dir='ltr' id='par_1_14' title="bbox 375 1593 3651 1672">
     <span class='ocr_line' id='line_1_14' title="bbox 375 1593 3651 1672; baseline 0.002 -22"><span class='ocrx_word' id='word_1_188' title='bbox 375 1594 582 1660; x_wconf 75' lang='lat' dir='ltr'><strong><em>ebrius,</em></strong></span> <span class='ocrx_word' id='word_1_189' title='bbox 617 1603 672 1650; x_wconf 89' lang='lat' dir='ltr'><strong><em>et</em></strong></span> <span class='ocrx_word' id='word_1_190' title='bbox 698 1595 853 1664; x_wconf 84' lang='lat' dir='ltr'><strong><em>quasi</em></strong></span> <span class='ocrx_word' id='word_1_191' title='bbox 881 1596 1043 1651; x_wconf 85' lang='lat' dir='ltr'><strong><em>homo</em></strong></span> <span class='ocrx_word' id='word_1_192' title='bbox 1072 1596 1326 1651; x_wconf 87' lang='lat' dir='ltr'><strong><em>madidus</em></strong></span> <span class='ocrx_word' id='word_1_193' title='bbox 1371 1611 1401 1650; x_wconf 89' lang='lat' dir='ltr'><strong><em>a</em></strong></span> <span class='ocrx_word' id='word_1_194' title='bbox 1432 1595 1556 1651; x_wconf 91' lang='lat' dir='ltr'><strong><em>vino</em></strong></span> <span class='ocrx_word' id='word_1_195' title='bbox 1584 1611 1615 1651; x_wconf 78' lang='grc' dir='ltr'><strong><em>ιι</em></strong></span> <span class='ocrx_word' id='word_1_196' title='bbox 1646 1593 1783 1650; x_wconf 84' lang='lat' dir='ltr'><strong><em>facie</em></strong></span> <span class='ocrx_word' id='word_1_197' title='bbox 1818 1595 2104 1650; x_wconf 77' lang='lat' dir='ltr'><strong><em>verborum</em></strong></span> <span class='ocrx_word' id='word_1_198' title='bbox 2137 1603 2449 1651; x_wconf 88' lang='lat' dir='ltr'><strong><em>sanctorum</em></strong></span> <span class='ocrx_word' id='word_1_199' title='bbox 2484 1595 2700 1668; x_wconf 76' lang='lat' dir='ltr'><strong><em>(Jerem.</em></strong></span> <span class='ocrx_word' id='word_1_200' title='bbox 2739 1615 2898 1664; x_wconf 77' lang='lat' dir='ltr'><strong><em>xxiii,</em></strong></span> <span class='ocrx_word' id='word_1_201' title='bbox 2925 1599 2980 1670; x_wconf 87' lang='lat'><strong><em>9)</em></strong></span> <span class='ocrx_word' id='word_1_202' title='bbox 3013 1617 3130 1672; x_wconf 74' lang='lat' dir='ltr'><strong><em>qua:</em></strong></span> <span class='ocrx_word' id='word_1_203' title='bbox 3180 1617 3272 1670; x_wconf 87' lang='lat' dir='ltr'><strong><em>per</em></strong></span> <span class='ocrx_word' id='word_1_204' title='bbox 3301 1601 3563 1672; x_wconf 79' lang='lat' dir='ltr'><strong><em>’l&#39;hiofridi</em></strong></span> <span class='ocrx_word' id='word_1_205' title='bbox 3593 1621 3651 1657; x_wconf 93' lang='lat' dir='ltr'><strong><em>os</em></strong></span> 
     </span>
    </p>
   </div>
   <div class='ocr_carea' id='block_1_15' title="bbox 377 1685 3661 1763">
    <p class='ocr_par' dir='ltr' id='par_1_15' title="bbox 377 1685 3661 1763">
     <span class='ocr_line' id='line_1_15' title="bbox 377 1685 3661 1763; baseline 0.003 -23"><span class='ocrx_word' id='word_1_206' title='bbox 377 1685 635 1741; x_wconf 86' lang='lat' dir='ltr'><strong><em>Dominus</em></strong></span> <span class='ocrx_word' id='word_1_207' title='bbox 656 1686 830 1756; x_wconf 77' lang='lat' dir='ltr'><strong><em>fundit</em></strong></span> <span class='ocrx_word' id='word_1_208' title='bbox 856 1706 869 1741; x_wconf 91' lang='lat'>:</span> <span class='ocrx_word' id='word_1_209' title='bbox 895 1690 1101 1744; x_wconf 75' lang='lat' dir='ltr'><strong><em>sensisti</em></strong></span> <span class='ocrx_word' id='word_1_210' title='bbox 1131 1690 1184 1744; x_wconf 88' lang='lat' dir='ltr'><strong><em>in</em></strong></span> <span class='ocrx_word' id='word_1_211' title='bbox 1209 1689 1371 1744; x_wconf 86' lang='lat' dir='ltr'><strong><em>corde</em></strong></span> <span class='ocrx_word' id='word_1_212' title='bbox 1393 1698 1506 1754; x_wconf 87' lang='lat' dir='ltr'><strong><em>tuo,</em></strong></span> <span class='ocrx_word' id='word_1_213' title='bbox 1531 1688 1686 1758; x_wconf 88' lang='lat' dir='ltr'><strong><em>quasi</em></strong></span> <span class='ocrx_word' id='word_1_214' title='bbox 1715 1689 1891 1760; x_wconf 81' lang='lat' dir='ltr'><strong><em>ignem</em></strong></span> <span class='ocrx_word' id='word_1_215' title='bbox 1922 1698 2332 1755; x_wconf 77' lang='lat' dir='ltr'><strong><em>exmstuantem,</em></strong></span> <span class='ocrx_word' id='word_1_216' title='bbox 2362 1698 2418 1744; x_wconf 88' lang='lat' dir='ltr'><strong><em>et</em></strong></span> <span class='ocrx_word' id='word_1_217' title='bbox 2443 1687 2689 1748; x_wconf 75' lang='lat' dir='ltr'><strong><em>deiecisti</em></strong></span> <span class='ocrx_word' id='word_1_218' title='bbox 2717 1691 2856 1746; x_wconf 88' lang='lat' dir='ltr'><strong><em>l‘crre</em></strong></span> <span class='ocrx_word' id='word_1_219' title='bbox 2883 1708 2989 1746; x_wconf 88' lang='lat' dir='ltr'><strong><em>non</em></strong></span> <span class='ocrx_word' id='word_1_220' title='bbox 3025 1693 3299 1748; x_wconf 82' lang='lat' dir='ltr'><strong><em>sustinens</em></strong></span> <span class='ocrx_word' id='word_1_221' title='bbox 3329 1693 3545 1763; x_wconf 84' lang='lat' dir='ltr'><strong><em>(Jerem.</em></strong></span> <span class='ocrx_word' id='word_1_222' title='bbox 3571 1711 3661 1750; x_wconf 63' lang='lat' dir='ltr'><strong><em>xx»</em></strong></span> 
     </span>
    </p>
   </div>
   <div class='ocr_carea' id='block_1_16' title="bbox 377 1781 3664 1856">
    <p class='ocr_par' dir='ltr' id='par_1_16' title="bbox 377 1781 3664 1856">
     <span class='ocr_line' id='line_1_16' title="bbox 377 1781 3664 1856; baseline 0.003 -18"><span class='ocrx_word' id='word_1_223' title='bbox 377 1782 456 1854; x_wconf 84' lang='lat'><strong><em>9).</em></strong></span> <span class='ocrx_word' id='word_1_224' title='bbox 491 1782 676 1853; x_wconf 87' lang='lat' dir='ltr'><strong><em>Itaque</em></strong></span> <span class='ocrx_word' id='word_1_225' title='bbox 713 1783 834 1837; x_wconf 88' lang='lat' dir='ltr'><strong><em>totis</em></strong></span> <span class='ocrx_word' id='word_1_226' title='bbox 863 1787 1027 1853; x_wconf 87' lang='lat' dir='ltr'><strong><em>portis</em></strong></span> <span class='ocrx_word' id='word_1_227' title='bbox 1055 1787 1270 1856; x_wconf 88' lang='lat' dir='ltr'><strong><em>apertis,</em></strong></span> <span class='ocrx_word' id='word_1_228' title='bbox 1307 1786 1446 1838; x_wconf 87' lang='lat' dir='ltr'><strong><em>hunc</em></strong></span> <span class='ocrx_word' id='word_1_229' title='bbox 1471 1784 1702 1846; x_wconf 86' lang='lat' dir='ltr'><strong><em>odorem.</em></strong></span> <span class='ocrx_word' id='word_1_230' title='bbox 1741 1783 1835 1838; x_wconf 86' lang='lat' dir='ltr'><strong><em>hos</em></strong></span> <span class='ocrx_word' id='word_1_231' title='bbox 1879 1781 2063 1839; x_wconf 82' lang='lat' dir='ltr'><strong><em>Flores</em></strong></span> <span class='ocrx_word' id='word_1_232' title='bbox 2091 1784 2303 1848; x_wconf 88' lang='lat' dir='ltr'><strong><em>emittis,</em></strong></span> <span class='ocrx_word' id='word_1_233' title='bbox 2335 1793 2381 1837; x_wconf 90' lang='lat' dir='ltr'><strong><em>et</em></strong></span> <span class='ocrx_word' id='word_1_234' title='bbox 2411 1781 2604 1852; x_wconf 85' lang='lat' dir='ltr'><strong><em>publici</em></strong></span> <span class='ocrx_word' id='word_1_235' title='bbox 2635 1784 2780 1853; x_wconf 86' lang='lat' dir='ltr'><strong><em>juris</em></strong></span> <span class='ocrx_word' id='word_1_236' title='bbox 2819 1786 2954 1854; x_wconf 79' lang='lat' dir='ltr'><strong><em>fucis</em></strong></span> <span class='ocrx_word' id='word_1_237' title='bbox 2996 1788 3131 1841; x_wconf 87' lang='lat' dir='ltr'><strong><em>hunc</em></strong></span> <span class='ocrx_word' id='word_1_238' title='bbox 3162 1789 3488 1846; x_wconf 88' lang='lat' dir='ltr'><strong><em>Thcsaurun:</em></strong></span> <span class='ocrx_word' id='word_1_239' title='bbox 3533 1793 3664 1848; x_wconf 86' lang='lat' dir='ltr'><strong><em>hac-</em></strong></span> 
     </span>
    </p>
   </div>
   <div class='ocr_carea' id='block_1_17' title="bbox 375 1879 940 1935">
    <p class='ocr_par' dir='ltr' id='par_1_17' title="bbox 375 1879 940 1935">
     <span class='ocr_line' id='line_1_17' title="bbox 375 1879 940 1935; baseline -0.009 -1"><span class='ocrx_word' id='word_1_240' title='bbox 375 1889 526 1935; x_wconf 85' lang='lat' dir='ltr'><strong><em>tenus</em></strong></span> <span class='ocrx_word' id='word_1_241' title='bbox 555 1879 940 1934; x_wconf 74' lang='lat' dir='ltr'><strong><em>absconditum.</em></strong></span> 
     </span>
    </p>
   </div>
   <div class='ocr_carea' id='block_1_18' title="bbox 453 1970 3662 2044">
    <p class='ocr_par' dir='ltr' id='par_1_18' title="bbox 453 1970 3662 2044">
     <span class='ocr_line' id='line_1_18' title="bbox 453 1970 3662 2044; baseline 0.001 -16"><span class='ocrx_word' id='word_1_242' title='bbox 453 1974 554 2029; x_wconf 81' lang='lat' dir='ltr'><strong><em>llic</em></strong></span> <span class='ocrx_word' id='word_1_243' title='bbox 585 1976 885 2039; x_wconf 84' lang='lat' dir='ltr'><strong><em>thesaurus,</em></strong></span> <span class='ocrx_word' id='word_1_244' title='bbox 912 1983 967 2027; x_wconf 89' lang='lat' dir='ltr'><strong><em>ut</em></strong></span> <span class='ocrx_word' id='word_1_245' title='bbox 997 1973 1050 2026; x_wconf 90' lang='lat' dir='ltr'><strong><em>in</em></strong></span> <span class='ocrx_word' id='word_1_246' title='bbox 1081 1981 1168 2026; x_wconf 90' lang='lat' dir='ltr'><strong><em>tuo</em></strong></span> <span class='ocrx_word' id='word_1_247' title='bbox 1195 1972 1359 2041; x_wconf 78' lang='lat' dir='ltr'><strong><em>fundo</em></strong></span> <span class='ocrx_word' id='word_1_248' title='bbox 1387 1973 1650 2036; x_wconf 86' lang='lat' dir='ltr'><strong><em>inventus,</em></strong></span> <span class='ocrx_word' id='word_1_249' title='bbox 1681 1970 1750 2024; x_wconf 87' lang='lat' dir='ltr'><strong><em>ad</em></strong></span> <span class='ocrx_word' id='word_1_250' title='bbox 1780 1979 1828 2023; x_wconf 90' lang='lat' dir='ltr'><strong><em>te</em></strong></span> <span class='ocrx_word' id='word_1_251' title='bbox 1843 1973 1966 2042; x_wconf 86' lang='lat' dir='ltr'><strong><em>jure</em></strong></span> <span class='ocrx_word' id='word_1_252' title='bbox 1994 1973 2147 2037; x_wconf 87' lang='lat' dir='ltr'><strong><em>redit,</em></strong></span> <span class='ocrx_word' id='word_1_253' title='bbox 2197 1977 2293 2028; x_wconf 88' lang='lat' dir='ltr'><strong><em>etsi</em></strong></span> <span class='ocrx_word' id='word_1_254' title='bbox 2334 1984 2426 2027; x_wconf 90' lang='lat' dir='ltr'><strong><em>tua</em></strong></span> <span class='ocrx_word' id='word_1_255' title='bbox 2455 1973 2792 2041; x_wconf 83' lang='lat' dir='ltr'><strong><em>liberalitate,</em></strong></span> <span class='ocrx_word' id='word_1_256' title='bbox 2827 1977 3062 2028; x_wconf 88' lang='lat' dir='ltr'><strong><em>omnium</em></strong></span> <span class='ocrx_word' id='word_1_257' title='bbox 3101 1977 3336 2044; x_wconf 79' lang='lat' dir='ltr'><strong><em>futurus.</em></strong></span> <span class='ocrx_word' id='word_1_258' title='bbox 3369 1975 3440 2030; x_wconf 77' lang='lat' dir='ltr'><strong><em>lli</em></strong></span> <span class='ocrx_word' id='word_1_259' title='bbox 3477 1975 3662 2032; x_wconf 81' lang='lat' dir='ltr'><strong><em>Flores</em></strong></span> 
     </span>
    </p>
   </div>
   <div class='ocr_carea' id='block_1_19' title="bbox 374 2068 3658 2140">
    <p class='ocr_par' dir='ltr' id='par_1_19' title="bbox 374 2068 3658 2140">
     <span class='ocr_line' id='line_1_19' title="bbox 374 2068 3658 2140; baseline 0 -16"><span class='ocrx_word' id='word_1_260' title='bbox 374 2087 445 2125; x_wconf 78' lang='lat' dir='ltr'><strong><em>ea:</em></strong></span> <span class='ocrx_word' id='word_1_261' title='bbox 465 2081 554 2125; x_wconf 91' lang='lat' dir='ltr'><strong><em>tuo</em></strong></span> <span class='ocrx_word' id='word_1_262' title='bbox 585 2072 736 2126; x_wconf 91' lang='lat' dir='ltr'><strong><em>horto</em></strong></span> <span class='ocrx_word' id='word_1_263' title='bbox 764 2070 904 2135; x_wconf 88' lang='lat' dir='ltr'><strong><em>lecti,</em></strong></span> <span class='ocrx_word' id='word_1_264' title='bbox 931 2068 1023 2122; x_wconf 92' lang='lat' dir='ltr'><strong><em>tibi</em></strong></span> <span class='ocrx_word' id='word_1_265' title='bbox 1041 2069 1368 2138; x_wconf 86' lang='lat' dir='ltr'><strong><em>potissimum</em></strong></span> <span class='ocrx_word' id='word_1_266' title='bbox 1393 2068 1688 2137; x_wconf 63' lang='lat' dir='ltr'><strong><em>oﬂeruntur</em></strong></span> <span class='ocrx_word' id='word_1_267' title='bbox 1710 2085 1813 2123; x_wconf 86' lang='lat' dir='ltr'><strong><em>non</em></strong></span> <span class='ocrx_word' id='word_1_268' title='bbox 1839 2069 2050 2123; x_wconf 86' lang='lat' dir='ltr'><strong><em>suavius</em></strong></span> <span class='ocrx_word' id='word_1_269' title='bbox 2067 2068 2386 2138; x_wconf 76' lang='lat' dir='ltr'><strong><em>fragrantes,</em></strong></span> <span class='ocrx_word' id='word_1_270' title='bbox 2410 2069 2500 2123; x_wconf 87' lang='lat' dir='ltr'><strong><em>sed</em></strong></span> <span class='ocrx_word' id='word_1_271' title='bbox 2528 2071 2749 2123; x_wconf 86' lang='lat' dir='ltr'><strong><em>nitentes</em></strong></span> <span class='ocrx_word' id='word_1_272' title='bbox 2773 2068 3044 2138; x_wconf 87' lang='lat' dir='ltr'><strong><em>aliquanto</em></strong></span> <span class='ocrx_word' id='word_1_273' title='bbox 3062 2069 3373 2138; x_wconf 84' lang='lat' dir='ltr'><strong><em>jucundius.</em></strong></span> <span class='ocrx_word' id='word_1_274' title='bbox 3398 2068 3658 2140; x_wconf 88' lang='lat' dir='ltr'><strong><em>Opellam,</em></strong></span> 
     </span>
    </p>
   </div>
   <div class='ocr_carea' id='block_1_20' title="bbox 373 2164 3664 2238">
    <p class='ocr_par' dir='ltr' id='par_1_20' title="bbox 373 2164 3664 2238">
     <span class='ocr_line' id='line_1_20' title="bbox 373 2164 3664 2238; baseline 0.001 -18"><span class='ocrx_word' id='word_1_275' title='bbox 373 2183 558 2238; x_wconf 83' lang='lat' dir='ltr'><strong><em>quam,</em></strong></span> <span class='ocrx_word' id='word_1_276' title='bbox 584 2178 634 2222; x_wconf 91' lang='lat' dir='ltr'><strong><em>te</em></strong></span> <span class='ocrx_word' id='word_1_277' title='bbox 658 2169 879 2235; x_wconf 86' lang='lat' dir='ltr'><strong><em>volente,</em></strong></span> <span class='ocrx_word' id='word_1_278' title='bbox 909 2167 1141 2237; x_wconf 83' lang='lat' dir='ltr'><strong><em>impendi</em></strong></span> <span class='ocrx_word' id='word_1_279' title='bbox 1175 2183 1277 2220; x_wconf 90' lang='lat' dir='ltr'><strong><em>non</em></strong></span> <span class='ocrx_word' id='word_1_280' title='bbox 1301 2177 1421 2237; x_wconf 88' lang='lat' dir='ltr'><strong><em>peto</em></strong></span> <span class='ocrx_word' id='word_1_281' title='bbox 1450 2175 1504 2220; x_wconf 90' lang='lat' dir='ltr'><strong><em>ut</em></strong></span> <span class='ocrx_word' id='word_1_282' title='bbox 1537 2166 1658 2222; x_wconf 91' lang='lat' dir='ltr'><strong><em>boni</em></strong></span> <span class='ocrx_word' id='word_1_283' title='bbox 1693 2167 1960 2222; x_wconf 85' lang='lat' dir='ltr'><strong><em>consulas.</em></strong></span> <span class='ocrx_word' id='word_1_284' title='bbox 1991 2164 2280 2221; x_wconf 88' lang='lat' dir='ltr'><strong><em>Persuadet</em></strong></span> <span class='ocrx_word' id='word_1_285' title='bbox 2322 2168 2419 2221; x_wconf 85' lang='lat' dir='ltr'><strong><em>hoc</em></strong></span> <span class='ocrx_word' id='word_1_286' title='bbox 2453 2177 2544 2221; x_wconf 91' lang='lat' dir='ltr'><strong><em>tua</em></strong></span> <span class='ocrx_word' id='word_1_287' title='bbox 2577 2168 2669 2222; x_wconf 88' lang='lat' dir='ltr'><strong><em>tibi</em></strong></span> <span class='ocrx_word' id='word_1_288' title='bbox 2707 2169 3012 2222; x_wconf 79' lang='lat' dir='ltr'><strong><em>humanitas</em></strong></span> <span class='ocrx_word' id='word_1_289' title='bbox 3032 2209 3046 2234; x_wconf 84' lang='lat'><strong><em>,</em></strong></span> <span class='ocrx_word' id='word_1_290' title='bbox 3069 2170 3154 2222; x_wconf 88' lang='lat' dir='ltr'><strong><em>cui</em></strong></span> <span class='ocrx_word' id='word_1_291' title='bbox 3193 2169 3422 2238; x_wconf 75' lang='lat' dir='ltr'><strong><em>injurias</em></strong></span> <span class='ocrx_word' id='word_1_292' title='bbox 3455 2171 3555 2223; x_wconf 88' lang='lat' dir='ltr'><strong><em>sim</em></strong></span> <span class='ocrx_word' id='word_1_293' title='bbox 3576 2209 3592 2233; x_wconf 92' lang='lat'><strong><em>,</em></strong></span> <span class='ocrx_word' id='word_1_294' title='bbox 3615 2170 3664 2224; x_wconf 88' lang='lat' dir='ltr'><strong><em>si</em></strong></span> 
     </span>
    </p>
   </div>
   <div class='ocr_carea' id='block_1_21' title="bbox 373 2257 3662 2335">
    <p class='ocr_par' dir='ltr' id='par_1_21' title="bbox 373 2257 3662 2335">
     <span class='ocr_line' id='line_1_21' title="bbox 373 2257 3662 2335; baseline 0.002 -24"><span class='ocrx_word' id='word_1_295' title='bbox 373 2257 563 2312; x_wconf 80' lang='lat' dir='ltr'><strong><em>odiose</em></strong></span> <span class='ocrx_word' id='word_1_296' title='bbox 604 2261 842 2330; x_wconf 81' lang='lat' dir='ltr'><strong><em>ﬂagitem</em></strong></span> <span class='ocrx_word' id='word_1_297' title='bbox 869 2261 1014 2332; x_wconf 86' lang='lat' dir='ltr'><strong><em>quod</em></strong></span> <span class='ocrx_word' id='word_1_298' title='bbox 1041 2273 1224 2332; x_wconf 79' lang='lat' dir='ltr'><strong><em>sponte</em></strong></span> <span class='ocrx_word' id='word_1_299' title='bbox 1249 2262 1377 2315; x_wconf 88' lang='lat' dir='ltr'><strong><em>mihi</em></strong></span> <span class='ocrx_word' id='word_1_300' title='bbox 1395 2261 1641 2332; x_wconf 76' lang='lat' dir='ltr'><strong><em>porrigit.</em></strong></span> <span class='ocrx_word' id='word_1_301' title='bbox 1667 2261 1851 2317; x_wconf 84' lang='lat' dir='ltr'><strong><em>Faciet</em></strong></span> <span class='ocrx_word' id='word_1_302' title='bbox 1876 2263 2078 2330; x_wconf 76' lang='lat' dir='ltr'><strong><em>eadem,</em></strong></span> <span class='ocrx_word' id='word_1_303' title='bbox 2111 2272 2165 2317; x_wconf 91' lang='lat' dir='ltr'><strong><em>ut</em></strong></span> <span class='ocrx_word' id='word_1_304' title='bbox 2194 2279 2254 2318; x_wconf 89' lang='lat' dir='ltr'><strong><em>eo</em></strong></span> <span class='ocrx_word' id='word_1_305' title='bbox 2285 2263 2516 2318; x_wconf 87' lang='lat' dir='ltr'><strong><em>alacrius</em></strong></span> <span class='ocrx_word' id='word_1_306' title='bbox 2548 2280 2844 2318; x_wconf 87' lang='lat' dir='ltr'><strong><em>recenseam</em></strong></span> <span class='ocrx_word' id='word_1_307' title='bbox 2877 2263 3050 2318; x_wconf 82' lang='lat' dir='ltr'><strong><em>Vitam</em></strong></span> <span class='ocrx_word' id='word_1_308' title='bbox 3076 2267 3251 2335; x_wconf 82' lang='lat' dir='ltr'><strong><em>magni</em></strong></span> <span class='ocrx_word' id='word_1_309' title='bbox 3289 2266 3457 2319; x_wconf 84' lang='lat' dir='ltr'><strong><em>sancti</em></strong></span> <span class='ocrx_word' id='word_1_310' title='bbox 3481 2265 3662 2319; x_wconf 83' lang='lat' dir='ltr'><strong><em>Willi-</em></strong></span> 
     </span>
    </p>
   </div>
   <div class='ocr_carea' id='block_1_22' title="bbox 371 2353 3664 2430">
    <p class='ocr_par' dir='ltr' id='par_1_22' title="bbox 371 2353 3664 2430">
     <span class='ocr_line' id='line_1_22' title="bbox 371 2353 3664 2430; baseline 0.002 -24"><span class='ocrx_word' id='word_1_311' title='bbox 371 2353 583 2421; x_wconf 83' lang='lat' dir='ltr'><strong><em>brordi,</em></strong></span> <span class='ocrx_word' id='word_1_312' title='bbox 637 2356 702 2410; x_wconf 90' lang='lat' dir='ltr'><strong><em>ab</em></strong></span> <span class='ocrx_word' id='word_1_313' title='bbox 740 2357 922 2412; x_wconf 89' lang='lat' dir='ltr'><strong><em>eodem</em></strong></span> <span class='ocrx_word' id='word_1_314' title='bbox 966 2359 1205 2429; x_wconf 80' lang='lat' dir='ltr'><strong><em>ﬂorilego</em></strong></span> <span class='ocrx_word' id='word_1_315' title='bbox 1234 2357 1510 2428; x_wconf 75' lang='lat' dir='ltr'><strong><em>Thiofrido</em></strong></span> <span class='ocrx_word' id='word_1_316' title='bbox 1541 2359 1915 2428; x_wconf 82' lang='lat' dir='ltr'><strong><em>conscriptam,</em></strong></span> <span class='ocrx_word' id='word_1_317' title='bbox 1961 2367 2011 2413; x_wconf 90' lang='lat' dir='ltr'><strong><em>et</em></strong></span> <span class='ocrx_word' id='word_1_318' title='bbox 2049 2359 2153 2413; x_wconf 88' lang='lat' dir='ltr'><strong><em>tuis</em></strong></span> <span class='ocrx_word' id='word_1_319' title='bbox 2186 2358 2308 2412; x_wconf 86' lang='lat' dir='ltr'><strong><em>item</em></strong></span> <span class='ocrx_word' id='word_1_320' title='bbox 2353 2360 2601 2429; x_wconf 86' lang='lat' dir='ltr'><strong><em>auspiciis</em></strong></span> <span class='ocrx_word' id='word_1_321' title='bbox 2638 2359 2937 2430; x_wconf 84' lang='lat' dir='ltr'><strong><em>propediem</em></strong></span> <span class='ocrx_word' id='word_1_322' title='bbox 2967 2360 3102 2429; x_wconf 83' lang='lat' dir='ltr'><strong><em>typis</em></strong></span> <span class='ocrx_word' id='word_1_323' title='bbox 3131 2359 3411 2430; x_wconf 81' lang='lat' dir='ltr'><strong><em>divulgem.</em></strong></span> <span class='ocrx_word' id='word_1_324' title='bbox 3461 2359 3664 2414; x_wconf 86' lang='lat' dir='ltr'><strong><em>Eadem</em></strong></span> 
     </span>
    </p>
   </div>
   <div class='ocr_carea' id='block_1_23' title="bbox 372 2452 3664 2525">
    <p class='ocr_par' dir='ltr' id='par_1_23' title="bbox 372 2452 3664 2525">
     <span class='ocr_line' id='line_1_23' title="bbox 372 2452 3664 2525; baseline 0.002 -21"><span class='ocrx_word' id='word_1_325' title='bbox 372 2467 538 2522; x_wconf 83' lang='lat' dir='ltr'><strong><em>opera</em></strong></span> <span class='ocrx_word' id='word_1_326' title='bbox 561 2454 831 2524; x_wconf 88' lang='lat' dir='ltr'><strong><em>apparebit</em></strong></span> <span class='ocrx_word' id='word_1_327' title='bbox 855 2455 1022 2525; x_wconf 79' lang='lat' dir='ltr'><strong><em>magis</em></strong></span> <span class='ocrx_word' id='word_1_328' title='bbox 1049 2471 1111 2508; x_wconf 90' lang='lat' dir='ltr'><strong><em>ac</em></strong></span> <span class='ocrx_word' id='word_1_329' title='bbox 1137 2455 1304 2524; x_wconf 86' lang='lat' dir='ltr'><strong><em>magis</em></strong></span> <span class='ocrx_word' id='word_1_330' title='bbox 1324 2453 1633 2519; x_wconf 84' lang='lat' dir='ltr'><strong><em>Dominum,</em></strong></span> <span class='ocrx_word' id='word_1_331' title='bbox 1663 2455 1753 2524; x_wconf 90' lang='lat' dir='ltr'><strong><em>qui</em></strong></span> <span class='ocrx_word' id='word_1_332' title='bbox 1781 2455 1872 2508; x_wconf 83' lang='lat' dir='ltr'><strong><em>tibi</em></strong></span> <span class='ocrx_word' id='word_1_333' title='bbox 1900 2453 2044 2508; x_wconf 85' lang='lat' dir='ltr'><strong><em>dedit</em></strong></span> <span class='ocrx_word' id='word_1_334' title='bbox 2076 2465 2135 2508; x_wconf 89' lang='lat' dir='ltr'><strong><em>ut</em></strong></span> <span class='ocrx_word' id='word_1_335' title='bbox 2159 2464 2396 2524; x_wconf 81' lang='lat' dir='ltr'><strong><em>portares</em></strong></span> <span class='ocrx_word' id='word_1_336' title='bbox 2411 2454 2601 2524; x_wconf 86' lang='lat' dir='ltr'><strong><em>jugum</em></strong></span> <span class='ocrx_word' id='word_1_337' title='bbox 2630 2453 2692 2506; x_wconf 93' lang='lat' dir='ltr'><strong><em>ab</em></strong></span> <span class='ocrx_word' id='word_1_338' title='bbox 2720 2453 3095 2518; x_wconf 84' lang='lat' dir='ltr'><strong><em>adolescentia,</em></strong></span> <span class='ocrx_word' id='word_1_339' title='bbox 3114 2452 3221 2507; x_wconf 84' lang='lat' dir='ltr'><strong><em>into</em></strong></span> <span class='ocrx_word' id='word_1_340' title='bbox 3251 2471 3282 2507; x_wconf 93' lang='lat' dir='ltr'><strong><em>a</em></strong></span> <span class='ocrx_word' id='word_1_341' title='bbox 3314 2455 3572 2523; x_wconf 87' lang='lat' dir='ltr'><strong><em>pueritia,</em></strong></span> <span class='ocrx_word' id='word_1_342' title='bbox 3601 2464 3664 2510; x_wconf 85' lang='lat' dir='ltr'><strong><em>ut</em></strong></span> 
     </span>
    </p>
   </div>
   <div class='ocr_carea' id='block_1_24' title="bbox 371 2547 3666 2622">
    <p class='ocr_par' dir='ltr' id='par_1_24' title="bbox 371 2547 3666 2622">
     <span class='ocr_line' id='line_1_24' title="bbox 371 2547 3666 2622; baseline 0.001 -20"><span class='ocrx_word' id='word_1_343' title='bbox 371 2547 500 2604; x_wconf 84' lang='lat' dir='ltr'><strong><em>an&#39;te</em></strong></span> <span class='ocrx_word' id='word_1_344' title='bbox 523 2549 653 2614; x_wconf 79' lang='lat' dir='ltr'><strong><em>dixi,</em></strong></span> <span class='ocrx_word' id='word_1_345' title='bbox 681 2558 774 2604; x_wconf 87' lang='lat' dir='ltr'><strong><em>tua</em></strong></span> <span class='ocrx_word' id='word_1_346' title='bbox 803 2548 1022 2616; x_wconf 89' lang='lat' dir='ltr'><strong><em>(Thren.</em></strong></span> <span class='ocrx_word' id='word_1_347' title='bbox 1054 2566 1140 2617; x_wconf 85' lang='lat' dir='ltr'><strong><em>tu,</em></strong></span> <span class='ocrx_word' id='word_1_348' title='bbox 1162 2549 1254 2622; x_wconf 76' lang='grc'><strong><em>27)</em></strong></span> <span class='ocrx_word' id='word_1_349' title='bbox 1285 2552 1444 2606; x_wconf 87' lang='lat' dir='ltr'><strong><em>etiam</em></strong></span> <span class='ocrx_word' id='word_1_350' title='bbox 1471 2552 1694 2616; x_wconf 88' lang='lat' dir='ltr'><strong><em>dedisse,</em></strong></span> <span class='ocrx_word' id='word_1_351' title='bbox 1716 2561 1772 2606; x_wconf 89' lang='lat' dir='ltr'><strong><em>ut</em></strong></span> <span class='ocrx_word' id='word_1_352' title='bbox 1803 2552 2014 2606; x_wconf 80' lang='lat' dir='ltr'><strong><em>levares</em></strong></span> <span class='ocrx_word' id='word_1_353' title='bbox 2048 2565 2214 2621; x_wconf 87' lang='lat' dir='ltr'><strong><em>super</em></strong></span> <span class='ocrx_word' id='word_1_354' title='bbox 2239 2559 2308 2605; x_wconf 89' lang='lat' dir='ltr'><strong><em>te.</em></strong></span> <span class='ocrx_word' id='word_1_355' title='bbox 2341 2549 2496 2618; x_wconf 83' lang='lat' dir='ltr'><strong><em>Quod</em></strong></span> <span class='ocrx_word' id='word_1_356' title='bbox 2520 2565 2611 2620; x_wconf 88' lang='lat' dir='ltr'><strong><em>ego</em></strong></span> <span class='ocrx_word' id='word_1_357' title='bbox 2631 2549 2729 2604; x_wconf 89' lang='lat' dir='ltr'><strong><em>hoc</em></strong></span> <span class='ocrx_word' id='word_1_358' title='bbox 2758 2549 2872 2603; x_wconf 89' lang='lat' dir='ltr'><strong><em>loco</em></strong></span> <span class='ocrx_word' id='word_1_359' title='bbox 2901 2566 3004 2602; x_wconf 82' lang='lat' dir='ltr'><strong><em>nun</em></strong></span> <span class='ocrx_word' id='word_1_360' title='bbox 3029 2549 3208 2602; x_wconf 82' lang='lat' dir='ltr'><strong><em>videor</em></strong></span> <span class='ocrx_word' id='word_1_361' title='bbox 3227 2563 3497 2616; x_wconf 88' lang='lat' dir='ltr'><strong><em>perperam</em></strong></span> <span class='ocrx_word' id='word_1_362' title='bbox 3519 2564 3666 2604; x_wconf 52' lang='lat' dir='ltr'><strong><em>accc.</em></strong></span> 
     </span>
    </p>
   </div>
   <div class='ocr_carea' id='block_1_25' title="bbox 376 2644 3654 2716">
    <p class='ocr_par' dir='ltr' id='par_1_25' title="bbox 376 2644 3654 2716">
     <span class='ocr_line' id='line_1_25' title="bbox 376 2644 3654 2716; baseline 0.001 -22"><span class='ocrx_word' id='word_1_363' title='bbox 376 2655 584 2713; x_wconf 80' lang='lat' dir='ltr'><strong><em>pturus,</em></strong></span> <span class='ocrx_word' id='word_1_364' title='bbox 609 2646 655 2698; x_wconf 87' lang='lat' dir='ltr'><strong><em>si</em></strong></span> <span class='ocrx_word' id='word_1_365' title='bbox 685 2660 1147 2716; x_wconf 71' lang='lat' dir='ltr'><strong><em>exponam,super</em></strong></span> <span class='ocrx_word' id='word_1_366' title='bbox 1173 2659 1232 2701; x_wconf 89' lang='lat' dir='ltr'><strong><em>se</em></strong></span> <span class='ocrx_word' id='word_1_367' title='bbox 1273 2644 1454 2701; x_wconf 85' lang='lat' dir='ltr'><strong><em>levare</em></strong></span> <span class='ocrx_word' id='word_1_368' title='bbox 1478 2663 1617 2711; x_wconf 91' lang='lat' dir='ltr'><strong><em>eum,</em></strong></span> <span class='ocrx_word' id='word_1_369' title='bbox 1645 2647 1734 2716; x_wconf 90' lang='lat' dir='ltr'><strong><em>qui</em></strong></span> <span class='ocrx_word' id='word_1_370' title='bbox 1766 2647 2022 2712; x_wconf 88' lang='lat' dir='ltr'><strong><em>animum,</em></strong></span> <span class='ocrx_word' id='word_1_371' title='bbox 2053 2646 2420 2716; x_wconf 87' lang='lat' dir='ltr'><strong><em>cogitationes,</em></strong></span> <span class='ocrx_word' id='word_1_372' title='bbox 2445 2661 2600 2700; x_wconf 88' lang='lat' dir='ltr'><strong><em>curas</em></strong></span> <span class='ocrx_word' id='word_1_373' title='bbox 2633 2645 2786 2715; x_wconf 89' lang='lat' dir='ltr'><strong><em>erigit</em></strong></span> <span class='ocrx_word' id='word_1_374' title='bbox 2818 2645 2889 2698; x_wconf 87' lang='lat' dir='ltr'><strong><em>ad</em></strong></span> <span class='ocrx_word' id='word_1_375' title='bbox 2919 2645 3183 2713; x_wconf 85' lang='lat' dir='ltr'><strong><em>majorum</em></strong></span> <span class='ocrx_word' id='word_1_376' title='bbox 3213 2660 3428 2698; x_wconf 80' lang='lat' dir='ltr'><strong><em>suorum</em></strong></span> <span class='ocrx_word' id='word_1_377' title='bbox 3469 2645 3654 2712; x_wconf 82' lang='lat' dir='ltr'><strong><em>vitam,</em></strong></span> 
     </span>
    </p>
   </div>
   <div class='ocr_carea' id='block_1_26' title="bbox 377 2733 3664 2814">
    <p class='ocr_par' dir='ltr' id='par_1_26' title="bbox 377 2733 3664 2814">
     <span class='ocr_line' id='line_1_26' title="bbox 377 2733 3664 2814; baseline -0.001 -20"><span class='ocrx_word' id='word_1_378' title='bbox 377 2741 592 2796; x_wconf 68' lang='lat' dir='ltr'><strong><em>virtutes</em></strong></span> <span class='ocrx_word' id='word_1_379' title='bbox 620 2758 777 2812; x_wconf 88' lang='lat' dir='ltr'><strong><em>opera</em></strong></span> <span class='ocrx_word' id='word_1_380' title='bbox 797 2751 850 2796; x_wconf 86' lang='lat' dir='ltr'><strong><em>et</em></strong></span> <span class='ocrx_word' id='word_1_381' title='bbox 887 2741 1080 2812; x_wconf 85' lang='lat' dir='ltr'><strong><em>scripta</em></strong></span> <span class='ocrx_word' id='word_1_382' title='bbox 1123 2743 1500 2814; x_wconf 86' lang='lat' dir='ltr'><strong><em>cognoscenda,</em></strong></span> <span class='ocrx_word' id='word_1_383' title='bbox 1527 2759 1590 2797; x_wconf 85' lang='lat' dir='ltr'><strong><em>ac</em></strong></span> <span class='ocrx_word' id='word_1_384' title='bbox 1635 2742 1757 2797; x_wconf 88' lang='lat' dir='ltr'><strong><em>aliis</em></strong></span> <span class='ocrx_word' id='word_1_385' title='bbox 1788 2759 1994 2813; x_wconf 90' lang='lat' dir='ltr'><strong><em>quoque</em></strong></span> <span class='ocrx_word' id='word_1_386' title='bbox 2030 2741 2430 2813; x_wconf 45' lang='lat' dir='ltr'><strong><em>patefacienda&quot;;</em></strong></span> <span class='ocrx_word' id='word_1_387' title='bbox 2467 2751 2519 2794; x_wconf 91' lang='lat' dir='ltr'><strong><em>ut</em></strong></span> <span class='ocrx_word' id='word_1_388' title='bbox 2567 2750 2624 2794; x_wconf 91' lang='lat' dir='ltr'><strong><em>tu</em></strong></span> <span class='ocrx_word' id='word_1_389' title='bbox 2663 2741 2732 2794; x_wconf 87' lang='lat' dir='ltr'><strong><em>ad</em></strong></span> <span class='ocrx_word' id='word_1_390' title='bbox 2771 2737 3104 2808; x_wconf 79' lang='lat' dir='ltr'><strong><em>Thiofridum</em></strong></span> <span class='ocrx_word' id='word_1_391' title='bbox 3134 2733 3184 2792; x_wconf 81' lang='lat' dir='ltr'><strong><em>te</em></strong></span> <span class='ocrx_word' id='word_1_392' title='bbox 3216 2735 3392 2802; x_wconf 75' lang='lat' dir='ltr'><strong><em>levas,</em></strong></span> <span class='ocrx_word' id='word_1_393' title='bbox 3418 2736 3507 2804; x_wconf 88' lang='lat' dir='ltr'><strong><em>qui</em></strong></span> <span class='ocrx_word' id='word_1_394' title='bbox 3547 2736 3664 2805; x_wconf 87' lang='lat' dir='ltr'><strong><em>plus</em></strong></span> 
     </span>
    </p>
   </div>
   <div class='ocr_carea' id='block_1_27' title="bbox 373 2829 2308 2902">
    <p class='ocr_par' dir='ltr' id='par_1_27' title="bbox 373 2829 2308 2902">
     <span class='ocr_line' id='line_1_27' title="bbox 373 2829 2308 2902; baseline -0.001 -19"><span class='ocrx_word' id='word_1_395' title='bbox 373 2831 553 2901; x_wconf 89' lang='lat' dir='ltr'><strong><em>quinis</em></strong></span> <span class='ocrx_word' id='word_1_396' title='bbox 581 2829 790 2883; x_wconf 67' lang='lat' dir='ltr'><strong><em>sarculis</em></strong></span> <span class='ocrx_word' id='word_1_397' title='bbox 826 2845 988 2900; x_wconf 86' lang='lat' dir='ltr'><strong><em>supra</em></strong></span> <span class='ocrx_word' id='word_1_398' title='bbox 1017 2837 1068 2885; x_wconf 88' lang='lat' dir='ltr'><strong><em>te</em></strong></span> <span class='ocrx_word' id='word_1_399' title='bbox 1097 2840 1204 2896; x_wconf 86' lang='lat' dir='ltr'><strong><em>est;</em></strong></span> <span class='ocrx_word' id='word_1_400' title='bbox 1233 2831 1302 2884; x_wconf 89' lang='lat' dir='ltr'><strong><em>ad</em></strong></span> <span class='ocrx_word' id='word_1_401' title='bbox 1330 2829 1754 2897; x_wconf 82' lang='lat' dir='ltr'><strong><em>Willibrortlum,</em></strong></span> <span class='ocrx_word' id='word_1_402' title='bbox 1785 2832 1874 2902; x_wconf 87' lang='lat' dir='ltr'><strong><em>qui</em></strong></span> <span class='ocrx_word' id='word_1_403' title='bbox 1898 2831 2008 2899; x_wconf 76' lang='lat' dir='ltr'><strong><em>fere</em></strong></span> <span class='ocrx_word' id='word_1_404' title='bbox 2035 2831 2308 2884; x_wconf 82' lang='lat' dir='ltr'><strong><em>norennis.</em></strong></span> 
     </span>
    </p>
   </div>
   <div class='ocr_carea' id='block_1_28' title="bbox 451 2919 3665 2992">
    <p class='ocr_par' dir='ltr' id='par_1_28' title="bbox 451 2919 3665 2992">
     <span class='ocr_line' id='line_1_28' title="bbox 451 2919 3665 2992; baseline -0.001 -16"><span class='ocrx_word' id='word_1_405' title='bbox 451 2920 543 2976; x_wconf 88' lang='lat' dir='ltr'><strong><em>Sic</em></strong></span> <span class='ocrx_word' id='word_1_406' title='bbox 571 2923 790 2992; x_wconf 88' lang='lat' dir='ltr'><strong><em>pergito,</em></strong></span> <span class='ocrx_word' id='word_1_407' title='bbox 833 2934 878 2976; x_wconf 89' lang='lat' dir='ltr'><strong><em>et</em></strong></span> <span class='ocrx_word' id='word_1_408' title='bbox 907 2920 1199 2976; x_wconf 82' lang='lat' dir='ltr'><strong><em>Ecclesium</em></strong></span> <span class='ocrx_word' id='word_1_409' title='bbox 1239 2922 1553 2976; x_wconf 86' lang='lat' dir='ltr'><strong><em>catholicam</em></strong></span> <span class='ocrx_word' id='word_1_410' title='bbox 1580 2921 1674 2977; x_wconf 89' lang='lat' dir='ltr'><strong><em>tibi</em></strong></span> <span class='ocrx_word' id='word_1_411' title='bbox 1701 2922 1956 2977; x_wconf 89' lang='lat' dir='ltr'><strong><em>demereri</em></strong></span> <span class='ocrx_word' id='word_1_412' title='bbox 2003 2939 2064 2976; x_wconf 88' lang='lat' dir='ltr'><strong><em>ne</em></strong></span> <span class='ocrx_word' id='word_1_413' title='bbox 2107 2939 2251 2976; x_wconf 84' lang='lat' dir='ltr'><strong><em>cessa</em></strong></span> <span class='ocrx_word' id='word_1_414' title='bbox 2279 2939 2297 2976; x_wconf 89' lang='lat'><strong><em>:</em></strong></span> <span class='ocrx_word' id='word_1_415' title='bbox 2328 2923 2483 2988; x_wconf 80' lang='lat' dir='ltr'><strong><em>cuius</em></strong></span> <span class='ocrx_word' id='word_1_416' title='bbox 2519 2921 2620 2990; x_wconf 81' lang='lat' dir='ltr'><strong><em>ﬁlii</em></strong></span> <span class='ocrx_word' id='word_1_417' title='bbox 2646 2938 2845 2976; x_wconf 88' lang='lat' dir='ltr'><strong><em>mecum</em></strong></span> <span class='ocrx_word' id='word_1_418' title='bbox 2881 2929 3101 2975; x_wconf 83' lang='lat' dir='ltr'><strong><em>orabant</em></strong></span> <span class='ocrx_word' id='word_1_419' title='bbox 3132 2928 3184 2972; x_wconf 90' lang='lat' dir='ltr'><strong><em>ut</em></strong></span> <span class='ocrx_word' id='word_1_420' title='bbox 3238 2919 3306 2970; x_wconf 86' lang='lat' dir='ltr'><strong><em>ad</em></strong></span> <span class='ocrx_word' id='word_1_421' title='bbox 3331 2934 3510 2972; x_wconf 85' lang='lat' dir='ltr'><strong><em>eorum</em></strong></span> <span class='ocrx_word' id='word_1_422' title='bbox 3537 2936 3665 2974; x_wconf 88' lang='lat' dir='ltr'><strong><em>cou-</em></strong></span> 
     </span>
    </p>
   </div>
   <div class='ocr_carea' id='block_1_29' title="bbox 373 3011 3667 3086">
    <p class='ocr_par' dir='ltr' id='par_1_29' title="bbox 373 3011 3667 3086">
     <span class='ocr_line' id='line_1_29' title="bbox 373 3011 3667 3086; baseline 0 -20"><span class='ocrx_word' id='word_1_423' title='bbox 373 3022 611 3082; x_wconf 81' lang='lat' dir='ltr'><strong><em>spectum</em></strong></span> <span class='ocrx_word' id='word_1_424' title='bbox 633 3012 915 3084; x_wconf 87' lang='lat' dir='ltr'><strong><em>aliquando</em></strong></span> <span class='ocrx_word' id='word_1_425' title='bbox 948 3013 1144 3070; x_wconf 85' lang='lat' dir='ltr'><strong><em>leveris</em></strong></span> <span class='ocrx_word' id='word_1_426' title='bbox 1179 3015 1236 3069; x_wconf 89' lang='lat' dir='ltr'><strong><em>in</em></strong></span> <span class='ocrx_word' id='word_1_427' title='bbox 1264 3013 1478 3076; x_wconf 66' lang='lat' dir='ltr'><strong><em>calum;</em></strong></span> <span class='ocrx_word' id='word_1_428' title='bbox 1506 3031 1729 3078; x_wconf 88' lang='lat' dir='ltr'><strong><em>quorum</em></strong></span> <span class='ocrx_word' id='word_1_429' title='bbox 1760 3031 1940 3086; x_wconf 89' lang='lat' dir='ltr'><strong><em>opera,</em></strong></span> <span class='ocrx_word' id='word_1_430' title='bbox 1973 3024 2020 3069; x_wconf 89' lang='lat' dir='ltr'><strong><em>et</em></strong></span> <span class='ocrx_word' id='word_1_431' title='bbox 2055 3032 2133 3070; x_wconf 89' lang='lat' dir='ltr'><strong><em>res</em></strong></span> <span class='ocrx_word' id='word_1_432' title='bbox 2156 3025 2348 3084; x_wconf 85' lang='lat' dir='ltr'><strong><em>gestas,</em></strong></span> <span class='ocrx_word' id='word_1_433' title='bbox 2380 3025 2531 3072; x_wconf 85' lang='lat' dir='ltr'><strong><em>notas</em></strong></span> <span class='ocrx_word' id='word_1_434' title='bbox 2579 3033 2687 3070; x_wconf 88' lang='lat' dir='ltr'><strong><em>esse</em></strong></span> <span class='ocrx_word' id='word_1_435' title='bbox 2719 3016 2934 3071; x_wconf 83' lang='lat' dir='ltr'><strong><em>voluisti</em></strong></span> <span class='ocrx_word' id='word_1_436' title='bbox 2983 3017 3037 3068; x_wconf 91' lang='lat' dir='ltr'><strong><em>in</em></strong></span> <span class='ocrx_word' id='word_1_437' title='bbox 3059 3015 3230 3068; x_wconf 89' lang='lat' dir='ltr'><strong><em>terris.</em></strong></span> <span class='ocrx_word' id='word_1_438' title='bbox 3273 3011 3357 3066; x_wconf 90' lang='lat' dir='ltr'><strong><em>Ita</em></strong></span> <span class='ocrx_word' id='word_1_439' title='bbox 3394 3012 3553 3080; x_wconf 76' lang='lat' dir='ltr'><strong><em>faciat</em></strong></span> <span class='ocrx_word' id='word_1_440' title='bbox 3579 3013 3667 3069; x_wconf 83' lang='lat' dir='ltr'><strong><em>ille</em></strong></span> 
     </span>
    </p>
   </div>
   <div class='ocr_carea' id='block_1_30' title="bbox 375 3110 2149 3165">
    <p class='ocr_par' dir='ltr' id='par_1_30' title="bbox 375 3110 2149 3165">
     <span class='ocr_line' id='line_1_30' title="bbox 375 3110 2149 3165; baseline -0.002 0"><span class='ocrx_word' id='word_1_441' title='bbox 375 3118 628 3165; x_wconf 71' lang='lat' dir='ltr'><strong><em>mternus.</em></strong></span> <span class='ocrx_word' id='word_1_442' title='bbox 2145 3110 2149 3114; x_wconf 76' lang='grc'><strong>”</strong></span> 
     </span>
    </p>
   </div>
   <div class='ocr_carea' id='block_1_31' title="bbox 451 3202 3593 3279">
    <p class='ocr_par' dir='ltr' id='par_1_31' title="bbox 451 3202 3593 3279">
     <span class='ocr_line' id='line_1_31' title="bbox 451 3202 3593 3279; baseline -0.001 -16"><span class='ocrx_word' id='word_1_443' title='bbox 451 3205 834 3279; x_wconf 72' lang='lat' dir='ltr'><strong><em>Luxemburgi,</em></strong></span> <span class='ocrx_word' id='word_1_444' title='bbox 861 3208 924 3263; x_wconf 73' lang='lat'><strong><em>2|</em></strong></span> <span class='ocrx_word' id='word_1_445' title='bbox 962 3207 1146 3264; x_wconf 83' lang='lat' dir='ltr'><strong><em>Martii</em></strong></span> <span class='ocrx_word' id='word_1_446' title='bbox 1184 3208 1311 3279; x_wconf 83' lang='lat' dir='ltr'><strong><em>ipsis</em></strong></span> <span class='ocrx_word' id='word_1_447' title='bbox 1357 3207 1417 3264; x_wconf 89' lang='lat' dir='ltr'><strong><em>S.</em></strong></span> <span class='ocrx_word' id='word_1_448' title='bbox 1456 3207 1761 3275; x_wconf 86' lang='lat' dir='ltr'><strong><em>Benedicti,</em></strong></span> <span class='ocrx_word' id='word_1_449' title='bbox 1815 3207 1993 3278; x_wconf 86' lang='lat' dir='ltr'><strong><em>magni</em></strong></span> <span class='ocrx_word' id='word_1_450' title='bbox 2040 3209 2417 3262; x_wconf 85' lang='lat' dir='ltr'><strong><em>monachorum</em></strong></span> <span class='ocrx_word' id='word_1_451' title='bbox 2463 3207 2662 3268; x_wconf 88' lang='lat' dir='ltr'><strong><em>Patris,</em></strong></span> <span class='ocrx_word' id='word_1_452' title='bbox 2715 3205 2892 3271; x_wconf 73' lang='lat' dir='ltr'><strong><em>feriis,</em></strong></span> <span class='ocrx_word' id='word_1_453' title='bbox 2931 3221 3068 3259; x_wconf 89' lang='lat' dir='ltr'><strong><em>anno</em></strong></span> <span class='ocrx_word' id='word_1_454' title='bbox 3109 3202 3411 3259; x_wconf 86' lang='lat' dir='ltr'><strong><em>Christiano</em></strong></span> <span class='ocrx_word' id='word_1_455' title='bbox 3437 3204 3593 3261; x_wconf 79' lang='grc'><strong>1619.</strong></span> 
     </span>
    </p>
   </div>
   <div class='ocr_carea' id='block_1_32' title="bbox 1093 3306 1493 3364">
    <p class='ocr_par' dir='ltr' id='par_1_32' title="bbox 1093 3306 1493 3364">
     <span class='ocr_line' id='line_1_32' title="bbox 1093 3306 1493 3364; baseline -0.005 -2"><span class='ocrx_word' id='word_1_456' title='bbox 1093 3307 1393 3364; x_wconf 84' lang='lat' dir='ltr'><strong><em>Admodum</em></strong></span> <span class='ocrx_word' id='word_1_457' title='bbox 1427 3306 1493 3361; x_wconf 77' lang='grc' dir='ltr'><strong>Β.</strong></span> 
     </span>
    </p>
   </div>
   <div class='ocr_carea' id='block_1_33' title="bbox 1304 3399 2054 3475">
    <p class='ocr_par' dir='ltr' id='par_1_33' title="bbox 1304 3399 2054 3475">
     <span class='ocr_line' id='line_1_33' title="bbox 1304 3399 2054 3475; baseline -0.004 -17"><span class='ocrx_word' id='word_1_458' title='bbox 1304 3403 1481 3474; x_wconf 83' lang='lat' dir='ltr'><strong><em>Atque</em></strong></span> <span class='ocrx_word' id='word_1_459' title='bbox 1511 3401 1870 3475; x_wconf 70' lang='lat' dir='ltr'><strong><em>Amplissimte</em></strong></span> <span class='ocrx_word' id='word_1_460' title='bbox 1893 3401 1958 3457; x_wconf 86' lang='lat' dir='ltr'><strong><em>P.</em></strong></span> <span class='ocrx_word' id='word_1_461' title='bbox 1988 3399 2054 3455; x_wconf 88' lang='grc' dir='ltr'><strong>Τ.</strong></span> 
     </span>
    </p>
   </div>
   <div class='ocr_carea' id='block_1_34' title="bbox 2049 3495 2578 3552">
    <p class='ocr_par' dir='ltr' id='par_1_34' title="bbox 2049 3495 2578 3552">
     <span class='ocr_line' id='line_1_34' title="bbox 2049 3495 2578 3552; baseline 0 -2"><span class='ocrx_word' id='word_1_462' title='bbox 2049 3495 2252 3551; x_wconf 71' lang='lat' dir='ltr'><strong><em>Sci-vus</em></strong></span> <span class='ocrx_word' id='word_1_463' title='bbox 2283 3497 2334 3550; x_wconf 93' lang='lat' dir='ltr'><strong><em>iu</em></strong></span> <span class='ocrx_word' id='word_1_464' title='bbox 2359 3495 2578 3552; x_wconf 87' lang='lat' dir='ltr'><strong><em>Christo</em></strong></span> 
     </span>
    </p>
   </div>
   <div class='ocr_carea' id='block_1_35' title="bbox 2372 3592 2950 3648">
    <p class='ocr_par' dir='ltr' id='par_1_35' title="bbox 2372 3592 2950 3648">
     <span class='ocr_line' id='line_1_35' title="bbox 2372 3592 2950 3648; baseline -0.003 0"><span class='ocrx_word' id='word_1_465' title='bbox 2372 3592 2648 3648; x_wconf 82' lang='lat' dir='ltr'><strong><em>Johauucs</em></strong></span> <span class='ocrx_word' id='word_1_466' title='bbox 2685 3593 2950 3648; x_wconf 71' lang='lat' dir='ltr'><strong><em>Bonum.</em></strong></span> 
     </span>
    </p>
   </div>
   <div class='ocr_carea' id='block_1_36' title="bbox 413 3735 3663 3776">
    <p class='ocr_par' dir='ltr' id='par_1_36' title="bbox 413 3735 3663 3776">
     <span class='ocr_line' id='line_1_36' title="bbox 413 3735 3663 3776; baseline -0.002 -1"><span class='ocrx_word' id='word_1_467' title='bbox 413 3735 3663 3776; x_wconf 47' lang='grc' dir='ltr'>Μ</span> 
     </span>
    </p>
   </div>
   <div class='ocr_carea' id='block_1_37' title="bbox 1756 3859 2321 3952">
    <p class='ocr_par' dir='ltr' id='par_1_37' title="bbox 1756 3859 2321 3952">
     <span class='ocr_line' id='line_1_37' title="bbox 1756 3859 2321 3952; baseline 0 -4"><span class='ocrx_word' id='word_1_468' title='bbox 1756 3859 2321 3952; x_wconf 82' lang='lat' dir='ltr'><strong><em>LECTORI.</em></strong></span> 
     </span>
    </p>
   </div>
   <div class='ocr_carea' id='block_1_38' title="bbox 460 4095 3665 4171">
    <p class='ocr_par' dir='ltr' id='par_1_38' title="bbox 460 4095 3665 4171">
     <span class='ocr_line' id='line_1_38' title="bbox 460 4095 3665 4171; baseline -0.002 -11"><span class='ocrx_word' id='word_1_469' title='bbox 460 4104 558 4160; x_wconf 79' lang='lat' dir='ltr'><strong><em>Vix</em></strong></span> <span class='ocrx_word' id='word_1_470' title='bbox 592 4102 773 4167; x_wconf 85' lang='lat' dir='ltr'><strong><em>video,</em></strong></span> <span class='ocrx_word' id='word_1_471' title='bbox 824 4100 954 4171; x_wconf 82' lang='lat' dir='ltr'><strong><em>quid</em></strong></span> <span class='ocrx_word' id='word_1_472' title='bbox 1004 4097 1100 4154; x_wconf 84' lang='lat' dir='ltr'><strong><em>tibi</em></strong></span> <span class='ocrx_word' id='word_1_473' title='bbox 1135 4097 1333 4163; x_wconf 85' lang='lat' dir='ltr'><strong><em>dicam,</em></strong></span> <span class='ocrx_word' id='word_1_474' title='bbox 1390 4095 1562 4153; x_wconf 87' lang='lat' dir='ltr'><strong><em>lector</em></strong></span> <span class='ocrx_word' id='word_1_475' title='bbox 1590 4098 1786 4168; x_wconf 84' lang='lat' dir='ltr'><strong><em>amice,</em></strong></span> <span class='ocrx_word' id='word_1_476' title='bbox 1825 4100 1970 4171; x_wconf 83' lang='lat' dir='ltr'><strong><em>quod</em></strong></span> <span class='ocrx_word' id='word_1_477' title='bbox 1999 4105 2049 4165; x_wconf 78' lang='grc' dir='ltr'><strong>Α</strong></span> <span class='ocrx_word' id='word_1_478' title='bbox 2145 4101 2200 4156; x_wconf 77' lang='lat'><strong><em>5.</em></strong></span> <span class='ocrx_word' id='word_1_479' title='bbox 2247 4097 2434 4162; x_wconf 82' lang='lat' dir='ltr'><strong><em>Notas,</em></strong></span> <span class='ocrx_word' id='word_1_480' title='bbox 2462 4111 2572 4167; x_wconf 85' lang='lat' dir='ltr'><strong><em>quo</em></strong></span> <span class='ocrx_word' id='word_1_481' title='bbox 2611 4098 2784 4168; x_wconf 79' lang='lat' dir='ltr'><strong><em>magis</em></strong></span> <span class='ocrx_word' id='word_1_482' title='bbox 2834 4098 2890 4151; x_wconf 86' lang='lat' dir='ltr'><strong><em>in</em></strong></span> <span class='ocrx_word' id='word_1_483' title='bbox 2945 4104 3196 4168; x_wconf 89' lang='lat' dir='ltr'><strong><em>promptu</em></strong></span> <span class='ocrx_word' id='word_1_484' title='bbox 3218 4096 3446 4164; x_wconf 74' lang='lat' dir='ltr'><strong><em>essent,</em></strong></span> <span class='ocrx_word' id='word_1_485' title='bbox 3501 4097 3665 4153; x_wconf 86' lang='lat' dir='ltr'><strong><em>malui</em></strong></span> 
     </span>
    </p>
   </div>
   <div class='ocr_carea' id='block_1_39' title="bbox 381 4186 3667 4266">
    <p class='ocr_par' dir='ltr' id='par_1_39' title="bbox 381 4186 3667 4266">
     <span class='ocr_line' id='line_1_39' title="bbox 381 4186 3667 4266; baseline -0.002 -16"><span class='ocrx_word' id='word_1_486' title='bbox 381 4196 472 4252; x_wconf 69' lang='lat' dir='ltr'><strong><em>vel</em></strong></span> <span class='ocrx_word' id='word_1_487' title='bbox 507 4211 572 4251; x_wconf 80' lang='lat' dir='ltr'><strong><em>ex</em></strong></span> <span class='ocrx_word' id='word_1_488' title='bbox 603 4193 884 4266; x_wconf 85' lang='lat' dir='ltr'><strong><em>proloquio</em></strong></span> <span class='ocrx_word' id='word_1_489' title='bbox 910 4190 977 4247; x_wconf 89' lang='lat' dir='ltr'><strong><em>ad</em></strong></span> <span class='ocrx_word' id='word_1_490' title='bbox 1003 4190 1399 4261; x_wconf 85' lang='lat' dir='ltr'><strong><em>amplissimum</em></strong></span> <span class='ocrx_word' id='word_1_491' title='bbox 1426 4189 1760 4258; x_wconf 86' lang='lat' dir='ltr'><strong><em>antistitem,</em></strong></span> <span class='ocrx_word' id='word_1_492' title='bbox 1783 4192 1869 4248; x_wconf 84' lang='lat' dir='ltr'><strong><em>vel</em></strong></span> <span class='ocrx_word' id='word_1_493' title='bbox 1903 4206 1970 4248; x_wconf 81' lang='lat' dir='ltr'><strong><em>ex</em></strong></span> <span class='ocrx_word' id='word_1_494' title='bbox 2080 4187 2309 4258; x_wconf 73' lang='lat' dir='ltr'><strong><em>singulis</em></strong></span> <span class='ocrx_word' id='word_1_495' title='bbox 2337 4187 2607 4257; x_wconf 82' lang='lat' dir='ltr'><strong><em>capitibus</em></strong></span> <span class='ocrx_word' id='word_1_496' title='bbox 2647 4186 2974 4257; x_wconf 75' lang='lat' dir='ltr'><strong><em>subiungere</em></strong></span> <span class='ocrx_word' id='word_1_497' title='bbox 3003 4202 3166 4258; x_wconf 89' lang='lat' dir='ltr'><strong><em>quam</em></strong></span> <span class='ocrx_word' id='word_1_498' title='bbox 3197 4189 3263 4243; x_wconf 93' lang='lat' dir='ltr'><strong><em>ad</em></strong></span> <span class='ocrx_word' id='word_1_499' title='bbox 3294 4187 3472 4258; x_wconf 87' lang='lat' dir='ltr'><strong><em>operis</em></strong></span> <span class='ocrx_word' id='word_1_500' title='bbox 3502 4187 3667 4242; x_wconf 84' lang='lat' dir='ltr'><strong><em>ﬁnem</em></strong></span> 
     </span>
    </p>
   </div>
   <div class='ocr_carea' id='block_1_40' title="bbox 381 4280 3106 4356">
    <p class='ocr_par' dir='ltr' id='par_1_40' title="bbox 381 4280 3106 4356">
     <span class='ocr_line' id='line_1_40' title="bbox 381 4280 3106 4356; baseline -0.004 -12"><span class='ocrx_word' id='word_1_501' title='bbox 381 4285 652 4344; x_wconf 79' lang='lat' dir='ltr'><strong><em>Thiolridi</em></strong></span> <span class='ocrx_word' id='word_1_502' title='bbox 687 4285 841 4349; x_wconf 85' lang='lat' dir='ltr'><strong><em>Vita,</em></strong></span> <span class='ocrx_word' id='word_1_503' title='bbox 869 4283 954 4339; x_wconf 82' lang='lat' dir='ltr'><strong><em>vel</em></strong></span> <span class='ocrx_word' id='word_1_504' title='bbox 985 4298 1050 4339; x_wconf 76' lang='lat' dir='ltr'><strong><em>ex</em></strong></span> <span class='ocrx_word' id='word_1_505' title='bbox 1082 4281 1226 4338; x_wconf 80' lang='lat' dir='ltr'><strong><em>nmis</em></strong></span> <span class='ocrx_word' id='word_1_506' title='bbox 1259 4281 1415 4349; x_wconf 90' lang='lat' dir='ltr'><strong><em>meis,</em></strong></span> <span class='ocrx_word' id='word_1_507' title='bbox 1451 4282 1670 4338; x_wconf 86' lang='lat' dir='ltr'><strong><em>haurire</em></strong></span> <span class='ocrx_word' id='word_1_508' title='bbox 1716 4283 1833 4356; x_wconf 89' lang='lat' dir='ltr'><strong><em>ipse</em></strong></span> <span class='ocrx_word' id='word_1_509' title='bbox 1865 4298 1970 4340; x_wconf 92' lang='lat' dir='ltr'><strong><em>non</em></strong></span> <span class='ocrx_word' id='word_1_510' title='bbox 2081 4281 2326 4352; x_wconf 86' lang='lat' dir='ltr'><strong><em>rejicere.</em></strong></span> <span class='ocrx_word' id='word_1_511' title='bbox 2359 4281 2532 4351; x_wconf 89' lang='lat' dir='ltr'><strong><em>Spero</em></strong></span> <span class='ocrx_word' id='word_1_512' title='bbox 2565 4280 2659 4336; x_wconf 91' lang='lat' dir='ltr'><strong><em>tibi</em></strong></span> <span class='ocrx_word' id='word_1_513' title='bbox 2694 4280 2981 4352; x_wconf 90' lang='lat' dir='ltr'><strong><em>probatum</em></strong></span> <span class='ocrx_word' id='word_1_514' title='bbox 3020 4280 3106 4336; x_wconf 90' lang='lat' dir='ltr'><strong><em>iri.</em></strong></span> 
     </span>
    </p>
   </div>
   <div class='ocr_carea' id='block_1_41' title="bbox 382 4371 3662 4450">
    <p class='ocr_par' dir='ltr' id='par_1_41' title="bbox 382 4371 3662 4450">
     <span class='ocr_line' id='line_1_41' title="bbox 382 4371 3662 4450; baseline -0.001 -17"><span class='ocrx_word' id='word_1_515' title='bbox 382 4378 579 4450; x_wconf 89' lang='lat' dir='ltr'><strong><em>possis.</em></strong></span> <span class='ocrx_word' id='word_1_516' title='bbox 611 4375 814 4431; x_wconf 87' lang='lat' dir='ltr'><strong><em>Tamen</em></strong></span> <span class='ocrx_word' id='word_1_517' title='bbox 850 4375 967 4430; x_wconf 64' lang='lat' dir='ltr'><strong><em>haec</em></strong></span> <span class='ocrx_word' id='word_1_518' title='bbox 989 4387 1158 4444; x_wconf 84' lang='lat' dir='ltr'><strong><em>pauca</em></strong></span> <span class='ocrx_word' id='word_1_519' title='bbox 1188 4372 1347 4428; x_wconf 88' lang='lat' dir='ltr'><strong><em>habe.</em></strong></span> <span class='ocrx_word' id='word_1_520' title='bbox 2147 4374 2276 4430; x_wconf 64' lang='lat' dir='ltr'><strong><em>Haec</em></strong></span> <span class='ocrx_word' id='word_1_521' title='bbox 2321 4375 2511 4430; x_wconf 87' lang='lat' dir='ltr'><strong><em>tenes?</em></strong></span> <span class='ocrx_word' id='word_1_522' title='bbox 2533 4371 2673 4437; x_wconf 86' lang='lat' dir='ltr'><strong><em>vale,</em></strong></span> <span class='ocrx_word' id='word_1_523' title='bbox 2705 4380 2762 4428; x_wconf 89' lang='lat' dir='ltr'><strong><em>et</em></strong></span> <span class='ocrx_word' id='word_1_524' title='bbox 2805 4372 3010 4444; x_wconf 89' lang='lat' dir='ltr'><strong><em>reliqua</em></strong></span> <span class='ocrx_word' id='word_1_525' title='bbox 3043 4372 3308 4429; x_wconf 89' lang='lat' dir='ltr'><strong><em>Thiol&#39;ridi</em></strong></span> <span class='ocrx_word' id='word_1_526' title='bbox 3347 4389 3379 4429; x_wconf 87' lang='lat' dir='ltr'><strong><em>a</em></strong></span> <span class='ocrx_word' id='word_1_527' title='bbox 3430 4389 3517 4446; x_wconf 86' lang='lat' dir='ltr'><strong><em>me</em></strong></span> <span class='ocrx_word' id='word_1_528' title='bbox 3562 4389 3662 4430; x_wconf 84' lang='lat' dir='ltr'><strong><em>ex-</em></strong></span> 
     </span>
    </p>
   </div>
   <div class='ocr_carea' id='block_1_42' title="bbox 458 4462 3666 4538">
    <p class='ocr_par' dir='ltr' id='par_1_42' title="bbox 458 4462 3666 4538">
     <span class='ocr_line' id='line_1_42' title="bbox 458 4462 3666 4538; baseline -0.001 -14"><span class='ocrx_word' id='word_1_529' title='bbox 458 4469 517 4524; x_wconf 86' lang='grc'><strong><em>1.</em></strong></span> <span class='ocrx_word' id='word_1_530' title='bbox 551 4466 892 4523; x_wconf 86' lang='lat' dir='ltr'><strong><em>Correetiora</em></strong></span> <span class='ocrx_word' id='word_1_531' title='bbox 932 4465 1063 4518; x_wconf 78' lang='lat' dir='ltr'><strong><em>dare</em></strong></span> <span class='ocrx_word' id='word_1_532' title='bbox 1099 4477 1205 4518; x_wconf 91' lang='lat' dir='ltr'><strong><em>non</em></strong></span> <span class='ocrx_word' id='word_1_533' title='bbox 1234 4462 1383 4532; x_wconf 91' lang='lat' dir='ltr'><strong><em>potui</em></strong></span> <span class='ocrx_word' id='word_1_534' title='bbox 1410 4476 1532 4532; x_wconf 70' lang='lat' dir='ltr'><strong><em>quae</em></strong></span> <span class='ocrx_word' id='word_1_535' title='bbox 1562 4463 1651 4528; x_wconf 86' lang='lat' dir='ltr'><strong><em>do,</em></strong></span> <span class='ocrx_word' id='word_1_536' title='bbox 1684 4463 1969 4518; x_wconf 88' lang='lat' dir='ltr'><strong><em>meliorum</em></strong></span> <span class='ocrx_word' id='word_1_537' title='bbox 2076 4475 2288 4538; x_wconf 90' lang='lat' dir='ltr'><strong><em>specta.</em></strong></span> <span class='ocrx_word' id='word_1_538' title='bbox 2321 4465 2460 4534; x_wconf 88' lang='lat' dir='ltr'><strong><em>Quin</em></strong></span> <span class='ocrx_word' id='word_1_539' title='bbox 2497 4474 2572 4528; x_wconf 89' lang='lat' dir='ltr'><strong><em>et,</em></strong></span> <span class='ocrx_word' id='word_1_540' title='bbox 2618 4465 2660 4520; x_wconf 91' lang='lat' dir='ltr'><strong><em>si</em></strong></span> <span class='ocrx_word' id='word_1_541' title='bbox 2703 4473 2877 4536; x_wconf 87' lang='lat' dir='ltr'><strong><em>potes,</em></strong></span> <span class='ocrx_word' id='word_1_542' title='bbox 2917 4465 3064 4536; x_wconf 84' lang='lat' dir='ltr'><strong><em>juva,</em></strong></span> <span class='ocrx_word' id='word_1_543' title='bbox 3095 4473 3155 4520; x_wconf 92' lang='lat' dir='ltr'><strong><em>ut</em></strong></span> <span class='ocrx_word' id='word_1_544' title='bbox 3201 4464 3304 4519; x_wconf 90' lang='lat' dir='ltr'><strong><em>alia</em></strong></span> <span class='ocrx_word' id='word_1_545' title='bbox 3331 4463 3448 4532; x_wconf 83' lang='lat' dir='ltr'><strong><em>ejus</em></strong></span> <span class='ocrx_word' id='word_1_546' title='bbox 3475 4465 3666 4535; x_wconf 85' lang='lat' dir='ltr'><strong><em>opera,</em></strong></span> 
     </span>
    </p>
   </div>
   <div class='ocr_carea' id='block_1_43' title="bbox 381 4544 3666 4632">
    <p class='ocr_par' dir='ltr' id='par_1_43' title="bbox 381 4544 3666 4632">
     <span class='ocr_line' id='line_1_43' title="bbox 381 4544 3666 4632; baseline -0.001 -18"><span class='ocrx_word' id='word_1_547' title='bbox 381 4559 648 4615; x_wconf 87' lang='lat' dir='ltr'><strong><em>librorum</em></strong></span> <span class='ocrx_word' id='word_1_548' title='bbox 685 4555 974 4613; x_wconf 88' lang='lat' dir='ltr'><strong><em>destitutus</em></strong></span> <span class='ocrx_word' id='word_1_549' title='bbox 1001 4553 1223 4609; x_wconf 81' lang='lat' dir='ltr'><strong><em>auxilio.</em></strong></span> <span class='ocrx_word' id='word_1_550' title='bbox 1257 4553 1429 4624; x_wconf 86' lang='lat' dir='ltr'><strong><em>Spero</em></strong></span> <span class='ocrx_word' id='word_1_551' title='bbox 1460 4561 1638 4607; x_wconf 89' lang='lat' dir='ltr'><strong><em>tamen</em></strong></span> <span class='ocrx_word' id='word_1_552' title='bbox 1671 4553 1804 4607; x_wconf 87' lang='lat' dir='ltr'><strong><em>nihil</em></strong></span> <span class='ocrx_word' id='word_1_553' title='bbox 1834 4568 1958 4610; x_wconf 88' lang='lat' dir='ltr'><strong><em>esse</em></strong></span> <span class='ocrx_word' id='word_1_554' title='bbox 2077 4569 2172 4617; x_wconf 85' lang='lat' dir='ltr'><strong><em>aut</em></strong></span> <span class='ocrx_word' id='word_1_555' title='bbox 2207 4544 2451 4632; x_wconf 62' lang='lat' dir='ltr'><strong><em>epiStolai</em></strong></span> <span class='ocrx_word' id='word_1_556' title='bbox 2476 4559 2726 4614; x_wconf 84' lang='lat' dir='ltr'><strong><em>alicunde</em></strong></span> <span class='ocrx_word' id='word_1_557' title='bbox 2751 4557 2820 4612; x_wconf 83' lang='lat' dir='ltr'><strong><em>ad</em></strong></span> <span class='ocrx_word' id='word_1_558' title='bbox 2844 4573 2931 4614; x_wconf 91' lang='lat' dir='ltr'><strong><em>me</em></strong></span> <span class='ocrx_word' id='word_1_559' title='bbox 2962 4557 3296 4614; x_wconf 77' lang='lat' dir='ltr'><strong><em>deferantur.</em></strong></span> <span class='ocrx_word' id='word_1_560' title='bbox 3341 4556 3556 4614; x_wconf 86' lang='lat' dir='ltr'><strong><em>Curabo</em></strong></span> <span class='ocrx_word' id='word_1_561' title='bbox 3605 4567 3666 4613; x_wconf 86' lang='lat' dir='ltr'><strong><em>ut</em></strong></span> 
     </span>
    </p>
   </div>
   <div class='ocr_carea' id='block_1_44' title="bbox 381 4643 3146 4724">
    <p class='ocr_par' dir='ltr' id='par_1_44' title="bbox 381 4643 3146 4724">
     <span class='ocr_line' id='line_1_44' title="bbox 381 4643 3146 4724; baseline -0.003 -18"><span class='ocrx_word' id='word_1_562' title='bbox 381 4649 644 4706; x_wconf 84' lang='lat' dir='ltr'><strong><em>momenti</em></strong></span> <span class='ocrx_word' id='word_1_563' title='bbox 673 4647 900 4719; x_wconf 86' lang='lat' dir='ltr'><strong><em>alicujus</em></strong></span> <span class='ocrx_word' id='word_1_564' title='bbox 938 4645 1079 4716; x_wconf 92' lang='lat' dir='ltr'><strong><em>quod</em></strong></span> <span class='ocrx_word' id='word_1_565' title='bbox 1103 4644 1386 4700; x_wconf 86' lang='lat' dir='ltr'><strong><em>commode</em></strong></span> <span class='ocrx_word' id='word_1_566' title='bbox 1407 4643 1629 4715; x_wconf 78' lang='lat' dir='ltr'><strong><em>intelligi</em></strong></span> <span class='ocrx_word' id='word_1_567' title='bbox 1657 4659 1761 4700; x_wconf 92' lang='lat' dir='ltr'><strong><em>non</em></strong></span> <span class='ocrx_word' id='word_1_568' title='bbox 1780 4645 1968 4716; x_wconf 88' lang='lat' dir='ltr'><strong><em>possit.</em></strong></span> <span class='ocrx_word' id='word_1_569' title='bbox 2081 4653 2319 4724; x_wconf 67' lang='lat' dir='ltr'><strong><em>recipias</em></strong></span> <span class='ocrx_word' id='word_1_570' title='bbox 2347 4669 2471 4709; x_wconf 81' lang='lat' dir='ltr'><strong><em>cum</em></strong></span> <span class='ocrx_word' id='word_1_571' title='bbox 2509 4652 2694 4708; x_wconf 78' lang='lat' dir='ltr'><strong><em>tenore</em></strong></span> <span class='ocrx_word' id='word_1_572' title='bbox 2720 4658 2776 4708; x_wconf 78' lang='lat' dir='ltr'><strong><em>ei</em></strong></span> <span class='ocrx_word' id='word_1_573' title='bbox 2803 4665 2924 4706; x_wconf 87' lang='lat' dir='ltr'><strong><em>cum</em></strong></span> <span class='ocrx_word' id='word_1_574' title='bbox 2951 4649 3146 4721; x_wconf 72' lang='lat' dir='ltr'><strong><em>gratia.</em></strong></span> 
     </span>
    </p>
   </div>
   <div class='ocr_carea' id='block_1_45' title="bbox 381 4735 1974 4807">
    <p class='ocr_par' dir='ltr' id='par_1_45' title="bbox 381 4735 1381 4805">
     <span class='ocr_line' id='line_1_45' title="bbox 381 4735 1381 4805; baseline -0.009 -7"><span class='ocrx_word' id='word_1_575' title='bbox 381 4743 444 4799; x_wconf 78' lang='lat' dir='ltr'><strong><em>In</em></strong></span> <span class='ocrx_word' id='word_1_576' title='bbox 477 4739 905 4804; x_wconf 86' lang='lat' dir='ltr'><strong><em>obscurioribus,</em></strong></span> <span class='ocrx_word' id='word_1_577' title='bbox 939 4735 1381 4805; x_wconf 77' lang='lat' dir='ltr'><strong><em>notzejuvabunt.</em></strong></span> 
     </span>
    </p>
   </div>
   <div class='ocr_carea' id='block_1_46' title="bbox 2068 4735 3661 4807">
    <p class='ocr_par' dir='ltr' id='par_1_46' title="bbox 2164 4737 3661 4807">
     <span class='ocr_line' id='line_1_46' title="bbox 2164 4737 3661 4807; baseline -0.005 -6"><span class='ocrx_word' id='word_1_578' title='bbox 2164 4743 2273 4801; x_wconf 87' lang='lat' dir='ltr'><strong><em>Sed</em></strong></span> <span class='ocrx_word' id='word_1_579' title='bbox 2296 4745 2433 4800; x_wconf 88' lang='lat' dir='ltr'><strong><em>heus</em></strong></span> <span class='ocrx_word' id='word_1_580' title='bbox 2459 4752 2536 4799; x_wconf 90' lang='lat' dir='ltr'><strong><em>tu.</em></strong></span> <span class='ocrx_word' id='word_1_581' title='bbox 2567 4743 2742 4798; x_wconf 80' lang='lat' dir='ltr'><strong><em>Etiam</em></strong></span> <span class='ocrx_word' id='word_1_582' title='bbox 2788 4741 2890 4796; x_wconf 89' lang='lat' dir='ltr'><strong><em>hoc</em></strong></span> <span class='ocrx_word' id='word_1_583' title='bbox 2934 4741 3178 4796; x_wconf 89' lang='lat' dir='ltr'><strong><em>verbum.</em></strong></span> <span class='ocrx_word' id='word_1_584' title='bbox 3206 4738 3262 4795; x_wconf 88' lang='lat' dir='ltr'><strong><em>Si</em></strong></span> <span class='ocrx_word' id='word_1_585' title='bbox 3291 4737 3557 4794; x_wconf 86' lang='lat' dir='ltr'><strong><em>Zelandus</em></strong></span> <span class='ocrx_word' id='word_1_586' title='bbox 3583 4754 3661 4807; x_wconf 86' lang='lat' dir='ltr'><strong><em>es,</em></strong></span> 
     </span>
    </p>
   </div>
   <div class='ocr_carea' id='block_1_47' title="bbox 456 4824 3667 4903">
    <p class='ocr_par' dir='ltr' id='par_1_47' title="bbox 456 4824 3667 4903">
     <span class='ocr_line' id='line_1_47' title="bbox 456 4824 3667 4903; baseline -0.005 -5"><span class='ocrx_word' id='word_1_587' title='bbox 456 4833 513 4888; x_wconf 63' lang='grc' dir='ltr'><strong>ε.</strong></span> <span class='ocrx_word' id='word_1_588' title='bbox 547 4832 798 4903; x_wconf 75' lang='lat' dir='ltr'><strong><em>capitum</em></strong></span> <span class='ocrx_word' id='word_1_589' title='bbox 835 4828 1165 4900; x_wconf 74' lang='lat' dir='ltr'><strong><em>singulorum</em></strong></span> <span class='ocrx_word' id='word_1_590' title='bbox 1206 4827 1654 4898; x_wconf 73' lang='lat' dir='ltr'><strong><em>epigraphas.tui</em></strong></span> <span class='ocrx_word' id='word_1_591' title='bbox 1702 4824 1971 4881; x_wconf 85' lang='lat' dir='ltr'><strong><em>commodi</em></strong></span> <span class='ocrx_word' id='word_1_592' title='bbox 2093 4834 2544 4898; x_wconf 12' lang='lat' dir='ltr'><strong><em>autVHollandus,</em></strong></span> <span class='ocrx_word' id='word_1_593' title='bbox 2573 4834 2718 4887; x_wconf 87' lang='lat' dir='ltr'><strong><em>hunc</em></strong></span> <span class='ocrx_word' id='word_1_594' title='bbox 2742 4831 2937 4887; x_wconf 88' lang='lat' dir='ltr'><strong><em>librum</em></strong></span> <span class='ocrx_word' id='word_1_595' title='bbox 2963 4831 3058 4886; x_wconf 88' lang='lat' dir='ltr'><strong><em>tibi</em></strong></span> <span class='ocrx_word' id='word_1_596' title='bbox 3089 4829 3434 4894; x_wconf 82' lang='lat' dir='ltr'><strong><em>commendo,</em></strong></span> <span class='ocrx_word' id='word_1_597' title='bbox 3459 4828 3542 4885; x_wconf 89' lang='lat' dir='ltr'><strong><em>vel</em></strong></span> <span class='ocrx_word' id='word_1_598' title='bbox 3595 4829 3667 4884; x_wconf 88' lang='lat' dir='ltr'><strong><em>ob</em></strong></span> 
     </span>
    </p>
   </div>
   <div class='ocr_carea' id='block_1_48' title="bbox 383 4919 3665 4996">
    <p class='ocr_par' dir='ltr' id='par_1_48' title="bbox 383 4919 3665 4996">
     <span class='ocr_line' id='line_1_48' title="bbox 383 4919 3665 4996; baseline -0.005 -3"><span class='ocrx_word' id='word_1_599' title='bbox 383 4940 588 4990; x_wconf 79' lang='lat' dir='ltr'><strong><em>causa.</em></strong></span> <span class='ocrx_word' id='word_1_600' title='bbox 645 4923 839 4994; x_wconf 75' lang='lat' dir='ltr'><strong><em>capitis</em></strong></span> <span class='ocrx_word' id='word_1_601' title='bbox 884 4921 1146 4991; x_wconf 75' lang='lat' dir='ltr'><strong><em>cuiusque</em></strong></span> <span class='ocrx_word' id='word_1_602' title='bbox 1223 4921 1420 4986; x_wconf 73' lang='lat' dir='ltr'><strong><em>initio.</em></strong></span> <span class='ocrx_word' id='word_1_603' title='bbox 1478 4920 1718 4977; x_wconf 74' lang='lat' dir='ltr'><strong><em>auctoris</em></strong></span> <span class='ocrx_word' id='word_1_604' title='bbox 1793 4919 1975 4974; x_wconf 79' lang='lat' dir='ltr'><strong><em>verbis</em></strong></span> <span class='ocrx_word' id='word_1_605' title='bbox 2079 4927 2318 4984; x_wconf 79' lang='lat' dir='ltr'><strong><em>nobilem</em></strong></span> <span class='ocrx_word' id='word_1_606' title='bbox 2349 4927 2654 4994; x_wconf 70' lang='lat' dir='ltr'><strong><em>historiam,</em></strong></span> <span class='ocrx_word' id='word_1_607' title='bbox 2686 4939 2848 4996; x_wconf 81' lang='lat' dir='ltr'><strong><em>quam</em></strong></span> <span class='ocrx_word' id='word_1_608' title='bbox 2882 4923 3119 4991; x_wconf 77' lang='lat' dir='ltr'><strong><em>reperies</em></strong></span> <span class='ocrx_word' id='word_1_609' title='bbox 3151 4923 3203 4978; x_wconf 93' lang='lat' dir='ltr'><strong><em>in</em></strong></span> <span class='ocrx_word' id='word_1_610' title='bbox 3234 4920 3353 4978; x_wconf 88' lang='lat' dir='ltr'><strong><em>Vita</em></strong></span> <span class='ocrx_word' id='word_1_611' title='bbox 3378 4919 3665 4986; x_wconf 82' lang='lat' dir='ltr'><strong><em>Thiolridi,</em></strong></span> 
     </span>
    </p>
   </div>
   <div class='ocr_carea' id='block_1_49' title="bbox 383 5013 2200 5092">
    <p class='ocr_par' dir='ltr' id='par_1_49' title="bbox 383 5013 2200 5092">
     <span class='ocr_line' id='line_1_49' title="bbox 383 5013 2200 5092; baseline -0.008 -15"><span class='ocrx_word' id='word_1_612' title='bbox 383 5019 616 5090; x_wconf 79' lang='lat' dir='ltr'><strong><em>ascripsi</em></strong></span> <span class='ocrx_word' id='word_1_613' title='bbox 652 5037 666 5073; x_wconf 89' lang='lat'><strong>:</strong></span> <span class='ocrx_word' id='word_1_614' title='bbox 699 5034 820 5074; x_wconf 91' lang='lat' dir='ltr'><strong><em>cum</em></strong></span> <span class='ocrx_word' id='word_1_615' title='bbox 875 5017 989 5088; x_wconf 87' lang='lat' dir='ltr'><strong><em>ipse</em></strong></span> <span class='ocrx_word' id='word_1_616' title='bbox 1037 5017 1103 5070; x_wconf 88' lang='lat' dir='ltr'><strong><em>ad</em></strong></span> <span class='ocrx_word' id='word_1_617' title='bbox 1155 5015 1276 5072; x_wconf 88' lang='lat' dir='ltr'><strong><em>libri</em></strong></span> <span class='ocrx_word' id='word_1_618' title='bbox 1321 5015 1535 5071; x_wconf 91' lang='lat' dir='ltr'><strong><em>initium</em></strong></span> <span class='ocrx_word' id='word_1_619' title='bbox 1566 5013 1828 5068; x_wconf 80' lang='lat' dir='ltr'><strong><em>duntaxat</em></strong></span> <span class='ocrx_word' id='word_1_620' title='bbox 1875 5025 1977 5082; x_wconf 85' lang='lat' dir='ltr'><strong><em>po-</em></strong></span> <span class='ocrx_word' id='word_1_621' title='bbox 2081 5020 2108 5092; x_wconf 61' lang='grc' dir='ltr'><strong>ς</strong></span> <span class='ocrx_word' id='word_1_622' title='bbox 2145 5021 2200 5074; x_wconf 71' lang='grc'><strong><em>4,</em></strong></span> 
     </span>
    </p>
   </div>
   <div class='ocr_carea' id='block_1_50' title="bbox 382 5120 2572 5302">
    <p class='ocr_par' dir='ltr' id='par_1_50' title="bbox 382 5120 2572 5302">
     <span class='ocr_line' id='line_1_50' title="bbox 382 5120 2572 5302; baseline -0.002 -1"><span class='ocrx_word' id='word_1_623' title='bbox 1479 5210 1948 5302; x_wconf 82' lang='lat' dir='ltr'><strong><em>ITERUM</em></strong></span> <span class='ocrx_word' id='word_1_624' title='bbox 2015 5209 2572 5302; x_wconf 76' lang='lat' dir='ltr'><strong><em>LECTORI.</em></strong></span> 
     </span>
    </p>
   </div>
   <div class='ocr_carea' id='block_1_51' title="bbox 379 5400 3670 5483">
    <p class='ocr_par' dir='ltr' id='par_1_51' title="bbox 379 5400 3670 5483">
     <span class='ocr_line' id='line_1_51' title="bbox 379 5400 3670 5483; baseline -0.004 -13"><span class='ocrx_word' id='word_1_625' title='bbox 379 5461 386 5470; x_wconf 83' lang='lat'><strong><em>,</em></strong></span> <span class='ocrx_word' id='word_1_626' title='bbox 458 5412 532 5470; x_wconf 82' lang='lat' dir='ltr'><strong><em>Ut</em></strong></span> <span class='ocrx_word' id='word_1_627' title='bbox 570 5420 700 5468; x_wconf 87' lang='lat' dir='ltr'><strong><em>sunt</em></strong></span> <span class='ocrx_word' id='word_1_628' title='bbox 745 5421 1008 5483; x_wconf 87' lang='lat' dir='ltr'><strong><em>tempora,</em></strong></span> <span class='ocrx_word' id='word_1_629' title='bbox 1051 5407 1182 5463; x_wconf 88' lang='lat' dir='ltr'><strong><em>mihi</em></strong></span> <span class='ocrx_word' id='word_1_630' title='bbox 1229 5405 1494 5462; x_wconf 86' lang='lat' dir='ltr'><strong><em>Thiol&#39;ridi</em></strong></span> <span class='ocrx_word' id='word_1_631' title='bbox 1540 5403 1712 5458; x_wconf 79' lang='lat' dir='ltr'><strong><em>Vitam</em></strong></span> <span class='ocrx_word' id='word_1_632' title='bbox 1751 5401 1981 5475; x_wconf 74' lang='lat' dir='ltr'><strong><em>vulgare</em></strong></span> <span class='ocrx_word' id='word_1_633' title='bbox 2095 5401 2231 5457; x_wconf 76' lang='lat' dir='ltr'><strong><em>forte</em></strong></span> <span class='ocrx_word' id='word_1_634' title='bbox 2253 5402 2345 5467; x_wconf 90' lang='lat' dir='ltr'><strong><em>sit,</em></strong></span> <span class='ocrx_word' id='word_1_635' title='bbox 2375 5401 2465 5471; x_wconf 85' lang='lat' dir='ltr'><strong><em>qui</em></strong></span> <span class='ocrx_word' id='word_1_636' title='bbox 2500 5401 2717 5457; x_wconf 81' lang='lat' dir='ltr'><strong><em>maximi</em></strong></span> <span class='ocrx_word' id='word_1_637' title='bbox 2746 5400 2914 5458; x_wconf 80' lang='lat' dir='ltr'><strong><em>faciat</em></strong></span> <span class='ocrx_word' id='word_1_638' title='bbox 2952 5402 3101 5457; x_wconf 87' lang='lat' dir='ltr'><strong><em>Vitas</em></strong></span> <span class='ocrx_word' id='word_1_639' title='bbox 3134 5403 3501 5458; x_wconf 81' lang='lat' dir='ltr'><strong><em>Romanorum</em></strong></span> <span class='ocrx_word' id='word_1_640' title='bbox 3525 5400 3670 5457; x_wconf 75' lang='lat' dir='ltr'><strong><em>Grie-</em></strong></span> 
     </span>
    </p>
   </div>
   <div class='ocr_carea' id='block_1_52' title="bbox 383 5491 3665 5576">
    <p class='ocr_par' dir='ltr' id='par_1_52' title="bbox 383 5491 3665 5576">
     <span class='ocr_line' id='line_1_52' title="bbox 383 5491 3665 5576; baseline -0.004 -17"><span class='ocrx_word' id='word_1_641' title='bbox 383 5504 619 5576; x_wconf 84' lang='lat' dir='ltr'><strong><em>paranti,</em></strong></span> <span class='ocrx_word' id='word_1_642' title='bbox 647 5505 886 5574; x_wconf 77' lang='lat' dir='ltr'><strong><em>suggerit</em></strong></span> <span class='ocrx_word' id='word_1_643' title='bbox 925 5500 1139 5556; x_wconf 89' lang='lat' dir='ltr'><strong><em>animus</em></strong></span> <span class='ocrx_word' id='word_1_644' title='bbox 1171 5512 1276 5552; x_wconf 92' lang='lat' dir='ltr'><strong><em>non</em></strong></span> <span class='ocrx_word' id='word_1_645' title='bbox 1331 5495 1610 5552; x_wconf 81' lang='lat' dir='ltr'><strong><em>defuturos</em></strong></span> <span class='ocrx_word' id='word_1_646' title='bbox 1643 5493 1734 5564; x_wconf 90' lang='lat' dir='ltr'><strong><em>qui</em></strong></span> <span class='ocrx_word' id='word_1_647' title='bbox 1774 5495 1978 5558; x_wconf 84' lang='lat' dir='ltr'><strong><em>dicant,</em></strong></span> <span class='ocrx_word' id='word_1_648' title='bbox 2083 5509 2377 5564; x_wconf 83' lang='lat' dir='ltr'><strong><em>eorumque</em></strong></span> <span class='ocrx_word' id='word_1_649' title='bbox 2412 5511 2440 5546; x_wconf 88' lang='lat' dir='ltr'><strong><em>a</em></strong></span> <span class='ocrx_word' id='word_1_650' title='bbox 2470 5491 2762 5550; x_wconf 82' lang='lat' dir='ltr'><strong><em>Plutarcho</em></strong></span> <span class='ocrx_word' id='word_1_651' title='bbox 2805 5494 3060 5563; x_wconf 82' lang='lat' dir='ltr'><strong><em>scriptas.</em></strong></span> <span class='ocrx_word' id='word_1_652' title='bbox 3106 5491 3220 5547; x_wconf 86' lang='lat' dir='ltr'><strong><em>Nec</em></strong></span> <span class='ocrx_word' id='word_1_653' title='bbox 3257 5506 3359 5562; x_wconf 79' lang='lat' dir='ltr'><strong><em>ego</em></strong></span> <span class='ocrx_word' id='word_1_654' title='bbox 3399 5505 3494 5545; x_wconf 89' lang='lat' dir='ltr'><strong><em>eas</em></strong></span> <span class='ocrx_word' id='word_1_655' title='bbox 3532 5506 3665 5545; x_wconf 88' lang='lat' dir='ltr'><strong><em>con-</em></strong></span> 
     </span>
    </p>
   </div>
   <div class='ocr_carea' id='block_1_53' title="bbox 385 5583 3664 5662">
    <p class='ocr_par' dir='ltr' id='par_1_53' title="bbox 385 5583 3664 5662">
     <span class='ocr_line' id='line_1_53' title="bbox 385 5583 3664 5662; baseline -0.005 -6"><span class='ocrx_word' id='word_1_656' title='bbox 385 5615 496 5658; x_wconf 90' lang='lat' dir='ltr'><strong><em>non</em></strong></span> <span class='ocrx_word' id='word_1_657' title='bbox 549 5608 757 5656; x_wconf 85' lang='lat' dir='ltr'><strong><em>tantum</em></strong></span> <span class='ocrx_word' id='word_1_658' title='bbox 813 5598 960 5656; x_wconf 90' lang='lat' dir='ltr'><strong><em>illum</em></strong></span> <span class='ocrx_word' id='word_1_659' title='bbox 1011 5611 1152 5662; x_wconf 85' lang='lat' dir='ltr'><strong><em>esse,</em></strong></span> <span class='ocrx_word' id='word_1_660' title='bbox 1231 5601 1292 5649; x_wconf 90' lang='lat' dir='ltr'><strong><em>ut</em></strong></span> <span class='ocrx_word' id='word_1_661' title='bbox 1336 5592 1520 5662; x_wconf 81' lang='lat' dir='ltr'><strong><em>magni</em></strong></span> <span class='ocrx_word' id='word_1_662' title='bbox 1589 5590 1793 5647; x_wconf 80' lang='lat' dir='ltr'><strong><em>referat</em></strong></span> <span class='ocrx_word' id='word_1_663' title='bbox 1841 5589 1982 5645; x_wconf 90' lang='lat' dir='ltr'><strong><em>scire</em></strong></span> <span class='ocrx_word' id='word_1_664' title='bbox 2087 5597 2294 5643; x_wconf 82' lang='lat' dir='ltr'><strong><em>temne.</em></strong></span> <span class='ocrx_word' id='word_1_665' title='bbox 2333 5585 2510 5653; x_wconf 81' lang='lat' dir='ltr'><strong><em>Quid?</em></strong></span> <span class='ocrx_word' id='word_1_666' title='bbox 2538 5585 2984 5656; x_wconf 81' lang='lat' dir='ltr'><strong><em>Philosophorum</em></strong></span> <span class='ocrx_word' id='word_1_667' title='bbox 3031 5585 3172 5655; x_wconf 86' lang='lat' dir='ltr'><strong><em>apud</em></strong></span> <span class='ocrx_word' id='word_1_668' title='bbox 3207 5583 3480 5640; x_wconf 87' lang='lat' dir='ltr'><strong><em>Laertium</em></strong></span> <span class='ocrx_word' id='word_1_669' title='bbox 3511 5583 3664 5650; x_wconf 77' lang='lat' dir='ltr'><strong><em>Viue,</em></strong></span> 
     </span>
    </p>
   </div>
   <div class='ocr_carea' id='block_1_54' title="bbox 384 5677 3667 5764">
    <p class='ocr_par' dir='ltr' id='par_1_54' title="bbox 384 5677 3667 5764">
     <span class='ocr_line' id='line_1_54' title="bbox 384 5677 3667 5764; baseline -0.004 -17"><span class='ocrx_word' id='word_1_670' title='bbox 384 5693 513 5764; x_wconf 74' lang='lat' dir='ltr'><strong><em>quis</em></strong></span> <span class='ocrx_word' id='word_1_671' title='bbox 552 5692 736 5763; x_wconf 79' lang='lat' dir='ltr'><strong><em>fuerit,</em></strong></span> <span class='ocrx_word' id='word_1_672' title='bbox 768 5693 897 5764; x_wconf 79' lang='lat' dir='ltr'><strong><em>quid</em></strong></span> <span class='ocrx_word' id='word_1_673' title='bbox 927 5690 1138 5747; x_wconf 81' lang='lat' dir='ltr'><strong><em>fecerit.</em></strong></span> <span class='ocrx_word' id='word_1_674' title='bbox 1175 5688 1264 5756; x_wconf 80' lang='lat' dir='ltr'><strong><em>At,</em></strong></span> <span class='ocrx_word' id='word_1_675' title='bbox 1291 5687 1382 5755; x_wconf 85' lang='lat' dir='ltr'><strong><em>qui</em></strong></span> <span class='ocrx_word' id='word_1_676' title='bbox 1413 5686 1491 5740; x_wconf 90' lang='lat' dir='ltr'><strong><em>sic</em></strong></span> <span class='ocrx_word' id='word_1_677' title='bbox 1529 5685 1754 5749; x_wconf 89' lang='lat' dir='ltr'><strong><em>sentiat,</em></strong></span> <span class='ocrx_word' id='word_1_678' title='bbox 1797 5699 1861 5738; x_wconf 80' lang='lat' dir='ltr'><strong><em>ex</em></strong></span> <span class='ocrx_word' id='word_1_679' title='bbox 1915 5681 1982 5737; x_wconf 88' lang='lat' dir='ltr'><strong><em>iis</em></strong></span> <span class='ocrx_word' id='word_1_680' title='bbox 2083 5679 2212 5749; x_wconf 86' lang='lat' dir='ltr'><strong><em>quid</em></strong></span> <span class='ocrx_word' id='word_1_681' title='bbox 2244 5678 2525 5734; x_wconf 82' lang='lat' dir='ltr'><strong><em>videntur?</em></strong></span> <span class='ocrx_word' id='word_1_682' title='bbox 2549 5677 2632 5734; x_wconf 89' lang='lat' dir='ltr'><strong><em>Sit</em></strong></span> <span class='ocrx_word' id='word_1_683' title='bbox 2659 5687 2714 5734; x_wconf 90' lang='lat' dir='ltr'><strong><em>et</em></strong></span> <span class='ocrx_word' id='word_1_684' title='bbox 2743 5679 2826 5735; x_wconf 89' lang='lat' dir='ltr'><strong><em>his</em></strong></span> <span class='ocrx_word' id='word_1_685' title='bbox 2855 5693 2985 5734; x_wconf 91' lang='lat' dir='ltr'><strong><em>suus</em></strong></span> <span class='ocrx_word' id='word_1_686' title='bbox 3005 5678 3196 5734; x_wconf 86' lang='lat' dir='ltr'><strong><em>honos.</em></strong></span> <span class='ocrx_word' id='word_1_687' title='bbox 3223 5677 3362 5746; x_wconf 83' lang='lat' dir='ltr'><strong><em>Quid</em></strong></span> <span class='ocrx_word' id='word_1_688' title='bbox 3386 5687 3667 5746; x_wconf 87' lang='lat' dir='ltr'><strong><em>poetarum</em></strong></span> 
     </span>
    </p>
   </div>
  </div>
