3986 6476
428 407 540 472 305

1394 388 1808 451 TlllOFRlDUS
1848 382 2071 442 ABBAS
2110 378 2703 439 EFTERNACENSIS.

3571 389 3660 449 ΞΜ

428 537 463 580 'a
492 521 706 579 Crinito
734 520 999 593 vulgata?
1044 508 1304 572 Poterant
1348 517 1495 563 certe
1541 504 1787 577 quasdam
1847 502 2005 574 iguo-
2036 505 2085 566 Α
2112 497 2484 593 gistra,_vitam
2515 495 2623 593 fere
2644 508 2845 547 omnem
2878 494 3300 593 consumpsisset,
3324 510 3480 553 mores
3505 518 3664 571 parum
3698 494 3712 567 ζ

429 613 544 669 rari
593 614 712 670 sine
760 626 954 680 magno
984 607 1325 663 detrimento.
1364 599 1502 667 Quid
1549 599 1733 654 Icones
1777 607 1831 654 et
1882 597 2014 653 Vita:

432 704 660 771 Calrini,
694 711 747 758 et
792 701 1046 757 similium
1089 696 1345 766 pestium,
1392 707 1526 763 quas
1573 690 1870 763 epidcmica
1901 690 2015 758 ipse

429 795 623 864 pestis,
674 793 836 855 Beza,
888 789 1174 843 inficiendo
1222 785 1532 841 Christiano
1586 784 1725 848 orbi,
1777 781 2016 852 sparsit?

430 885 588 939 liunc
614 897 740 937 vero
769 882 986 952 dignum
1011 877 1215 948 judico,
1244 878 1357 947 qui,
1390 892 1511 931 eum
1561 874 1907 946 profiteretur
1957 888 2017 928 se

426 974 711 1028 celebrare
738 973 873 1026 vivos
932 970 1172 1023 doctrina
1238 969 1397 1024 simul
1435 978 1483 1022 et
1528 968 1720 1037 pietate
1761 964 2012 1030 illustres,

428 1061 925 1132 quorumpra’cipue
946 1059 1261 1123 ministerio,
1279 1075 1391 1112 rem
1411 1058 1588 1127 religio
1602 1058 1899 1111 instaurata
1923 1055 2021 1109 sit:

431 1155 501 1207 de
536 1167 645 1206 uno
673 1160 854 1206 tamen
887 1152 1080 1206 borum
1121 1159 1229 1204 tam
1268 1149 1557 1204 illustrium
1590 1149 1837 1211 heroum,
1867 1145 2018 1214 justo

428 1242 525 1300 Dei
557 1244 688 1315 justi
712 1243 918 1311 judicio
939 1252 1268 1309 exemcatus,
1310 1241 1529 1296 disertis
1561 1240 1738 1295 verbis
1786 1239 2023 1309 scripseo

430 1333 523 1388 rit.
555 1331 690 1389 Cum
716 1333 771 1386 in
800 1332 945 1398 aula,
974 1333 1199 1401 pessima
1250 1331 1456 1401 pietatis
1503 1340 1550 1385 et
1581 1329 1871 1384 honestatis
1905 1345 2021 1382 ma—

2121 588 2449 645 Christianos
2484 602 2548 641 ne
2578 587 2631 640 in
2662 593 2894 639 extrema
2937 586 3147 655 quidem
3189 594 3339 641 mtate
3379 593 3663 649 emendasse.

2120 682 2171 737 ls
2202 681 2302 735 fuit
2330 680 2569 734 clemens
2615 677 2876 732 Marotus.
2911 677 3011 743 En,
3045 693 3075 731 ει
3108 693 3215 749 quo
3241 694 3378 734 vera:
3426 683 3667 753 religionis

2121 772 2552 828 instaurationem
2601 770 2782 841 petas!
2813 769 2967 824 Petat
3019 768 3181 835 Beza,
3233 769 3304 824 illi
3354 773 3549 828 similis.
3600 777 3668 832 Me

2125 862 2340 934 quidem
2364 871 2512 916 certe
2541 860 2762 914 rivalem
2794 875 2901 913 non
2941 859 3181 914 habebit.

2197 954 2539 1011 Tbiol‘ridum
2580 964 2826 1009 nostrum
2866 968 2988 1009 cum
3044 952 3307 1021 ejusmodi
3349 955 3577 1011 monstris
3614 972 3671 1014 ne

2127 1048 2375 1118 componi
2409 1047 2632 1117 quidem
2657 1044 2795 1100 fero.
2826 1043 2965 1111 Quin
2996 1054 3051 1099 et
3077 1045 3303 1100 ﬁdenter
3331 1045 3466 1111 dico,
3494 1056 3543 1099 et
3568 1048 3668 1101 Plu-

2129 1138 2302 1193 larcbi
2356 1135 2672 1200 Catonibus,
2724 1148 2779 1189 et
2833 1135 3033 1189 Laertii
3092 1134 3386 1201 Biantibus,
3414 1146 3465 1190 et
3506 1136 3669 1194 Criniti

2124 1228 2443 1300 PrOpertiis,
2478 1228 2633 1299 longe
2663 1227 3080 1297 praeferendum.
3126 1226 3198 1281 Ita
3242 1227 3450 1282 sentio:
3477 1226 3673 1295 Tn,Le-

2127 1332 2266 1388 CIOI',
2300 1336 2470 1377 νονεο
2494 1329 2551 1375 ιιι
2577 1335 2811 1376 mecum.

439 1489 3669 1532 ΨΜ

1515 1728 1661 1849 D.
1766 1722 2600 1849 THIOFBIDI

1393 1960 1682 2019 ABBATIS
1723 1962 1810 2018 ET
1852 1959 2090 2018 DOMINI
2129 1957 2710 2015 EFTERNACENSlS

1896 2138 2288 2259 VITA.

680 2366 779 2432 Ea:
812 2373 940 2451 ejus
973 2369 1270 2450 operibus
1305 2367 1587 2428 studiose
1622 2362 1902 2436 collecta,
1935 2382 1972 2421 α
2012 2360 2088 2424 Ρ.
2123 2362 2230 2422 Jo.
2267 2362 2574 2436 Ronmm,
2614 2364 2827 2425 societ.
2866 2365 3017 2425 Iesu
3034 2365 3431 2444 presbytero.

508 2626 715 2678 Damno
744 2621 856 2693 ipse
878 2634 1055 2675 meum
1087 2617 1414 2682 institutmn,
1438 2616 1647 2672 erudite
1677 2616 1893 2686 Lector,
1937 2618 2032 2691 qui
2068 2621 2112 2682 Β
2140 2615 2274 2671 nihil
2304 2613 2523 2671 omnino
2548 2611 2723 2667 babeo
2777 2610 2925 2679 quod
2978 2609 3176 2676 dicam,
3222 2612 3595 2669 adolescentem
3633 2611 3690 2666 ad

430 2717 677 2776 scribere
705 2713 988 2786 aggrediar
1006 2710 1186 2765 Vitam
1231 2724 1393 2779 quam
1442 2708 1685 2779 proﬁteri
1732 2726 1898 2783 cogor
1938 2727 2027 2769 me

432 2819 570 2880 pene
603 2814 768 2861 totam
797 2803 1065 2875 ignorare.
1091 2801 1278 2870 Itaque
1299 2798 1502 2856 rectius
1556 2810 1758 2858 mutem
1816 2802 2029 2875 epigra-

431 2899 677 2970 phen,et
698 2893 1033 2951 rescribam:
1078 2893 1235 2948 Vm:
1275 2892 1628 2948 Fuscum“.
1683 2893 1861 2963 Atque
1918 2895 2032 2949 lucc

432 2990 549 3059 ipsa
579 2994 704 3042 sunt
727 2986 926 3056 oppido
948 2999 1157 3056 pauca;
1184 2984 1301 3048 sed,
1330 2986 1475 3056 quod
1507 2985 1687 3057 magni
1726 2985 1917 3050 facias,
1963 3001 2030 3040 ex

431 3070 552 3148 ipso
578 3067 858 3133 Thinirido
879 3076 1138 3142 collecta;
1163 3078 1254 3147 qui
1287 3093 1425 3133 unus
1447 3078 1653 3148 optime
1692 3078 1842 3132 novit
1901 3077 2033 3148 quid

434 3176 503 3228 de
529 3186 590 3228 se
612 3169 899 3226 scriberet.
926 3170 981 3225 Si
1013 3170 1136 3239 quis
1164 3168 1380 3225 aliunde
1408 3168 1601 3238 juvare
1651 3169 1851 3240 poterit
1911 3170 2036 3239 (ba—

434 3266 630 3320 etenus
657 3253 855 3318 irustra
880 3276 1036 3332 opem
1071 3261 1373 3333 imploravi)
1400 3262 1573 3316 amice
1605 3260 1795 3316 fecerit
1836 3260 1880 3316 si
1910 3276 2036 3330 sng-

435 3364 620 3427 geret;
652 3362 707 3411 et
726 3354 849 3417 erit,
879 3369 1001 3408 eum
1033 3351 1216 3408 licebit
1247 3353 1469 3408 addere.
1501 3352 1606 3408 Sed
1632 3351 1697 3405 ad
1748 3361 1856 3406 tam
1912 3352 2037 3407 bre-

433 3464 556 3504 vem
585 3447 955 3518 scriptionem,
981 3457 1060 3501 sat
1086 3444 1395 3515 prmfatum.

1061 3534 1089 3607 δ
1131 3534 1168 3588 l.
1206 3532 1428 3589 Nomen.

505 3630 623 3685 Non
654 3630 843 3700 probo,
870 3629 959 3699 qui
986 3640 1181 3683 nomen
1205 3628 1253 3681 ci
1280 3638 1509 3693 mutant,
1535 3637 1590 3683 et
1619 3637 1814 3682 vocant
1864 3626 2029 3681 Theo-

431 3723 666 3793 {ridum,
685 3736 807 3777 cum
842 3720 952 3791 ipse
982 3721 1181 3793 ubique
1212 3737 1272 3776 se
1292 3720 1497 3776 scribat
1528 3718 1858 3786 Tliiofridum
1886 3736 1899 3770 :
1925 3727 2037 3775 aut.

443 3812 641 3866 Latino
670 3811 774 3865 line
818 3810 869 3864 in
918 3812 1266 3866 vernaculum
1312 3819 1592 3872 mutante,
1651 3806 1895 3877 Titi/rid,
1950 3814 2042 3862 aut

437 3900 701 3972 Thiefrid.
726 3899 843 3956 Lib.
878 3916 939 3956 tu
996 3901 1177 3956 Carm.
1212 3903 1285 3956 De
1310 3901 1428 3956 Vita
1458 3899 1515 3955 S.
1553 3897 1889 3955 Willibrordi
1919 3915 1933 3950 :

2129 2707 2374 2773 modum,
2405 2722 2469 2761 ac
2498 2718 2634 2774 pene
2676 2718 2908 2776 puerum
2950 2702 3006 2759 id
3057 2702 3195 2761 Vita:
3231 2706 3528 2761 institutqu
3572 2706 3688 2759 arri-

2130 2801 2344 2871 puisse,
2395 2798 2589 2869 colligo
2624 2813 2692 2854 ex
2718 2806 2903 2864 aetate,
2951 2796 3020 2853 de
3061 2813 3169 2869 qua
3228 2798 3451 2870 iulra,§
3495 2798 3542 2853 9.
3587 2790 3691 2851 Post

2133 2907 2304 2948 annos
2328 2890 2588 2960 religiosm
2616 2887 2986 2960 professionis.
3032 2899 3089 2943 nt
3121 2890 3403 2945 minimum
3448 2890 3530 2957 59,
3557 2886 3694 2946 abbas

2136 2980 2332 3040 factus.
2365 2984 2498 3039 Vide
2528 2981 2659 3037 ibid.
2690 2982 2872 3036 Abbas
2904 2981 3037 3035 vixit
3063 2997 3236 3037 annos
3257 2978 3347 3039 28.
3379 2981 3484 3038 [loc
3505 2998 3580 3037 me
3617 2980 3693 3034 do-

2136 3086 2222 3132 cet
2243 3076 2525 3130 Annolatio
2550 3073 2782 3142 religiosi
2813 3075 3110 3145 cujuspiam
3142 3074 3553 3142 Etternacensis,
3576 3078 3693 3128 anti-

2138 3183 2243 3237 qua
2268 3181 2426 3220 manu
2457 3165 2523 3219 ad
2555 3166 2716 3218 linem
2747 3164 2869 3218 libri
2896 3179 2970 3218 tv.
2998 3163 3217 3219 Florum
3243 3166 3501 3236 ascripta,
3522 3179 3581 3219 ex
3608 3177 3695 3233 qua

2138 3270 2188 3314 et
2215 3259 2316 3312 alia
2347 3259 2413 3312 de
2440 3250 2721 3310 'l‘binirido
2751 3253 3011 3312 discimus
3042 3258 3226 3327 itaque
3257 3274 3378 3313 eam
3412 3258 3496 3313 hic
3538 3256 3695 3310 verbo-

2144 3358 2303 3402 tcnus
2337 3352 2686 3416 repracsento.
2722 3345 2816 3399 Est
2841 3342 3104 3415 ejusmodi
3152 3363 3169 3400 :
3227 3347 3526 3418 Titiofridus
3564 3345 3700 3398 abbas

2141 3440 2300 3509 hujus
2329 3437 2654 3501 monasterii,
2685 3436 2869 3490 doctor
2898 3438 3152 3508 egregius,
3182 3438 3566 3506 dictator/tujus
3580 3434 3698 3501 libri,

2143 3546 2281 3583 anno
2308 3527 2697 3581 Iucarnatiouis
2732 3525 2940 3581 Domini
2972 3527 3048 3580 Μ.
3084 3525 3416 3593 LXXVIII,
3447 3526 3583 3582 XIII
3611 3525 3704 3580 Ka-

2142 3619 2282 3673 lend.
2316 3618 2579 3686 Septemb.
2610 3616 2874 3670 abbatiam
2910 3616 3091 3671 Romie
3116 3621 3365 3687 susce,it,
3405 3634 3603 3688 eamque
3627 3630 3703 3685 per

2118 3706 2248 3761 ’ΧΧ
2264 3705 2401 3760 VIII
2433 3722 2600 3760 annos
2629 3706 2984 3761 strenuissime
3015 3707 3144 3760 rexit
3164 3723 3182 3761 .'
3200 3711 3280 3762 vir
3298 3708 3496 3762 subtilis
3516 3704 3704 3777 ingenii,

2145 3800 2459 3853 monimen‘a
2486 3797 2737 3867 plurima,
2768 3800 2821 3852 in
2850 3798 3040 3869 prosis,
3089 3811 3135 3852 et
3184 3801 3388 3865 metris,
3429 3809 3476 3853 et
3516 3795 3701 3851 diversis

2144 3890 2484 3945 historiarum
2513 3891 2774 3954 cantibus,
2803 3890 2856 3943 in
2883 3890 3070 3955 quibus
3096 3890 3322 3959 miriﬁce
3352 3890 3557 3957 claruit,
3580 3889 3705 3943 dere—

479 3994 633 4048 Venit
658 3993 711 4047 in
734 3992 1035 4063 emporium
1070 3992 1336 4047 mandrila
1381 3991 1588 4062 ’l'lt'frid
1617 4002 1996 4047 memoratum.

2143 3978 2307 4048 liquit.
2334 3984 2604 4038 Hactenus
2637 3984 2731 4047 ibi,
2765 3983 3065 4052 atquelnec
3102 3983 3168 4038 de
3197 3985 3323 4039 vitae
3371 3986 3587 4040 decursu
3623 3994 3704 4052 ge-

435 4084 614 4141 Minus
636 4085 800 4140 etiam
824 4084 1000 4152 capio,
1033 4092 1126 4138 aut
1175 4084 1364 4153 probo,
1421 4084 1563 4153 quod
1605 4096 1728 4137 eum
1782 4083 2024 4153 quidam,

435 4174 622 4232 nescio
646 4174 808 4240 unde,
836 4175 1062 4229 vocabat
1089 4174 1516 4243 Theodefridum.

422 4267 519 4320 Au
546 4274 599 4319 et
630 4262 886 4318 Vernatus
916 4264 1090 4318 dictus
1110 4274 1325 4318 censeat
1349 4266 1472 4334 quis
1496 4280 1559 4318 ex
1588 4264 1679 4319 illo
1704 4262 1821 4332 ejus
1845 4278 2026 4329 versu,

435 4367 546 4422 quo
568 4352 744 4407 Vitam
772 4350 833 4405 S.
866 4350 1242 4407 \VlLLIBRORDl
1268 4369 1296 4405 a
1322 4368 1380 4407 se
1408 4354 1701 4422 scriptam:
1718 4354 1818 4421 ipsi
1842 4365 2031 4407 sancto

437 4444 652 4501 dedicat
680 4462 694 4498 :

511 4536 750 4606 Thiefrid
787 4534 1071 4601 Vernulas,
1104 4533 1371 4588 Wilbrord
1402 4536 1498 4587 lioc
1537 4534 1718 4587 dedito
1771 4550 1961 4588 munus

507 4624 770 4699 Pauperis
792 4625 988 4696 ingenii

434 4719 641 4788 Apage.
692 4715 1003 4786 Legendum
1055 4715 1171 4769 sine
1214 4714 1378 4769 dubio
1441 4712 1607 4768 Verna
1652 4724 1794 4769 tuus.
1844 4714 2026 4770 Sancti

437 4805 815 4862 WtLLtnnonol
840 4820 898 4860 se
922 4820 1137 4859 vernam
1169 4813 1339 4866 vocat,
1376 4804 1464 4873 qui
1491 4805 1653 4858 etiam
1679 4820 1736 4860 se
1758 4822 2032 4860 ceruorum

436 4896 652 4951 Domini
685 4904 842 4950 vocat
882 4894 1175 4956 vernulam,
1227 4893 1361 4949 Vitae
1408 4894 1648 4962 ejusdem
1695 4898 1867 4952 sancti
1912 4913 2032 4956 cat).

436 4984 529 5051 36,
554 4986 696 5055 quod
720 4976 865 5040 infra
894 4985 946 5039 in
978 4986 1079 5040 hac
1120 4984 1236 5037 Vita
1260 4977 1433 5054 leges.

1058 5076 1087 5147 ς
1124 5076 1184 5129 ιι.
1219 5073 1421 5130 Putria.

510 5166 716 5224 Nomen
744 5167 876 5222 mihi
900 5168 1180 5223 videbatur
1201 5167 1488 5238 Anglicum
1524 5166 1675 5238 quid,
1719 5177 1810 5221 aut
1864 5167 2035 5222 Frisio

436 5276 562 5319 cum
591 5275 803 5316 sonare.
838 5261 943 5315 Sed
973 5264 1191 5316 nomina
1219 5261 1377 5316 facile
1411 5263 1669 5334 migrant.
1690 5262 1875 5334 Neque
1892 5263 2036 5317 aliud

2133 4076 2387 4131 neratim.
2419 4072 2538 4130 Jan:
2570 4075 2817 4145 quaedam
2851 4074 3197 4145 particularla
3228 4077 3530 4132 videamus.

2674 4164 2703 4236 §
2748 4165 2834 4219 IV.
2880 4164 2979 4218 Res
3005 4175 3183 4232 gestia.
3644 4212 3653 4219 .

2207 4259 2410 4315 Prmter
2441 4259 2530 4313 illa
2561 4275 2681 4329 quae
2707 4259 2949 4330 proxima
2981 4257 3271 4311 Auuotatio
3310 4256 3565 4328 suggerit,
3618 4254 3705 4309 ista

2135 4352 2438 4405 observavi.

2207 4442 2261 4495 1.
2297 4442 2571 4498 Successit
2599 4443 2948 4514 Regimberto
2998 4444 3206 4509 abbati,
3253 4460 3380 4500 cum
3431 4449 3518 4497 hic
3557 4449 3729 4495 annos.

2134 4532 2203 4586 50
2228 4534 2552 4600 praefuisset.
2588 4536 2664 4591 Ita
2696 4552 2796 4591 ms.
2828 4536 3255 4604 Efteruaceusis,
3301 4535 3521 4592 nomine
3563 4530 3707 4586 Limn

2134 4641 2357 4706 Adaeus,
2389 4643 2516 4698 pag.
2547 4628 2668 4683 115.

2207 4715 2261 4768 2.
2295 4714 2460 4780 llujus
2482 4716 2816 4786 Regimberti
2845 4718 3020 4773 adhuc
3047 4720 3279 4777 viventis
3308 4721 3409 4775 fuit
3434 4717 3708 4789 coadjutar.

2138 4805 2251 4860 sive
2276 4807 2588 4876 designatus
2632 4824 2936 4865 successor.
2984 4811 3090 4867 Sed
3138 4824 3258 4883 post
3309 4813 3431 4882 ejus
3484 4817 3711 4869 mortem,

2140 4911 2263 4949 rum
2292 4898 2510 4966 quidam
2542 4902 2867 4969 competitor
2895 4900 3159 4956 Cresarem
3185 4905 3450 4961 adversus
3502 4896 3716 4957 Tbiofri-

2143 4988 2268 5041 dum
2294 4988 2676 5058 interpellaret,
2698 4991 2996 5060 pontiﬁcem
3028 4995 3139 5063 ipse
3168 4995 3408 5050 vicissim
3454 4992 3601 5057 adiit,
3635 4985 3714 5059 qui

2141 5091 2203 5130 ea
2235 5085 2552 5147 tempestate
2575 5079 3097 5150 eiatGregor.VlI;
3140 5098 3248 5152 quo
3287 5081 3597 5152 aequissimo
3638 5077 3716 5146 ju-

2146 5168 2265 5223 dice
2292 5169 2381 5238 jns
2404 5185 2561 5223 suum
2592 5170 2861 5234 obtinuit,
2904 5189 2967 5225 ac
2992 5173 3073 5228 sic
3115 5176 3256 5243 quod
3301 5175 3381 5228 ait
3427 5169 3711 5232 Annotatio,

2147 5258 2411 5311 abbatiam
2444 5257 2887 5332 Romzrsuscepit.
2919 5261 3047 5317 Vide
3072 5264 3362 5319 licrtelium
3418 5266 3469 5317 in
3503 5260 3717 5317 lliszoria

436 5353 611 5409 babeo
634 5353 774 5423 quod
804 5351 1020 5421 addam,
1051 5353 1152 5409 nisi
1186 5354 1476 5425 ingenuam
1530 5369 1662 5408 mea:
1713 5354 2032 5424 ignorantia:
2064 5342 2108 5420 Β
2136 5346 2398 5403 Luxemb.
2423 5358 2481 5403 et
2509 5350 2820 5420 Calalngnm
2851 5369 2951 5407 ms.
2985 5355 3238 5408 abbatum
3263 5354 3543 5408 Εΐιρνηιιυ.

438 5444 859 5502 confessionem.

942 5534 973 5606 ’ᾗ
993 5532 1076 5588 Ill.
1120 5533 1247 5589 Vita:
1275 5535 1527 5589 decursus

506 5621 605 5677 llic
629 5621 825 5678 iterum
850 5634 1048 5694 parum
1079 5623 1209 5677 mibi
1235 5622 1422 5692 liquet.
1450 5618 1630 5675 Pauca
1662 5635 1780 5690 qtae
1811 5620 2034 5693 legi,vel

436 5712 649 5783 collegi,
677 5714 887 5787 accipe,
915 5713 988 5769 Ut
1009 5713 1075 5769 de
1094 5714 1218 5770 Vita
1242 5713 1358 5783 ejus
1380 5721 1508 5768 ante
1538 5712 1839 5784 ingressum
1863 5712 1916 5768 ln
1945 5728 2033 5768 re-

436 5800 709 5871 ligionem,
739 5811 792 5858 et
819 5801 1261 5859 Efternaeensem
1286 5813 1512 5870 catum,
1546 5798 1759 5871 sileam,
1808 5804 1875 5861 de
1927 5819 2033 5874 qua

2208 5439 2259 5492 3.
2290 5435 2415 5492 Jura
2444 5448 2498 5493 et
2551 5439 2826 5495 libertates
2856 5441 3254 5497 Efternacensis
3286 5439 3601 5499 monasterii
3632 5449 3717 5506 per

2141 5527 2407 5585 Caesarem
2462 5528 2753 5584 llenrieum
2804 5541 3057 5602 quartum
3114 5533 3431 5589 confirmari
3500 5523 3713 5587 curavit.

2141 5619 2297 5675 Liber
2322 5638 2514 5677 aureus
2538 5639 2658 5678 cum
2689 5623 2996 5681 Caesareum
3027 5626 3261 5696 diploma
3308 5629 3600 5698 posuisret,
3648 5622 3718 5676 sic

2139 5713 2408 5770 concludit
2433 5729 2554 5786 pag.
2590 5716 2683 5770 101
2718 5716 2769 5771 in
2799 5717 2904 5773 line
2938 5737 2950 5773 :
2980 5716 3110 5774 Haec
3141 5730 3258 5774 acta
3300 5731 3426 5774 sunt
3450 5734 3589 5772 anno
3621 5713 3717 5769 Do-

2139 5808 2345 5862 minica:
2367 5806 2756 5863 Iucarnationis
2782 5807 2856 5864 Il.
2887 5807 3060 5878 XCV,
3083 5808 3378 5867 Indictione
3431 5809 3545 5875 III,
3593 5820 3721 5862 anno
