3986 6484
260 469 350 525 305

1341 478 1758 549 PROLOQUIA.
1788 512 1860 525 --
1899 482 2056 540 Vl'l'A
2092 484 2461 543 TlllOFﬂlDl.

3441 492 3566 549 308“

268 602 370 643 vero
406 586 621 643 domini
648 591 783 661 imp.
825 592 1044 665 Augusti
1075 592 1285 648 flemici
1314 596 1456 665 regni
1498 596 1629 662 X‘L,
1659 599 1863 670 imperii
1890 604 1939 661 Α
1968 602 2310 672 posteritati,
2351 600 2748 658 immortalibus
2789 601 3011 673 scriptis
3053 599 3355 657 tradiderit.
3399 601 3559 658 Unde

275 672 394 741 ΧΗ,
427 678 709 732 annitente
731 682 1039 736 uenerabilis
1064 682 1260 736 domini
1289 684 1492 741 abbatis
1548 685 1864 757 Regimberti

275 784 557 822 successore
590 768 894 840 Thiof:ido.
935 772 1138 828 Addit:
1174 773 1347 830 Testes
1372 775 1532 845 hujus
1579 779 1870 833 concessio—

281 860 365 920 nis,
391 870 436 913 et
468 861 895 923 confirmationis
922 863 1116 930 idonei,
1168 876 1216 919 et
1246 866 1555 922 nobilissimi
1593 878 1714 923 sunt
1754 868 1864 924 isti.

284 948 529 1004 Henricus
566 946 878 1017 Pula:inus,
921 962 1023 1007 etc.
1082 953 1343 1022 Videlicet
1402 957 1533 1011 tanti
1586 966 1705 1012 erat
1752 966 1865 1013 tum

286 1042 366 1097 Dei
395 1041 655 1097 ecclesias
684 1044 966 1100 beuclicEis
993 1047 1266 1115 prosequi.
1317 1056 1372 1102 ut
1422 1056 1479 1104 et
1522 1047 1766 1106 Caesares
1813 1049 1868 1105 id

287 1134 429 1188 unice
451 1135 768 1202 studerent;
815 1146 869 1191 ct
915 1137 1134 1192 tttaximi
1182 1139 1383 1209 quique
1435 1140 1728 1212 principes,
1784 1142 1867 1198 vel

287 1227 495 1282 testium
527 1229 644 1284 vice
674 1231 884 1296 adesse,
916 1231 1016 1285 sibi
1043 1231 1399 1287 honorificum
1430 1232 1483 1286 in
1534 1232 1724 1302 primis
1770 1234 1869 1289 du-

284 1329 479 1376 cerent.
507 1318 650 1389 1am,
686 1323 958 1392 quomodo
986 1324 1041 1378 in
1081 1338 1147 1379 eo
1196 1338 1392 1393 genere
1447 1338 1533 1379 res
1587 1325 1867 1393 habeant,

287 1414 540 1471 videmus.
577 1415 683 1469 Sed
716 1415 1072 1470 omittendum
1097 1432 1201 1469 non
1233 1424 1337 1481 est,
1359 1414 1427 1470 ab
1454 1416 1570 1486 ipso
1593 1415 1872 1472 Tltiofrido

288 1507 477 1575 scripta
506 1506 693 1563 videre
717 1506 803 1560 illa
834 1507 995 1561 verba
1025 1507 1271 1577 proxime
1299 1522 1363 1562 ex
1394 1507 1567 1561 Aurea
1612 1506 1746 1561 libro
1773 1507 1871 1562 de-

289 1595 502 1662 scripta.
536 1593 670 1662 Quis
691 1594 836 1649 enim
866 1594 1005 1649 alius
1032 1593 1347 1649 defunctum
1385 1596 1603 1667 quidem
1660 1594 1874 1665 Regim-

291 1683 505 1748 bertunt,
529 1683 870 1738 uenerabilem
893 1685 1167 1738 dontinum
1199 1686 1437 1739 abbatem
1464 1686 1695 1752 diceret;
1712 1685 1876 1741 Thio-

291 1774 482 1833 fridum
513 1792 665 1840 vero,
698 1788 808 1833 tum
853 1781 921 1835 ad
973 1796 1141 1835 sacra:
1186 1780 1593 1851 gubernationis
1634 1780 1874 1849 clavum,

292 1869 588 1934 sedentem,
614 1886 683 1926 ne
720 1887 826 1927 uno
856 1871 1072 1941 quidem
1114 1871 1337 1925 honoris
1377 1870 1635 1926 vocabulo
1687 1872 1877 1942 digna-

295 1959 473 2016 retur?

358 2049 410 2104 4.
432 2048 757 2121 ϐἱεΙιίΙίηῃεη
788 2051 1042 2105 allodinsn
1076 2052 1215 2121 apud
1237 2051 1403 2116 Bom,
1430 2064 1476 2106 et
1502 2053 1724 2123 Alstorﬂ'
1737 2069 1877 2107 com-

293 2143 517 2210 paravit,
544 2159 708 2213 eaque
734 2143 962 2212 fratrum
993 2144 1171 2197 usibus
1218 2142 1491 2214 delegerit.
1531 2142 1705 2200 Verba
1752 2152 1879 2200 sunt

295 2230 530 2302 Catalogi
557 2232 804 2286 abbatum
831 2232 1307 2304 Efternarensium.

356 2323 411 2378 5.
438 2324 691 2393 Magnum
724 2325 900 2379 virum
929 2325 1095 2381 fuisse
1119 2326 1481 2393 Thiofridum,
1517 2336 1573 2383 ct
1624 2326 1677 2382 in
1730 2326 1879 2382 testi—

284 2416 529 2493 pnatione
555 2413 815 2478 maxima,
845 2429 911 2469 ex
937 2430 1002 2468 eo
1024 2426 1247 2485 apparet
1280 2417 1422 2486 quod
1471 2416 1652 2472 Bruno
1683 2416 1880 2471 Trevi—

292 2506 463 2559 retusis
498 2503 959 2574 archiepiscopus,
990 2520 1113 2560 cum
1138 2522 1243 2561 non
1276 2508 1435 2563 modo
1466 2507 1715 2562 intimum
1741 2508 1882 2561 ami-
1919 2529 1927 2536 -

292 2611 411 2650 cum
450 2596 722 2660 habuerit,
755 2599 847 2651 sed
875 2607 930 2653 et
958 2600 1188 2652 animam
1216 2600 1293 2652 illi
1317 2617 1461 2654 suam
1484 2600 1881 2666 commendarit,

292 2701 348 2744 ut
383 2690 530 2760 leges
554 2690 609 2744 in
627 2690 852 2760 episzola
886 2690 1043 2761 hujus
1066 2691 1248 2761 operis
1281 2690 1499 2746 Florum
1525 2692 1880 2748 dedicatoria.

290 2780 400 2836 lloc
421 2779 654 2850 accipio,
673 2791 928 2848 tanquam
963 2782 1011 2835 ei
1037 2781 1238 2836 fuerita
1262 2783 1427 2837 sacris
1448 2782 1883 2851 confessionibus,

288 2883 342 2929 et
362 2876 529 2925 sacris
551 2873 884 2925 conscientia:
915 2871 1167 2925 consiliis.
1200 2871 1578 2927 Pcrscvcravit
1612 2873 1700 2927 hic
1747 2873 1889 2927 Bruo.

289 2963 446 3017 ncuis
470 2962 525 3015 in
566 2960 908 3016 Thiofridum
940 2978 1115 3027 amor,
1141 2973 1196 3018 et
1220 2961 1450 3018 allectus
1472 2963 1547 3021 ad.
1586 2962 1744 3031 hujus
1799 2978 1889 3019 us-

290 3065 396 3120 que
448 3059 692 3116 mortem,
743 3051 849 3104 imo
891 3063 1208 3120 sepulcrum.
1265 3051 1428 3109 Docet
1477 3053 1579 3108 hoc
1604 3052 1897 3126 Catalogus

290 3142 541 3196 abbatum
571 3156 590 3193 :
620 3141 686 3196 In
717 3152 923 3196 senecta
949 3159 976 3197 e
1026 3142 1183 3210 bona,
1232 3146 1426 3214 inquit,
1482 3145 1791 3201 obdormivit
1833 3148 1893 3205 in.

291 3232 540 3299 Domino,
571 3234 910 3305 sepultusque
937 3246 1011 3290 est
1036 3238 1089 3291 in
1116 3247 1391 3302 concentu,
1428 3256 1458 3291 α
1481 3236 1731 3292 Brnnone
1764 3236 1889 3293 Tre-

294 3326 480 3380 σεινεωὶ
509 3325 922 3396 archiepiscopo.
948 3325 1071 3381 Fuit
1099 3343 1262 3397 porro
1285 3327 1371 3383 hic
1392 3327 1574 3383 Bruno
1601 3345 1665 3385 ex
1696 3327 1888 3384 illustri

293 3419 556 3472 comitum
581 3416 1064 3484 Brethermiorutn,
1097 3428 1152 3473 et
1173 3418 1536 3475 Laull'cnsium
1565 3419 1765 3475 familia
1794 3436 1893 3491 pa-

294 3516 376 3561 tre
403 3504 677 3571 Arnoldo,
716 3515 888 3561 matre
916 3506 1235 3573 Adelheida,
1258 3518 1317 3562 ιιι
1348 3508 1514 3563 refert
1541 3508 1891 3578 Christopho-

296 3597 714 3653 rusBrowerus
768 3608 955 3653 noster
994 3599 1047 3653 in
1100 3598 1398 3655 Annalibus
1458 3599 1889 3665 Trevirensibus,

300 3689 568 3743 hactenus
599 3702 706 3741 non
740 3687 920 3750 editis,
953 3688 1018 3741 ad
1048 3702 1250 3742 annum
1276 3689 1474 3743 Christi
1524 3688 1683 3753 1102,
1711 3689 1800 3758 qui
1837 3697 1894 3743 ct

300 3780 395 3846 ibi,
429 3792 487 3835 et
509 3780 769 3847 deinceps
794 3787 905 3832 tmn
939 3779 1043 3833 alia
1079 3789 1345 3834 memorat
1372 3781 1437 3835 de
1465 3778 1733 3835 Drunonis
1783 3780 1893 3833 vir-

300 3875 525 3938 tutibus,
553 3872 797 3942 atquein
830 3871 1019 3937 primis
1043 3871 1110 3926 de
1142 3871 1335 3941 insigni
1356 3871 1473 3940 ejus
1504 3872 1889 3926 muniﬁcentia:

305 3975 414 4021 tum
442 3966 575 4020 illud
598 3966 807 4037 deejus
830 3968 1187 4033 auctoritate,
1242 3976 1297 4022 et
1345 3982 1558 4023 summa
1610 3967 1892 4038 dignitate,

302 4058 766 4116 sicedominatum
801 4074 898 4129 pro
917 4059 1150 4115 llenrico
1177 4061 1411 4124 Cassare,
1437 4074 1725 4128 rerumque
1743 4073 1893 4114 sum-

306 4164 443 4203 mam
471 4149 807 4213 obtinuisse,
831 4158 887 4203 et
917 4149 969 4203 in
996 4149 1249 4204 maximis
1300 4149 1438 4218 reip.
1489 4149 1744 4215 motibus,
1795 4164 1892 4218 gu-

305 4240 596 4297 bernacula
625 4240 789 4305 scite,
828 4240 1207 4310 sapienterque
1261 4250 1542 4295 tractasse.
1601 4236 1711 4294 Nec
1764 4237 1895 4292 mihi

304 4333 526 4388 dubium
572 4340 661 4387 est
704 4332 834 4401 quin
887 4331 1054 4386 etiam
1101 4330 1167 4386 ad
1214 4331 1351 4396 lnec,
1409 4330 1577 4387 nostri
1627 4328 1893 4384 Thiofridi

306 4424 523 4493 eptimis
549 4422 1032 4493 saluberrimisque
1058 4421 1296 4477 consiliis
1329 4431 1589 4477 uteretur.

376 4516 427 4568 6.
469 4516 621 4569 Inter
650 4515 753 4569 ista
786 4529 966 4568 rerum
997 4513 1259 4569 'l‘hiofridi
1284 4513 1585 4582 fragmenta
1608 4552 1624 4575 .
1654 4509 1895 4581 religioni

1965 690 2234 761 piaculum
2263 706 2538 755 censeam,
2594 691 2676 745 vel
2710 706 2797 747 me
2844 692 3065 748 verbum
3110 691 3164 746 in
3214 691 3331 762 ejus
3372 691 3557 747 verbis

1967 794 2198 847 mutare,
2224 782 2309 837 vel
2335 799 2365 837 a
2390 798 2661 853 quoquam
2684 781 2759 837 illi
2799 783 2956 839 ﬁdem
2985 784 3257 853 abrogari.
3293 781 3462 855 Igitur
3500 782 3569 839 in.

1969 874 2092 929 Vita
2129 874 2483 940 Willibmrdi,
2513 890 2675 945 quam
2702 876 2921 944 triginta
2946 891 3043 932 sex
3070 876 3338 945 capitibus
3356 874 3567 930 distin-.

1970 971 2114 1017 ctam
2148 973 2401 1019 accurate
2435 964 2655 1033 scripsit
2684 962 2998 1019 Thiofridus
3015 964 3259 1035 (habebit
3280 964 3423 1019 hanc
3474 961 3561 1015 Vi-

1971 1063 2102 1122 tam,
2135 1055 2352 1123 publico
2398 1055 2662 1111 hactenus
2708 1072 2816 1110 non
2862 1056 3055 1122 visam,
3110 1055 3310 1111 notulis
3356 1054 3565 1125 aliquot

1970 1148 2109 1203 meis
2140 1147 2466 1204 illustratum
2491 1188 2508 1215 ,
2560 1148 2799 1217 antiqua:
2836 1148 3056 1218 pietatis
3098 1162 3289 1202 amans
3341 1145 3561 1208 Lector,

1973 1236 2190 1292 favente
2246 1237 2453 1293 cmlesti
2483 1236 2736 1309 Numine)
2764 1253 2888 1293 cum
2923 1238 3102 1306 capite
3124 1237 3194 1291 55
3221 1237 3566 1306 exposuisset

1974 1337 2249 1393 accurate,
2280 1327 2733 1397 quemadmodum
2772 1325 3174 1381 Walichrenses
3201 1326 3342 1380 bello
3384 1325 3570 1396 gravi-

1977 1426 2061 1474 ter
2084 1420 2259 1474 vexati
2283 1435 2312 1473 a
2348 1419 2840 1490 ltupertojnniorc,
2868 1417 3114 1472 Balduini
3144 1416 3273 1482 ﬁlio,
3300 1415 3572 1471 Flandrias

1975 1511 2173 1565 comite
2206 1524 2307 1582 ope
2341 1510 2447 1565 divi
2481 1509 2815 1565 Willibrordi
2836 1549 2851 1572 ,
2915 1508 3177 1574 nobilem,
3211 1516 3376 1577 atque
3431 1505 3583 1560 adeo,

1976 1601 2356 1657 miraculosam
2389 1600 2675 1656 victoriam
2703 1600 3064 1656 obtinuissent
3098 1598 3202 1652 :de
3231 1594 3372 1651 bello
3420 1594 3572 1648 dein-

1977 1707 2106 1762 ceps
2138 1691 2419 1759 intestino,
2450 1691 2592 1745 inter
2616 1692 2762 1761 ipsos
2809 1699 3027 1756 exorto,
3055 1696 3221 1758 caput
3257 1685 3327 1741 56
3385 1684 3520 1740 texit
3551 1701 3585 1745 ε,

1977 1785 2120 1853 quod
2145 1798 2271 1839 ecce
2305 1784 2473 1839 habes
2502 1799 2626 1839 cum
2653 1798 2750 1838 sua
2771 1782 3090 1854 epigraphe.

1980 1873 2167 1930 Carm
2208 1875 2562 1929 sxum—De
2610 1875 2836 1928 adrentu
2891 1872 3147 1944 Ygunteni
3208 1868 3473 1940 Tliiofridi
3516 1867 3576 1921 in

1908 1945 1954 2004 Β
2054 1964 2462 2020 Walichrensem
2511 1965 2740 2019 insulam
2790 1975 2839 2020 et
2889 1981 3017 2033 pace
3066 1963 3140 2016 ibi
3186 1961 3474 2030 reformata
3524 1968 3585 2021 et.

2049 2054 2363 2122 confirmata
2394 2071 2486 2124 per
2504 2054 2745 2125 jucunda
2769 2053 3048 2108 miracula.

2056 2165 2077 2199 s
2111 2146 2257 2211 Post,
2288 2148 2375 2201 ubi
2417 2147 2651 2217 pericula
2686 2146 2886 2200 virtute
2910 2155 2967 2200 et
2999 2143 3210 2200 Domini
3240 2142 3414 2214 gratia
3439 2156 3540 2211 pro
3555 2170 3603 2190 -η

1983 2238 2136 2309 pulit,
2165 2238 2365 2310 (nempe
2391 2237 2563 2292 insula
2591 2236 2991 2305 Walicltrensis)
3024 2236 3093 2290 ab
3122 2234 3369 2289 externis
3396 2231 3573 2296 bellis,

1982 2330 2126 2386 velut
2159 2330 2211 2383 in
2245 2329 2450 2385 viscera
2473 2343 2593 2392 sua,
2620 2342 2771 2381 arma
2801 2326 3092 2391 convertit,
3115 2332 3171 2380 ct
3197 2323 3446 2392 exemplo
3493 2321 3601 2376 fn-.

1985 2420 2243 2484 rentinm,
2272 2433 2466 2472 manus
2487 2433 2550 2472 ac
2580 2416 2821 2471 membra
2867 2430 2985 2476 sua,
3045 2415 3159 2484 ipsa
3216 2426 3449 2476 caesura,
3508 2412 3609 2466 ah.

1988 2512 2192 2575 hostili,
2235 2512 2287 2566 in
2335 2511 2549 2566 civilem
2598 2509 2917 2580 sanguinem
2971 2506 3177 2562 ferrum
3241 2504 3479 2561 exacuit.
3520 2504 3581 2559 ln

1986 2603 2281 2674 perniciem
2329 2601 2536 2655 exarsit
2589 2610 2858 2665 mutuam,
2908 2608 2965 2653 et
3014 2598 3172 2653 caesis
3221 2594 3582 2652 nobilioribus

1989 2696 2176 2752 insulm
2210 2693 2548 2764 primatibus,
2609 2694 2663 2748 in
2691 2701 2897 2747 tantam
2930 2691 3180 2762 prorupit
3224 2688 3610 2750 discordiatn,._

1988 2794 2046 2839 ut
2077 2800 2250 2854 neque
2282 2785 2452 2839 libere
2476 2783 2707 2854 ingredi,
2740 2796 2916 2852 neque
2942 2781 3126 2852 egredi
3159 2780 3254 2835 ulli
3293 2787 3442 2837 esset
3486 2792 3604 2833 eo».

1986 2877 2104 2946 pia.
2138 2874 2215 2930 De
2238 2891 2343 2929 uno
2376 2872 2573 2944 populo
2601 2874 2708 2929 duo
2751 2870 3169 2941 cotupugnantia
3224 2866 3416 2924 effecta
3457 2874 3589 2923 sunt

1989 2982 2237 3037 corpora,
2267 2963 2665 3021 etcorumdcm
2696 2973 3003 3018 castrorum
3049 2958 3298 3015 homines
3338 2957 3393 3012 in
3447 2956 3588 3011 duas

1989 3058 2213 3114 hostiles
2242 3056 2400 3113 divisi
2425 3054 2739 3111 suntacies.
2784 3053 2839 3107 In
2890 3051 3135 3123 partibus
3186 3047 3421 3105 exitialis
3474 3046 3591 3102 odii

1991 3154 2126 3207 adeo
2168 3148 2521 3221 conﬂagravit
2584 3147 2888 3203 incendium
2919 3185 2935 3211 ,
2976 3152 3034 3198 ut
3071 3142 3277 3211 absque
3325 3146 3614 3209 apparattu

1994 3255 2305 3306 armorum,
2326 3248 2381 3295 et
2412 3248 2557 3294 etetu
2585 3235 2999 3299 contribulium,
3054 3240 3110 3289 et
3157 3230 3476 3294 satellitum,
3518 3242 3603 3289 ne,

1995 3336 2106 3406 ipsa
2143 3333 2358 3404 quidem
2390 3330 2710 3396 Parasceve,
2739 3344 2845 3399 qua
2876 3340 3122 3385 summus
3167 3324 3282 3379 veri
3335 3323 3623 3385 tabcrna-.~

1994 3427 2100 3484 culi
2140 3424 2382 3497 pontifex
2419 3441 2482 3482 ae
2512 3433 2700 3496 pz-stor
2728 3418 3094 3477 essentialiter
3118 3416 3295 3472 bonus
3334 3428 3434 3485 pro
3472 3413 3618 3474 ovi...

1994 3524 2095 3579 bus
2130 3522 2242 3578 suis
2266 3522 2499 3576 animam
2525 3532 2677 3573 suam
2702 3529 2927 3587 ponens,
2959 3510 3179 3568 domino
3218 3506 3371 3563 Patri
3393 3503 3615 3561 obtulisr

1995 3611 2345 3675 sacriﬁcium,
2387 3606 2704 3679 sanguinem
2753 3618 2933 3666 suum,
2984 3596 3363 3656 inaestimabile
3404 3593 3597 3650 mundi

1995 3702 2263 3773 pretium;
2324 3698 2586 3753 auderent
2632 3693 2894 3750 accedere
2945 3690 3014 3745 ad
3050 3687 3473 3746 deosculandum
3520 3682 3595 3736 li-

1996 3772 2160 3862 gnum
2214 3786 2565 3844 dominicum.
2609 3781 2795 3839 Fessis
2824 3780 3063 3843 demum,
3114 3784 3172 3832 et
3217 3772 3427 3838 fractis,
3471 3778 3598 3841 post

1998 3880 2164 3935 multa
2200 3892 2419 3933 suorum
2445 3874 2656 3938 funera,
2700 3870 2990 3939 variosque
3038 3865 3273 3931 labores,
3331 3863 3385 3917 in
3443 3868 3601 3923 tanto,

1997 3982 2127 4027 aestu
2164 3968 2548 4041 periculorum,
2573 3962 2878 4018 tutissimus
2908 3966 3098 4028 portus
3131 3954 3483 4012 consiliorum
3512 3951 3597 4005 vi-

1999 4079 2093 4119 sus
2130 4069 2231 4123 est,
2262 4056 2536 4113 communi
2579 4053 2869 4124 Legatione
2895 4049 3337 4104 Efternacensem
3362 4056 3595 4114 ygume-

1998 4170 2126 4209 num
2185 4149 2524 4206 'l‘hiofridum
2574 4141 2991 4215 philochristum
3046 4137 3113 4192 ad
3162 4151 3221 4190 se
3286 4147 3591 4198 accersere,

1998 4253 2059 4298 ut
2085 4258 2151 4298 ex
2178 4237 2500 4295 auctoritate
2526 4231 2775 4305 prmeluis
2798 4228 3011 4301 patroni
3060 4222 3418 4288 Willibrordi,
3441 4219 3598 4290 cujus

2000 4334 2119 4388 vice
2151 4328 2493 4401 fungebatur,
2546 4324 2738 4379 mersis
2793 4320 2959 4376 rebus
3015 4317 3128 4374 suis
3179 4314 3504 4371 consulere:
3539 4322 3603 4387 et~

2000 4422 2317 4479 disturbatm
2352 4418 2501 4490 pacis
2529 4415 2738 4470 foedera
2774 4426 2999 4483 operam
3041 4410 3220 4473 daret,
3266 4404 3593 4469 reconciliag

2003 4514 2163 4571 tionis
2216 4512 2429 4583 gratia,
2499 4507 2799 4564 reformare
2857 4514 2912 4559 et
2962 4514 3306 4571 componere.
3344 4499 3398 4553 ln
3436 4505 3601 4568 portu

308 4607 437 4661 mihi
466 4607 690 4672 ducam,
734 4605 1146 4674 praetermisisse
1180 4605 1450 4675 singulare
1486 4605 1604 4675 ejus
1658 4601 1892 4667 facinus,
1927 4620 1973 4679 ι)
1998 4601 2374 4670 Antvverpensi
2395 4615 2519 4655 eum
2543 4598 2922 4653 adventantem
2950 4593 3114 4649 biduo
3149 4595 3601 4679 exspectaverunt

311 4699 364 4753 in
396 4714 524 4769 quo,
557 4699 604 4753 si
633 4698 762 4753 alibi
787 4714 1038 4768 nsquam,
1066 4707 1289 4768 apparet
1308 4696 1425 4766 ejus
1457 4706 1569 4751 tum
1594 4696 1897 4767 prudentia,

314 4800 421 4844 tum
449 4790 772 4854 auctoritas,
808 4800 919 4843 tum
965 4800 1243 4845 sanctitas.
1276 4790 1518 4854 Accedit,
1564 4790 1704 4858 quod
1755 4806 1903 4861 gem-

313 4880 450 4934 nmla
478 4880 732 4951 quaedam
764 4889 850 4934 est
890 4881 1152 4946 historiae,
1184 4896 1347 4949 quam
1377 4896 1482 4935 non
1524 4890 1728 4935 temere
1775 4879 1903 4934 alibi

314 4970 576 5039 reperias,
600 4986 723 5024 cum
755 4970 826 5024 sit
859 4972 1117 5024 memoria
1151 4970 1488 5039 dignissima.
1523 4968 1741 5025 Gratias
1773 4967 1904 5022 mihi

315 5076 412 5132 pro
440 5062 810 5134 publicatione
833 5073 995 5132 agent
1018 5062 1188 5132 (certe
1215 5062 1511 5129 debebunt)
1566 5069 1676 5114 tum
1728 5060 1907 5129 quivis

315 5153 405 5209 alii
440 5154 786 5223 antiquitatis
816 5153 1063 5218 studiosi,
1092 5164 1203 5207 tmn
1234 5153 1466 5206 maxime
1491 5151 1655 5223 Bclgii
1684 5151 1906 5216 ocellus,

317 5247 639 5316 Antuerpia,
674 5255 730 5299 et
768 5244 1160 5299 Walichrensis
1187 5243 1384 5310 insula,
1417 5252 1578 5312 atque
1602 5243 1652 5296 in
1675 5257 1737 5297 ca
1788 5240 1909 5296 Mit-

319 5334 685 5405 telburgensis
712 5334 863 5423 ube.
896 5333 1033 5404 (Heu
1057 5334 1069 5387 !
1093 5334 1178 5387 ubi
1210 5332 1518 5403 hnjusjam,
1551 5334 1771 5402 antiqua
1821 5332 1907 5387 illa

322 5428 582 5483 catholica
611 5426 976 5496 pictas?)Scd
1009 5426 1175 5481 multo
1220 5424 1454 5495 majores
1502 5424 1703 5494 gratias
1749 5423 1912 5478 debe-

322 5517 457 5571 bunt
481 5517 774 5571 admodum
803 5516 1116 5579 reverenda,
1140 5524 1303 5584 atque
1329 5513 1665 5582 amplissimo
1684 5513 1826 5577 viro,
1848 5514 1907 5567 ι).

324 5605 485 5664 Petro
515 5607 852 5663 Richardoto
902 5606 1274 5661 Efternacensi
1319 5606 1524 5668 abbati,
1573 5619 1636 5658 ac
1671 5604 1909 5666 domino,

326 5700 419 5770 qui
447 5698 566 5770 ejus
590 5698 921 5754 narrationis
942 5699 1151 5769 copiam
1181 5713 1249 5752 ex
1268 5697 1375 5752 divi
1411 5695 1705 5751 Clementis
1742 5693 1919 5749 Willi-

318 5791 514 5868 brordi
550 5791 900 5856 bibliotheca,
929 5788 1118 5847 fecerit
1146 5806 1160 5843 :
1185 5788 1342 5859 longe
1357 5797 1535 5843 autem
1557 5786 1918 5858 amplissimas

320 5886 435 5964 ipsi
466 5884 770 5953 Thiofrido,
801 5885 889 5957 qui
917 5884 1042 5941 talia
1074 5891 1129 5938 et
1164 5883 1242 5940 sic
1271 5881 1590 5956 patraveril,
1623 5890 1677 5938 et
1716 5879 1792 5938 sic
1818 5879 1918 5952 piae

2006 4713 2130 4752 cum
2160 4694 2394 4751 sedecim
2423 4690 2597 4762 longis
2626 4689 2881 4753 navibus;
2905 4687 3000 4741 sed
3042 4699 3108 4740 eo
3135 4681 3459 4738 necessitate
3508 4678 3601 4733 ilio

2009 4787 2174 4851 neris,
2205 4800 2387 4840 moras
2420 4784 2743 4841 innectentc,
2776 4776 3041 4848 generalis
3090 4772 3272 4845 placiti
3314 4772 3423 4836 sui,
3453 4769 3606 4840 quod,

2011 4874 2170 4931 tertio
2222 4871 2540 4928 imminebat
2590 4869 2676 4924 die
2725 4868 2903 4922 redire
2957 4865 3132 4921 coacti
3185 4860 3624 4927 exactionibus,

2010 4965 2127 5033 ejus
2154 4965 2417 5019 adventus
2462 4971 2519 5016 et
2563 4956 2921 5029 susceptionis
2967 4957 3226 5011 honorem
3278 4949 3626 5017 necessariis.

2009 5056 2143 5122 suis,
2174 5063 2228 5109 et
2254 5051 2602 5107 dilectoribus
2624 5047 3163 5107 commendaverunt,
3180 5042 3351 5113 ipsius
3372 5037 3605 5110 emporii

2012 5145 2436 5218 magistratibus.
2478 5144 2748 5199 Aruerant
2779 5148 2960 5194 autem
3004 5137 3184 5193 omnia
3229 5144 3345 5190 sata
3389 5145 3605 5195 eorum,

2011 5240 2157 5294 aeris
2179 5236 2525 5307 intemperie,
2552 5248 2655 5289 nec
2685 5231 3052 5302 irrigabantur
3078 5230 3185 5285 ullo
3206 5231 3433 5285 humore
3464 5218 3608 5276 roris

2014 5339 2070 5387 ct
2098 5328 2310 5398 pluvite.
2334 5327 2427 5382 sed
2462 5324 2852 5380 minitabantur
2896 5323 3135 5377 sterilem
3177 5332 3383 5374 annmn
3414 5311 3610 5368 messie

2015 5421 2115 5475 bus
2145 5419 2411 5488 ingruere.
2446 5415 2690 5484 Cumque
2707 5412 2934 5469 classem
2978 5410 3114 5466 velis
3138 5404 3459 5465 cedentibus
3477 5414 3611 5465 ven-2

2021 5521 2105 5564 tus
2132 5508 2447 5564 incumbens
2472 5503 2819 5581 propelleret,
2850 5497 3363 5567 mediumque’rales
3386 5488 3612 5562 profun—

2018 5602 2146 5656 dum
2183 5599 2511 5662 tenuissent,
2544 5606 2724 5650 mente
2756 5593 2883 5648 licet
2912 5590 3147 5661 lugubri,
3192 5583 3396 5657 ingenti
3424 5593 3610 5637 tamen

2021 5693 2233 5749 accensi
2259 5690 2455 5746 ardore
2481 5688 2630 5750 fidei.
2652 5685 3089 5742 exclamaverunt
3120 5676 3402 5733 devotione
3424 5669 3609 5727 hilari:

2019 5799 2054 5839 ο
2082 5783 2326 5847 Domine,
2356 5795 2390 5836 ο
2419 5787 2606 5836 sancte
2630 5771 3003 5839 Willibrorde,
3043 5769 3088 5825 si
3128 5774 3389 5823 venturus
3432 5777 3493 5818 es
3542 5758 3611 5816 ad

2023 5890 2144 5947 nos,
2173 5884 2321 5931 tuum
2351 5870 2677 5945 peculiarem
2720 5864 2997 5938 populum,
3042 5858 3374 5938 apostolatus
3427 5853 3504 5912 tui
3557 5853 3639 5955 in,
