3986 6504
387 472 489 536 507

1345 474 1764 534 THIOFRIDUS
1795 477 2019 534 ABBAS
2059 476 2652 536 EFTERNACENSIS.

3581 473 3684 532 308

385 593 609 649 domino
639 592 999 662 signaculum,
1030 589 1250 644 evidens
1273 585 1341 640 da
1393 584 1676 654 indiciam,
1727 595 1787 643 et
1823 598 1977 643 antea
2012 593 2055 649 Α
2082 586 2325 646 cruciatu
2353 580 2647 652 crudelius,
2678 585 2806 657 quid
2839 587 3121 641 amarius?
3148 580 3319 641 Tanta
3370 584 3567 652 divina:
3606 586 3685 641 ul-

386 700 551 755 qumu
570 693 728 754 partu
752 682 1047 737 condamur
1071 678 1198 742 alto,
1213 677 1297 732 fac
1327 677 1658 734 descendere
1678 694 1741 734 ac
1760 679 1987 736 inﬁuere

385 777 616 832 imbrem
648 774 979 844 frugiferum.
1017 768 1128 825 Nec
1157 785 1304 825 mora
1331 771 1510 826 subito
1530 772 1755 826 intonuit
1776 771 1980 836 latrant,

385 872 441 918 et
464 863 674 917 turbida
695 870 951 914 testantur
972 870 1274 928 conceptum
1297 876 1513 930 irquora
1557 870 1787 915 ventum.
1833 860 1987 915 Jam-

384 969 483 1024 que
509 952 631 1021 polo
651 965 846 1019 pressa:
872 949 1030 1003 nubes
1058 949 1355 1004 demantur
1379 951 1433 1004 in
1459 951 1650 1005 imbres
1680 992 1695 1015 ,
1720 952 1988 1023 spissata:-

382 1059 483 1114 que
506 1045 700 1114 ﬂuunt,
722 1055 771 1095 et
802 1043 1063 1097 caumatis
1080 1056 1144 1096 ac
1168 1041 1430 1098 siccitatis
1475 1043 1749 1114 dispendia
1799 1042 1981 1098 exclu-

383 1138 538 1192 dunt.
567 1132 814 1189 Pluviam
838 1135 1195 1189 voluntariam
1241 1135 1501 1191 Dominus
1544 1137 1838 1192 hareditati
1876 1153 1987 1193 sua!

381 1223 693 1299 segregavit,
742 1239 852 1296 quo
897 1227 1308 1282 cvidentissimo
1340 1227 1642 1285 clementia:
1683 1245 1799 1285 sum
1829 1230 1988 1300 signo

384 1314 564 1372 dilecti
595 1315 678 1369 sui
713 1313 767 1368 itt
791 1315 983 1383 spiritu
1019 1315 1318 1371 adventum
1339 1317 1663 1373 declaravit.
1720 1316 1986 1375 Nauticus

382 1406 531 1464 illico
567 1407 775 1463 clamor
804 1407 931 1461 ferit
959 1407 1183 1471 aethera,
1210 1416 1266 1463 et
1302 1408 1552 1465 adductis
1598 1406 1819 1466 lacertis
1859 1426 1988 1481 spu-

383 1507 561 1562 mant,
595 1514 661 1556 ac
687 1500 1001 1563 dehiscunt,-
1022 1499 1281 1556 convulsa
1306 1500 1492 1566 remis,
1522 1502 1825 1572 rostrisque
1853 1503 1987 1558 stri-

386 1589 640 1648 dentibus
664 1605 905 1660 tequora,
931 1598 986 1645 et
1009 1605 1200 1646 omnes
1222 1589 1676 1657 ecclesiasticum,
1713 1606 1821 1646 non
1852 1607 1988 1646 nau-

385 1682 583 1747 ticum,
606 1682 958 1736 concinentes
988 1680 1250 1745 celeuma,
1277 1681 1330 1736 itt
1356 1696 1451 1735 sua
1478 1681 1676 1736 hilares
1695 1680 1987 1752 prosiliunt

385 1770 596 1827 littora.
624 1769 727 1826 Vix
754 1784 887 1826 vero
935 1770 1042 1827 illis
1088 1771 1306 1842 propria
1355 1772 1714 1828 subeuntibus
1758 1772 1985 1839 moenia,

385 1862 628 1918 vicarius
656 1862 854 1932 egregii
895 1862 1159 1916 antistitis
1187 1862 1544 1924 Willibrordi.
1593 1863 1662 1917 ab
1708 1864 1983 1918 universis

386 1954 894 2025 Antwerpensibus,
951 1953 1107 2024 longe
1151 1968 1181 2008 a
1211 1953 1453 2022 civitate,
1505 1971 1626 2011 cum
1675 1963 1986 2011 sanctorum
2017 1935 2062 1993 Β

388 2059 611 2101 suorum
647 2043 943 2115 pixidibus,
974 2045 1093 2098 auri
1116 2053 1170 2098 et
1209 2047 1416 2114 argenti
1474 2061 1703 2117 operoso
1755 2047 1989 2102 artiﬁcio

387 2135 612 2201 incusis,
674 2135 1092 2204 procedentibus
1141 2136 1379 2202 obviam,
1432 2139 1574 2193 sicut
1624 2138 1845 2208 angelus
1890 2140 1988 2193 Do-

387 2227 555 2294 mini,
577 2227 718 2282 sicut
745 2226 995 2281 Christus
1023 2226 1340 2292 Jesus,.cum
1369 2229 1572 2300 ingenti
1594 2240 1877 2301 susceptus
1907 2241 1992 2286 est

387 2318 591 2389 gloria;
626 2319 809 2390 ibique
842 2321 1236 2376 dissidentibus
1285 2323 1524 2379 reductis
1564 2324 1614 2378 in
1651 2324 1903 2395 gratiam,
1934 2334 1990 2379 et

386 2409 773 2466 eonfmderatis
797 2425 929 2481 pace
956 2411 1288 2479 ﬁrmissima,
1326 2427 1512 2467 eorum
1540 2414 1840 2469 honorabili
1867 2430 1991 2470 eve—

387 2503 568 2559 ctione
629 2511 975 2559 transvectus
1016 2513 1103 2557 est
1164 2505 1219 2557 in
1267 2504 1748 2576 blitthilburgensis
1803 2517 1989 2577 portus

385 2596 629 2650 navalia.
666 2596 721 2651 In
759 2595 1078 2666 crepusculo
1100 2595 1227 2658 dici,
1257 2597 1374 2666 ejus
1403 2609 1681 2669 comperto
1730 2599 1985 2663 adventu,

385 2702 577 2743 omnes
607 2687 888 2756 utriusque
953 2702 1115 2741 sexus
1163 2698 1219 2742 et
1264 2688 1493 2744 diversa:
1536 2689 1716 2744 inlatis
1756 2690 1986 2745 insulani

387 2778 510 2834 (tcto
539 2779 859 2849 complerant
892 2777 1070 2832 littora
1095 2790 1248 2845 metu,
1282 2788 1337 2835 et
1361 2795 1507 2845 eum,
1531 2797 1596 2837 ac
1619 2783 1663 2837 si
1689 2783 1803 2852 ipse
1846 2797 1989 2837 com-

384 2868 568 2923 munis
589 2884 779 2924 eorum
804 2878 1084 2939 patronus,
1110 2880 1164 2925 et
1188 2871 1446 2927 Dominus
1468 2873 1518 2926 in
1541 2888 1706 2929 carne
1729 2875 1984 2943 venisset,

389 2959 604 3015 intimae
632 2960 935 3015 devotionis
979 2959 1170 3015 aﬁ‘ectu
1204 2978 1268 3016 ac
1317 2964 1536 3018 honoris
1590 2966 1987 3034 magniﬁcentia

388 3060 739 3120 exceperunt,
770 3059 826 3105 et
855 3051 1213 3123 ltymnilogica
1242 3052 1630 3109 vociferatione
1649 3056 1701 3110 in
1717 3057 1988 3112 orationis

387 3142 752 3213 proseucham
775 3141 1134 3197 deduxerunt.
1194 3140 1413 3199 Postera
1444 3158 1562 3199 cum
1590 3147 1760 3215 primo
1809 3146 1988 3201 stellas

2092 683 2255 737 tionis
2283 679 2761 735 animadversione
2821 677 3050 732 clientes
3076 676 3242 741 illius,
3269 685 3325 731 et
3357 674 3683 732 contribules

2090 773 2362 837 exterriti,
2396 770 2563 826 multa
2597 768 2996 840 supplicatione
3016 767 3372 838 defatigatum
3418 766 3683 836 compule-

2089 874 2216 921 runt
2242 864 2332 919 illo
2380 864 2459 919 ire
2502 861 2851 918 veredarium
2902 860 3141 922 Domini,
3186 870 3245 914 ut
3295 859 3570 929 captivum
3618 860 3682 916 de

2091 957 2226 1010 tanti
2255 954 2527 1024 eriperent
2549 951 2910 1007 amaritmline
2940 950 3211 1021 supplicii.
3243 949 3430 1015 Venit,
3458 949 3683 1005 scrinio-

2089 1043 2203 1098 lam
2231 1059 2409 1106 suum,
2434 1043 2488 1097 in
2515 1058 2627 1113 quo
2659 1041 2999 1113 portiuncnla
3055 1050 3224 1097 costa:
3275 1041 3684 1096 clementissimi

2090 1133 2272 1189 Patris
2310 1130 2657 1188 thlibrurdi
2708 1131 2987 1187 recondita
3038 1140 3143 1195 cst,
3196 1130 3372 1185 ventri
3412 1130 3683 1200 arrepticii

2088 1227 2457 1297 superposuit,
2476 1236 2531 1281 et
2560 1240 2591 1281 e
2623 1223 2848 1296 vestigio
2875 1222 3130 1289 Zabulus,
3157 1221 3285 1293 quia
3304 1230 3466 1276 tantm
3489 1220 3687 1276 sancti-

2092 1319 2221 1374 tatis
2250 1317 2463 1389 pondus
2506 1316 2654 1372 ferre
2685 1332 2793 1372 non
2840 1315 3058 1388 potuit,
3097 1329 3196 1370 vas
3229 1314 3374 1385 quod
3409 1314 3482 1369 ob
3513 1312 3686 1369 vindi-

2089 1408 2317 1465 caudam
2341 1408 2765 1464 inobedientiatn
2800 1407 3032 1478 arripuit
3046 1406 3112 1461 ad
3127 1404 3536 1476 gloriﬁcandam
3552 1421 3690 1461 sutu-

2087 1502 2160 1555 mi
2175 1499 2386 1570 opificis
2397 1500 2696 1569 potentiam
2718 1499 2976 1556 deseruit.
2994 1497 3311 1569 Tripudium
3325 1497 3521 1568 ingens
3541 1512 3691 1554 exor-

2089 1600 2201 1646 tttm
2229 1600 2334 1659 est,
2361 1591 2487 1662 quia
2516 1590 2661 1645 salus
2700 1590 2882 1645 domui
2919 1590 2991 1645 illi
3051 1591 3193 1660 facta
3245 1599 3344 1652 cst,
3380 1589 3512 1658 quia
3554 1587 3692 1645 ﬁlius

2086 1684 2319 1739 Abraha:
2345 1699 2375 1737 a
2403 1685 2519 1739 lilio
2534 1692 2755 1738 αξιοι-ηπ
2778 1682 2971 1738 mortis
3000 1681 3289 1747 liberatus,
3318 1691 3373 1736 et
3409 1680 3692 1737 absolutus

2088 1786 2191 1831 εει.
2216 1775 2425 1830 Interea
2459 1774 2512 1829 in
2533 1772 2797 1830 concione
2842 1772 3072 1826 astantis
3104 1780 3157 1826 et
3195 1770 3575 1839 exspectantis
3600 1785 3695 1840 po-

2089 1864 2218 1935 puli,
2249 1863 2585 1919 nobilitatum
2615 1871 2699 1917 est
2724 1861 2868 1916 aliud
2899 1862 3138 1930 signum,
3190 1860 3256 1916 de
3285 1874 3446 1914 causa
3476 1859 3691 1930 quidem

2090 1956 2276 2020 simili,
2306 1956 2398 2011 sed
2429 1970 2588 2026 paena
2620 1953 2886 2010 dissimili.
2919 1952 3158 2007 Procidit
3180 1952 3400 2021 quidam
3426 1951 3479 2005 in
3505 1950 3691 2006 faciem

2092 2057 2220 2103 ante
2250 2048 2588 2103 vulneratum
2618 2044 2728 2115 jam
2753 2045 2959 2114 pridem
2986 2060 3017 2098 a
3043 2059 3103 2099 se
3152 2043 3396 2106 divitem,
3456 2057 3523 2097 ac
3553 2057 3694 2096 sum-

2092 2140 2195 2195 mis
2224 2140 2475 2209 precibus
2503 2138 2771 2193 laboravit
2816 2152 2940 2192 eum
2987 2137 3091 2191 sibi
3138 2135 3353 2191 efﬁcere
3401 2134 3693 2205 prapitium

2091 2241 2145 2286 et
2176 2230 2511 2301 placabilem.
2540 2229 2785 2283 Accessit
2817 2244 2920 2281 una
2954 2228 3021 2283 ad
3064 2227 3397 2297 negitantem
3440 2237 3497 2280 et
3553 2224 3695 2279 reln-

2092 2332 2330 2378 ctautem
2362 2324 2631 2392 interpres
2658 2322 2859 2377 domini
2884 2321 3137 2391 ygumcni
3169 2319 3489 2375 Ekchardus
3513 2331 3694 2374 (ceno.

2092 2415 2202 2469 bita
2247 2414 2527 2484 egregius,
2580 2421 2709 2468 ante
2750 2413 3165 2468 conversionem
3228 2412 3371 2466 inter
3425 2411 3695 2481 principes

2066 2505 2333 2576 ejusdem
2368 2505 2554 2561 insulae
2584 2505 3048 2560 nominatissimus
3072 2546 3087 2571 ,
3125 2502 3358 2558 accessit
3395 2502 3613 2572 inquam
3640 2508 3699 2557 et

2091 2600 2333 2671 pluribus
2387 2614 2451 2654 ac
2480 2597 2796 2652 humillimis
2846 2592 3695 2667 supplicavitsupplicationibus,

2092 2700 2148 2746 et
2177 2706 2412 2760 genuum
2456 2687 2858 2753 inllexionibus,
2910 2696 2969 2741 ut
3019 2684 3235 2740 veniam
3289 2684 3520 2754 petenti,
3574 2684 3691 2751 ejus

2086 2780 2209 2852 jure
2243 2779 2486 2851 gentium
2513 2793 2758 2840 aversus,
2783 2777 2870 2847 pie
2895 2783 3118 2847 propter
3145 2775 3425 2831 dominum
3444 2815 3459 2838 ,
3491 2785 3544 2827 et
3577 2773 3697 2829 Cle-

2097 2883 2342 2930 meutum
2376 2871 2769 2927 Wilihrnrdum
2811 2868 3259 2925 reconciliaretur
3309 2867 3544 2921 animus.
3591 2865 3697 2920 Sed

2096 2965 2185 3021 ille
2249 2965 2526 3034 improbus
2567 2962 2793 3034 juvenili
2851 2962 2993 3017 fastu
3035 2960 3295 3016 exaudire
3347 2960 3695 3028 contempsit,

2093 3056 2321 3120 exilivit,
2356 3054 2626 3121 discessit,
2673 3062 2726 3109 et
2761 3052 3039 3122 paululum
3083 3049 3330 3112 secessit,
3388 3063 3513 3104 cutn
3571 3063 3697 3101 cccc

2095 3150 2227 3206 ultio
2252 3152 2304 3205 in
2330 3165 2454 3205 eum
2508 3149 2690 3204 divina
2739 3147 2984 3203 incessit.
3027 3143 3164 3199 Nam
3218 3142 3359 3198 sicut
3407 3140 3697 3197 interimas

390 3234 586 3288 oriente
636 3233 843 3303 fugaret
882 3232 1028 3288 clara
1050 3234 1180 3299 dies,
1208 3251 1303 3304 per
1332 3236 1451 3290 laeta
1484 3236 1798 3309 frequentes
1851 3256 1985 3296 coa-
2018 3273 2064 3335 C
2096 3244 2364 3309 interiori,
2397 3244 2475 3297 sic
2497 3241 2799 3297 exteriores
2826 3238 2969 3295 oculi
3011 3237 3131 3308 ejus
3189 3235 3446 3292 exteriori
3498 3233 3696 3304 privati

387 3336 588 3382 Venere
638 3322 844 3388 limina,
872 3335 927 3379 et
949 3340 1134 3380 coram
1168 3325 1345 3396 legato
1371 3326 1605 3395 Domini,
1647 3331 1713 3385 ad
1764 3332 1987 3386 ﬁrman-

392 3418 517 3473 dum
548 3431 729 3470 rerum
763 3418 1111 3486 praesentium
1134 3426 1360 3482 statuat,
1386 3429 1574 3474 contra
1610 3437 1816 3477 morem
1868 3423 1994 3478 bar-

385 3507 657 3571 baricum,
685 3521 893 3560 summa
949 3509 1173 3564 astitere
1196 3509 1503 3581 disciplina,
1536 3527 1601 3567 ac
1648 3515 1990 3570 reverentia.

387 3598 499 3654 Sed
533 3597 620 3652 ille
650 3613 830 3666 regens
854 3596 1007 3653 dictis
1035 3602 1239 3656 animos
1297 3612 1345 3656 et
1371 3613 1582 3673 pectora
1610 3607 1845 3660 mulcens
1876 3607 1987 3677 pri-

388 3698 538 3745 mum
568 3692 809 3763 aggredi,
836 3705 899 3746 ac
931 3700 1169 3749 tractare
1196 3695 1492 3749 mediocria
1511 3737 1526 3761 ,
1589 3696 1644 3751 in
1696 3698 1990 3752 crastinum

391 3783 632 3838 tlecrevit
658 3782 874 3839 ditl'erre
903 3783 1104 3852 majora
1128 3795 1183 3839 et
1205 3786 1381 3855 magis
1397 3802 1613 3856 aspera.
1641 3787 1885 3858 Cumque
1907 3789 1992 3845 his

390 3870 652 3936 intentus,
686 3889 895 3943 eorum,
922 3885 975 3930 et
1004 3874 1234 3931 aliorum
1287 3892 1425 3946 quos
1476 3879 1704 3935 idoneos
1736 3881 1985 3944 ducebat,

388 3963 614 4021 haberet
641 3966 928 4022 consilium
945 4010 957 4031 ,
986 3968 1119 4022 vidit
1143 3969 1391 4024 cominus
1419 3973 1707 4039 quemdam
1733 3974 1799 4027 de
1823 3989 1990 4043 grege

390 4055 634 4125 inopum,
665 4058 960 4125 prosterni,
1015 4067 1067 4113 et
1096 4058 1348 4128 amplecti
1397 4060 1563 4130 pedes
1610 4060 1889 4129 cujusdam
1920 4078 1987 4117 ex

387 4148 665 4220 prosapia,
690 4157 744 4203 et
767 4148 958 4202 ordine
991 4149 1243 4215 divitum,
1289 4151 1373 4203 cui
1408 4150 1697 4221 aliquando
1754 4153 1989 4208 inconsi-

392 4242 584 4294 derata
625 4239 912 4293 insolentia
950 4239 1146 4293 inﬂixit
1174 4241 1368 4296 vulnus
1393 4257 1528 4312 pene
1554 4242 1985 4308 inremediahile,

390 4340 447 4386 et
467 4331 768 4400 ltetiferum.
809 4331 1084 4402 Exsurgit,
1112 4335 1373 4397 accurrit,
1404 4350 1529 4388 cum
1560 4344 1836 4404 prostrato
1860 4351 1983 4405 pro-

392 4430 599 4475 stratus
625 4436 800 4490 genua
833 4420 948 4489 ejus
970 4422 1335 4482 exosculatur,
1367 4430 1422 4476 et
1440 4423 1684 4491 deposito
1708 4424 1760 4478 in
1787 4437 1987 4480 terram

394 4519 521 4567 ante
547 4511 876 4567 abnuentem
932 4518 988 4562 et
1039 4510 1370 4565 obstinatius
1412 4512 1736 4567 renitentem
1785 4516 1988 4585 egregii

2097 3335 2301 3391 lumine
2329 3334 2504 3389 subita
2535 3330 2874 3388 obtenebrati
2905 3339 3033 3384 sunt
3056 3327 3319 3383 caecitatis
3346 3325 3609 3396 caligine;
3639 3334 3696 3378 et

2095 3426 2248 3495 cujus
2272 3426 2519 3495 iniquitas
2539 3423 2731 3493 prodiit
2754 3422 2905 3491 quasi
2926 3436 2991 3473 ea:
3005 3420 3175 3488 adipe,
3194 3418 3359 3488 etqui
3383 3432 3489 3469 non
3515 3413 3699 3485 ﬂagel-

2096 3518 2238 3573 latus
2259 3517 2514 3572 intumuit
2544 3515 2672 3570 ﬂatu
2695 3513 2987 3584 superbiat,
3014 3520 3069 3567 et
3097 3526 3201 3564 non
3235 3509 3414 3564 timuit
3457 3525 3516 3562 es
3542 3524 3695 3561 suum

2096 3610 2152 3664 in
2183 3608 2370 3663 coelum
2399 3624 2615 3678 ponere,
2647 3606 2774 3676 quid
2806 3614 2950 3660 esset
2989 3603 3192 3659 sentire
3239 3610 3464 3656 coactus
3487 3609 3571 3654 est
3597 3599 3700 3659 sub

2097 3700 2345 3754 verbere.
2380 3696 2711 3766 ltnpingebat
2746 3703 2803 3750 et
2854 3694 3253 3764 impingebatnr
3301 3691 3406 3745 huc
3461 3698 3520 3744 et
3571 3687 3699 3743 illuc

2099 3792 2347 3862 palpans,
2366 3788 2624 3845 vacillans
2654 3786 2990 3851 vertebatur,
3024 3794 3080 3840 et
3106 3782 3416 3851 confusione
3438 3797 3538 3835 sua
3563 3780 3698 3834 sicut

2096 3882 2328 3955 diploide
2358 3883 2574 3937 indutus
2600 3895 2885 3937 occursum
2908 3888 2962 3933 et
3005 3885 3356 3945 conspectum
3416 3873 3699 3928 hominum

2098 3974 2407 4028 verebatur.
2438 3970 2693 4027 Occurrit
2724 3969 2941 4023 tandem
2972 3967 3046 4021 illi
3077 3964 3298 4021 offensis
3345 3965 3562 4019 nutanti
3604 3976 3700 4031 pe-

2095 4063 2254 4120 dibus
2281 4063 2495 4135 genitor
2521 4058 2639 4130 cjus
2661 4069 2807 4115 totus
2830 4059 3004 4115 imbre
3030 4058 3394 4128 lacrymarum
3416 4052 3696 4126 perfusus,

2094 4164 2151 4210 et
2197 4157 2482 4224 increpans
2523 4153 2778 4209 duritiem
2825 4151 3004 4207 cordis
3057 4149 3194 4220 ejus,
3245 4155 3498 4219 porrecta
3529 4161 3696 4203 manu

2092 4247 2308 4303 reduxit
2349 4262 2473 4302 euut
2502 4246 2555 4300 in
2579 4246 2754 4301 locum
2779 4243 2921 4299 unde
2947 4243 3054 4300 bile
3074 4250 3378 4299 commotus
3406 4238 3699 4297 temerario

2091 4351 2224 4393 ausu
2271 4348 2356 4393 est
2382 4351 2652 4409 egressus.
2714 4334 2935 4391 Veniam
2983 4333 3055 4389 ihi
3106 4330 3335 4404 supplici
3375 4345 3477 4387 suo
3525 4328 3696 4395 dedit,

2089 4428 2236 4483 visus
2258 4428 2558 4483 claritatem
2574 4427 2801 4497 recepit,
2818 4423 3423 4482 illutninatoriomnium
3437 4428 3698 4495 quantas-

2095 4533 2307 4588 cunque
2353 4518 2530 4589 potuit
2588 4527 2771 4589 grates
2822 4517 3091 4587 rependit.
3142 4513 3434 4570 Pulchrum
3475 4520 3696 4583 specta-

396 4603 658 4659 antistitis
704 4600 922 4663 baculo,
980 4600 1210 4670 gratiam
1267 4601 1449 4656 delicti
1496 4603 1779 4672 pmnitenti
1825 4606 2004 4665 facere
2037 4614 2080 4671 D
2107 4609 2283 4665 culum
2313 4610 2405 4665 illo
2424 4610 2511 4666 die
2533 4609 2716 4665 divina
2739 4609 2913 4680 pietas
2926 4607 3029 4680 piis
3049 4607 3325 4662 mentibus
3345 4603 3616 4669 exhibuit,
3638 4611 3697 4657 et

396 4702 762 4766 deprecatur,
839 4700 1064 4756 monet,
1139 4707 1202 4746 ac
1282 4692 1607 4749 obtestatur.
1690 4695 2002 4753 Adamanti-

393 4800 527 4840 num
586 4798 717 4839 vero
763 4781 908 4837 illius
954 4795 1049 4837 cor
1081 4790 1137 4837 et
1163 4791 1505 4853 contemptor
1547 4786 1781 4852 animus,
1838 4790 1999 4847 nullis

399 4888 547 4928 sanae
586 4873 847 4930 doctrina:
889 4874 1149 4929 fomentis
1177 4874 1506 4941 emollescit,
1552 4891 1616 4932 ac
1645 4879 1999 4936 conclaman-

382 4962 569 5029 ‘tibus,
603 4976 659 5022 et
697 4975 903 5020 tantam
955 4966 1210 5023 duritiem
1257 4966 1688 5037 detestantibus,
1724 4973 1996 5032 universis

398 5055 920 5124 circumstantibus,
981 5074 1089 5113 non
1135 5059 1445 5126 erubescit,
1504 5076 1612 5115 non
1668 5064 1992 5134 adquiescit.

380 5145 578 5227 impos
609 5147 774 5203 animi
796 5146 1067 5213 discessit,
1093 5152 1291 5221 erupit,
1319 5151 1541 5208 domum
1572 5154 1756 5223 rediit,
1807 5166 1864 5212 et
1918 5158 1994 5212 ibi

398 5240 682 5312 evestigio
702 5247 1065 5313 contemptus,
1116 5253 1172 5299 et
1223 5244 1605 5301 inohedientite
1657 5262 1769 5303 suae
1801 5262 1995 5314 ptenas

397 5327 531 5398 luit;
570 5335 1136 5421 energumenusenim
1166 5335 1342 5394 factus
1373 5353 1564 5395 omnes
1589 5349 1833 5399 astantes
1869 5359 1994 5414 per-

397 5422 666 5503 cussioqis
688 5439 798 5481 sua:
827 5426 1137 5490 spectaculo
1160 5428 1473 5496 perterruit,
1492 5438 1547 5485 et
1572 5431 1723 5487 omni
1751 5434 1989 5500 viciniae,

396 5514 688 5571 etfamiliae
716 5530 827 5572 sua:
850 5531 1121 5573 summum
1153 5531 1444 5575 maerorem
1471 5528 1526 5577 et
1554 5522 1759 5578 luctum
1786 5524 1987 5580 intulit.

396 5606 664 5664 Anhelum
687 5608 805 5679 ejus
827 5616 1040 5677 pectus,
1072 5617 1128 5663 et
1163 5618 1453 5677 protensus
1498 5612 1835 5682 aqualiculus
1870 5628 1989 5670 cre-

396 5697 510 5756 bris
565 5708 619 5755 et
655 5698 992 5770 gravissimis
1014 5699 1273 5770 exagitari
1300 5699 1565 5769 pulsibus,
1611 5714 1667 5759 et
1699 5720 1867 5760 sonus
1899 5721 1989 5760 au-

399 5787 524 5855 diri,
554 5789 709 5861 quasi
740 5797 1017 5844 costarum
1040 5797 1267 5857 cratem,
1293 5800 1347 5844 et
1377 5795 1715 5871 stomachum
1759 5796 1986 5853 interius

366 5872 576 5949 ‘aliqua
601 5883 681 5935 vis
712 5879 861 5935 duris
885 5878 1225 5948 propulsaret
1254 5879 1513 5937 vectibus.
1570 5863 1636 5940 lit
1668 5886 1795 5955 quid
1831 5895 1978 5941 tanto

2104 4699 2262 4755 elatis
2287 4699 2652 4764 formidinem,
2668 4708 2723 4753 et
2751 4699 3045 4754 maximum
3070 4696 3384 4751 incutiendo
3403 4704 3695 4757 terrorem,

2103 4789 2300 4846 futurae
2318 4788 2487 4860 pacis,
2502 4798 2559 4845 et
2581 4787 3037 4846 reconciliationis
3058 4786 3468 4842 fundamentum
3484 4783 3693 4854 posuit.

2104 4882 2159 4937 In
2190 4884 2406 4953 angusti
2440 4881 2701 4953 temporis
2722 4878 2972 4947 articulo,
3002 4881 3055 4936 in
3078 4879 3289 4936 duobus
3309 4876 3443 4932 viris
3457 4885 3695 4945 quatuor

2101 4974 2375 5031 celebrata
2399 4983 2526 5029 sunt
2559 4973 2843 5039 miracula,
2868 4973 3007 5028 alter
3027 4970 3225 5041 quippe
3237 4985 3337 5040 pro
3351 4975 3697 5035 contemptus

2102 5067 2186 5121 sui
2220 5074 2393 5131 reatu,
2447 5066 2684 5136 desipuit
2730 5064 2984 5130 amentia,
3016 5072 3072 5118 ct
3103 5076 3202 5132 pro
3226 5061 3522 5115 multorum
3562 5073 3690 5128 pro-

2080 5159 2242 5216 fectu
2263 5160 2589 5231 resipuit,ae
2611 5159 2814 5214 saniori
2843 5151 3484 5224 convaluitintelligentia
3512 5167 3527 5203 :
3554 5150 3699 5205 alter

2098 5253 2157 5305 in
2185 5251 2337 5306 oculo
2364 5251 2550 5321 fratris
2575 5252 2827 5321 festucam
2846 5252 3044 5316 uidens,
3074 5252 3128 5305 in
3148 5266 3243 5305 suo
3264 5250 3465 5304 trabem
3486 5267 3592 5305 non
3614 5251 3697 5305 vi-

2096 5343 2244 5409 dens,
2268 5343 2530 5398 caecitatis
2557 5343 2789 5399 incurrit
2815 5343 3136 5399 offendicula
3158 5361 3172 5397 :
3191 5343 3284 5399 sed
3301 5343 3498 5399 ductus
3514 5344 3667 5415 poeni
3684 5370 3701 5387 ο

2096 5436 2282 5505 tentia,
2298 5436 2518 5493 clariori
2539 5437 2742 5494 lumine
2764 5438 3060 5494 illustratus
3074 5449 3156 5494 est
3178 5440 3229 5492 in
3245 5454 3477 5510 corpore
3490 5441 3695 5509 aeani-

2093 5540 2204 5582 me.
2230 5523 2486 5581 Proxima
2517 5542 2646 5582 vero
2673 5544 2791 5582 cum
2812 5530 2982 5600 prima
2998 5526 3241 5583 lustraret
3261 5528 3507 5600 lampade
3522 5540 3697 5585 terras

2092 5625 2211 5670 orta
2270 5616 2417 5683 dies,
2467 5631 2578 5672 uno
2609 5619 2814 5685 animo,
2857 5619 3155 5687 eademque
3201 5619 3473 5675 sententia
3525 5621 3697 5677 totius

2092 5706 2301 5772 insulae,
2329 5706 2484 5776 quasi
2507 5723 2665 5778 apum
2716 5710 2988 5771 examina,
3025 5719 3400 5763 convenerunt
3443 5711 3692 5782 agmina,

2091 5806 2149 5852 ut
2178 5810 2359 5852 coram
2399 5798 2602 5855 vicario
2638 5800 2909 5871 pontiﬁcis
2947 5803 3174 5873 egregii,
3198 5813 3252 5857 et
3275 5803 3393 5873 ejus
3422 5803 3691 5873 reliquiis,

2090 5891 2558 5960 examinarentur,
2588 5904 2637 5949 et
2679 5893 3100 5951 terminarentur
3135 5897 3376 5951 omnium
3419 5912 3603 5952 causae
3627 5912 3696 5951 ac
