3986 6450
210 373 294 432 309

1317 394 1732 466 PROLOQL’IA.
1773 431 1844 441 —-
1876 402 2034 459 VITA
2073 407 2441 467 THIOFRIDI.

3404 428 3512 481 ἕνὶο

219 492 404 596 iurgia-,-
446 505 508 550 ct
532 502 877 596 sopiecntnr
904 504 1233 560 simultatum
1282 519 1493 566 veteres
1528 513 1745 570 offensae
1775 523 1829 571 et
1856 516 1904 572 Α
1931 527 1985 572 to
2014 520 2142 590 igni,
2169 539 2263 592 per
2288 525 2520 578 triduum
2556 542 2656 580 nou
2682 528 2856 596 potuit
2873 529 3094 585 conﬁari
3121 548 3135 595 ;
3168 542 3223 588 et
3271 547 3511 593 secutum

228 586 447 641 exitialia
474 591 635 645 odia.
678 592 953 651 Steterunt
995 608 1046 650 ut
1095 599 1260 654 stella:
1304 603 1359 655 in
1406 606 1628 661 statione
1655 624 1753 662 sua
1780 618 1827 663 et

230 678 489 743 ordine,et
501 681 877 741 subtilissima
895 686 1142 757 indagine
1156 689 1609 763 investigavcrunt
1631 695 1825 761 lucem,

234 779 282 823 ct
299 769 526 825 consilia
562 775 900 843 prudentiae,
923 780 1046 848 quia
1087 796 1276 836 omnes
1307 783 1406 837 via:
1429 784 1543 851 ejus
1569 786 1829 855 pulchrae,

243 870 290 918 et
317 878 509 919 omnes
531 865 659 935 ejus
698 870 907 924 semita:
950 872 1206 941 paciﬁcus.
1255 872 1365 929 Nec
1413 891 1586 941 mora,
1627 888 1829 936 aetema

248 956 496 1024 sapientia
561 972 690 1027 qua:
714 975 775 1014 se
821 962 1019 1015 cecinit
1049 979 1146 1033 per
1196 978 1258 1019 os
1300 964 1604 1023 Salomonis
1648 970 1827 1037 ldidze,

252 1045 502 1109 Eruditis,
562 1047 840 1118 inquiens,
888 1051 1137 1106 intersunt
1182 1055 1462 1124 cogitation
1487 1056 1602 1125 bus,
1658 1076 1829 1115 meum

247 1146 314 1191 est
348 1137 653 1205 consilium,
686 1149 736 1194 et
763 1142 999 1211 aquilas,
1024 1159 1139 1197 mea
1184 1154 1259 1199 est
1304 1147 1583 1214 prudentia
1609 1164 1656 1204 et
1679 1151 1834 1220 farti-

248 1230 401 1294 tudo;
448 1247 544 1298 per
580 1247 663 1284 me
686 1230 857 1302 legum
892 1234 1187 1289 conditores
1207 1235 1359 1305 justa
1394 1238 1712 1295 decernunt:
1733 1257 1830 1298 oc-

249 1320 396 1374 culta:
435 1319 811 1389 inspirationis
830 1337 940 1377 sua:
962 1324 1161 1390 gratia,
1190 1325 1241 1378 in
1292 1326 1450 1381 unius
1484 1326 1831 1400 ejusdemque

249 1411 452 1467 consilii
476 1427 773 1477 summam,
810 1414 1049 1468 onmium
1090 1414 1252 1469 illexit
1279 1427 1516 1486 pectora,
1548 1429 1607 1475 ut
1630 1421 1695 1475 de
1716 1423 1829 1477 sin-

249 1501 380 1574 gulis
404 1503 457 1556 in
496 1511 725 1572 ultaque
748 1515 898 1574 parte
928 1515 1324 1576 peremptorum
1349 1507 1590 1575 familiis,
1610 1521 1830 1582 septena

251 1595 511 1663 sanguine
542 1595 785 1663 proxima
836 1595 1165 1666 eligerentur
1209 1599 1419 1667 capita;
1452 1611 1506 1655 et
1548 1616 1735 1656 eorum
1768 1619 1833 1659 ac

249 1685 596 1755 prtesidentis
645 1687 907 1742 Dominici
947 1688 1405 1754 archimandritie,
1460 1701 1513 1747 et
1574 1695 1829 1749 comitum

251 1776 382 1845 ejus,
417 1776 662 1841 decreto,
686 1792 749 1831 ac
783 1777 1194 1848 inveS'igatione
1223 1779 1656 1852 diligentissima,
1676 1800 1832 1840 com-

252 1878 580 1939 ponereutur
601 1868 924 1923 ﬁrmissima:
977 1875 1123 1938 patis
1167 1850 1393 1927 hedera.
1459 1850 1647 1945 Igitur
1673 1874 1825 1943 juxta
1860 1850 1905 1908 Β

251 1976 537 2015 commune
570 1960 780 2037 illorum
805 1960 1112 2026 consilium,
1155 1978 1215 2017 ac
1237 1965 1536 2030 decretum,
1600 1968 1673 2022 rei
1703 1985 1832 2024 san-

250 2051 420 2122 guinis
448 2051 709 2121 depositis
736 2051 905 2121 prius,
954 2066 1102 2106 more
1124 2054 1300 2123 gentis
1318 2095 1330 2115 ,
1385 2056 1608 2125 trigenis
1630 2100 1645 2126 ,
1676 2059 1831 2129 tripla

249 2145 639 2213 compositione
662 2144 833 2211 libris,
861 2143 1086 2212 vellent,
1112 2146 1334 2213 nollent,
1364 2163 1430 2203 ne
1444 2165 1548 2219 qua
1567 2151 1833 2207 dissensio

250 2250 568 2295 nasceretur
596 2257 661 2295 ex
687 2241 973 2305 anteactis,
1018 2243 1069 2296 in
1112 2250 1372 2296 :cternam
1434 2242 1832 2298 discordiarum

253 2330 602 2395 oblivionem,
654 2330 827 2386 effecti
866 2341 989 2387 sunt
1033 2333 1230 2388 milites
1258 2332 1489 2389 ultornm
1532 2334 1831 2404 sanguinis.

255 2420 407 2476 Nullo
444 2423 686 2479 humano
736 2423 830 2480 sed
881 2425 1062 2480 divino
1089 2434 1317 2487 terrore,
1384 2426 1483 2481 viri
1540 2441 1603 2480 ea
1651 2426 1836 2481 formae

259 2513 674 2582 pulchritudine,
707 2523 761 2568 et
786 2530 1071 2586 corporum
1103 2516 1450 2586 proceritate,
1476 2526 1528 2569 et
1557 2516 1749 2570 virium
1772 2533 1836 2572 ac

256 2604 533 2673 sapientiae
561 2604 928 2674 magnitudine
951 2606 1184 2675 prrcditi,
1226 2614 1283 2661 ut
1309 2606 1399 2676 qui
1433 2606 1833 2676 eosiguoraret,

254 2712 357 2748 ttnn
393 2710 459 2749 es
489 2710 598 2750 una
626 2705 806 2766 gente,
831 2696 922 2751 sed
949 2711 1014 2752 ex
1039 2705 1152 2753 toto
1170 2705 1435 2753 terrarum
1462 2696 1612 2763 orbe,
1636 2696 1837 2752 electos

252 2784 543 2853 indicaret;
582 2785 683 2840 viri
739 2786 980 2856 inquam,
1038 2802 1254 2858 genere.
1310 2787 1449 2841 fama
1479 2827 1493 2849 ,
1541 2794 1595 2842 et
1643 2788 1837 2857 opibus

258 2876 696 2932 excellentissimi
758 2878 932 2934 coacti
974 2888 1118 2944 sunt,
1188 2878 1343 2950 longe
1396 2893 1454 2933 se
1489 2878 1839 2934 inferioribus

261 2967 471 3037 pupillis
531 2968 777 3022 submitti
803 3009 816 3031 ,
849 2980 904 3023 et
933 2970 1154 3039 obsequi
1190 2989 1204 3024 :
1241 2970 1385 3039 quod
1416 2970 1570 3040 quasi
1607 2970 1839 3026 dedecus

262 3058 587 3128 improperii,
616 3060 715 3114 nisi
744 3058 952 3115 ctelesti
979 3061 1182 3117 virtute
1228 3070 1411 3117 essent
1431 3062 1675 3127 coerciti,
1707 3063 1841 3117 mal-

1934 611 1986 666 in
2011 628 2194 682 (equas
2220 625 2405 685 partes
2429 616 2480 669 in
2518 618 2867 672 seminarium
2891 621 3104 676 dissidit
3145 625 3306 677 trium
3336 628 3515 680 nomi-

1933 718 2083 769 num,
2116 705 2246 760 viris
2275 706 2583 761 nullmuodo
2611 708 2781 762 visum
2812 717 2897 762 est
2936 713 3243 780 exmquari;
3291 713 3513 783 pallium

1933 809 2061 849 vero
2087 796 2273 851 altaris
2299 814 2405 852 non
2438 797 2645 863 fotﬁce,
2700 814 2805 859 non
2839 800 3076 866 cultello,
3106 812 3380 872 postremo
3404 820 3513 860 non

1932 884 2109 955 gladio
2138 890 2455 945 acutissimo
2486 889 2656 944 valuit
2678 891 2848 945 scindi
2885 908 2898 944 :
2937 893 3233 961 praeterito,
3267 894 3512 964 inquam.

1933 975 2088 1047 signo
2119 986 2226 1032 tam
2260 979 2520 1042 mirabili,
2555 979 2715 1033 linem
2767 980 2928 1049 longo
2966 983 3117 1051 operi
3149 984 3512 1053 imponamus.

1933 1078 1993 1123 ut
2015 1070 2067 1124 in
2092 1071 2220 1136 ﬁne,
2251 1071 2342 1139 qui
2374 1080 2458 1125 est
2487 1070 2605 1125 sine
2642 1070 2767 1133 line,
2791 1085 3237 1140 permaneamus;
3276 1075 3328 1129 in
3351 1074 3516 1130 Chri.

1932 1168 2019 1217 sto
2055 1160 2181 1216 Iesu
2211 1202 2226 1225 ,
2258 1162 2420 1216 unico
2455 1161 2685 1216 Domino
2733 1171 2959 1227 nostro;
3012 1162 3355 1219 multimodas
3414 1179 3514 1234 pro

1935 1254 2151 1309 modulo
2171 1262 2381 1319 nostro,
2404 1262 2585 1325 grates
2616 1254 2666 1308 ei
2698 1254 2990 1316 solventes,
3059 1269 3221 1324 super
3263 1257 3515 1313 omnibus

1932 1358 2052 1413 qua:
2090 1344 2323 1399 reddidit
2360 1344 2515 1399 nobis
2541 1384 2555 1407 ,
2595 1352 2648 1397 et
2699 1358 2864 1413 super
2906 1342 3303 1400 multitudinem
3349 1346 3521 1401 bono-

1933 1449 2075 1498 rum,
2107 1448 2227 1504 quae
2248 1449 2344 1503 per
2374 1433 2570 1505 inclyta
2599 1433 2935 1489 dilectissimi
2958 1432 3041 1488 sui
3061 1433 3360 1490 Clement's
3386 1434 3520 1490 Wile

1934 1523 2182 1588 librordi,
2226 1524 2542 1594 patrocinia,
2603 1523 2829 1593 largitus
2876 1532 2957 1578 cst
3015 1523 3171 1578 nobis
3221 1524 3518 1579 secundum

1936 1614 2322 1684 indulgentiam
2348 1631 2524 1681 suam,
2550 1624 2605 1670 et
2631 1614 2928 1668 secundum
2979 1612 3378 1667 multitudinem
3410 1614 3515 1667 mi-

1935 1704 2357 1759 sericordiarum
2402 1718 2649 1767 suarum,
2676 1703 2760 1757 cui
2819 1703 2957 1768 laus,
2991 1702 3165 1756 honor
3196 1702 3523 1771 inexcogitae

1935 1794 2083 1860 bilis,
2112 1810 2176 1849 ac
2199 1794 2486 1850 incﬂ‘abilis
2512 1795 2704 1865 gloria,
2757 1803 2812 1849 et
2852 1793 3140 1863 imperium
3180 1808 3277 1862 per
3309 1793 3519 1848 intiuita

1935 1884 2150 1941 saecula.
2179 1884 2368 1939 Amen.
2408 1903 2426 1936 ι

2004 1975 2218 2030 Claudit
2246 1972 2424 2028 Vitam
2455 1973 2512 2028 S.
2547 1973 2842 2028 Clementis
2883 1973 3222 2027 Willibrordi
3274 1971 3518 2027 Thiol‘ri-

1935 2067 2035 2122 dus
2070 2076 2257 2123 noster
2280 2068 2381 2122 hoc
2405 2065 2567 2121 nobili
2605 2066 2803 2135 capite,
2851 2067 2904 2120 in
2938 2080 3067 2136 quo,
3116 2067 3159 2120 si
3216 2066 3344 2134 quid
3398 2079 3524 2120 esse

1936 2156 2207 2210 videbitur
2252 2157 2529 2225 aliquanto
2586 2155 2891 2219 obscurius,
2950 2154 3066 2223 ejus
3103 2154 3520 2224 explicationem

1935 2246 2402 2302 candidusLector
2432 2247 2665 2317 reperiet
2699 2248 2817 2302 loco
2848 2247 3088 2317 proprio,
3122 2246 3172 2299 id
3205 2245 3373 2301 estin
3406 2245 3525 2316 ipsa

1938 2338 1996 2394 S.
2023 2338 2359 2394 Willibrordi
2387 2338 2531 2404 Vita,
2556 2354 2743 2409 quam,
2792 2338 2901 2393 Deo
2939 2349 2992 2393 et
3022 2348 3214 2393 sancto
3242 2338 3359 2409 ejus
3384 2338 3525 2393 bene

1934 2430 2267 2499 iuvantibus,
2301 2444 2405 2483 non
2432 2429 2505 2483 ita
2531 2428 2697 2483 multo
2731 2438 2854 2497 post
2875 2428 3208 2483 emiltcmus.

2009 2521 2275 2575 Cmterum
2302 2520 2466 2589 (quod
2498 2519 2696 2575 reetius
2743 2518 2882 2573 forte
2933 2528 3060 2573 ante
3094 2519 3194 2573 hoc
3230 2526 3393 2588 caput
3422 2532 3520 2588 po-

1940 2610 2190 2680 suissem)
2222 2618 2401 2665 tacere
2436 2610 2594 2680 plane
2642 2625 2746 2664 non
2777 2609 2968 2674 debeo,
3019 2608 3165 2678 quod
3209 2606 3525 2662 Thiofridus

1941 2716 2094 2757 meus
2124 2715 2229 2755 non
2254 2701 2680 2755 tacuitcxtremo
2704 2700 2880 2769 capite
2902 2697 2990 2754 55.
3017 2698 3147 2754 Post
3170 2697 3338 2763 illam,
3356 2710 3523 2766 quam

1941 2794 2051 2848 dixi
2087 2792 2155 2848 de
2182 2792 2422 2861 Ruperto
2444 2790 2639 2846 comite
2680 2789 2906 2845 relatam
2946 2788 3328 2844 miraculosam
3355 2787 3526 2842 victo-

1940 2885 2101 2949 riam,
2136 2881 2338 2937 Victrix
2365 2879 2620 2952 phalanx,
2662 2873 2836 2951 inquit
2876 2878 3219 2943 Tliiolridus,
3251 2887 3365 2947 post
3389 2878 3528 2931 tanti

1942 2977 2193 3048 triumphi
2212 2975 2458 3047 gloriam,
2474 2973 2660 3028 debittc
2677 2972 2850 3027 laudis
2869 2971 3260 3041 Triumpltatori
3285 2970 3521 3025 omnium

1942 3068 2091 3123 solvit
2117 3068 2377 3122 victimam
2403 3079 2420 3117 :
2458 3075 2505 3120 et
2532 3074 2702 3119 votum
2732 3079 2909 3126 suum,
2952 3079 3054 3133 quo
3086 3078 3141 3117 se
3168 3070 3288 3115 ante
3325 3059 3526 3129 obliga-

261 3148 366 3203 lcnl
403 3160 580 3206 morte
641 3151 837 3206 lucrari
894 3167 1055 3222 quam
1107 3153 1335 3222 perpeti.
1378 3151 1680 3208 Notandum
1707 3168 1836 3224 pro-
1867 3183 1912 3243 ρ
1946 3172 2105 3223 serat,
2135 3174 2408 3223 reuocans,
2449 3167 2496 3210 et
2540 3155 2878 3223 conﬁrmans,
2915 3156 3020 3208 duo
3041 3154 3227 3208 devicti
3273 3150 3526 3221 principis

260 3238 416 3305 lecto,
463 3249 513 3294 et
572 3255 670 3309 pro
718 3256 925 3295 summa
965 3241 1323 3297 admiratione
1344 3241 1397 3297 in
1460 3251 1704 3313 posteros
1754 3251 1840 3299 est

259 3332 760 3395 transmittendum,
790 3334 930 3402 quod
954 3347 1085 3402 gens
1126 3342 1232 3387 tam
1259 3347 1474 3403 aspera,
1506 3335 1702 3402 audax,
1731 3335 1843 3390 bel-

263 3422 447 3489 licosa,
484 3439 610 3492 quae
641 3438 911 3493 nunquam
951 3422 1094 3478 ferro
1127 3424 1368 3479 cdomari
1395 3426 1588 3495 potuit,
1632 3425 1841 3496 simpli-

263 3513 400 3568 cium
424 3513 715 3568 vcrborum
745 3513 873 3568 loris
892 3529 949 3569 se
973 3514 1148 3584 ligari,
1178 3524 1233 3568 et
1260 3515 1555 3585 constringi
1583 3515 1838 3581 pertulit;

262 3605 487 3658 etutde
538 3604 711 3674 ipsius
748 3604 1008 3658 veredarii
1061 3604 1263 3659 domini
1326 3604 1519 3660 edictis
1570 3614 1845 3661 taceamus

264 3694 520 3765 quidquid
574 3695 831 3765 praefatus
878 3696 1143 3764 interpres
1190 3696 1349 3766 ejus,
1406 3711 1471 3750 ex
1525 3696 1846 3751 auctoritate

265 3784 398 3852 ejus,
419 3793 474 3839 et
513 3785 690 3838 sancti
717 3782 894 3839 Patris
926 3783 1257 3839 Willibrordi
1278 3783 1461 3853 jussit,
1495 3800 1560 3839 ac
1589 3785 1633 3839 si
1656 3800 1722 3840 ex
1761 3786 1841 3855 ip-

264 3878 371 3932 sius
397 3891 491 3932 ore
505 3874 815 3943 iuberetur,
833 3891 989 3931 nemo
1008 3876 1246 3931 omnium
1265 3886 1550 3942 temerare,
1582 3892 1642 3930 ac
1671 3885 1848 3931 trans-

268 3968 413 4036 gredi
470 3967 842 4036 praesumpsit,
884 3981 1043 4020 nemo
1073 3982 1263 4035 parcre
1311 3967 1550 4031 distulit;
1584 3975 1762 4021 tantus
1795 3966 1845 4020 in

263 4073 449 4113 omnes
481 4057 688 4112 domini
727 4067 905 4111 terror
927 4057 1103 4111 irruit.
1128 4056 1247 4111 Paa:
1274 4057 1469 4112 exinde
1499 4056 1643 4110 bona:
1668 4056 1849 4111 volun-

268 4148 385 4201 tatis
416 4158 524 4201 tam
551 4146 765 4217 privata
813 4161 971 4214 quam
1019 4162 1118 4217 per
1153 4146 1377 4201 miriﬁca
1408 4145 1667 4200 antistitis
1690 4160 1845 4216 egre-

270 4241 338 4311 gii
365 4239 670 4298 Clementis
704 4239 1032 4295 Willibrordi
1062 4241 1279 4307 merita,
1304 4249 1560 4312 tanquam
1590 4240 1704 4311 ipso
1732 4255 1852 4295 cor-

270 4329 433 4402 porali
457 4332 740 4387 assidente
760 4345 1039 4396 consessu,
1067 4346 1131 4387 ac
1159 4332 1462 4396 ordinante,
1504 4340 1771 4401 reparata,
1795 4339 1852 4385 et

268 4420 618 4490 jurisjurandi
665 4431 1007 4477 sacramento
1053 4422 1366 4477 conﬁrmata
1412 4430 1515 4485 est,
1554 4435 1660 4477 non
1691 4424 1850 4476 modo

1946 3250 2131 3307 vexilla
2167 3251 2236 3304 ad
2274 3247 2698 3316 Efternacensem
2745 3243 3034 3298 transmisit
3084 3240 3393 3304 Ecclesium,
3453 3239 3529 3293 ibi

1944 3342 2297 3401 conservanda
2340 3341 2393 3395 in
2445 3348 2695 3393 wternam
2747 3336 2953 3392 collata:
2988 3336 3090 3391 sibi
3130 3351 3222 3405 per
3258 3330 3526 3402 magniﬁci

1944 3433 2203 3504 pontiﬁcis
2229 3428 2503 3485 Clementis
2534 3424 2871 3481 Willebrordi
2893 3427 3078 3479 merita
3100 3424 3343 3495 gloriosa:
3368 3420 3527 3477 victo-

1949 3525 2042 3578 ria:
2070 3523 2394 3578 memoriam.
2437 3520 2562 3576 llaec
2593 3519 2788 3579 videte.
2837 3527 2893 3573 et
2941 3516 3175 3587 majores
3201 3523 3410 3570 vestros
3434 3528 3527 3567 co-

1947 3612 2113 3683 gitate
2146 3609 2546 3665 Waliebrenses
2570 3607 2812 3669 Zelandi.
2845 3616 2901 3662 et
2924 3606 3086 3661 vicini
3117 3603 3389 3661 llollandi.

2340 3699 2368 3771 ἦ
2410 3700 2471 3754 ν.
2512 3698 2745 3753 Virtutes
2782 3707 2830 3753 et
2869 3695 3138 3753 sanctitas.

2021 3788 2133 3843 Non
2161 3789 2208 3844 is
2245 3786 2345 3842 fuit
2377 3785 2708 3852 Thiol‘ridus,
2760 3786 2850 3855 qui
2905 3785 3135 3839 virtutes
3162 3797 3290 3838 suas
3313 3780 3529 3836 ebucci-

1950 3885 2128 3942 naret,
2162 3874 2510 3931 sanctitatem
2537 3883 2857 3931 ostentaret.
2910 3873 3019 3928 Sed
3079 3884 3281 3936 tamen,
3308 3876 3367 3923 ut
3398 3882 3526 3924 aro.

1950 3977 2179 4032 matum,
2211 3967 2558 4038 quantumvis
2585 3964 2798 4022 occulte
2830 3975 3033 4035 gestes,
3093 3963 3333 4018 studiose
3360 3960 3524 4027 celes,

1950 4059 2082 4115 odor
2110 4059 2345 4128 erumpit
2369 4067 2575 4123 tamen;
2603 4058 2681 4113 sic
2706 4057 2875 4111 virtus
2898 4054 3132 4119 'emicat,
3163 4053 3264 4108 etsi
3287 4065 3523 4122 premas.

1953 4148 2143 4204 Evenit
2178 4150 2279 4203 hoc
2310 4147 2517 4202 auctori
2559 4155 2767 4208 nostro,
2789 4143 2966 4212 cujus,
3018 4152 3076 4196 ut
3132 4143 3263 4197 alias
3300 4141 3529 4201 virtutes

1954 4250 2183 4305 taceam,
2207 4238 2493 4294 llumilitas
2524 4236 2722 4306 passim
2751 4233 3027 4304 splendet,

2154 4369 2169 4383 .
2244 4327 2375 4383 velut
2412 4328 2547 4382 inter
2572 4326 2711 4396 ignes

2061 4422 2210 4477 Luna
2237 4422 2483 4475 minores.

270 4514 325 4568 in
358 4513 750 4577 Walichrcnsi,
804 4512 897 4567 sed
943 4513 995 4566 in
1048 4512 1193 4566 omni
1236 4511 1523 4582 adjacente
1570 4510 1765 4576 insula,
1795 4520 1852 4565 et
1886 4521 1929 4575 D
1957 4514 2081 4571 llaec
2105 4513 2266 4569 talem
2298 4520 2616 4582 tantumque
2640 4509 2812 4562 virum
2838 4507 3271 4562 lacitoleastrnm
3294 4502 3527 4573 aridum,

267 4620 425 4658 aurea
454 4603 635 4672 fruges
663 4602 818 4672 pleno
850 4618 1012 4656 cornu
1063 4601 1267 4670 defudit
1298 4603 1487 4667 copia;
1513 4610 1567 4656 et
1596 4616 1693 4670 per
1716 4601 1852 4656 duo-

270 4707 386 4746 rum
417 4693 689 4746 mensium
714 4691 1002 4756 curricula,
1035 4692 1229 4760 quibus
1267 4690 1341 4746 ibi
1375 4705 1555 4747 moras
1580 4705 1679 4760 pro
1708 4705 1855 4746 com-

271 4798 322 4835 m
346 4783 416 4838 u.i
446 4782 594 4838 utilit
626 4792 679 4836 te
720 4781 967 4836 innexuit
1002 4795 1301 4852 yguntenus
1343 4795 1630 4835 vernarum
1654 4780 1855 4835 domini

270 4875 525 4940 vernula;
558 4874 705 4928 nulla
738 4874 810 4928 ibi
838 4889 1025 4942 opera,
1062 4873 1207 4928 nulla
1230 4874 1626 4928 exercebantur
1654 4873 1855 4940 studia,

270 4968 377 5020 nisi
408 4968 692 5037 gaudium,
739 4968 929 5030 honor,
962 4976 1020 5021 et
1055 4966 1309 5035 tripudia,
1366 4964 1503 5019 mira
1549 4964 1855 5029 exsultatio,

274 5059 397 5114 festi
418 5062 558 5125 dies,
592 5057 781 5127 epulrr,
817 5066 870 5111 et
897 5056 1159 5111 convivia.
1192 5056 1248 5111 In
1276 5055 1471 5111 summi
1501 5066 1612 5110 tum
1642 5056 1859 5110 demum

274 5152 499 5208 honoris
527 5149 929 5219 magniﬁcentia
963 5150 1121 5204 rediit
1151 5149 1201 5202 in
1234 5148 1486 5217 patriam,
1536 5155 1732 5201 etcum
1780 5145 1862 5199 in-

275 5242 419 5311 genti
443 5240 613 5296 tntius
644 5238 882 5294 civitatis
938 5254 1048 5293 sua:
1091 5239 1143 5291 in
1190 5252 1475 5292 occursum
1528 5236 1645 5306 ejus
1678 5233 1862 5290 effusa:

278 5341 560 5403 susceptus
588 5331 797 5395 laetitia,
829 5331 1173 5399 sempiterna:
1189 5326 1443 5382 Trinitati
1476 5326 1650 5381 laudis
1671 5326 1865 5381 debita:

282 5427 584 5483 immolavit
616 5423 869 5480 hostiam.
915 5424 993 5478 Ac
1020 5437 1115 5477 nos
1145 5422 1270 5491 quia
1319 5421 1625 5474 immensum
1679 5418 1864 5488 spatiis

282 5520 602 5589 confecimus
652 5530 854 5587 aequor,
882 5524 930 5570 et
967 5515 1073 5577 iam
1129 5525 1330 5583 tempus
1381 5523 1463 5567 est
1500 5527 1687 5582 equum
1737 5527 1864 5581 spu-

282 5600 483 5665 mantia
507 5614 705 5665 solrere
735 5606 890 5672 colla,
916 5605 1188 5676 prceterito
1220 5602 1451 5674 quodam
1484 5603 1742 5657 inusitato
1764 5602 1867 5655 mi-

289 5700 492 5767 raculo,
521 5698 771 5754 videlicet
802 5697 943 5765 quod
977 5696 1026 5749 in
1056 5694 1277 5749 basilica
1316 5693 1577 5763 sanguine
1606 5691 1737 5745 tanti
1767 5689 1868 5744 Pa-

294 5793 393 5848 tris
420 5795 626 5857 dotata,
654 5791 796 5845 furto
818 5788 1055 5844 ablatum
1076 5787 1140 5844 de
1168 5801 1329 5844 cruce
1352 5792 1656 5856 argentum,
1686 5782 1870 5838 admo-

1954 4618 2009 4663 ct
2039 4605 2235 4660 nullius
2267 4602 2526 4659 momenti
2579 4599 2975 4657 Efternacensis
3021 4595 3256 4653 emnobii
3304 4606 3530 4666 ygume-

1957 4713 2086 4753 num
2133 4696 2354 4768 (Proem.
2408 4692 2651 4759 Florum,
2711 4690 2906 4761 initio).
2956 4688 3079 4743 llaec
3132 4686 3379 4742 eumdem
3401 4681 3534 4739 facit

1960 4796 2256 4853 terram,et
2276 4786 2550 4855 indignum
2573 4781 2808 4839 scabello
2854 4780 3049 4851 pedum
3102 4776 3311 4832 Domini
3355 4774 3529 4849 (ibid).

1959 4878 2086 4933 Haec
2108 4876 2307 4937 multis,
2342 4875 2699 4942 maximisque
2724 4888 2754 4927 a
2794 4872 2925 4936 Deo,
2954 4869 3093 4925 coelo
3135 4876 3386 4936 terraque
3412 4880 3538 4936 pro—

1960 4970 2234 5034 bantibus,
2260 4977 2316 5023 et
2354 4965 2753 5037 plaudentibus,
2808 4964 3099 5035 gloriosum
3150 4959 3450 5023 miraculis,
3482 4966 3541 5012 et

1966 5063 2018 5116 in
2043 5073 2253 5122 eorum,
2286 5058 2445 5113 utsic
2470 5056 2671 5119 dicam,
2722 5055 2899 5110 medio
2935 5064 3240 5114 natantem;
3265 5050 3430 5106 ellicit
3459 5057 3541 5101 ta-

1964 5167 2088 5206 men
2129 5169 2148 5201 (
2188 5163 2475 5204 vernarnm
2525 5147 2736 5203 Domini
2756 5145 3033 5201 vernulam
3073 5164 3092 5197 ι
3125 5142 3287 5213 (Vita:
3318 5141 3379 5196 S.
3404 5136 3543 5193 Wil-

1966 5242 2183 5296 librordi
2212 5257 2327 5309 cap.
2354 5240 2470 5309 ιϐ.)
2497 5239 2697 5294 Eadem
2723 5240 2975 5308 denique,
3012 5256 3031 5290 ι
3070 5235 3225 5304 cujus
3254 5234 3307 5288 in
3345 5244 3539 5301 quam—

1967 5332 2049 5386 vis
2070 5330 2366 5399 procelloso
2386 5330 2544 5394 mari,
2575 5329 2825 5401 regenda:
2853 5328 2975 5382 navi
3000 5336 3182 5396 aptum
3219 5322 3543 5395 gubernato-

1972 5438 2108 5486 rem,
2128 5422 2481 5492 negatﬁlamen
2495 5418 2575 5474 vel
2590 5420 2844 5489 scapham
2876 5419 2927 5472 in
2960 5417 3076 5471 lacu
3097 5426 3287 5484 regere
3308 5423 3486 5481 posse.
3513 5427 3532 5460 ι

1972 5510 2210 5581 (Prolog.
2242 5512 2293 5564 in
2332 5509 2502 5563 Vitam
2533 5509 2594 5565 S.
2618 5505 2904 5577 Liutwini.)
2934 5506 3051 5561 Jam
3086 5502 3309 5574 Religio,
3335 5509 3391 5555 et
3420 5498 3539 5562 Dei,

1972 5616 2303 5666 sanctorum,
2335 5615 2612 5656 sacrarum
2644 5599 2992 5668 reliquiarum
3031 5594 3226 5656 cultus,
3285 5607 3351 5647 ex
3414 5589 3546 5645 totis

1977 5694 2082 5757 bis,
2116 5693 2339 5762 aliisque
2364 5693 2482 5763 ejus
2503 5690 2673 5753 libris,
2727 5687 2903 5744 notior
2933 5694 3044 5751 est,
3092 5698 3254 5754 quam
3308 5690 3366 5737 ut
3418 5679 3544 5736 ullis

1974 5782 2108 5839 meis
2136 5782 2313 5838 verbis
2336 5779 2593 5851 explicari
2625 5776 2834 5834 debeat.
