3986 6464
491 372 592 432 311

559 490 916 557 Charitatem,
946 498 1000 546 et
1026 487 1220 561 publici
1258 484 1381 541 boni
1412 486 1646 540 studium
1678 488 1731 541 in
1774 486 1964 542 eodem
1988 484 2064 541 le-
2095 485 2143 542 Α

491 600 609 657 ges,
650 599 775 641 cum
800 583 914 638 hac
944 579 1062 648 ejus
1113 575 1274 631 verba
1318 575 1462 644 leges
1494 591 1506 627 :
1551 594 1569 626 ι
1604 574 1778 631 Nimia
1809 577 2072 643 charitas,

487 692 612 747 qua:
640 676 818 732 omnia
845 680 1055 743 potest,
1105 671 1285 726 omnia
1319 676 1523 740 sperat,
1584 668 1769 725 omnia
1821 669 2074 734 sustinet,

489 783 591 822 nos
616 765 862 836 impellit,
894 762 1094 818 tumida
1146 760 1291 819 malo
1341 761 1455 816 vela
1497 762 1849 832 suspendere,
1874 758 2075 814 ruden-

492 869 574 914 tes
606 859 904 928 explicare,
945 857 1156 913 clavum
1195 872 1409 927 regere,
1437 865 1492 911 ct
1523 856 1580 909 S.
1621 852 1822 920 Spiritu
1857 867 2076 908 cursum

489 956 877 1019 prosequente,
901 948 1206 1004 considere.
1239 966 1257 999 ι
1288 946 1529 1018 (Prolog.
1556 947 1610 1001 in
1644 945 1814 1001 Vitam
1841 944 1880 999 S
1936 943 2080 997 Lint-

484 1039 651 1110 vini.)

559 1128 821 1201 Reliquas
852 1129 1012 1199 hujus
1049 1129 1112 1186 S.
1145 1130 1247 1185 viri
1296 1131 1545 1197 virtutes,
1590 1137 1702 1183 tute
1727 1128 1916 1199 ipsein
1944 1128 2078 1182 scri-

485 1224 598 1294 ptis
617 1221 737 1292 ejus
761 1223 1157 1295 deprehendes,
1217 1222 1528 1289 miraberis,
1569 1230 1645 1288 et,
1696 1222 1840 1292 quod
1887 1235 2077 1287 voveo,

488 1314 812 1371 imitab-‘ris.

563 1405 702 1462 Huic
738 1406 1079 1477 paragrapho
1140 1405 1443 1477 praescripsi
1492 1406 1655 1461 etiam
1708 1404 2076 1468 sanctitatem,

490 1512 656 1569 quam
710 1498 823 1553 scio
878 1497 1130 1568 equidem
1177 1498 1233 1553 in
1289 1498 1380 1553 Dei
1428 1499 1625 1568 gratia,
1678 1496 2081 1566 virtutibusque

494 1589 811 1644 consistere.
844 1589 1033 1658 Itaque
1063 1590 1190 1644 dum
1237 1589 1307 1644 de
1341 1588 1631 1643 virtutibus
1677 1587 1811 1654 dixi,
1841 1587 1974 1642 satis
2014 1587 2081 1641 de

493 1680 787 1736 sanctitate
805 1681 1008 1735 dixisse
1041 1680 1206 1735 videri
1261 1694 1506 1749 possum.
1556 1678 1663 1734 Sed
1709 1694 1810 1751 ego
1843 1678 2078 1733 illustria

493 1774 741 1842 quaedam
772 1774 1079 1829 sanctitatis
1132 1774 1282 1845 signa
1336 1782 1596 1842 praeterea
1647 1772 1847 1827 addere
1892 1771 2074 1839 velim,

493 1880 616 1935 qme
639 1866 730 1936 qui
754 1867 954 1931 videat,
980 1866 1163 1922 statim
1213 1865 1519 1921 sanctitatis
1546 1864 1855 1934 opinionem
1894 1867 2081 1920 conci~

492 1956 628 2025 piat.
658 1954 931 2025 Ejusmodi
963 1964 1109 2021 sunt,
1138 1970 1259 2026 qum
1306 1955 1467 2027 paulo
1508 1964 1634 2009 ante
1672 1967 1735 2007 ex
1779 1955 1895 2027 ipso
1917 1953 2080 2010 Thio-

493 2047 635 2103 frido
686 2050 984 2119 posuimus.
1053 2051 1106 2105 in
1171 2050 1537 2107 Walichrensi
1602 2052 1779 2108 insula
1840 2059 2079 2122 patrata.

494 2141 773 2212 Ejusmodi
823 2143 970 2212 quod
1020 2143 1185 2208 idem,
1241 2144 1485 2199 divinum
1519 2145 1809 2215 quemdam
1861 2144 2080 2201 odorem

492 2232 1111 2303 percipitesanctorum
1144 2233 1410 2303 reliquiis,
1458 2243 1517 2288 ut
1579 2236 1757 2291 disces
1797 2250 1865 2291 ex
1911 2234 2006 2288 lib.
2064 2251 2082 2290 ι

493 2319 639 2376 Flor.
671 2337 792 2393 cap.
827 2322 881 2378 6.
918 2323 1197 2392 Ejusmodi
1222 2325 1355 2391 alia,
1384 2341 1507 2395 qua!
1525 2328 1638 2395 ipse
1668 2327 1904 2382 notabis.

760 2412 788 2484 ς
842 2412 930 2468 Vl.
957 2410 1274 2469 Familiares
1318 2426 1365 2468 et
1394 2417 1833 2485 contemporanei.

571 2500 818 2555 Pertinet
857 2500 924 2555 ad
973 2501 1350 2557 illustrandum
1401 2502 1667 2558 Thiofridi
1718 2503 1913 2571 Vitam,
1944 2506 2086 2561 scire

499 2603 623 2641 cum
654 2587 850 2657 quibus
875 2587 1219 2645 familiariter
1269 2601 1516 2647 versatus
1563 2593 1653 2648 sit.
1707 2592 1784 2647 De
1835 2592 2088 2650 Brnnone

500 2679 930 2750 archiepiscopo,
948 2689 1076 2734 ante
1102 2681 1321 2746 audisti,
1353 2697 1503 2736 suam
1528 2682 1806 2738 Thiofrido
1828 2700 2087 2740 commen-

499 2770 925 2824 dasseunintam.
954 2771 1354 2841 Regimbertus,
1395 2775 1587 2841 abbas,
1636 2777 1718 2831 vir
1762 2789 1983 2836 sanctus
2022 2781 2088 2835 de

500 2861 768 2917 'l‘niol‘ridi
808 2874 919 2917 tum
974 2864 1263 2920 sanctitate
1291 2907 1306 2933 ,
1364 2876 1475 2921 tum
1517 2869 1818 2926 eruditione
1845 2881 1898 2927 et
1926 2874 2085 2945 stylo,

500 2967 621 3006 eam
652 2952 963 3022 opinionem
998 2953 1207 3022 habuit,
1276 2964 1336 3009 ut
1392 2955 1610 3027 dignum
1668 2962 1964 3028 censuerit,
2000 2965 2086 3020 cui

501 3047 791 3102 scribenda
813 3049 1200 3115 committeret,
1240 3064 1361 3121 quae
1387 3066 1415 3105 a
1447 3050 1652 3121 Spiritu
1682 3052 1742 3110 S.
1775 3054 1890 3126 ipse
1932 3071 2088 3113 acce-

500 3148 658 3207 perat
688 3138 803 3207 (lib.
836 3154 887 3193 rv
933 3138 1080 3194 Flor.
1113 3158 1165 3196 r.
1190 3142 1265 3212 7).

576 3227 720 3283 Vixit
749 3245 871 3284 cum
903 3231 1099 3286 abbate
1146 3231 1463 3303 llmnbcrto,
1507 3236 1726 3292 homine
1755 3255 1972 3293 summm
2000 3257 2083 3296 re-

502 3320 732 3392 ligionis,
760 3332 817 3377 ut
853 3323 932 3378 ait
960 3323 1074 3394 ipse
1103 3323 1440 3391 Thiol'ridus,
1462 3336 1518 3383 et
1538 3331 1847 3387 sanctitatis
1876 3340 1933 3387 ut
1962 3348 2088 3388 nar-

502 3416 641 3469 ratio
666 3414 868 3471 indicat
891 3416 983 3471 lib.
1026 3432 1042 3471 r
1074 3415 1221 3472 Flor.
1248 3435 1297 3475 c.
1326 3421 1380 3474 6.

573 3507 872 3574 Addamus,
901 3509 1005 3564 hoc
1036 3510 1151 3578 ipso
1179 3520 1420 3583 tempore
1450 3514 1651 3570 vixisse
1677 3514 1731 3569 in
1765 3517 1898 3571 orbe
1925 3514 2086 3571 Chri-

504 3598 684 3653 stiano
711 3600 860 3654 viros
889 3599 1107 3668 multos,
1137 3604 1445 3660 sanctitatis
1495 3614 1549 3660 et
1573 3607 1893 3663 eruditionis
1932 3608 2090 3665 laude

504 3688 858 3757 clarissimos,
911 3707 1036 3747 cum
1100 3694 1299 3763 quibus
1343 3696 1502 3769 (certe
1549 3698 1958 3769 aliquibusHas
2007 3710 2092 3757 est

504 3782 755 3847 credere,
784 3793 1028 3839 nostrum
1063 3783 1401 3841 Thiofridum
1428 3828 1441 3851 ,
1478 3788 1563 3844 vel
1591 3789 1868 3861 colloquii,
1895 3791 1980 3845 vel
2004 3791 2092 3845 lit-

506 3886 771 3941 terarum,
788 3877 1040 3934 habuisse
1058 3881 1465 3936 commercium.
1485 3881 1643 3937 Tales
1655 3882 1698 3937 ϐ
1705 3886 1937 3954 regorius
1957 3883 2090 3950 VII,

501 3979 649 4038 pont.
679 3986 819 4026 max.
871 3969 1202 4042 Lari/rancus
1255 3974 1510 4028 Cantuar.
1552 3976 1781 4046 archiep.
1819 3975 1975 4047 Ilugo
2006 3995 2096 4031 ar-

503 4057 673 4129 chiep.
707 4058 1071 4133 Cratianopol.
1121 4062 1186 4118 S.
1221 4063 1402 4118 Bruno
1451 4064 1836 4121 Cartltusiensis
1867 4068 2094 4123 instituti

507 4160 711 4215 auctor,
750 4150 842 4205 leo
876 4154 1033 4220 episc.
1059 4152 1419 4219 Carnotensis,
1450 4154 1507 4212 S.
1532 4157 1807 4213 Anselmus
1833 4157 2092 4216 Cantuar.

507 4243 818 4314 arclriepisc.
872 4243 1125 4300 Robertus
1166 4247 1578 4303 Ci.tertienst'um
1610 4249 1896 4319 fundator;
1927 4261 1983 4308 et
2005 4250 2095 4307 alii

505 4332 713 4402 plures.

580 4423 689 4481 Sed
721 4427 838 4482 sine
867 4426 1175 4495 conjectura
1202 4471 1216 4493 ,
1245 4438 1298 4484 et
1327 4432 1719 4498 controversia,
1752 4443 1990 4503 constat,
2021 4432 2100 4491 fa-

1418 368 1835 427 THIOFRIDUS
1871 367 2096 425 ABBAS
2128 367 2714 426 EFTERNACESSIS.

3629 384 3721 442 5H

2615 482 2644 557 ς
2673 484 2781 542 Vll.
2818 486 3082 558 Eruditio,
3120 491 3301 562 styfus.

2249 576 2565 632 Ernditione
2614 575 2716 631 fttit
2769 576 3103 643 Thiofridus,
3152 591 3211 635 ut
3269 583 3374 639 illis
3424 590 3719 656 temporibus

2178 669 2439 732 maxima,
2465 677 2520 722 et
2543 667 2684 737 quod
2714 669 2886 739 magis
2899 670 3115 727 mireris
3133 672 3185 725 in
3208 675 3495 741 cmuobita,
3520 683 3721 739 maxime

2178 761 2349 814 varia.
2392 760 2727 831 Scripturam
2772 760 2886 815 fere
2926 771 3241 831 perpetuam
3272 762 3524 833 loquitur,
3547 776 3599 821 ut
3621 780 3720 840 post

2180 853 2331 908 illum
2363 852 2420 910 S.
2456 852 2785 910 Bernardus.
2826 854 3032 909 Sensus
3059 856 3314 926 mysticos
3338 873 3367 911 a
3400 858 3456 912 S.
3498 858 3721 934 Gregorio

2179 945 2371 1018 Magno
2394 947 2734 1016 potissimum
2764 955 3041 1002 mutuatur
3076 989 3090 1013 ,
3121 949 3223 1004 etsi
3246 964 3389 1020 srepe
3408 952 3612 1008 adhibet
3631 970 3721 1013 suze

2098 1062 2108 1080 ι
2181 1039 2539 1104 inventionis,
2581 1055 2784 1111 eosque
2831 1040 3200 1097 acutissirnos.
3258 1040 3447 1099 Patres
3502 1046 3719 1117 reliquos,

2178 1130 2538 1199 Augustinum
2569 1131 2826 1197 maxime,
2858 1146 3000 1201 saepe
3032 1132 3243 1203 allegat.
3266 1132 3526 1191 Historias
3551 1153 3722 1208 sacras,

2180 1223 2549 1293 prolanasqne
2572 1224 2859 1294 diligenter
2890 1225 3125 1295 legerat;
3156 1235 3211 1281 et
3244 1226 3364 1283 illas
3393 1244 3527 1298 saepe
3571 1247 3627 1287 ac
3646 1249 3722 1303 pe-

2181 1313 2283 1367 rite
2312 1312 2599 1367 admodum
2627 1313 2871 1369 adhibet.
2908 1313 3240 1380 Orator-iam,
3291 1325 3346 1370 et
3402 1316 3648 1385 Poeticeo,
3680 1331 3723 1377 et

2180 1403 2461 1472 utriusque
2491 1402 2617 1467 vim,
2647 1403 2832 1458 mirari
2861 1403 2983 1459 licet
3008 1404 3061 1458 in
3083 1420 3172 1471 eo,
3197 1406 3287 1475 qui
3317 1406 3463 1462 nullo
3481 1412 3724 1481 magistro,

2182 1495 2263 1566 (ut
2292 1494 2448 1549 bonis
2475 1495 2814 1566 argumentis
2842 1496 3095 1567 conjicio)
3137 1498 3281 1552 nulla
3320 1499 3619 1570 disciplina,
3645 1520 3727 1562 suo

2181 1585 2363 1642 studio
2390 1586 2571 1643 omnia
2598 1596 2881 1643 assecutus
2908 1598 3050 1643 erat.
3081 1587 3305 1645 Notabis
3334 1592 3496 1646 etiam
3524 1594 3727 1663 philoso-

2181 1676 2364 1748 phiam
2412 1676 2938 1748 mathcmaticasque
2964 1678 3281 1749 disciplinas
3306 1681 3434 1751 fsnis
3478 1683 3628 1753 locis,
3649 1687 3726 1743 do-

2187 1777 2295 1834 cte,
2330 1767 2781 1839 graviterquejiu
2839 1770 3074 1826 medium
3130 1772 3413 1830 adductas.
3458 1775 3584 1844 Quid
3609 1781 3725 1849 quod

2188 1860 2513 1932 theologiam
2539 1860 2947 1928 scholasticam,
3011 1873 3070 1918 ut
3126 1864 3252 1920 alibi
3291 1873 3724 1939 noto,usurpavit,

2185 1960 2473 2021 antequam
2499 1950 2583 2007 vel
2615 1950 2732 2020 ejus
2789 1954 3059 2024 magistri,
3088 1955 3171 2009 vel
3221 1970 3439 2021 nomen,
3485 1958 3727 2015 interem-

2185 2042 2350 2108 ditos,
2375 2042 2692 2098 audiretur?
2713 2042 2971 2115 Linguas,
2996 2044 3267 2112 Graecam,
3296 2057 3349 2101 et
3372 2047 3727 2106 Hebrmamnon

2185 2136 2479 2207 ignoravit,
2502 2137 2628 2201 etsi,
2662 2137 2803 2207 quod
2851 2154 2980 2195 usus
3007 2140 3244 2207 deesset,
3293 2156 3399 2196 non
3441 2142 3632 2198 videtur
3649 2158 3730 2199 eas

2185 2228 2422 2299 perfecte
2442 2242 2749 2285 assecutus.
2779 2228 2897 2284 lam

2257 2318 2442 2392 Stylus
2464 2321 2555 2391 qui
2590 2322 2681 2386 sit,
2706 2322 2873 2378 vides.
2899 2322 3062 2394 Copia
3118 2324 3172 2379 in
3227 2339 3295 2379 eo
3345 2326 3634 2390 verborum,
3679 2341 3731 2380 ac

2188 2412 2601 2477 sententiarum,
2633 2414 2822 2484 ingens
2849 2454 2864 2479 ,
2889 2414 3099 2484 periodi
3135 2417 3401 2480 rotundas,
3425 2427 3477 2471 et
3503 2417 3731 2471 velutcir-

2187 2504 2313 2560 cino
2338 2504 2392 2559 in
2419 2507 2610 2560 orbem
2638 2514 2776 2560 acta:
2806 2522 2819 2558 :
2849 2506 2941 2560 sed
2971 2505 3172 2561 eredem
3197 2515 3255 2561 ut
3291 2507 3568 2578 plurimum
3602 2506 3732 2563 nimis

2188 2594 2384 2666 longae,
2416 2612 2481 2650 ac
2520 2596 2620 2660 sic,
2650 2595 2941 2665 impeditae,
2996 2607 3051 2653 et
3096 2598 3479 2653 dormitantem
3513 2597 3730 2653 lectorem

2188 2683 2462 2740 fallentes.
2493 2686 2755 2740 Remedio
2802 2694 2987 2752 erunt,
3019 2687 3074 2742 ni
3104 2687 3281 2751 fallor,
3336 2687 3525 2743 notulze
3549 2696 3733 2756 nostra,

2188 2778 2388 2849 quibus
2407 2786 2571 2832 totam
2599 2777 2714 2845 ejus
2739 2779 3067 2833 sententiam
3107 2778 3369 2844 breviter,
3428 2796 3489 2834 ac
3539 2779 3734 2834 dilucide

2190 2867 2720 2940 comprehendimus.
2746 2867 3027 2936 Frequens
3043 2870 3200 2924 estin
3229 2870 3516 2940 allegoriis,
3541 2870 3737 2925 antithe-

2190 2962 2360 3026 sibus,
2387 2960 2738 3016 allusionibus
2772 2959 2839 3013 ad
2865 2960 3201 3033 Scriptores,
3243 2962 3501 3018 historias
3521 3003 3535 3027 ,
3561 2970 3731 3031 poetas.

2189 3051 2482 3109 Aﬂ'ectatio
2506 3051 2950 3109 Graecanicarum
3005 3067 3199 3109 vocum
3245 3053 3578 3109 delicatiores
3606 3067 3736 3106 aures

2114 3168 2155 3225 ο
2190 3144 2437 3201 οίΐθηιίἱι.
2464 3143 2630 3200 Vides
2677 3159 2761 3199 me
2790 3160 2895 3201 non
2922 3159 3082 3214 agere
3103 3143 3367 3200 Thiofridi
3390 3143 3734 3208 encomiasten,

2188 3236 2280 3305 qui
2312 3236 2440 3290 vitia
2466 3250 2681 3306 quoque
2707 3235 2824 3305 ejus
2849 3236 3093 3306 aperiam
3124 3252 3137 3287 :
3168 3235 3275 3291 etsi
3303 3250 3364 3291 ea
3390 3234 3569 3289 lubens
3590 3233 3736 3289 tribuo

2188 3326 2407 3394 saeculo,
2437 3336 2492 3382 et
2533 3326 2777 3396 magistri
2812 3327 3026 3395 inopiae.

2744 3417 2772 3489 §
2822 3416 2951 3473 Vlll.
2983 3416 3215 3488 Scripta.

2261 3510 2391 3580 Quae
2412 3512 2679 3566 hactenus
2708 3510 2892 3566 videre
2947 3510 3118 3581 potui,
3182 3519 3349 3567 sunt:
3402 3511 3517 3566 Vita
3551 3507 3604 3563 S.
3634 3504 3735 3561 Liu-

2193 3605 2369 3670 twini,
2419 3601 2605 3658 Flores
2634 3601 2884 3673 Epitaph.
2926 3601 3117 3658 Sanct.
3156 3602 3278 3657 Vita
3336 3600 3393 3657 S.
3443 3595 3736 3656 Willibrordi

2192 3711 2376 3767 prosa,
2409 3702 2572 3765 atque
2607 3692 2800 3749 eadem
2854 3694 3102 3748 carmine
3129 3693 3374 3749 heroico.
3422 3690 3549 3746 Item
3580 3688 3739 3744 Sermo

2193 3789 2247 3844 in
2269 3786 2509 3857 ejusdem
2540 3784 2715 3840 sancti
2741 3783 3005 3847 natalem,
3030 3793 3085 3839 et
3111 3783 3248 3838 alter
3280 3784 3472 3839 Sermo
3524 3783 3571 3835 in
3614 3786 3738 3833 natae

2194 3880 2299 3936 lem
2330 3878 2390 3934 S.
2424 3876 2681 3949 deisli,
2707 3877 2798 3946 qui
2823 3886 2977 3946 pater
3008 3875 3111 3931 fuit
3139 3876 3196 3931 S.
3223 3874 3576 3931 Willibrordi.
3601 3871 3735 3927 Plura

2198 3974 2364 4028 fuisse
2392 3979 2622 4033 testatur
2647 3967 2945 4023 Annotatio
2999 3984 3161 4039 supra
3184 3984 3213 4022 a
3262 3984 3351 4024 me
3377 3968 3598 4029 laudata,
3627 3963 3652 4036 δ
3691 3961 3738 4026 1,

2197 4073 2253 4119 et
2287 4062 2496 4133 aliquot
2545 4059 2881 4134 Fragmenta
2936 4061 3076 4131 apud
3122 4059 3387 4116 Jodocum
3423 4058 3652 4115 Coccium
3697 4054 3740 4107 in

2200 4152 2478 4209 Thesauro
2499 4150 2783 4207 Catholico

2793 4237 2823 4312 ς
2869 4238 2958 4294 lx.
2997 4237 3179 4293 ditas.

2274 4332 2656 4391 Ccntcnariurn
2684 4333 2890 4388 obiisse
2939 4341 3089 4403 puto,
3119 4338 3210 4384 aut
3254 4327 3561 4384 centenario
3586 4321 3740 4395 proxi-

2206 4445 2373 4486 mum.
2399 4426 2515 4483 Hoc
2535 4435 2595 4482 ut
2613 4427 2922 4492 ostendam,
2951 4424 3184 4481 attende.

505 4523 778 4578 miliarem
804 4522 996 4588 fuisse,
1025 4523 1275 4578 maximis
1298 4522 1400 4577 illis
1429 4523 1838 4582 Mediolacensis
1862 4500 2094 4585 coenobii
2129 4518 2176 4578 D
2273 4522 2454 4577 Abhas
2484 4521 2659 4578 factus
2682 4534 2827 4575 anno
2871 4516 3026 4583 1078,
3057 4514 3273 4570 duravit
3309 4527 3477 4567 annos
3500 4508 3586 4574 28,
3612 4500 3744 4561 desiit

508 4612 665 4680 viris,
682 4613 748 4668 de
771 4612 966 4683 quibus
986 4611 1060 4667 ita
1084 4611 1251 4669 refert
1270 4612 1321 4667 in
1348 4613 1466 4669 Vita
1499 4614 1555 4670 S.
1586 4615 1859 4683 Liutwini,
1878 4634 2000 4689 cap.
2022 4618 2057 4673 5
2082 4636 2094 4671 :

507 4701 712 4760 Nostra
733 4720 933 4776 quoque
958 4705 1228 4770 memoria,
1259 4714 1365 4758 tam
1403 4706 1547 4759 clara
1583 4708 1767 4761 mundi
1792 4707 2100 4775 luminaria,

507 4805 619 4850 tam
649 4796 928 4867 magniﬁca
955 4795 1027 4850 ibi
1049 4794 1371 4866 (Mediolaci)
1403 4797 1632 4851 virorum
1678 4797 1981 4855 claruerunt
2008 4816 2102 4855 no-

508 4888 678 4952 mina,
708 4897 762 4942 ut
799 4889 889 4958 qui
946 4889 1196 4942 minimus
1249 4888 1385 4942 inter
1428 4903 1514 4941 eos
1556 4900 1851 4944 censeretur
1896 4891 2100 4959 ordine,

512 4980 854 5050 dignissimus
902 4979 1176 5034 haberetur
1222 4979 1413 5034 stunmi
1474 4980 1685 5034 honoris
1746 4982 2020 5039 culmine:
2052 4993 2100 5038 et

516 5085 841 5142 quwcunque
887 5067 1123 5124 Ecclesia
1149 5086 1212 5124 ex
1253 5070 1327 5125 eis
1357 5079 1510 5124 nacta
1540 5081 1672 5126 esset
1729 5082 2011 5139 rectorem;
2045 5083 2100 5127 ut

511 5161 740 5237 mundus
775 5159 899 5215 solis
913 5161 1123 5230 jubare,
1164 5162 1237 5216 sic
1273 5162 1387 5232 ejus
1445 5164 1718 5231 doctrinm,
1745 5181 1805 5216 ac
1827 5165 2099 5230 virtutum,

510 5253 866 5310 illustraretur
890 5254 1106 5309 lumine.

584 5347 858 5404 Creterqu
885 5356 962 5423 tot
1004 5348 1233 5403 aliorum
1263 5346 1644 5416 praeclarorum
1678 5345 1916 5401 virorum
1966 5360 2097 5399 con-

515 5439 741 5501 ditione,
802 5448 857 5493 et
920 5436 1139 5493 fortuna
1198 5452 1331 5491 usus
1374 5433 1703 5502 Thiofridus,
1764 5435 2096 5490 adversarios

512 5530 700 5595 etiam,
726 5528 1029 5599 Momosque
1055 5528 1261 5585 habuit.
1290 5525 1434 5599 Lege
1456 5523 1668 5596 Prolog.
1704 5523 1852 5580 Flor.
1877 5535 1931 5581 et
1965 5524 2097 5579 Vitae

514 5616 577 5675 8.
607 5617 883 5675 Liutwini.

2202 4629 2332 4670 eruo
2369 4613 2524 4669 1100.

2266 4630 2708 4776 ἳιίῖιῖἰυυέίνεδει
2759 4718 2901 4758 anno
2956 4700 3086 4756 1051
3116 4709 3175 4754 ut
3220 4705 3433 4753 constat
3484 4708 3548 4748 ex
3590 4688 3670 4744 lib.
3708 4698 3743 4749 t,

2204 4798 2424 4855 Florum
2450 4813 2567 4868 cap.
2596 4797 2650 4861 6,
2690 4796 2857 4851 litter.
2894 4794 2939 4850 Ο
3168 4800 3169 4803 ‘

2277 4887 2453 4944 Habes
2479 4902 2649 4943 annos
2671 4886 2760 4942 75.

2278 4980 2420 5048 Jam,
2448 4980 2615 5035 luisse
2654 4988 2765 5035 tum
2817 4993 2925 5032 non
2980 4976 3149 5030 nmlto
3199 4972 3465 5027 minorem
3502 4966 3569 5023 25
3595 4959 3744 5023 annis.

2207 5089 2297 5130 res
2327 5072 2416 5128 illo
2444 5071 2625 5142 capite
2647 5078 2887 5133 narrata,
2917 5069 3052 5125 satis
3075 5066 3297 5123 indicat.

2276 5163 2447 5226 Adde,
2474 5161 2618 5232 quod
2634 5160 2880 5216 scribunt
2908 5157 3197 5226 Bertelius,
3232 5166 3287 5213 et
3313 5156 3544 5218 Mirans,
3576 5145 3745 5205 obiissr

2206 5251 2543 5308 Thiol‘ridum
2574 5266 2718 5306 anno
2742 5249 2954 5304 Domini
2985 5248 3140 5303 1110.

2277 5343 2431 5410 Quod
2458 5344 2503 5397 si
2532 5352 2636 5406 est,
2686 5341 2959 5395 abbatiam
2995 5339 3352 5409 quadriennio
3375 5342 3499 5390 ante
3527 5335 3744 5389 mortem,

2209 5431 2430 5488 tradidit
2457 5431 2761 5487 successori
2792 5429 3054 5485 Gerardo.

2276 5524 2355 5577 Ac
2383 5523 2484 5587 sic,
2513 5522 2613 5577 etsi
2647 5521 2708 5575 2t
2741 5535 3005 5576 annorum
3032 5529 3240 5575 tantum
3262 5516 3363 5573 fuit
3393 5516 3446 5573 in
3477 5513 3562 5571 illo
3581 5501 3744 5580 cap“:

2206 5614 2339 5668 obiit
2363 5622 2536 5669 tamen
2572 5628 2953 5670 cameramos.
