3986 6460
184 396 260 454 ιιι

1061 389 1328 447 FLOllES
1369 379 1716 444 EPITAPllll
1754 373 2206 435 SANCTORUM.
2245 407 2312 416 -—-
2354 375 2482 432 LIB.
2515 375 2555 429 l.

3337 375 3446 431 592

187 508 375 563 olimin
398 503 563 558 domo
597 503 814 559 Domini
848 501 1134 574 fructifera:
1170 508 1463 570 germinant
1508 497 1619 567 (51)
1663 510 1752 548 ra-
1783 499 1826 555 Α
1858 488 1970 543 imo
1994 488 2278 557 perﬁCilUt‘
2309 503 2324 540 τ
2357 503 2460 542 non
2503 484 2715 551 deﬂe".
2745 485 2839 541 θεά
2875 486 2927 540 in
2962 493 3310 556 augmentum
3343 487 3438 542 Dei

187 595 323 652 utalia
351 592 575 662 (Jerem.
611 609 690 658 χι,
719 594 829 662 lli),
866 593 1141 646 exstinctae
1163 588 1406 658 profecto
1436 586 1616 642 carnis
1640 583 1754 653 ('52)

191 689 436 747 lenuuata,
461 694 518 738 et
558 685 766 752 faciunt
801 700 1022 749 comam,
1049 683 1200 752 quasi
1220 698 1336 735 cum
1363 681 1588 749 primum
1635 684 1758 730 sunt

192 774 548 848 plautata(lob
609 791 724 839 xn‘,
765 775 820 845 9)
871 783 925 827 et
981 783 1277 842 compacta,
1326 770 1759 836 viriditatemque

197 885 318 925 suam
343 869 642 922 ostendunt
675 869 726 920 in
765 866 958 920 affectu
1016 863 1314 919 admirandi
1344 862 1542 931 aperis,
1590 873 1754 928 quam

199 978 220 1015 a
244 960 538 1015 conditione
566 959 752 1011 mundi
782 959 1088 1012 habuerunt
1115 957 1166 1010 in
1193 953 1530 1025 prmscicntia
1566 950 1758 1004 condio

202 1058 321 1111 toris.
352 1056 596 1123 Denique
625 1055 921 1108 secundum
955 1051 1294 1106 immutabile
1347 1049 1540 1103 divina:
1570 1049 1756 1100 decre-

205 1158 290 1202 tum
314 1145 690 1216 providentim,
732 1160 851 1213 quae
879 1144 1176 1198 electorum
1207 1156 1328 1196 cum
1379 1140 1615 1200 animas,
1648 1147 1756 1190 tum

205 1251 291 1294 tam
319 1251 564 1306 corpora,
596 1251 758 1304 quam
796 1234 978 1288 omnia
1019 1233 1084 1287 ad
1115 1243 1380 1288 somatum
1407 1240 1675 1294 naturam,
1708 1235 1763 1282 et

205 1343 551 1398 quamcunque
602 1326 1056 1381 necessitudinem
1091 1323 1396 1387 attinentia,
1429 1322 1762 1390 inexcogita-

204 1421 299 1485 bili,
343 1429 394 1472 rt
457 1419 868 1488 incomparabili
927 1420 1086 1472 modo
1134 1416 1375 1472 decrevit
1435 1415 1759 1484 gloriﬁcare,

209 1515 340 1578 mira,
370 1520 420 1565 et
451 1512 798 1564 vehementer
839 1511 1123 1580 stupenda,
1157 1525 1252 1578 per
1282 1509 1533 1562 virtutem
1565 1523 1626 1562 ac
1654 1521 1762 1560 me-

213 1605 355 1659 ritum
385 1602 704 1656 sanctiﬁcati
752 1602 987 1670 Spiritus
1036 1602 1142 1665 sui,
1185 1613 1500 1672 operantur,
1542 1598 1764 1669 ejusque

214 1693 611 1749 inaestimabilem
638 1694 690 1747 in
723 1693 1174 1761 contemplatione
1204 1694 1413 1748 interna
1467 1693 1659 1746 suuuni
1711 1701 1765 1746 ct

213 1783 636 1853 incircumscripti
662 1783 896 1853 Spiritus
927 1783 1018 1837 Dei
1042 1783 1301 1838 honorem
1329 1792 1383 1837 et
1414 1783 1763 1854 magniﬁcen-

217 1878 329 1930 tiam
361 1884 634 1938 teslantur,
669 1885 723 1930 et
751 1891 874 1929 cum
912 1885 1158 1930 arescant
1185 1884 1238 1928 et
1259 1875 1392 1929 nihil
1417 1875 1522 1928 sint
1552 1890 1648 1944 per
1669 1889 1760 1939 se;

214 1971 481 2030 virescunt,
511 1979 562 2021 et
590 1977 716 2021 sunt
747 1983 843 2037 per
870 1984 1018 2033 eum,
1043 1969 1136 2036 qui
1166 1968 1278 2037 (55)
1310 1968 1553 2038 regnavit
1587 1967 1640 2020 in
1687 1982 1765 2033 se,

212 2060 317 2129 qui,
341 2058 650 2113 conﬁrmato
671 2059 924 2128 ingenita:
948 2059 1172 2113 rationis
1188 2059 1456 2123 examine,
1483 2058 1765 2124 erraticos,

215 2166 274 2204 ac
308 2149 686 2204 irrationabiles
730 2159 928 2214 motus,
997 2151 1202 2204 ratione
1246 2150 1505 2214 correxit,
1534 2159 1588 2204 et
1617 2164 1762 2204 eom-

212 2242 395 2312 pressit
420 2241 515 2295 sub
553 2255 631 2295 sc.
664 2240 895 2295 Possunt
933 2256 1265 2310 quascunque
1321 2240 1492 2306 dives,
1549 2249 1603 2294 et
1639 2239 1770 2293 nihil

215 2332 448 2386 haesitans
479 2341 713 2386 meretur
742 2330 894 2394 ﬁdes,
942 2342 1166 2400 possunt
1219 2330 1462 2400 profecto
1489 2347 1583 2400 per
1623 2331 1773 2384 habi-

215 2431 426 2476 tatorem
456 2421 722 2488 quondam
761 2429 814 2474 et
864 2421 1224 2489 professorem
1273 2437 1452 2488 suum,
1488 2422 1578 2490 qui
1617 2435 1676 2475 se
1719 2421 1769 2474 in

213 2513 309 2566 hac
334 2512 454 2576 vita,
479 2527 506 2564 a
541 2511 769 2566 vinculis
809 2513 1072 2581 corporis,
1108 2523 1298 2576 morte,
1333 2529 1495 2582 quam
1549 2513 1773 2568 virtutes

209 2610 475 2672 pnestant,
504 2601 770 2665 dissolvit,
824 2601 914 2668 qui
972 2617 1261 2671 corporeas
1313 2603 1592 2657 illecebras
1647 2617 1776 2656 con-

208 2691 440 2760 ιι·πιρ›ἰι,
463 2691 549 2759 qui
577 2691 930 2759 cupiditatum
953 2690 1138 2746 dulces
1160 2691 1404 2756 insidias,
1433 2693 1775 2763 reliquasque

208 2797 392 2838 omnes
419 2791 609 2838 exutus
641 2784 940 2853 passiones,
987 2784 1225 2839 claustra
1265 2787 1448 2839 carnis
1495 2795 1775 2842 transcen-

210 2874 306 2938 dit,
336 2884 384 2927 et
411 2875 472 2928 ad
511 2876 902 2942 possessionem
951 2890 1125 2938 suam,
1163 2877 1284 2930 cceli
1331 2877 1609 2947 palatium,
1663 2879 1778 2935 fere

211 2963 348 3017 liber
369 2965 624 3018 ascendit.
660 2964 774 3019 fere
820 2964 974 3031 liber,
1027 2967 1078 3020 in
1105 2983 1267 3033 ;uam,
1309 2977 1491 3037 utpote
1537 2970 1775 3026 edomita

207 3068 375 3108 carne
400 3054 566 3108 victor
601 3063 656 3108 et
678 3055 972 3118 Dominus;
1017 3065 1072 3109 et
1120 3057 1172 3109 in
1221 3055 1366 3112 nullo
1392 3063 1462 3124 ei,
1511 3061 1612 3115 nisi
1664 3061 1778 3116 solo

207 3143 470 3199 animandi
497 3153 549 3198 et
574 3145 854 3215 vegetandi
885 3143 1060 3199 ofﬁcio
1097 3147 1381 3202 obnoxius.

699 3255 1096 3311 CAPITULUM
1130 3257 1190 3312 ll;

210 3341 291 3397 De
321 3345 540 3414 spiritus,
571 3354 620 3417 ct
660 3347 856 3409 carnis,
894 3355 1008 3417 post
1057 3346 1310 3414 duellum,
1371 3352 1671 3417 concordia,
1731 3364 1778 3408 et

510 3415 776 3483 fclicitatis
813 3416 1083 3486 utriusque
1107 3419 1474 3488 prtcrogativa.

285 3501 352 3556 Et
376 3503 642 3570 nimirum,
683 3519 804 3558 cum
837 3505 1000 3558 homo
1036 3507 1377 3576 compositus
1408 3509 1478 3563 sit
1507 3523 1572 3564 ex
1615 3525 1780 3567 carne

219 3608 282 3648 ac
313 3595 515 3664 spiritu,
566 3611 687 3666 qua)
736 3596 952 3650 invicem
1005 3597 1102 3650 sibi
1154 3598 1497 3653 adversantur
1528 3601 1780 3672 (Spiritus

222 3684 360 3736 enim
387 3686 694 3754 concupiscit
723 3687 972 3741 adversus
995 3704 1225 3751 carnem,
1254 3700 1300 3743 et
1355 3707 1478 3745 caro
1533 3694 1782 3750 adversus

220 3777 448 3841 spiritum
468 3775 669 3849 [Galat.
696 3793 748 3840 v,
786 3777 928 3850 171),
953 3789 1236 3850 postquam
1275 3784 1330 3836 in
1359 3783 1544 3838 virtute
1574 3784 1783 3841 Domini

220 3881 322 3933 pax
348 3865 498 3922 fuerit
524 3869 647 3923 data
676 3866 847 3940 (Psat.
879 3872 1053 3942 cxxt),
1086 3881 1142 3926 et
1177 3873 1320 3942 facta
1364 3877 1537 3928 carnis
1564 3875 1788 3943 morti/i-

221 3967 334 4011 cata
369 3959 530 4029 (Rom.
561 3977 683 4026 vui,
708 3963 783 4024 5),
808 3974 1010 4033 quanta
1035 3973 1160 4020 ante
1183 3963 1639 4034 discordia,tanta
1665 3977 1787 4038 post

223 4047 467 4117 duellum,
503 4054 643 4106 inter
671 4062 962 4126 utrumque
989 4055 1245 4111 coalescit
1276 4057 1592 4121 concordia,
1635 4067 1691 4112 et
1731 4060 1785 4112 in

224 4150 392 4197 morte
426 4159 542 4212 quae
571 4155 659 4199 est
680 4145 878 4201 solutio
904 4147 1094 4202 anima:
1117 4164 1144 4202 a
1177 4164 1423 4219 corpore,
1442 4164 1547 4203 non
1579 4149 1785 4216 ﬁnitur,

290 4339 396 4409 (51)
444 4339 706 4417 (inritatio.
751 4341 862 4396 Vos
909 4341 1100 4397 Ovidio
1156 4353 1211 4398 et
1252 4342 1438 4399 l’ersio
1497 4355 1786 4417 usurpata;

222 4423 438 4475 quorum
463 4412 552 4466 hic
585 4429 597 4463 :

688 4501 880 4558 Veteris
906 4505 1128 4558 ramalia
1153 4504 1281 4575 fagi.

293 4613 399 4683 (32)
425 4614 712 4690 gemmata.
733 4615 976 4670 Grmcum
999 4626 1100 4670 est.
1132 4615 1406 4685 Rcliquiw,
1437 4620 1725 4690 Λιίμματα,
1759 4619 1790 4674 ἐι

225 4682 388 4747 λείπω,
417 4684 694 4754 Relinquo.

291 4755 394 4823 (55)
413 4754 662 4824 Regnavit
677 4757 730 4806 in
755 4771 826 4809 sc.
854 4754 1137 4824 Spiritum,
1162 4755 1276 4810 sive
1291 4756 1526 4811 animam
1552 4759 1791 4814 hominis

227 4824 608 4895 intellige,qu:e
631 4839 850 4878 carnem
882 4828 1166 4894 depressit,
1203 4837 1258 4878 ut
1281 4827 1570 4882 attolleret.
1605 4827 1792 4883 Morti-

223 4895 391 4961 ﬁcatio
420 4896 536 4949 lucc
567 4895 786 4958 dicitur,
814 4898 891 4964 (de
913 4911 1014 4964 qua
1042 4896 1331 4964 Apostolus
1365 4897 1416 4949 in
1450 4899 1587 4951 hanc
1632 4913 1786 4952 eam-

225 4967 338 5036 dem
365 4965 692 5036 sententiam
721 4983 732 5017 :
795 4963 854 5018 Si
880 4963 1067 5036 spiritu
1095 4966 1238 5034 facta
1253 4967 1428 5036 carnis
1452 4969 1794 5036 morti/trave-

226 5035 352 5105 ritis',
368 5035 543 5088 eiectis
557 5033 978 5104 (llottt.vnt,13.)
1001 5033 1146 5090 CuiA
1157 5037 1349 5105 postoli
1375 5035 1514 5102 loco,
1533 5033 1618 5092 hic
1635 5037 1796 5094 Thio-

225 5104 340 5158 fridi
374 5107 546 5159 bonus
568 5114 656 5157 est
685 5107 1126 5159 COllllllellUll'lltS.

289 5174 400 5244 (54)
423 5173 562 5227 Caro
592 5175 651 5242 ﬁt
693 5175 1000 5241 spiritualis.
1038 5176 1150 5229 Non
1192 5186 1390 5231 mutata
1421 5186 1611 5232 natura
1649 5220 1664 5241 ,
1699 5179 1792 5233 sed

224 5243 546 5306 obedientia,
602 5253 657 5297 et
699 5246 921 5312 spiritus
972 5247 1290 5312 imitatione,
1341 5248 1424 5301 cui
1492 5263 1549 5301 se
1589 5250 1656 5302 ad
1696 5265 1793 5301 nu-

227 5324 334 5368 tum
377 5322 724 5386 attentpcrat.
755 5316 846 5367 Sic
876 5330 1072 5384 equum
1121 5320 1274 5386 quasi
1310 5319 1532 5372 rationis
1580 5318 1797 5386 partici-

223 5399 360 5456 pem
395 5385 644 5456 dicimus,
680 5399 801 5456 cum
833 5399 904 5456 eo,
942 5385 1153 5452 alacer,
1186 5397 1240 5441 et
1288 5403 1412 5442 acer
1449 5385 1637 5453 tendit,
1688 5403 1795 5456 quo

226 5453 419 5509 domini
485 5454 770 5508 insidentis
838 5455 1092 5510 minimus
1163 5467 1323 5511 nutus
1396 5458 1614 5511 indicat.
1684 5453 1795 5512 llac

227 5533 402 5578 mente
424 5523 589 5576 David
619 5541 631 5576 :
666 5523 771 5576 Cor
793 5541 986 5588 meum,
1011 5537 1058 5578 et
1090 5543 1213 5579 caro
1249 5545 1363 5580 mea
1403 5528 1794 5582 cxsttltavcrunt

227 5595 276 5648 in
308 5594 670 5666 geumyivum
699 5591 869 5663 (Psal.
904 5611 1127 5660 Lxxxnt,
1150 5599 1226 5666 5).

295 5665 407 5734 (55)
465 5663 882 5736 Incorruptionis
936 5666 1102 5735 gloria
1149 5663 1499 5735 superrcstiri.
1557 5665 1797 5736 Respicit

230 5735 364 5806 illud
393 5734 632 5806 Apostoli
667 5734 714 5802 (1
751 5733 873 5788 Cor.
914 5733 1002 5800 iv,
1047 5736 1160 5804 55).
1209 5733 1423 5806 Oportet
1463 5733 1798 5806 corruptibili:

233 5806 323 5858 hoc
350 5803 563 5857 induere
605 5805 1063 5872 incorruptionem.
1121 5803 1289 5861 Porro
1333 5807 1552 5862 verbum
1596 5803 1795 5876 Super-

1860 580 2095 649 proﬁeit.
2112 579 2225 652 (51)
2253 579 2396 635 Caro
2421 578 2688 648 siquidem
2713 577 2998 646 subjugata
3023 577 3248 647 spiritus
3276 578 3451 652 impe-s

1860 671 1964 733 rio,
1981 670 2131 739 quasi
2149 685 2314 723 unum
2328 685 2448 724 cum
2461 683 2527 721 eo
2540 667 2801 732 efﬁcitur,
2818 668 2972 736 cujus
2989 676 3240 720 naturam
3263 651 3454 736 sequi;

1862 767 1967 822 tur,
1999 759 2175 828 ﬁtquc:
2206 758 2533 826 spiritualis,
2569 758 2712 812 sicut
2737 773 2768 811 e
2800 758 3083 811 contrario
3130 757 3354 825 spiritus
3397 756 3446 810 si

1860 852 2176 920 degenerat,
2208 851 2252 904 si
2284 850 2613 906 conditionis
2645 859 2700 904 et
2738 851 3015 920 dignitatis
3072 865 3182 903 sua:
3240 864 3450 919 prmro-

1860 944 2098 1013 gativam
2130 959 2234 997 non
2264 945 2602 1008 considerat,
2636 944 2678 997 si
2729 958 2758 996 a
2790 959 2957 997 carne
2991 944 3253 1005 vincitur,
3301 951 3355 996 et
3395 942 3448 995 in

1861 1037 2180 1090 servitutem
2214 1036 2500 1106 redigitur,
2537 1037 2596 1088 tit
2627 1034 2862 1087 carnalis
2890 1052 2901 1085 :
2928 1044 2982 1088 et
3013 1034 3155 1088 sicut
3183 1035 3296 1089 hate
3328 1049 3448 1088 mo-

1863 1129 2121 1192 rientem,
2148 1131 2226 1184 sic
2257 1129 2344 1183 ille
2374 1143 2593 1182 vermem
2622 1128 2795 1197 pascit
2826 1144 2926 1180 non
2964 1130 3265 1180 morientem
3308 1126 3449 1196 (Isa.

1861 1233 2007 1281 1.1m,
2037 1217 2134 1282 24;
2169 1217 2308 1270 Mar.
2338 1233 2411 1280 ιχ,
2442 1217 2532 1278 45,
2558 1215 2651 1279 45,
2683 1217 2789 1284 17).
2821 1215 3204 1285 Spiritusitem
3230 1233 3451 1271 carnem

1864 1321 2020 1360 suam
2053 1321 2214 1375 quam
2249 1305 2463 1370 aﬁlixit,
2500 1315 2555 1359 et
2579 1304 3042 1373 concupiscentiis
3077 1305 3190 1358 suis
3222 1307 3455 1360 mortiﬁ-

1864 1399 2027 1460 cavit,
2065 1397 2399 1468 gloriticatns
2423 1396 2723 1466 gloriﬁcat;
2771 1405 2824 1448 et
2875 1411 2970 1464 per
3009 1393 3164 1462 cujus
3220 1396 3455 1450 mortiﬁ-

1864 1490 2150 1546 cationem.
2181 1496 2410 1540 mortem
2431 1487 2626 1549 evasit,
2655 1495 2709 1539 et
2731 1490 2904 1539 beata:
2935 1487 3058 1538 vitze
3076 1486 3274 1539 meruit
3297 1497 3459 1540 ceter-

1865 1580 2090 1634 nitatem
2125 1596 2138 1633 :
2173 1588 2294 1649 post
2320 1580 2502 1641 linem,
2530 1594 2638 1632 non
2672 1577 2836 1641 ﬁniri,
2872 1585 2992 1646 post
3023 1578 3458 1646 corruptionem,

1865 1669 1957 1720 dat
1989 1669 2100 1736 (55)
2139 1667 2569 1737 ἱιίοονινυριίηηίε
2605 1666 2776 1737 gloria
2826 1667 3208 1735 supervestiri.
3262 1666 3458 1720 Omnia

1868 1762 2115 1830 prtemia,
2145 1761 2324 1814 omnia
2363 1761 2587 1828 spiritus
2623 1760 2821 1830 gaudia
2854 1759 3181 1830 adipiscitur
3215 1776 3366 1824 caro,
3411 1761 3459 1814 si

1871 1851 2084 1919 spiritui
2133 1851 2434 1914 consentit;
2491 1850 2672 1904 omnia
2720 1849 2983 1920 supplicia
3035 1865 3225 1904 omnes
3276 1849 3462 1904 carnis

1869 1955 2141 1994 aerumnas
2155 1940 2632 2011 patiturSpiritus,
2657 1942 2702 1996 si
2729 1957 2787 1996 se
2812 1942 2962 1996 carni
2989 1942 3290 1996 substernit
3320 1941 3462 2013 (56),

1870 2030 1914 2084 si
1946 2030 2062 2099 ejus
2093 2031 2767 2101 spurcitiasimmaculato
2801 2032 2936 2087 calle
2985 2048 3092 2087 non
3139 2033 3354 2097 transit,
3413 2033 3461 2088 si

1873 2119 2146 2175 clibanum
2187 2123 2326 2191 ignis
2363 2123 2498 2193 ejus,
2535 2134 2588 2177 ct
2623 2123 2734 2192 (57)
2777 2123 2934 2176 ollam
2973 2139 3267 2186 accensam,
3309 2122 3463 2192 cujus

1873 2211 2033 2281 facies
2070 2224 2144 2267 est
2175 2231 2205 2267 a
2229 2215 2365 2283 facie
2410 2215 2681 2284 Aquilonis
2717 2214 2933 2284 (Jerem.
2973 2231 3021 2280 ι,
3074 2214 3164 2283 15)
3210 2230 3317 2268 non
3368 2231 3466 2268 ex-

1873 2302 2121 2371 stinguit.
2153 2304 2292 2358 Caro
2315 2304 2382 2358 de
2411 2313 2553 2357 terra
2584 2313 2819 2372 sumpta,
2858 2305 2952 2358 sed
3006 2305 3262 2369 terrenis,
3312 2305 3466 2359 volu-

1873 2393 2112 2461 ptatibus
2138 2403 2349 2448 mortua
2392 2395 2639 2450 ascendit
2674 2411 2796 2449 cum
2832 2395 3026 2465 spiritu
3054 2411 3303 2459 sursum;
3350 2399 3466 2464 Spi-

1876 2483 2014 2537 ritus
2063 2485 2132 2537 de
2171 2483 2312 2538 coelo
2365 2492 2637 2552 sumptus,
2682 2484 2776 2538 sed
2815 2484 3133 2538 coelestibus
3181 2485 3468 2539 desideriis

1878 2589 1988 2629 non
2018 2591 2304 2642 accensus,
2360 2577 2469 2630 into
2525 2587 2672 2631 totus
2725 2577 2877 2631 carni
2927 2577 3138 2632 deditus
3185 2578 3470 2632 descendit

1876 2685 1999 2724 cum
2038 2684 2202 2724 carne
2223 2669 2476 2724 deorsum
2509 2688 2521 2722 :
2547 2679 2600 2724 et
2631 2670 2772 2724 sicut
2797 2670 2908 2722 haec
2935 2669 3224 2724 infeliciter
3248 2671 3466 2733 victrix,

1878 2761 1930 2814 in
1964 2763 2209 2831 reprobis
2241 2778 2342 2816 nec
2381 2763 2525 2817 inter
2560 2762 2823 2832 supplicia
2863 2763 3067 2828 deﬁcit,
3113 2764 3206 2817 sed
3252 2778 3470 2833 semper

1878 2851 2180 2908 deﬁeiendo
2205 2853 2475 2918 subsistit,
2509 2863 2561 2910 et
2600 2855 2883 2908 moriendo
2931 2870 3036 2908 non
3075 2855 3339 2919 moritur;
3389 2855 3472 2909 sic

1882 2942 1971 2998 ille
2002 2942 2274 2999 infelicius
2309 2944 2507 3008 victus,
2541 2960 2757 3014 semper
2797 2945 3169 3000 essentialiter
3211 2945 3468 3007 vivendo,

1880 3051 1988 3090 non
2024 3036 2176 3098 vivit,
2229 3035 2323 3091 sed
2372 3051 2477 3090 non
2532 3036 2820 3090 moriendo
2875 3037 3125 3100 moritur,
3181 3053 3284 3091 non
3329 3036 3470 3090 deli-

1882 3129 2092 3194 ciendo,
2127 3145 2234 3184 non
2283 3131 2652 3198 subsistendo,
2702 3133 2908 3195 deﬁcit,
2961 3133 3229 3194 subsistit,
3280 3132 3472 3186 ﬁnitur

1881 3235 2115 3290 semper,
2143 3233 2197 3276 et
2226 3224 2344 3277 sine
2383 3224 2487 3278 line
2513 3233 2616 3278 est.
2643 3224 2687 3279 Ο
2708 3241 2868 3294 quam
2903 3223 3082 3278 infelix
3112 3225 3334 3294 spiritus
3368 3225 3470 3278 ho-

1883 3315 2063 3378 minis,
2088 3315 2136 3368 si
2167 3330 2194 3367 a
2221 3331 2408 3380 carne,
2439 3333 2558 3386 qua:
2580 3320 2933 3386 corrumpitur
2960 3330 3006 3372 et
3047 3330 3296 3389 aggrarat
3345 3321 3470 3373 ani-

1883 3421 2020 3456 suam
2047 3404 2194 3474 (Sap.
2235 3408 2450 3476 ιχ,15),
2503 3409 2827 3478 deprimitur
2868 3420 2921 3464 et
2965 3411 3244 3465 obruitur!
3304 3427 3468 3480 quam

1885 3493 2010 3548 felix
2047 3510 2196 3561 caro,
2227 3513 2348 3566 qua:
2390 3513 2494 3552 non
2531 3502 2810 3566 renititur,
2827 3503 2918 3556 sed
2948 3503 3160 3571 spiritui
3183 3504 3466 3558 subditur!

1883 3601 2044 3655 quam
2078 3587 2201 3641 felix
2234 3590 2418 3652 homo,
2440 3591 2530 3659 qui
2561 3606 2659 3646 cor
2686 3609 2842 3646 suum
2870 3593 2935 3646 ad
2988 3594 3295 3660 Dominum,
3343 3595 3476 3650 diri-

1885 3679 1980 3748 git,
2011 3678 2161 3747 cujus
2208 3683 2462 3750 spiritum
2515 3684 2776 3740 Dominus
2831 3686 2897 3740 ad
2947 3701 3007 3739 se
3055 3687 3244 3751 trahit,
3297 3695 3355 3741 ut
3404 3689 3474 3743 ad

1886 3773 2353 3827 conversationem
2379 3775 2460 3829 sui
2515 3776 2798 3841 desiderii,
2857 3788 2912 3832 et
2949 3779 3235 3842 interiora,
3278 3789 3332 3833 ct
3387 3795 3479 3833 ex-

1890 3862 2089 3915 teriora
2130 3861 2245 3932 ejus
2269 3876 2588 3933 commutet,
2620 3877 2678 3922 ut
2711 3869 2976 3937 nihiljam
3019 3871 3182 3926 menti
3231 3874 3476 3928 exterius

1887 3952 2056 4009 libeat
2083 3954 2218 4008 nihil
2245 3971 2375 4012 caro
2406 3959 2657 4025 interius,
2681 3961 2766 4014 vel
2791 3961 2834 4015 si
2859 3962 3324 4032 appetit,adipisci
3355 3973 3476 4016 stu-

1890 4047 2043 4110 deat;
2075 4048 2170 4102 sed
2193 4063 2374 4114 omne,
2409 4053 2554 4120 quod
2593 4053 2754 4107 homo
2784 4063 2865 4107 est
2895 4095 2909 4118 ,
2955 4056 3021 4108 ad
3080 4071 3224 4121 eum,
3283 4071 3311 4108 a
3369 4071 3478 4124 quo

1890 4148 1995 4204 est,
2024 4148 2078 4194 et
2106 4141 2336 4196 interius
2360 4143 2720 4198 desiderando
2745 4146 2972 4212 ferveat,
3023 4155 3076 4201 et
3128 4148 3370 4201 exterius
3413 4163 3476 4203 se

1893 4334 2067 4387 vestiri
2089 4333 2403 4404 sumpsitex
2426 4334 2597 4404 Epist.
2628 4333 2692 4401 ll,
2723 4336 2787 4389 ad
2835 4333 2960 4389 Cor.
2997 4350 3116 4404 cap.
3142 4350 3197 4398 ν,
3231 4348 3377 4390 vers.
3408 4335 3464 4390 4.

1893 4404 2046 4470 Quod
2071 4420 2174 4457 non
2195 4405 2558 4466 aduotassem,
2580 4406 2680 4459 nisi
2701 4416 2757 4459 ut
2786 4405 2942 4460 simul
2969 4405 3284 4470 iudirarem,
3311 4405 3473 4460 fami-

1822 4515 1870 4574 υ
1897 4475 2030 4574 liarp
2054 4489 2174 4574 es'se
2196 4473 2493 4574 T'hiofrido,
2517 4491 2636 4574 quin
2669 4491 2699 4529 e
2728 4476 3006 4574 Scriptura
3056 4475 3470 4574 aliquideﬂ'ert,

1897 4561 1927 4599 e
1965 4545 2206 4614 pluribus
2232 4546 2365 4599 locis
2389 4545 2548 4598 simul
2589 4545 2822 4600 haurire.
2857 4547 2967 4600 Hoc
3005 4545 3325 4614 argumento
3366 4555 3473 4613 est,

1893 4616 2128 4683 undique
2173 4630 2296 4668 eum
2352 4617 2591 4683 plenum,
2649 4617 2882 4685 undique
2938 4615 3279 4680 redundare;
3318 4626 3376 4669 ut
3409 4619 3478 4672 de

1893 4701 1958 4740 eo
1987 4686 2090 4756 diei
2133 4686 2299 4756 possit
2330 4703 2343 4738 :
2381 4685 2491 4739 Hoc
2519 4696 2687 4738 ructat
2709 4692 2849 4756 quod
2883 4687 3029 4739 bibit.

1966 4755 2078 4823 (56)
2134 4755 2194 4809 Si
2235 4757 2410 4808 carnis
2457 4755 2736 4824 spurcities
2798 4756 3139 4809 immaculato
3188 4756 3322 4810 calle
3373 4773 3477 4812 non

1893 4828 2102 4948 Xansit.
2157 4825 2498 4880 Translatum
2543 4841 2607 4880 ex
2661 4828 2838 4882 otlicio
2876 4827 3136 4882 Ecclesia:
3183 4829 3249 4882 de
3285 4838 3478 4883 sancta

1943 4905 2118 4948 ariete.

1943 4905 2118 4964 gnele.

1966 4966 2078 5041 (57)
2107 4963 2281 5018 Ollam
2310 4981 2604 5041 accensam.
2638 4966 2935 5041 Allegorias
2966 4977 3021 5022 et
3047 4983 3249 5041 sensus
3279 4969 3480 5041 (mysti-

1897 5049 1990 5088 eos
2019 5035 2272 5104 frequens
2313 5037 2519 5090 miscet.
2553 5038 2690 5104 Quid
2748 5035 2847 5093 hoc
2897 5039 3015 5092 loco
3045 5039 3146 5092 olla
3178 5041 3200 5091 ?
3228 5035 3383 5093 Dica't
3411 5039 3476 5094 D.

1895 5103 2187 5178 Gregorius
2225 5103 2466 5176 Magnus,
2499 5123 2662 5175 quem
2716 5119 2901 5162 noster
2949 5107 3238 5178 diligenter
3267 5109 3480 5164 lectita-

1895 5175 1994 5248 _vi_t,
2035 5190 2098 5228 ac
2153 5191 2256 5248 non
2318 5175 2481 5230 Semel
2520 5178 2734 5248 allegat.
2793 5178 2914 5232 Ulla
2971 5175 3221 5233 succensa
3257 5181 3479 5248 (inquit,

1897 5243 1992 5298 lib.
2020 5258 2150 5298 xvut
2204 5244 2337 5299 Mor.
2382 5260 2501 5313 cap.
2538 5247 2624 5316 11)
2651 5256 2734 5302 est
2760 5263 2854 5302 eor
2882 5249 3200 5311 lninmnum,
3257 5243 3484 5302 saecula;

1899 5316 2036 5386 rium
2071 5329 2321 5386 curarum
2353 5317 2657 5380 ardoribus,
2703 5318 3207 5386 desfderiorumque
3236 5321 3483 5370 anxieta-

1901 5385 2046 5456 tihus
2079 5383 2312 5439 fervens.
2336 5455 2343 5456 γ
2369 5387 2496 5452 ρυευ
2523 5404 2549 5439 a
2583 5386 2717 5441 facie
2767 5389 3050 5456 Aquilonis
3107 5383 3479 5450 succenditur,

1899 5454 2110 5535 idOest,
2169 5455 2368 5536 diaboli
2430 5454 2864 5536 suggestionibus
2915 5455 3482 5536 inﬁ_ammatur.“lpse

1898 5524 2042 5596 enim
2096 5526 2276 5581 vocari
2341 5524 2558 5582 nomine
2601 5529 2881 5596 Aquilonis
2934 5527 3091 5596 solet,
3141 5526 3228 5594 qui
3267 5524 3477 5596 (dixit:

1899 5594 2111 5650 Sedebo
2149 5597 2202 5650 in
2249 5606 2430 5651 monte
2479 5593 2810 5660 testamenti.
2859 5598 2912 5649 in
2945 5593 3205 5650 lateribus
3247 5593 3480 5663 Aquilo-

1901 5665 1983 5737 nis
2018 5665 2155 5737 (lsa.
2183 5681 2292 5729 XIV,
2324 5666 2431 5734 15).
2455 5665 2598 5737 (Vide
2646 5668 2794 5737 plura
2848 5666 2941 5731 iLi,
2982 5675 3034 5721 et
3071 5665 3312 5735 ejusdem
3340 5678 3474 5737 ope-

1901 5736 1978 5791 ris
2016 5736 2106 5794 lib.
2133 5753 2327 5804 xxxm,
2363 5752 2412 5791 c.
2439 5735 2528 5790 41.
