3986 6482
563 348 671 411 ita;
1554 336 1898 397 TlilOFRlDl
1937 332 2227 391 ABBATIS
2265 328 2833 389 EFTEBNAGENSIS
3723 336 3815 394 32!

568 460 875 519 edomando
910 453 1280 526 constringat!
1324 451 1453 509 felix
1487 453 1732 522 profecto
1762 463 1915 514 caro,
1939 464 2060 519 quas
2086 446 2161 503 si-
2192 451 2239 508 Α
2265 444 2418 515 cujus
2450 444 2812 513 inﬁrmitatem
2844 442 3061 514 spiritus
3081 442 3301 513 adjuvat
3340 441 3520 512 (Rom.
3568 458 3681 512 vin,
3707 449 3810 525 26),

571 552 684 608 mul
710 551 890 605 omnis
922 549 975 603 in
1008 547 1111 601 hac
1137 546 1242 600 vita
1289 544 1475 600 delicit
1505 583 1520 609 ,
1549 558 1670 613 qua:
1694 542 1806 611 jam
1838 540 2000 596 nullis
2043 539 2159 596 suis
2265 536 2421 606 cujus
2454 535 2793 589 absconditus
2822 534 2998 588 cordis
3031 545 3106 589 est
3157 537 3311 589 homo
3342 533 3400 587 in
3442 534 3818 607 incorruptibiti.

576 644 821 698 motibus
850 639 1042 703 servit,
1066 636 1161 693 sed
1199 635 1500 706 pnesidens
1550 634 1779 705 spiritus
1807 642 2004 688 cuncta
2041 630 2159 699 ejus
2263 637 2369 682 tate
2398 628 2559 699 quieti
2588 636 2637 682 et
2683 628 2904 681 modesti
2960 625 3213 698 Spiritus,
3256 628 3347 698 qui
3380 628 3435 681 in
3466 641 3721 699 conspectu
3738 633 3821 691 Dei

571 733 717 789 ﬂuxa
748 729 1047 798 restringit,
1096 736 1153 782 et
1188 727 1421 796 quodam
1476 724 1832 781 districtionis
1854 739 1964 778 suae
1983 722 2162 792 gladio
2265 719 2496 789 locuples
2526 733 2599 773 est
2643 717 2697 789 (I
2722 718 2840 772 Pet.
2897 735 2977 783 tu,
3033 718 3111 788 4),
3162 720 3341 791 pergit
3386 720 3476 773 ubi
3509 720 3610 775 vita
3657 733 3748 786 est,
3775 738 3822 781 et

570 838 733 879 omne
755 820 894 890 quod
913 820 965 874 in
984 819 1073 873 illa
1097 818 1235 874 male
1274 818 1494 874 vivebat
1521 818 1797 873 interficit.
1853 816 2003 873 Felix
2033 832 2162 886 pro-
2268 812 2412 867 sicut
2439 813 2492 866 in
2517 812 2989 882 profundissimam
3013 811 3277 881 infernum
3319 813 3633 869 descendunt
3673 821 3821 874 omnia

573 914 660 970 cul
681 912 848 968 dubio
877 913 1059 967 omnis
1093 912 1280 976 homo,
1311 911 1402 982 qui
1436 911 1641 976 vivens,
1675 911 1726 965 in
1779 911 2017 965 cinerem
2073 924 2162 963 re-
2268 905 2480 974 reprobi
2502 903 2789 959 inlecebris
2813 903 3257 958 caruisabstracti
3297 914 3345 957 et
3388 904 3549 959 illecti
3570 905 3681 975 (Job
3704 925 3819 973 xvu,

571 1004 831 1068 vertitur,
856 1002 947 1071 qui
978 1002 1331 1058 mortalitatis
1359 1018 1471 1058 sua:
1506 1018 1613 1058 non
1657 1002 2026 1067 obliviscitur,
2072 1002 2162 1070 qui
2270 995 2337 1049 16
2372 1010 2385 1060 ;
2427 992 2551 1050 Ιηεο
2618 1011 2657 1060 ι,
2715 994 2825 1065 14).
2882 1005 2941 1050 ιιι
2984 1009 3086 1050 nec
3140 995 3243 1050 hoc
3288 996 3337 1050 ei
3395 1011 3425 1051 a
3475 1007 3723 1056 tormento
3764 1004 3823 1057 sit

575 1104 704 1150 ante
735 1093 923 1149 carnis
960 1101 1216 1159 mortem,
1257 1094 1411 1149 carni
1443 1094 1695 1160 moritur,
1742 1092 1897 1163 cujus
1951 1092 2165 1146 interna
2267 1085 2518 1149 liberum,
2584 1088 2725 1156 quod
2782 1086 2871 1141 llic
2904 1085 3159 1156 relinquit
3213 1096 3527 1150 mortuum;
3569 1089 3641 1143 sic
3667 1094 3820 1149 omn?a

573 1186 687 1257 (58)
718 1187 904 1241 vermis
928 1184 1129 1257 (Psal.,
1158 1201 1272 1251 ιιι,
1304 1185 1359 1257 7)
1401 1186 1469 1241 de
1497 1185 1610 1241 sola
1640 1196 1695 1240 et
1729 1201 1863 1256 pura
1888 1195 2055 1251 terra,
2081 1183 2167 1237 iu-
2269 1178 2407 1249 ejus,
2467 1178 2556 1248 qui
2593 1178 2645 1233 in
2685 1179 2887 1233 mundo
2924 1188 3079 1233 extra
3128 1179 3390 1234 mundum
3443 1190 3546 1245 est,
3569 1181 3630 1235 ad
3655 1183 3821 1240 cadum

577 1286 843 1334 temerata
888 1276 1136 1332 videlicet
1180 1276 1424 1349 Virgine,
1459 1286 1780 1349 procreatus
1830 1277 2164 1348 depascitur.
2271 1272 2536 1328 ert-lorum
2586 1273 2909 1339 ascemluut,
2946 1280 3004 1327 ut
3040 1288 3141 1329 nec
3181 1273 3234 1327 id
3263 1273 3408 1343 quod
3439 1289 3507 1328 ex
3537 1289 3593 1329 se
3628 1276 3828 1331 insensi-

572 1371 752 1434 Felix,
788 1369 1034 1439 inquam,
1060 1369 1151 1439 qui
1177 1367 1422 1437 jamnon
1471 1377 1557 1424 est
1604 1368 1658 1423 in
1714 1382 1901 1435 carne,
1967 1367 2060 1422 sed
2114 1366 2167 1421 in
2271 1364 2378 1420 bile
2419 1365 2473 1418 in
2537 1374 2683 1419 terra
2739 1365 2961 1430 deserit,
3014 1367 3081 1420 ab
3136 1365 3350 1420 interna
3412 1369 3825 1424 reumuerationis

577 1463 770 1534 spiritu
821 1460 974 1530 cujus
1038 1478 1223 1530 corpus
1286 1473 1551 1515 mortuum
1597 1470 1673 1515 est
1723 1472 1938 1531 propter
1987 1475 2170 1531 perca-
2272 1455 2448 1525 gratia
2495 1454 2735 1510 immune
2758 1455 2870 1519 sit;
2904 1456 2996 1509 scd
3046 1469 3194 1518 caro,
3243 1470 3365 1523 qua:
3392 1456 3446 1509 in
3471 1457 3728 1522 omnibus,
3748 1473 3825 1514 co-

580 1563 718 1616 tum,
743 1553 962 1621 spiritus
992 1567 1113 1605 vero
1143 1552 1267 1605 vivit
1295 1561 1505 1621 propter
1510 1551 1948 1621 justiﬁcationem
1979 1560 2025 1604 et
2057 1565 2174 1602 cor-
2277 1560 2394 1602 mes
2420 1554 2474 1602 et
2508 1545 2784 1615 particeps
2839 1543 2941 1599 fuit
2980 1544 3182 1599 laboris
3223 1554 3277 1598 ct
3317 1544 3749 1610 mortificationis,
3770 1549 3826 1603 sit

580 1643 730 1711 poris
763 1642 847 1697 sui
866 1650 1126 1711 exspectat
1154 1640 1557 1710 redemptionem
1582 1639 1755 1712 (Rom.
1787 1655 1903 1703 vui,
1942 1640 2025 1701 10,
2051 1640 2168 1710 ‘23).
2276 1637 2442 1691 etiam
2494 1650 2722 1692 consors
2770 1635 2997 1690 honoris
3048 1644 3102 1689 et
3130 1634 3568 1705 glorificatiouis.
3617 1635 3768 1707 Igitur
3787 1638 3825 1692 si

582 1728 901 1801 Cumqnein
949 1746 1056 1784 uno
1085 1731 1305 1786 homine
1341 1730 1447 1785 duo
1488 1731 1593 1785 sint
1631 1731 1898 1797 homines,
1948 1730 2215 1801 interion
2276 1743 2497 1783 carnem
2545 1727 2783 1782 damnati
2816 1727 3121 1797 peccatoris
3173 1736 3421 1796 spectes,
3468 1728 3594 1798 quid
3641 1729 3827 1784 homine

582 1830 642 1875 et
672 1800 930 1887 exterior,
962 1829 1018 1875 et
1036 1822 1144 1876 duo
1172 1838 1339 1876 unum
1381 1822 1491 1876 sint
1512 1861 1526 1885 ,
1566 1821 1693 1876 felix
1739 1822 1926 1891 utique
1949 1822 2038 1876 ille
2063 1830 2168 1885 est,
2202 1800 2248 1859 Β
2277 1822 2563 1892 abjectius,
2597 1821 2727 1891 quid
2751 1820 3038 1890 putidius?
3074 1821 3118 1874 si
3149 1820 3423 1889 spiritum,
3476 1821 3600 1889 quid
3628 1823 3822 1899 misera-

583 1913 639 1967 in
669 1928 779 1982 quo
816 1911 875 1966 fit
907 1912 1055 1974 illud,
1077 1914 1218 1983 quod
1246 1913 1645 1983 seriptumest:
1673 1912 1734 1967 Si
1765 1913 1870 1965 duo
1899 1912 2175 1965 consertae-4
2277 1914 2459 1976 bilius,
2511 1913 2638 1983 quid
2674 1912 3080 1967 damnabilius?
3117 1912 3173 1966 Si
3220 1912 3348 1967 item
3381 1921 3634 1981 Spectata:
3662 1914 3829 1968 sancti-

579 2002 686 2057 rint
713 2003 778 2056 de
809 2004 951 2057 omni
985 2019 1041 2057 re
1071 2020 1436 2073 quamcunque
1463 2004 1705 2073 petierint
1734 2003 1822 2073 ﬁet
1852 2004 1927 2056 eis
1955 2020 1987 2056 a
2019 2001 2176 2056 Putre
2281 2003 2409 2057 tatis
2438 2002 2674 2057 hominis
2715 2016 2939 2057 carnem
2974 2002 3310 2067 consideres,
3356 2002 3488 2071 quid
3526 2002 3611 2056 illa
3637 2003 3685 2056 in
3712 2012 3830 2057 terra

578 2109 715 2159 meo,
746 2094 835 2147 ubi
870 2097 1006 2147 enim
1026 2095 1133 2149 duo
1160 2095 1460 2165 congregati
1486 2094 1681 2164 fuerint
1709 2095 1762 2147 in
1802 2095 2013 2147 nomine
2037 2110 2172 2160 meo,
2279 2098 2543 2162 nobilius,
2573 2098 2705 2167 quid
2750 2095 3054 2151 mirabilius
3078 2096 3101 2151 ?
3125 2098 3169 2152 si
3195 2097 3476 2167 spiritum,
3525 2097 3647 2164 quid
3682 2095 3835 2150 excel-

578 2182 788 2237 ibisum
828 2185 881 2238 in
904 2185 1074 2238 medio
1098 2201 1279 2239 eorum
1310 2184 1526 2255 (Matth.
1582 2200 1735 2249 mu,
1793 2177 1898 2251 i9).
1953 2186 2174 2240 Summa
2278 2189 2499 2255 lentius,
2530 2188 2658 2260 quid
2681 2187 3018 2259 gloriosius?

588 2273 787 2344 quippe
821 2283 878 2329 et
917 2274 1128 2328 interna
1169 2274 1406 2329 felicitas
1432 2283 1512 2329 est
1562 2275 1799 2330 hominis
1848 2276 1900 2329 in
1945 2290 2178 2344 corpore
2820 2299 3223 2356 CAPITULUM
3256 2299 3342 2355 ιη,

583 2365 1005 2436 peregrinantis,
1040 2366 1085 2420 si
1114 2366 1167 2420 in
1208 2366 1385 2421 medio
1412 2367 1639 2421 duorum
1669 2383 1833 2421 unum
1862 2367 2157 2422 habentiuu

2283 2387 2439 2454 Quod
2473 2387 2620 2441 nulla
2683 2389 2857 2442 carnis
2910 2389 3204 2442 substantia
3257 2404 3419 2443 carne
3465 2398 3750 2443 sanctorum
3780 2390 3832 2444 sit

585 2471 911 2511 consensum
930 2497 945 2522 ,
976 2459 1237 2512 mediator
1264 2457 1359 2512 Dei
1372 2469 1419 2512 et
1440 2460 1731 2525 hominum,
1756 2460 1910 2513 homo
1940 2458 2180 2515 Christus
2426 2458 2672 2523 nobilior,
2709 2468 2758 2512 et
2797 2460 2852 2511 in
2882 2460 2996 2527 ipsa
3043 2459 3378 2526 corruptione
3406 2459 3693 2529 gloriosior.

586 2546 745 2601 Jesus
775 2558 862 2603 est
888 2547 941 2619 (1
981 2547 1116 2601 Tim.
1142 2564 1205 2614 ιι,
1232 2548 1311 2619 5),
1342 2549 1432 2619 qui
1454 2566 1562 2619 pax
1592 2550 1938 2617 nostrn,fecit
1960 2559 2181 2619 utraque
2359 2547 2649 2614 Nimirum,
2692 2558 2922 2621 excepta
2978 2564 3146 2606 carne
3194 2549 3419 2615 Christi,
3469 2566 3587 2620 quze
3635 2552 3832 2621 pretium

587 2655 780 2704 unum,
810 2649 858 2693 et
900 2641 1130 2695 medium
1157 2640 1407 2709 parietem
1434 2642 1677 2696 maceria:
1705 2630 1855 2696 solvit
1877 2640 2182 2695 inimicitias
2284 2651 2368 2695 est
2400 2641 2606 2706 mundi,
2638 2641 2782 2695 nulla
2821 2642 3003 2697 carnis
3029 2641 3334 2698 substantia
3371 2657 3538 2699 carne
3560 2652 3834 2699 sanctorum

588 2731 645 2784 in
665 2747 823 2785 carne
850 2748 968 2794 sua,
990 2740 1046 2785 ut
1069 2731 1201 2785 duos
1228 2731 1469 2785 conderet
1504 2732 1561 2785 in
1584 2748 1690 2787 uno
1723 2732 1949 2795 ltoinine,
1978 2731 2180 2800 faciens
2285 2743 2368 2788 est
2406 2733 2658 2799 nobilior,
2691 2749 2811 2804 qua!
2860 2744 3063 2805 quanto
3102 2735 3318 2807 spiritui
3363 2735 3673 2803 subjectior,
3716 2745 3837 2792 tanto

588 2835 794 2890 pacem,
816 2829 862 2874 et
896 2818 1256 2874 reconciliaret
1291 2830 1540 2892 utrosque
1578 2821 1631 2874 in
1676 2837 1780 2875 uno
1829 2836 2042 2889 corpore
2071 2818 2184 2874 Deo
2287 2834 2369 2880 est
2393 2824 2636 2889 liberior,
2665 2828 2799 2880 etin
2833 2826 2948 2895 ipsa
2986 2827 3355 2896 corruptionis
3392 2827 3713 2885 resolutione
3737 2828 3834 2893 glo-

590 2924 685 2978 per
715 2925 941 2977 crucem,
968 2910 1285 2978 interﬁciens
1311 2910 1616 2965 inimicitias
1643 2911 1698 2965 in
1725 2911 2021 2981 semetipso,
2046 2921 2102 2964 ut
2129 2912 2184 2964 in
2292 2918 2513 2972 ἠθεῖον,
2550 2917 2605 2971 ιη
2637 2918 2923 2973 nativitatc
2972 2919 3038 2972 ad
3092 2918 3331 2974 laborem
3368 2928 3426 2973 et
3466 2919 3724 2974 miseriam
3752 2936 3765 2985 ;
3794 2920 3834 2973 in

600 3014 823 3073 utroque
850 3018 1116 3056 accessum
1140 3002 1427 3056 habeamus
1452 3002 1506 3057 in
1532 3004 1834 3072 unospiritu
1881 3003 1950 3056 ad
1976 2999 2187 3055 Patrem
2290 3019 2465 3065 morte
2499 3009 2741 3066 nascitur
2772 3013 2838 3065 ad
2876 3011 3117 3081 requiem
3144 3019 3198 3066 et
3228 3010 3478 3081 gloriam.
3513 3010 3592 3064 Ad
3626 3010 3835 3082 gloriam,

595 3090 818 3164 (Ephes.
843 3106 913 3155 ιι,
944 3092 1034 3156 14,
1061 3091 1171 3159 18).
1204 3090 1272 3144 Ει
1300 3105 1488 3146 revera
1520 3093 1765 3162 exceptis
1788 3091 1995 3162 augt-lis
2028 3092 2169 3147 lucis

2292 3100 2533 3171 inquam,
2549 3101 2808 3165 nascitur,
2835 3101 3080 3170 quamvis
3102 3102 3245 3170 quod
3264 3115 3331 3155 ex
3354 3115 3540 3156 verme
3562 3110 3840 3172 conceptum

596 3179 733 3236 nihil
756 3180 808 3232 in
830 3180 1095 3234 creaturis
1122 3178 1334 3236 felicius
1383 3189 1470 3236 est
1508 3181 1750 3247 homine,
1808 3182 1900 3252 qui
1946 3196 1976 3235 a
2022 3198 2188 3237 carne
2215 3178 2259 3203 υ
2289 3201 2345 3246 et
2370 3192 2712 3262 progenitum
2740 3202 2846 3258 est,
2880 3208 2909 3247 ιι
2939 3193 3214 3249 vermibus
3257 3193 3593 3255 comedamr,
3617 3203 3669 3249 ει
3696 3193 3844 3264 pulvis

595 3284 706 3324 11οη
745 3279 1053 3339 superati".
1103 3268 1197 3323 8οά
1222 3268 1495 3324 diuidet“:
1523 3270 1639 3340 ei“!
1671 3286 1791 3342 qua:
1829 3271 2058 3325 militum
2094 3272 2189 3325 ad-
2292 3281 2344 3335 in
2379 3281 2655 3350 pulverem
2687 3290 2991 3337 revertatur
3019 3300 3032 3336 :
3057 3282 3183 3352 quia
3210 3297 3331 3353 quae
3360 3283 3416 3337 in
3449 3282 3715 3354 plerisque
3738 3299 3847 3338 san-

602 3378 784 3417 rersus
810 3361 1042 3415 animam
1070 3359 1120 3432 (l
1151 3358 1270 3416 Pet.
1300 3360 1385 3431 ιι,)
1444 3362 1777 3417 dominatur.
1842 3361 1985 3417 Nihil
2034 3363 2176 3428 item,

2290 3381 2503 3426 ctorum
2547 3370 2680 3424 nihil
2724 3372 2928 3426 distare
2953 3372 3065 3427 visa
3124 3382 3206 3427 est
3238 3388 3267 3427 a
3299 3387 3466 3428 carne
3512 3384 3844 3444 peccatorum,

596 3455 839 3524 exceptis
862 3454 1143 3525 spiritibus
1196 3453 1480 3523 apostatis,
1514 3454 1782 3511 infelicius
1823 3464 1908 3511 est
1948 3455 2186 3522 homine,
2292 3468 2348 3513 ct
2375 3458 2652 3529 suppliciis
2690 3458 2966 3529 deputata,
2999 3470 3052 3514 ct
3093 3463 3430 3533 contemptui
3469 3472 3553 3518 est
3592 3463 3777 3529 habita,
3804 3465 3847 3518 in

598 3546 691 3614 qui
721 3544 961 3615 quotidie
982 3544 1049 3599 de
1077 3544 1185 3598 vita
1218 3542 1579 3613 periclitatur,
1608 3553 1664 3600 et
1698 3544 1857 3613 cujus
1887 3544 2092 3601 animae
2121 3544 2190 3599 li-
2292 3558 2489 3613 morte,
2514 3558 2575 3602 ut
2610 3548 2698 3603 lux
2732 3564 2763 3603 a
2790 3552 3047 3617 tenebris,
3078 3551 3271 3621 grandi
3322 3551 3652 3609 discernitur
3674 3553 3849 3609 distan-
3902 3537 3911 3548 ’

598 3637 784 3691 hertas
808 3635 1137 3705 captivatur.
1168 3636 1356 3690 Victor
1361 3636 1627 3705 iudicabit
1657 3636 1868 3706 angelos
1888 3635 1936 3706 (1
1961 3634 2084 3691 Cor.
2113 3653 2188 3701 vt,
2295 3638 2368 3693 tia
2395 3654 2409 3703 ;
2435 3646 2490 3692 et
2520 3638 2929 3694 cvidentissime
2970 3641 3305 3711 agnoscitur,
3362 3641 3509 3696 aliud
3551 3656 3668 3696 esse
3693 3656 3751 3695 ex
3776 3656 3850 3694 na-

600 3724 692 3796 3);
731 3724 919 3782 Victus
962 3741 1087 3781 cum
1146 3725 1349 3796 angelis
1399 3728 1756 3797 peccantibus,
1796 3738 1843 3781 et
1886 3727 2191 3781 rudentibus
2297 3736 2436 3793 tura,
2459 3725 2602 3781 aliud
2627 3741 2696 3782 ex
2728 3727 2943 3785 meritis
2969 3730 3241 3800 etgratia.
3278 3729 3355 3786 Ex
3386 3741 3581 3785 natura
3605 3738 3687 3785 est
3711 3727 3852 3800 putri-

601 3816 799 3886 inferni
824 3817 1093 3882 detractis,
1116 3816 1422 3871 detrahetur
1458 3818 1517 3871 in
1554 3816 1836 3871 Tartarum
1866 3818 1951 3889 (11
1992 3814 2191 3883 l’et.u,
2297 3815 2464 3880 bilis;
2513 3831 2577 3871 ex
2632 3816 2841 3872 meritis
2882 3826 2938 3872 et
2995 3819 3168 3889 gratia
3232 3819 3555 3892 longissimo
3621 3828 3851 3889 tempore,

603 3905 684 3973 6),
719 3906 806 3961 ubi
842 3907 975 3976 ignis
1005 3923 1184 3961 eorum
1209 3924 1310 3961 non
1331 3909 1713 3979 exstinguetur,
1741 3910 2008 3965 sederunt
2033 3927 2194 3982 usque
2295 3908 2459 3961 etiam
2509 3918 2699 3963 contra
2751 3920 3001 3965 naturam
3046 3912 3208 3968 durat
3248 3913 3624 3984 imputribilis,
3646 3915 3784 3971 acab
3803 3927 3852 3965 ea
3938 3912 3939 3973 ἒ

602 3996 676 4050 ad
695 3996 986 4052 satietatem
1010 3997 1224 4052 visionis
1254 3999 1398 4053 omni
1424 4001 1573 4054 carni
1603 3999 1740 4071 (Isa.
1784 4017 1931 4069 t.xvt,
1957 4001 2076 4073 24).
2103 4002 2196 4058 Ille
2295 3995 2540 4051 esuriens
2585 3996 2866 4067 repellitur
2935 4000 3158 4056 vermis.
3225 4002 3472 4073 Cumque
3523 4017 3732 4060 vermes
3769 4002 3855 4057 sint
3938 4008 3939 4017 ‘

604 4088 811 4143 sanctis
833 4088 1058 4159 aequalis
1083 4089 1191 4143 erit
1210 4089 1437 4159 angelis,
1463 4090 1566 4146 iste
1590 4090 1818 4146 inferior
1844 4100 1902 4146 et
1926 4091 2196 4148 infelicior
2295 4087 2444 4143 cives
2484 4088 2745 4154 hominis.
2806 4088 2958 4144 illum
2995 4090 3169 4146 civem
3211 4106 3370 4147 suum
3405 4107 3513 4148 non
3565 4093 3743 4161 facile,
3770 4107 3852 4147 non
3938 4106 3939 4117 ‘

605 4181 829 4247 bestiis;
858 4182 1058 4253 quippe
1087 4197 1211 4238 cum
1240 4181 1343 4249 hac,
1376 4181 1672 4253 utquidam
1718 4190 1941 4238 eterna:
1978 4185 2195 4255 sapien-
2298 4178 2478 4235 subito
2512 4190 2866 4250 cognoscunt,
2912 4182 3005 4252 qui
3034 4181 3147 4254 (40)
3177 4181 3273 4237 Dei
3308 4191 3364 4238 et
3392 4184 3708 4255 angelorum
3748 4184 3856 4239 civit
3938 4188 3939 4191 ‘

608 4274 699 4329 tiae
731 4283 1031 4344 symmysta
1062 4272 1280 4341 asserit,
1331 4287 1436 4327 non
1488 4282 1707 4343 sperent
1751 4271 2044 4340 judicium,
2102 4288 2199 4328 ne—
2299 4279 2383 4324 est
2413 4286 2428 4336 ;
2460 4279 2516 4326 et
2540 4271 2632 4340 qui
2664 4285 2899 4338 vermes,
2932 4271 3160 4329 infestas
3204 4274 3458 4331 videlicet
3512 4275 3855 4348 cogitationes,

606 4364 786 4420 sciant
814 4364 1115 4419 crueiatum
1152 4379 1255 4420 nec
1306 4364 1536 4419 salutem
1582 4374 1701 4435 post
1738 4372 1966 4418 mortem
2005 4379 2196 4435 repro-
2300 4376 2329 4414 a
2362 4376 2421 4417 se
2460 4363 2680 4433 repulit,
2733 4362 2847 4434 (ιιι)
2914 4365 3147 4421 dulcedo
3211 4368 3414 4422 vermis
3469 4383 3578 4424 non
3628 4376 3728 4432 est,
3775 4380 3855 4422 non

610 4456 833 4511 missam
850 4454 1160 4525 sibi;hujus
1187 4471 1316 4511 vero
1334 4456 1504 4511 iuliae
1530 4458 1636 4511 vita
1657 4457 1933 4527 gaudium,
1959 4456 2088 4512 licet
2114 4458 2199 4512 in-
2227 4480 2278 4542 ι)
2302 4455 2463 4510 avide
2509 4455 2861 4527 discerpitur,
2891 4473 2998 4513 non
3031 4458 3190 4528 quasi
3246 4457 3555 4515 famelicam
3603 4459 3857 4531 ingluviem

608 4547 853 4607 numeris
880 4548 1124 4603 adversis
1141 4548 1717 4619 casibusimplieitum,
1745 4549 2200 4605 tamensitinstar
2302 4546 2535 4613 satiaus,
2582 4546 2796 4600 avidius
2849 4549 3176 4602 absumitur.
3231 4548 3373 4604 Caro
3408 4548 3859 4617 sanctificata,pcr

608 4640 809 4709 puncti,
835 4649 883 4693 et
910 4640 1043 4693 velut
1062 4640 1191 4694 visio
1209 4648 1462 4695 nocturna
1487 4638 1610 4710 (Job
1636 4655 1730 4704 xx,
1770 4638 1825 4706 5,
1850 4638 1906 4709 8)
1923 4649 2195 4708 transeat;
2305 4648 2555 4693 laturam
2604 4639 2794 4693 induta
2831 4641 3131 4708 putredine,
3159 4651 3206 4694 et
3238 4642 3479 4695 sordibus
3503 4641 3745 4711 pulveris,
3766 4641 3861 4693 dor-

609 4740 667 4786 et
694 4730 820 4801 quia
852 4731 938 4785 hic
964 4745 1032 4785 ex
1063 4731 1245 4785 anima
1285 4730 1445 4785 simul
1474 4739 1529 4786 et
1567 4745 1733 4785 carne
1756 4739 1973 4799 peccat,
2003 4730 2115 4787 illic
2142 4732 2197 4786 in
2302 4730 2397 4783 mit
2424 4731 2480 4784 in
2504 4729 2716 4799 pulvere
2738 4728 2863 4802 (Job
2913 4747 3010 4795 vu,
3040 4732 3093 4797 5,
3116 4731 3208 4804 2|)
3234 4749 3249 4799 ;
3275 4748 3371 4803 per
3399 4734 3629 4804 gratiam
3652 4742 3705 4787 et
3725 4730 3859 4786 meri-
3938 4760 3939 4793 ς

611 4823 748 4893 igne,
810 4823 922 4895 ('59)
970 4822 1060 4892 qui
1108 4839 1212 4877 non
1264 4824 1603 4877 succenditur
1629 4821 1753 4894 (Job
1809 4838 1901 4886 xx,
1957 4824 2075 4896 26),
2146 4824 2201 4879 in
2306 4830 2441 4889 tum,
2469 4821 2660 4892 vigilat
2689 4821 2739 4875 in
2781 4822 3008 4876 mirifico
3029 4839 3213 4894 opere,
3249 4833 3457 4880 etcum
3488 4823 3644 4893 cujus
3670 4822 3858 4877 dulcedo
3938 4858 3939 4871 χ

583 4914 794 4969 .auima
827 4924 883 4969 et
925 4928 1091 4969 carne
1136 4914 1340 4984 pariter
1393 4915 1670 4971 cruciatus
1720 4916 2011 4972 sustineat.
2080 4913 2200 4982 llic,
2305 4924 2380 4968 est
2421 4915 2604 4968 verutis
2654 4913 2774 4986 (Job
2813 4930 2960 4980 xxiv,
2999 4915 3113 4987 20),
3146 4917 3435 4972 resuscitat
3486 4918 3556 4970 de
3583 4916 3861 4986 pulvere,et

688 5043 804 5117 (58)
850 5042 1053 5117 vermis
1084 5045 1147 5100 de
1173 5045 1306 5108 sola,
1336 5056 1549 5117 etpura
1594 5057 1755 5101 terra.
1806 5045 2084 5102 Christum
2120 5046 2202 5101 in-
2309 5043 2426 5117 Dci.
2460 5040 2710 5117 Magnum
2758 5056 2833 5098 est
2888 5060 2997 5099 esse
3051 5045 3151 5100 Dei
3195 5046 3378 5110 civem,
3427 5047 3522 5102 sed
3584 5046 3704 5117 plus
3739 5061 3854 5117 esse.

617 5115 787 5188 dicat,
812 5115 902 5185 qui
937 5116 1173 5188 seipsum
1204 5118 1254 5170 iu
1295 5115 1503 5186 psalmo
1554 5132 1779 5188 vermem
1825 5119 2057 5172 vocavit.
2107 5117 2207 5188 llic
2307 5116 2650 5188 domesticum
2678 5118 2907 5181 utinam,
2952 5117 3167 5186 quoties
3212 5117 3531 5188 gloriamur,
3558 5115 3685 5173 hinc
3707 5118 3756 5170 in
3785 5116 3862 5169 llo-

618 5186 809 5241 iutima
862 5193 1046 5240 nostra
1098 5185 1432 5259 depascitur,
1493 5201 1617 5241 cum
1672 5187 1789 5256 ejus
1846 5202 2037 5243 amore
2089 5187 2203 5241 ιιι-ἰν
2308 5185 2797 5259 ηιὶγιρφόχίξηιιιν.

617 5271 769 5327 mur.
852 5323 871 5327 _
956 5326 961 5327 7
1142 5253 1186 5327 7'
1420 5253 1423 5254 ⁷
1555 5326 1563 5327 7
1702 5253 1763 5327 '_
1844 5325 1852 5327 _
1910 5326 1917 5327 7
2382 5253 2783 5327 (“)7Dulcedo
2839 5256 3028 5327 uerutis
3082 5264 3327 5327 nonest.
3377 5255 3479 5327 Job
3524 5257 3593 5327 de
3637 5255 3863 5327 impiolo—

690 5326 803 5397 ('59)
844 5323 1014 5397 Ignis,
1056 5326 1150 5396 qui
1190 5343 1295 5381 non
1337 5326 1699 5380 succenditur.
1739 5324 1815 5380 De
1842 5325 2096 5381 infernali
2124 5325 2206 5379 lo—
2311 5323 2483 5397 quens
2506 5323 2648 5395 (cap.
2675 5339 2823 5397 xxiv,
2851 5324 2964 5397 2(7)).
2993 5325 3470 5397 Dulcedo,in7quit,
3504 5325 3665 5397 illius
3683 5323 3861 5397 uermes.

616 5393 822 5468 quitur.
855 5393 976 5468 Non
992 5393 1239 5468 succendi
1292 5396 1445 5468 dicit,
1488 5410 1685 5468 nempe
1715 5397 1894 5468 studio
1948 5398 2205 5468 humano,
2313 5393 2632 5468 'l‘hiofridus
2668 5393 2848 5449 verbis
2881 5394 2983 5449 illis
3014 5395 3157 5449 ultro
3177 5410 3244 5468 se
3266 5393 3625 5451 offerentibus
3654 5396 3707 5468 in
3735 5396 3863 5449 alium

617 5464 674 5521 et
707 5467 944 5539 aggestis
968 5467 1148 5537 lignis.
1184 5467 1281 5520 Est
1307 5466 1450 5519 enim
1476 5466 1684 5535 absque
1737 5466 1843 5531 his,
1876 5466 1967 5521 Dei
2019 5466 2211 5519 voluu-
2312 5479 2530 5539 sensum
2557 5464 2748 5539 utitur,
2779 5480 2941 5539 sensu
2996 5479 3158 5539 quem
3195 5465 3380 5539 dicunt
3409 5465 3861 5539 accomodatitism.

619 5534 1041 5599 tateJaeternus.
1214 5604 1222 5606 7
1471 5603 1480 5606 7
1522 5603 1532 5606 7
1596 5534 1605 5535 “
1664 5605 1669 5606 7
2158 5604 2167 5606 7
2315 5534 2439 5587 Fuit
2469 5536 2583 5588 haec
2622 5536 2762 5588 ratio
2790 5535 3343 5606 Scripturisutendi,
3402 5545 3527 5606 post
3555 5534 3864 5606 Tltiolridtun

692 5608 804 5680 (ιο)
837 5607 933 5661 Dei
975 5618 1041 5680 et
1069 5604 1378 5680 angelorum
1434 5603 1581 5680 cipis.
1647 5605 1929 5680 Arrogans
1977 5604 2210 5680 assertio
2314 5613 2583 5680 nostrum,
2638 5613 2826 5680 sancto
2875 5603 3152 5680 Bernardo
3204 5603 3583 5670 usitatissima,
3630 5614 3690 5662 ut
3738 5605 3864 5662 etiam

620 5671 891 5739 videaiur,
944 5677 1047 5732 nisi
1096 5671 1388 5796 Alpostolus
1442 5671 1663 5744 (Ep/tes.
1696 5692 1755 5741 ιι,
1794 5671 1888 5745 i9)
1949 5674 2212 5730 audacius
2315 5676 2641 5745 quandoque
2662 5674 2747 5744 pie
2772 5674 2947 5746 jocari
2978 5676 3246 5732 videatur.

621 5750 785 5796 etiam
821 5747 1086 5796 dixisset:
1167 5747 1259 5796 stis
1304 5745 1438 5796 cives
1481 5759 1809 5796 sanctorum.
1840 5755 1887 5796 et
1933 5745 2212 5796 domestici

621 5750 785 5802 etiam
821 5747 1043 5800 dixisset
1073 5760 1086 5797 :
1116 5745 1259 5798 Estis
1304 5745 1438 5797 cives
1481 5759 1809 5811 sanctorum,
1840 5755 1887 5798 et
1933 5745 2212 5798 domestici
