3986 6486
446 399 556 458 327

455 506 662 569 ctitatis
682 504 797 575 ejus
827 502 1064 576 pondere
1085 493 1311 566 opprimi
1342 508 1356 558 ;
1386 499 1440 571 et
1471 499 1575 544 tatu
1612 486 1833 543 resoluti
1856 498 2039 540 soma-
2072 487 2116 545 Α

454 603 531 657 tis
567 584 755 655 vereri
773 584 1026 649 viciniam
1056 630 1070 654 ,
1102 600 1261 658 quam
1288 582 1510 653 spiritus
1536 595 1656 634 cum
1682 581 1789 634 Deo
1812 577 2037 632 deorum

457 690 735 762 regnantis
768 680 1128 756 priesentiam.
1154 676 1396 743 Cumque
1422 672 1717 762 imperator
1744 667 1876 762 tanti
1904 681 2040 734 prte-

457 758 697 850 rogativa
774 771 1028 829 confusus
1084 764 1363 838 praeconii,
1400 780 1427 815 a
1465 760 1720 825 Galdzeis,
1782 758 1911 829 (quo
1941 772 2039 810 no-

462 846 610 925 mine
638 875 852 921 nostros
878 862 1002 915 odio
1026 858 1264 913 nominis
1291 852 1583 910 Christiani
1622 850 1829 906 solebat
1855 846 2041 917 appel-

456 959 591 1026 lare)
638 956 789 1026 quasi
823 952 993 1024 gralia
1023 949 1238 1021 probri,
1270 946 1523 1014 reliquias
1558 940 1813 1011 martyris
1844 937 2043 1009 jussis-

454 1059 540 1104 set
583 1046 783 1102 auferri
812 1063 826 1099 :
852 1043 1099 1098 convenit
1150 1039 1390 1094 Ecclesia
1434 1036 1525 1090 Dei
1576 1036 1755 1103 nigra,
1797 1032 1887 1084 sed
1933 1030 2044 1099 for-

454 1156 632 1201 mosa,
677 1138 939 1200 obscura,
976 1135 1110 1187 sicut
1161 1128 1499 1184 tabernacula
1548 1125 1748 1190 Cedar;
1780 1122 2040 1195 pulchra,

453 1231 589 1284 sicut
628 1227 785 1294 pelles
828 1223 1124 1280 Salomonis
1155 1222 1333 1289 (Cant.
1368 1235 1409 1284 ι,
1434 1218 1487 1280 4)
1508 1258 1522 1283 ,
1560 1216 1834 1272 concurrit
1865 1215 2043 1268 omnis

455 1326 589 1372 tetas
624 1314 979 1371 ecclesiastici
1018 1311 1224 1366 ordinis
1260 1308 1440 1363 oumis
1474 1322 1636 1361 sexus
1670 1314 1726 1359 ct
1759 1302 2041 1367 conditio;

454 1421 514 1465 et
538 1407 859 1462 deducebant
901 1421 1078 1459 arcam
1106 1381 1239 1456 seriei
1264 1400 1475 1455 Domini
1507 1400 1562 1452 in
1584 1396 1757 1466 jubilo
1788 1395 1871 1460 (II
1914 1394 2042 1466 Heg.

457 1500 674 1568 vt,l5).
703 1498 758 1552 1η
807 1497 989 1551 laetitia
1023 1495 1232 1555 cordis,
1262 1507 1358 1561 per
1400 1505 1493 1545 sex
1540 1489 1703 1543 millia
1746 1503 2043 1558 passumn,

458 1591 762 1662 psallebant
801 1604 931 1642 voce
979 1588 1203 1641 altisona
1232 1604 1244 1638 :
1271 1584 1682 1654 Confundantur
1729 1598 1905 1635 omnes
1955 1580 2047 1652 qui

458 1683 684 1738 adorant
723 1680 987 1751 sculptilia
1029 1677 1201 1749 (Psal.
1238 1691 1377 1739 ξονι,
1409 1675 1486 1743 7).
1533 1673 1663 1728 Cum
1693 1673 2042 1739 ambularent,

458 1776 615 1848 quasi
656 1789 816 1830 sonus
859 1780 970 1826 erat
1018 1769 1400 1832 multitudinis,
1442 1777 1496 1820 ut
1542 1783 1702 1820 sonus
1749 1775 2044 1819 castrorum

463 1865 682 1940 (Escch.
712 1882 753 1930 ι,
781 1864 905 1935 24),
931 1871 987 1916 et
1018 1861 1304 1916 resonabat
1345 1869 1484 1913 terra
1518 1859 1570 1912 iu
1610 1872 1771 1912 voces
1807 1856 2045 1922 illorum,

462 1967 520 2013 et
546 1958 611 2013 de
634 1971 692 2012 se
720 1953 1216 2024 interpretabantur
1254 1950 1380 2003 illud
1421 1950 1827 2019 propheticum:
1861 1947 1926 2002 In
1954 1948 2048 2002 lte—

460 2049 580 2103 litin
600 2045 958 2117 egredientini,
983 2053 1028 2097 et
1061 2044 1115 2096 in
1144 2058 1271 2112 pace
1296 2040 1627 2096 deducentini
1650 2040 1786 2112 (lsa.
1816 2056 1902 2101 LV,
1935 2039 2046 2111 l2).

462 2136 765 2193 Dissolutos
799 2134 1000 2205 egregii
1030 2132 1287 2205 martyris
1313 2132 1526 2187 cineres
1560 2131 2048 2201 prosequebantur,

464 2237 525 2282 ut
553 2226 825 2282 exercitus
853 2226 1044 2278 ducem
1075 2240 1088 2275 :
1117 2221 1353 2285 Caritas,
1380 2237 1501 2291 qua:
1531 2220 1675 2288 foras
1705 2221 1862 2274 mittit
1898 2221 2050 2273 timo-

463 2331 574 2371 rem
611 2314 661 2385 tl
690 2314 854 2368 Joan.
880 2327 951 2377 tv,
986 2311 1101 2375 l8),
1131 2310 1199 2367 ab
1237 2310 1316 2366 eis
1343 2325 1560 2364 omnem
1602 2309 1803 2364 terreni
1847 2308 2051 2376 princi-

465 2414 624 2475 patus
656 2402 887 2459 exclusit
931 2411 1194 2457 terrorem
1228 2417 1242 2453 ε
1284 2400 1417 2454 nihil
1461 2400 1512 2454 in
1551 2415 1738 2454 eorum
1783 2402 2052 2455 mentibus

464 2495 680 2568 profani
728 2495 896 2550 valuit
931 2493 1194 2564 principis
1231 2492 1458 2546 saevitia.
1502 2490 1772 2547 Sitiehant
1811 2491 2053 2547 dulciora

466 2602 626 2655 super
652 2585 755 2640 mel
782 2595 829 2639 et
865 2584 1046 2654 favum
1078 2581 1252 2654 (Psal.
1287 2598 1446 2649 xvm,
1471 2583 1558 2653 ll)
1587 2599 1684 2653 pro
1722 2582 1924 2638 Christi
1953 2599 2055 2638 no-

468 2680 618 2734 mine
647 2678 929 2749 supplieia.
958 2676 1222 2732 Chariora
1252 2684 1306 2731 et
1329 2675 1643 2745 gloriosiora
1670 2676 1749 2730 eis
1778 2675 2055 2731 habeban-

472 2779 566 2824 tur
590 2783 716 2825 ossa
753 2778 990 2833 mortua,
1016 2781 1177 2837 quam
1207 2766 1427 2835 fulgenti
1457 2782 1618 2822 curru
1652 2768 1860 2822 invecta
1892 2769 2056 2824 totius

471 2858 655 2915 mundi
675 2858 866 2930 gloria.
886 2856 992 2913 Sed
1008 2871 1134 2913 cum
1156 2856 1253 2925 ﬁlii
1273 2857 1368 2911 Dei
1381 2857 1671 2928 jubilarent
1689 2857 1812 2929 (Job
1828 2873 2054 2925 xxxvm,

471 2949 537 3022 7)
574 2965 683 3021 pra:
729 2949 909 3004 cordis
955 2948 1340 3010 exsultatione,
1386 2947 1681 3003 idololatria
1703 2950 1869 3020 aperti
1909 2960 2053 3015 sunt,

468 3043 605 3097 sicut
630 3040 882 3112 diploide,
912 3040 1217 3110 confusione
1246 3039 1417 3111 (Psal.
1442 3055 1591 3103 cvm,
1618 3039 1733 3110 29),
1756 3051 1811 3096 et
1833 3041 2057 3097 tabesce-

1456 372 1789 433 l'lllOFltlDl
1831 366 2123 426 ABBATIS
2162 360 2733 422 EFTERNACENSIS

3625 347 3718 406 323

2144 480 2330 551 praesit
2363 479 2412 533 ei
2460 476 2617 545 cujus
2648 484 2838 530 natura
2871 482 2955 528 est
2990 470 3230 528 cmlestis
3271 476 3329 523 et
3373 463 3643 536 angelica;
3670 475 3720 523 et

2143 586 2334 641 poenas
2373 582 2725 639 quascunque
2776 565 2952 619 victor
3005 563 3232 618 devicta:
3282 558 3460 629 putuit
3506 554 3713 623 inferre,

2143 666 2433 733 redemptae
2474 661 2699 716 victrice
2730 674 2794 713 ac
2827 655 3186 709 tlmninalricc
3217 649 3501 706 Dominica
3541 662 3709 712 carne,

2142 775 2197 820 et
2226 764 2415 817 victrix
2459 764 2658 816 victum
2703 768 2861 829 cogat
2894 756 3218 827 persolvere.
3262 752 3326 805 Et
3356 751 3480 820 quis
3511 746 3716 803 investi-

2142 854 2348 927 galiiles
2403 854 2596 907 divina:
2652 847 3074 919 dispen-ationis
3129 843 3420 911 investiget
3482 841 3713 907 divitias,

2144 946 2266 1015 quis
2292 944 2594 1014 echgitet.
2624 938 2747 1009 quis
2777 938 3040 1007 explicet,
3066 944 3267 1005 quanta
3301 948 3496 988 sensus
3523 930 3712 992 Domini

2145 1036 2214 1090 sit
2248 1031 2622 1105 profunditas?
2657 1029 2903 1083 Vermem
2943 1027 3072 1081 facit
3111 1025 3397 1095 angelum;
3434 1023 3567 1079 infra
3608 1041 3714 1079 ver-

2145 1143 2286 1182 mem
2311 1168 2325 1193 ,
2369 1133 2424 1179 et
2458 1124 2639 1178 omnia
2684 1122 2866 1175 inlima
2919 1118 3112 1188 redigit
3162 1116 3417 1185 angelum
3446 1134 3461 1171 :
3486 1116 3550 1171 de
3588 1126 3713 1173 terra

2144 1219 2375 1283 cmlum;
2402 1218 2468 1271 de
2490 1230 2698 1271 summo
2723 1214 2886 1277 cmlo,
2907 1211 3218 1267 inferiorem
3242 1213 3427 1266 condit
3448 1211 3713 1281 abyssum:

2145 1327 2266 1382 qua:
2301 1326 2460 1379 supra
2490 1308 2652 1371 infra,
2675 1324 2796 1378 qua:
2840 1305 2978 1361 infra
3014 1306 3161 1374 ponit
3195 1319 3357 1374 supra
3388 1322 3400 1357 :
3428 1312 3482 1359 et
3514 1304 3722 1358 inextri-

2147 1403 2375 1459 cabilem
2439 1416 2536 1455 sua
2614 1399 2877 1469 sapientia
2941 1397 3182 1451 contexit
3238 1393 3630 1466 labyrinthum;
3674 1405 3726 1449 ut

2146 1508 2370 1564 prorsus
2403 1507 2509 1546 non
2544 1489 2614 1543 sit
2637 1489 2832 1542 mirum
2869 1485 3358 1541 eminentissimum
3392 1499 3487 1537 vas
3515 1484 3725 1538 electio-

2148 1585 2234 1640 nis
2260 1581 2515 1646 Paulum,
2544 1580 2635 1650 qui
2669 1588 2854 1649 raptus
2884 1585 2968 1632 est
2996 1577 3061 1630 ad
3092 1576 3310 1631 tertium
3350 1574 3580 1640 etelum,
3606 1586 3661 1629 et
3679 1576 3724 1630 iu

2148 1672 2492 1746 paradisum,
2523 1669 2861 1724 altitudinem
2901 1666 3095 1721 divina:
3146 1665 3343 1721 mentis
3386 1664 3724 1729 admiratum,

2150 1767 2488 1824 exclamasse
2519 1781 2615 1836 per
2651 1763 2915 1835 Spiritum
2949 1771 3195 1817 sanetum
3219 1781 3232 1815 :
3257 1760 3303 1816 0
3335 1760 3564 1815 altitudo
3601 1761 3727 1815 disi-

2151 1862 2345 1916 tiarum
2375 1858 2647 1929 sapientiae
2674 1868 2720 1911 et
2748 1857 2978 1910 scientia:
3011 1855 3127 1920 Dei,
3156 1871 3314 1923 quam
3344 1854 3730 1922 incomprehen-

2150 1951 2326 2007 sibilia
2366 1958 2486 2004 sunt
2527 1947 2734 2017 judicia
2772 1946 2911 2016 ejus,
2937 1956 2985 2000 et
3027 1942 3409 2014 inrestigabiles
3449 1944 3548 1997 site
3586 1942 3729 2010 ejus!

2152 2042 2331 2113 (Rom.
2366 2057 2450 2102 xl,
2481 2039 2597 2107 '53.)
2642 2038 2756 2091 Non
2802 2037 3198 2097 substantiam,
3238 2051 3342 2089 non
3386 2033 3612 2089 formam
3653 2050 3733 2089 as-

2153 2135 2382 2204 sumpsit
2410 2131 2608 2201 angeli,
2634 2130 2730 2185 sed
2767 2129 2914 2184 venit
2948 2129 3002 2182 in
3034 2127 3381 2181 similitudine
3410 2127 3586 2181 carnis
3624 2143 3721 2196 pec-

2154 2224 2260 2280 cati
2308 2222 2485 2295 (Rom.
2528 2239 2656 2289 vm,
2703 2221 2797 2293 5),
2838 2220 3131 2291 assumpsit
3182 2219 3352 2273 lutum
3402 2228 3646 2273 nostrum
3686 2226 3732 2273 et

2155 2319 2393 2388 cognovit
2418 2317 2726 2387 ﬁgmentum
2753 2325 3019 2377 nostrum;
3047 2330 3109 2368 ac
3134 2313 3466 2378 recordatus,
3494 2312 3734 2384 quoniam

2154 2409 2322 2480 pulvis
2367 2425 2579 2473 sumus,
2605 2408 2758 2460 homo
2795 2407 2929 2461 sicut
2968 2405 3145 2472 fenum
3178 2403 3350 2476 (Psal.
3381 2421 3453 2460 cn
3473 2446 3488 2469 ,
3517 2402 3606 2469 14,
3633 2402 3735 2471 15).

2159 2499 2336 2556 factus
2364 2508 2449 2553 est
2475 2499 2590 2567 ipse
2620 2497 2826 2560 fenmn,
2854 2512 2918 2551 ne
2967 2505 3150 2550 nostra
3184 2496 3235 2550 in
3267 2503 3585 2566 perpetuum
3616 2507 3734 2548 caro

2159 2597 2508 2661 permaneret
2537 2587 2744 2652 feumn,
2772 2597 2828 2642 et
2858 2586 3038 2641 fenqu
3067 2596 3310 2641 nostrum
3344 2586 3509 2640 vertit
3548 2585 3600 2639 in
3641 2582 3720 2637 fru

2159 2688 2423 2746 mentum,
2449 2690 2504 2735 et
2527 2697 2581 2735 se.
2604 2681 2749 2734 nobis
2773 2679 2914 2732 dedit
2938 2695 3124 2748 panem
3147 2678 3319 2731 vivum
3346 2676 3530 2748 (Joan.
3555 2691 3632 2739 vt,
3653 2673 3712 2731 5i

2158 2770 2275 2843 52),
2300 2779 2358 2825 ut
2392 2770 2731 2840 trajiceretnr
2758 2770 2808 2824 in
2841 2784 3038 2840 corpus
3062 2777 3324 2829 nostrum.
3360 2775 3414 2822 et
3446 2781 3545 2823 nos
3566 2764 3727 2822 effice-

2158 2876 2346 2918 rentur
2383 2875 2582 2931 corpus
2623 2876 2777 2915 suunt
2800 2901 2814 2924 ,
2846 2869 2901 2913 et
2930 2876 2986 2911 os
3017 2875 3083 2912 e1:
3130 2858 3332 2912 ossibus
3361 2856 3511 2927 ejus,
3544 2867 3591 2909 et
3624 2872 3735 2910 carr

2158 2954 2224 3008 de
2247 2969 2404 3007 carne
2431 2953 2546 3022 ejus
2576 2948 2727 3020 (Gen.
2757 2966 2815 3015 ιι,
2843 2950 2957 3019 25).
2984 2949 3037 3002 lu
3060 2956 3380 3019 paupertate
3405 2948 3589 3003 carnis
3616 2962 3721 3002 sua!

2160 3061 2337 3100 omnes
2400 3047 2673 3099 thesauros
2745 3044 3020 3111 sapientia:
3070 3053 3116 3097 et
3160 3042 3391 3095 scientiis
3452 3039 3737 3095 recondidi!

473 3133 598 3187 bant
628 3147 847 3186 maerore
875 3148 985 3200 prie
1018 3132 1234 3202 spiritus
1267 3133 1581 3187 contritione
1607 3131 1743 3202 (lsa.
1776 3148 1900 3197 ων,
1931 3134 2050 3204 ll);
2085 3162 2129 3223 Ο
2162 3134 2361 3205 (Calas.
2395 3152 2453 3202 ll,
2483 3134 2653 3203 5);et
2677 3150 2800 3190 cum
2833 3150 2932 3188 nos
2958 3150 3054 3187 sua
3085 3134 3324 3188 memhra
3349 3130 3497 3196 fecit,
3534 3131 3739 3187 divitias

471 3222 749 3293 confusum
775 3222 1017 3292 prolecto
1042 3232 1118 3276 est
1141 3221 1392 3292 gaudium
1417 3241 1448 3276 a
1469 3221 1596 3290 ﬁliis
1619 3222 1889 3277 hominum
1917 3222 2057 3294 (Joel

474 3328 517 3378 ι,
544 3312 655 3385 12),
687 3322 743 3368 et
770 3312 880 3384 (-59)
915 3315 967 3368 in
995 3312 1256 3368 ultionem
1290 3313 1485 3384 proditi
1521 3312 1737 3367 athleta:
1766 3315 1882 3379 Dei,
1912 3332 2057 3369 com-

471 3406 604 3460 moti
632 3414 756 3460 sunt
787 3406 1031 3460 cardines
1058 3405 1173 3460 caeli
1205 3404 1343 3476 (Isa.
1370 3421 1452 3472 vt,
1477 3405 1534 3475 6)
1554 3446 1567 3468 ,
1601 3416 1655 3461 et
1682 3406 1937 3476 templum
1964 3424 2063 3463 an-

475 3495 745 3564 tiquitatis
783 3505 1163 3565 consumptum
1195 3505 1278 3550 est
1314 3496 1436 3565 igne
1477 3496 1713 3561 caelesti,
1746 3508 1801 3552 et
1828 3500 2059 3555 deaura-

476 3596 590 3647 tum
623 3586 1010 3642 simulachrum
1040 3587 1220 3657 Pythii
1244 3588 1559 3651 contritum,
1588 3597 1641 3643 et
1669 3589 1782 3659 (50)
1809 3593 2061 3646 materia.

476 3677 606 3751 liter
640 3677 993 3732 assimilatum
1027 3688 1102 3732 est
1126 3676 1323 3747 favillae
1348 3687 1395 3733 et
1426 3679 1591 3732 cineri
1619 3680 1741 3751 (Job
1786 3698 1914 3747 xxx,
1951 3682 2058 3751 19).

477 3766 732 3821 Proditor
761 3767 993 3836 sepulcri
1029 3769 1304 3838 martyris,
1337 3777 1526 3824 auctor
1552 3772 1752 3841 proprii
1780 3772 1954 3827 factus
1981 3783 2064 3830 est

479 3855 795 3918 dedecoris,
834 3863 891 3910 et
933 3857 1078 3911 unde
1117 3855 1492 3926 gloriosissimi
1536 3860 1687 3914 testis
1725 3859 1818 3914 Dei
1869 3861 2060 3932 gloria,

478 3947 608 4003 inde
648 3946 993 4003 daemoniacae
1029 3945 1290 4002 falsitatis
1324 3960 1480 4003 aucta
1530 3959 1612 4005 est
1657 3950 1971 4022 ignominia,
2010 3964 2065 4008 et

479 4040 803 4112 proditionis
831 4041 1062 4108 pretium
1095 4040 1148 4094 in
1179 4040 1471 4111 proditoris
1506 4056 1721 4098 versum
1755 4052 1838 4099 est
1864 4045 2064 4116 suppli-

478 4133 646 4189 cium.
701 4131 794 4187 Est
820 4131 1078 4195 (nimirum
1109 4131 1243 4185 mira
1282 4131 1376 4186 Dei
1410 4131 1808 4202 dispensatione
1835 4133 2066 4204 disposi-

482 4231 616 4289 tum,
644 4231 702 4276 ut
731 4222 890 4276 homo
925 4221 1089 4276 etiam
1123 4230 1316 4277 exutus
1352 4221 1648 4290 hominem,
1670 4223 1762 4294 jus
1791 4225 1988 4281 habeat
2013 4235 2066 4282 et

479 4321 734 4369 exerceat
769 4312 821 4367 in
856 4312 1139 4383 angelum,
1173 4312 1328 4380 cujus
1369 4327 1533 4383 super
1574 4314 1848 4370 hominem
1896 4316 2065 4386 impe-

480 4403 643 4464 rium,
680 4402 733 4456 in
769 4411 943 4458 morte
968 4402 1273 4457 mediatoris
1306 4401 1402 4456 Dei
1434 4414 1481 4456 et
1508 4405 1805 4468 hominum,
1840 4406 2065 4461 hominis

480 4491 814 4547 Christilesu
839 4491 891 4563 (l
917 4491 1052 4546 Tim.
1079 4507 1142 4556 tt,
1171 4491 1250 4561 5),
1272 4502 1359 4546 est
1378 4492 1651 4558 dirutum;
1682 4503 1737 4549 et
1756 4498 1845 4564 qui
1880 4497 2066 4565 prima:

482 4582 809 4639 conditionis
839 4582 1197 4652 praerogativa
1227 4583 1404 4636 factus
1426 4590 1511 4637 est
1539 4597 1702 4652 super
1725 4586 1907 4640 omnia
1939 4603 2069 4642 con-

484 4674 634 4736 dita,
680 4672 869 4744 prima:
921 4687 1135 4743 quoque
1192 4672 1636 4741 transgressionis
1689 4674 2068 4736 irremediabili

490 4763 644 4818 ruina
683 4762 935 4818 redactus
969 4762 1042 4817 sit
1074 4760 1213 4816 infra
1245 4765 1463 4828 omnia;
1492 4776 1545 4819 et
1576 4778 1737 4834 quem
1765 4767 1833 4821 ad
1857 4768 2069 4841 culpam

487 4852 633 4907 nulla
681 4854 846 4909 traxit
896 4852 1126 4906 infirmae
1174 4852 1358 4909 carnis
1404 4854 1733 4923 substantia;
1785 4857 1860 4913 illi
1903 4874 2068 4928 caro,

485 4940 644 5011 cujus
689 4943 978 4999 infirmitas
1014 4943 1183 4999 ruina:
1212 4960 1325 4999 suae
1366 4960 1430 5000 ae
1465 4947 1803 5015 praesidentis
1839 4960 1893 5006 et
1930 4951 2068 5007 vivi-

489 5031 705 5095 ﬁcantis
739 5049 799 5089 se
848 5033 1042 5088 auinue
1092 5035 1301 5090 exstitit
1343 5052 1530 5105 causa,
1558 5039 1863 5095 dominetur
1904 5042 2067 5096 etiam

491 5133 737 5190 mortua;
770 5134 826 5180 et
868 5139 1020 5180 versa
1066 5125 1213 5190 vice,
1255 5127 1303 5180 ei
1353 5127 1582 5198 imperet
1624 5132 1949 5200 prmposita,
1983 5131 2068 5185 cui

491 5217 713 5273 servivit
751 5217 991 5283 subdita;
1020 5227 1076 5273 et
1098 5217 1253 5286 cujus
1279 5234 1398 5275 esse
1426 5228 1511 5276 est
1543 5236 1609 5275 ex
1642 5221 1786 5276 lutea
1814 5223 2066 5289 materia,

565 5330 676 5403 (49)
718 5330 784 5385 1η
808 5331 1052 5403 ultionem
1074 5333 1267 5400 proditi
1287 5331 1493 5388 athleta!
1518 5334 1632 5389 Dei.
1659 5334 1938 5390 Sententia
1959 5346 2061 5389 est.

491 5404 634 5472 quod
656 5402 901 5475 diabolus
928 5404 1277 5475 prodidisset,
1296 5414 1351 5475 et
1371 5404 1491 5473 ejici
1514 5416 1757 5459 curasset
1784 5404 2065 5475 Babylam,

493 5475 662 5545 ipsius
694 5472 947 5542 templum
983 5473 1164 5527 statim
1206 5472 1427 5545 fulmine
1455 5483 1656 5529 tactum
1691 5472 2065 5545 conflagravit.

491 5542 626 5595 Vide
662 5552 911 5597 auctores
940 5552 1066 5597 ante
1096 5544 1418 5597 nominatos.

565 5606 675 5683 (50)
718 5611 1450 5683 Materialiter.-Valet,_meo
1482 5611 1713 5678 judicio,
1756 5614 1924 5683 reipsa
1949 5630 1968 5669 .'
2003 5630 2069 5669 ne

491 5681 616 5750 quis
658 5679 998 5737 existimaret
1037 5679 1149 5736 sola
1197 5681 1626 5737 Christianorum
1675 5679 2068 5748 aestimatione,

494 5765 591 5816 oro
614 5750 795 5806 favilla
820 5760 875 5807 et
902 5752 1084 5807 cinere
1115 5750 1384 5815 habitum;
1424 5750 1566 5819 quod
1597 5752 1913 5822 utiquejam
1941 5762 2070 5809 ante

2161 3241 2298 3297 quas
2327 3241 2510 3281 secum
2556 3224 2739 3280 attulit
2766 3226 2819 3278 in
2847 3223 3169 3279 exstinctam
3201 3237 3416 3293 quoque
3455 3222 3743 3277 electorum

2162 3334 2382 3375 carnem
2409 3333 2473 3373 ac
2497 3334 2615 3373 ossa
2652 3315 2880 3372 mirifice
2911 3314 3185 3370 transtulit
3211 3333 3223 3368 :
3254 3323 3308 3369 ct
3336 3314 3478 3368 sicut
3506 3314 3619 3385 ipse
3655 3327 3747 3366 na-

2164 3419 2284 3465 tura
2325 3418 2409 3464 est
2430 3407 2599 3463 Filius
2640 3408 2755 3473 Dei,
2780 3409 2881 3474 sic,
2912 3407 3002 3475 qui
3040 3404 3240 3476 Spiritu
3280 3404 3378 3459 Dei
3411 3415 3667 3476 aguntur,
3694 3403 3748 3456 hi

2163 3500 2453 3572 adoptione
2480 3510 2598 3554 sunt
2621 3499 2721 3569 ﬁlii
2747 3498 2843 3554 Dei
2871 3496 3043 3569 (Rom.
3072 3513 3190 3562 vm,
3226 3497 3346 3565 Li);
3379 3507 3435 3551 et
3457 3496 3593 3552 sicut
3628 3512 3749 3550 caro

2165 3589 2280 3659 ejus
2311 3606 2414 3643 non
2438 3589 2562 3643 vidit
2584 3591 2964 3658 corruptionem
2996 3587 3134 3658 (Act.
3167 3604 3225 3653 tt,
3255 3588 3346 3653 27,
3375 3588 3490 3660 3i),
3522 3589 3601 3643 sic
3623 3602 3749 3642 caro

2166 3678 2379 3733 illorum
2410 3678 2731 3733 naturaliter
2758 3678 3149 3749 corruptibilis,
3180 3693 3285 3733 non
3318 3678 3520 3732 amittit
3547 3676 3639 3732 Dei
3665 3676 3750 3732 sui

2165 3784 2333 3840 super
2360 3785 2420 3825 se
2451 3769 2957 3824 sanctificationem.

2697 3880 3096 3939 CAPITULUM
3141 3882 3200 3937 V.

2167 3996 2244 4052 De
2275 4009 2574 4071 sanctorum
2595 4010 2854 4053 semotum
2888 4000 3187 4055 suavissimi
3227 4001 3407 4054 odoris
3435 4000 3751 4071 fragrantia,

2236 4071 2490 4187 etdempli
2521 4069 2642 4135 Dei,
2672 4082 2718 4123 et
2747 4086 2909 4135 ιιι-σαι,
2937 4080 2985 4124 et
3024 4071 3242 4138 altaris,
3272 4069 3604 4141 cooptatione
3642 4090 3754 4143 my-

2236 4155 2261 4187 8
2287 4154 2388 4187 tea.

2236 4154 2388 4191 sttca.

2239 4228 2355 4285 Non
2389 4231 2501 4302 (5|)
2531 4231 2691 4286 habet
2723 4231 2774 4286 in
2807 4248 2886 4296 se,
2921 4248 3025 4288 non
3055 4233 3228 4305 egerit
3265 4248 3333 4288 ex
3363 4247 3422 4288 se
3452 4233 3755 4304 corruptio-
3790 4276 3797 4283 .

2169 4319 2255 4376 nis
2286 4320 2533 4385 fetorem,
2568 4322 2659 4376 sed
2694 4321 2885 4377 futurae
2909 4322 3332 4394 incorruptionis
3358 4322 3618 4387 odorem;
3647 4340 3769 4385 non

2168 4411 2298 4478 olet,
2337 4413 2429 4466 sed
2457 4411 2687 4474 redolet;
2720 4428 2825 4467 non
2859 4427 3039 4469 aerem
3081 4413 3272 4479 inlicit,
3303 4414 3398 4469 sed
3426 4414 3756 4484 paradisiaci

2096 4499 2145 4558 D
2171 4502 2356 4559 odoris
2392 4502 2662 4559 suavitate
2708 4520 2865 4559 nares
2904 4515 2958 4560 et
3008 4515 3225 4574 pectora
3263 4504 3502 4561 fidelium
3548 4504 3752 4563 afficit:

2174 4591 2304 4646 nulli
2363 4592 2557 4658 officit,
2588 4593 2695 4648 imo
2736 4593 2895 4649 saluti
2948 4594 3190 4649 omnium
3242 4594 3493 4665 prolicit;
3528 4595 3753 4651 fetentes

2173 4693 2322 4739 artus
2354 4684 2482 4740 facit
2514 4700 2618 4740 non
2643 4686 2810 4742 fetere
2838 4705 2849 4740 :
2887 4686 3253 4742 infirmitatem
3286 4686 3512 4757 expellit
3534 4687 3758 4742 infirmi-

2173 4784 2283 4830 tate
2310 4790 2324 4828 :
2355 4776 2559 4830 saniem
2600 4778 2843 4847 corporis
2879 4793 2943 4833 ac
2988 4779 3185 4834 anima:
3235 4779 3446 4848 peccati
3492 4779 3756 4835 confectae

2171 4866 2414 4930 vulnere,
2444 4875 2551 4922 tam
2581 4884 2691 4924 suae
2726 4870 3090 4940 corruptionis
3116 4870 3290 4937 sanie,
3324 4886 3492 4941 quam
3535 4871 3758 4940 spiritus

2172 4954 2253 5010 sui
2281 4967 2435 5010 curat
2461 4959 2834 5015 medicamine.
2861 4960 2989 5029 Quae
3014 4961 3331 5033 plerumque
3359 4962 3411 5016 iu
3438 4962 3652 5017 sanctis
3682 4959 3758 5014 vel

2171 5046 2472 5116 podagrici,
2518 5049 2603 5103 vel
2641 5050 2952 5121 chiragrici,
3000 5062 3094 5106 aut
3132 5052 3431 5124 hydropici,
3481 5061 3579 5107 aut
3623 5052 3757 5106 alius

2172 5133 2400 5202 alicujus
2429 5136 2721 5194 inordinati
2754 5141 2998 5197 humoris
3034 5143 3388 5197 exuberantia
3419 5142 3562 5213 (52),
3593 5143 3754 5198 etiam

2173 5226 2726 5286 familiarissimorum
2765 5248 2795 5287 a
2836 5250 2895 5289 se
2935 5237 3229 5292 summovit
3274 5235 3680 5306 frcquenliam,
3705 5241 3756 5291 et

2169 5353 2356 5393 verum
2380 5357 2440 5394 01³
2458 5351 2515 5396 .ι.

2244 5408 2355 5479 (51)
2382 5410 2681 5488 Noaliabet
2704 5414 2757 5467 in
2784 5414 2946 5488 se.De
2964 5430 3130 5472 carne
3155 5424 3469 5473 sanctorum
3493 5416 3754 5488 loquitur,

2172 5479 2238 5532 de
2266 5495 2371 5604 gua
2405 5480 2455 5535 in
2495 5484 2599 5537 line
2625 5500 2743 5552 cap.
2771 5483 2825 5539 4.

2245 5556 2259 5604 ι
2302 5550 2356 5604 2)
2383 5551 2559 5604 Etiam
2608 5553 2825 5604 fanti/im

2245 5550 2356 5620 (52)
2383 5551 2559 5605 Etiam
2606 5550 3141 5622 familiarissimorum
3172 5574 3205 5613 a
3240 5573 3296 5611 se
3343 5560 3623 5613 summat-it
3655 5557 3753 5622 fre-

2171 5622 2458 5701 quendam:
2500 5622 2553 5701 ld
2597 5639 2700 5701 non
2735 5625 2934 5701 inlimis
2963 5636 3174 5701 tantum
3203 5636 3258 5682 et
3297 5636 3465 5701 terra;
3496 5628 3645 5701 filiis
3667 5640 3758 5681 ac-

2173 5689 2323 5774 cidit,
2355 5691 2447 5774 sed
2475 5700 2529 5745 et
2560 5693 2795 5774 regibus.
2843 5693 3023 5774 Testis
3049 5697 3243 5768 impius
3296 5696 3386 5774 ille
3431 5699 3721 5753 Antiochus
3741 5740 3757 5764 ,

2173 5764 2323 5828 cujus
2368 5761 2527 5830 odore
2555 5773 2601 5817 et
2636 5764 2801 5832 fetore
2843 5761 3489 5835 exercitus'qravabatur.
3532 5780 3582 5824 et
3615 5761 3763 5828 autem
