4034 6364
277 411 385 468 5Ξ9

1163 407 1430 468 FLORES
1467 405 1806 464 EPlTAPHll
1847 403 2290 463 SANCTORUM.
2325 437 2390 448 ο·-
2426 406 2562 464 LIB.
2601 409 2646 466 1.

3429 417 3536 473 330

279 524 625 582 sedulitatem
669 523 1155 593 iucundissimam;
1184 533 1308 594 post
1353 524 1548 579 anima:
1577 521 1860 592 dijugium,
1891 521 1938 579 Α
1965 516 2177 574 Veteris
2203 528 2257 575 et
2281 519 2414 577 Novi
2444 521 2806 590 Testamenti;
2838 521 2993 596 cujus
3021 524 3242 597 sanguis
3261 525 3430 584 clavis
3453 539 3540 584 est

275 633 466 675 omnes
493 615 861 687 cujuscunque
882 617 1208 673 conditionis
1227 627 1284 673 et
1310 617 1568 683 nationis,
1603 615 1672 671 ad
1698 615 1861 688 glori-

274 712 546 766 ﬁcandum
578 710 829 765 Auctoris
857 710 1084 766 interna:
1105 711 1390 767 suavitatis
1411 711 1856 776 muniﬁcentiam,

277 799 687 872 persuavissimi
734 798 918 854 odoris
959 798 1026 854 de
1054 799 1340 869 putredine
1365 798 1661 868 spirantis,
1693 796 1860 852 allicit

278 891 653 962 fragrantiam.
687 887 882 946 Odoris
907 891 1107 962 quippe
1133 891 1376 948 suavitas
1413 893 1608 948 animae
1631 891 1863 962 dignita-

275 991 387 1038 tem
412 991 466 1036 et
494 982 842 1048 munditiam;
880 981 1066 1039 fetoris
1089 983 1400 1040 obscenitas
1423 984 1660 1040 ostendit
1681 984 1862 1039 carnis

275 1072 541 1128 vilitatem
571 1081 627 1128 et
667 1073 1063 1128 immunditiam
1100 1073 1200 1129 :ln
1241 1074 1410 1130 olenti
1453 1089 1647 1142 carne,
1678 1076 1860 1132 carnis

272 1164 426 1219 olent
465 1165 737 1235 spurcitia:
776 1181 840 1221 ac
880 1165 1038 1232 vitia;
1071 1165 1124 1220 iu
1164 1165 1434 1222 odorifera
1464 1165 1678 1232 anima,
1706 1167 1862 1222 redoo

275 1248 391 1306 ient
440 1252 670 1306 virtutes
714 1267 778 1307 ac
824 1250 1038 1306 merita.
1086 1251 1228 1308 Caro
1275 1253 1449 1320 olida,
1486 1254 1713 1324 spiritus
1760 1255 1860 1309 im-

273 1345 463 1398 mundi
492 1344 640 1398 curia
660 1385 674 1409 ,
709 1360 871 1414 quam
901 1344 1016 1410 ille,
1057 1349 1341 1416 assumptis
1368 1358 1560 1418 septem
1589 1349 1859 1418 spiritibus

273 1436 610 1506 aequioribus
637 1453 712 1504 se,
741 1435 1004 1506 ingressus
1037 1448 1110 1492 est
1133 1448 1421 1503 vacantem,
1443 1449 1492 1493 et
1518 1441 1687 1508 scopis
1708 1455 1858 1493 mun-

271 1527 459 1582 datant
503 1527 718 1598 (Matth.
753 1543 852 1595 sit,
885 1529 1010 1601 45);
1055 1529 1316 1596 resoluta,
1343 1530 1582 1588 ostendit
1610 1546 1771 1600 quam
1803 1531 1855 1585 in

272 1635 338 1676 se
377 1623 672 1692 turpissimi
723 1623 963 1693 hospites
1001 1632 1364 1679 exercuerunt
1411 1623 1806 1679 immunditiam
1838 1642 1853 1679 :

271 1711 418 1767 Caro
449 1723 626 1768 autem
651 1724 856 1779 sancta,
882 1715 1106 1785 spiritus
1130 1715 1304 1770 sancti
1335 1714 1476 1782 aula,
1505 1724 1560 1771 et
1581 1717 1858 1772 reclinata-

273 1804 416 1857 rium
445 1823 660 1860 aureum
693 1804 868 1877 (Cant.
898 1823 982 1874 Ill,
1012 1807 1120 1871 10),
1150 1807 1202 1861 in
1226 1823 1332 1878 quo
1353 1825 1472 1862 cum
1499 1807 1659 1862 Patre
1689 1825 1856 1864 caena-

1963 613 2229 682 paradisi;
2268 614 2359 684 qui
2393 615 2660 686 sapientia
2695 616 2874 672 Patris
2909 616 3084 686 factus
3126 629 3201 673 est
3234 621 3537 690 propitiatio

1959 719 2054 772 pro
2073 703 2298 772 peccatis
2321 707 2512 761 nostris
2533 705 2585 778 (1
2613 706 2775 762 Joan.
2809 723 2867 774 tt,
2895 706 2983 779 2);
3009 708 3094 764 cui
3135 724 3238 764 non
3267 726 3542 780 compara.

1961 802 2050 848 tur
2077 811 2266 848 aurum
2298 797 2532 852 obrizum
2558 797 2680 869 (Job
2712 815 2904 867 xxvm,
2930 800 3052 871 15);
3075 802 3166 872 qui
3191 803 3415 857 vincenti
3447 804 3540 858 dat

1960 900 2156 939 manna
2210 885 2576 943 absconditum
2624 889 2811 961 (Apoc.
2839 907 2914 956 ιι,
2947 891 3036 962 17)
3081 891 3452 948 dulcissimum
3485 905 3544 951 et

1960 977 2450 1032 eminentissimum
2478 1019 2494 1045 ,
2533 979 2960 1037 immortalitatis
3008 991 3064 1037 et
3105 984 3344 1040 caelestis
3383 985 3542 1056 panis

1961 1068 2189 1133 donum;
2212 1070 2303 1138 qui
2329 1071 2474 1142 leges
2496 1087 2623 1127 suas
2645 1088 2748 1126 non
2770 1082 3086 1140 atramento,
3110 1078 3200 1129 sed
3235 1076 3422 1143 spiritu
3446 1077 3543 1133 Dei

1960 1162 2085 1226 uiui;
2109 1178 2212 1216 non
2234 1162 2286 1216 in
2309 1162 2501 1218 tabulis
2517 1163 2756 1234 lapideis,
2772 1165 2861 1219 sed
2875 1165 2931 1220 in
2946 1166 3139 1221 tabulis
3161 1168 3335 1224 cordis
3353 1187 3544 1224 carna-

1959 1253 2155 1325 tibus(l
2165 1253 2191 1307 1
2205 1253 2328 1308 Cor.
2347 1271 2428 1322 nt,
2441 1257 2496 1326 5)
2513 1257 2864 1328 superscribit
2881 1273 2896 1324 ;
2915 1255 3068 1326 cujus
3083 1259 3264 1315 carnis
3285 1261 3441 1316 tertia
3456 1261 3544 1318 die

1961 1344 2414 1400 resurrectionem
2438 1347 2583 1416 uirga
2607 1347 2785 1402 Aaron
2806 1346 3173 1418 pratliguravit
3192 1347 3384 1420 (Num.
3405 1365 3541 1416 xvii,

1959 1435 2012 1504 8)
2031 1451 2044 1489 :
2061 1450 2182 1506 quas
2205 1436 2348 1490 inter
2370 1437 2658 1493 duodecim
2679 1438 2884 1510 virgas,
2908 1446 3108 1495 nostrae
3129 1455 3298 1510 usque
3320 1440 3374 1496 in
3400 1451 3545 1498 tem-

1955 1538 2089 1590 pora
2138 1524 2520 1590 restitutionis,
2551 1526 2794 1581 omnium
2827 1526 3094 1582 ariditatis
3130 1535 3305 1599 typos,
3339 1528 3452 1584 sola
3486 1530 3543 1584 in

1957 1615 2278 1687 mysterium
2308 1618 2554 1688 corporis
2586 1617 2825 1686 Domini,
2860 1619 2974 1674 veri
3005 1618 3319 1676 Sacerdotis
3348 1622 3540 1687 nostri,

1957 1717 2079 1778 post
2127 1708 2318 1763 mortis
2365 1710 2673 1768 ariditatem
2701 1750 2718 1775 ,
2783 1711 2836 1766 in
2881 1713 3298 1770 resurrectionis
3351 1713 3542 1770 ﬂorem

1955 1805 2328 1872 erumpentis,
2365 1803 2478 1874 (55)
2527 1805 2582 1858 in
2611 1804 2750 1858 tribu
2789 1803 2909 1858 Levi
2959 1805 3028 1859 ad
3075 1803 3261 1860 ﬂorem
3307 1807 3466 1861 rediit
3490 1819 3548 1862 et

268 1895 341 1949 rit
372 1893 542 1950 Filius
565 1873 745 1966 (Apoc.
768 1873 1080 1966 ut,20),cui
1104 1912 1199 1966 per
1221 1873 1490 1953 ascensum
1512 1915 1852 1968 purpureum,
1887 1873 1932 1933 Β
1959 1891 2231 1960 fronduit;
2259 1905 2315 1950 et
2340 1873 2482 1965 quod
2505 1903 2699 1949 natura
2728 1910 2833 1950 non
2866 1895 3090 1961 habuit,
3139 1895 3374 1952 fructum
3405 1912 3533 1968 pro-

265 1981 339 2040 de
368 1986 526 2057 lignis
556 1987 742 2041 Libani
771 1997 856 2043 est
882 1989 1137 2059 ferculum
1184 1986 1360 2060 (Cant.
1389 2004 1474 2055 ιιι,
1506 1988 1594 2054 10,
1629 1989 1708 2061 9),
1737 1991 1853 2044 evi-

264 2079 590 2134 dentissime
628 2080 869 2135 declarat
902 2097 999 2152 per
1034 2083 1256 2136 odorem
1303 2081 1622 2149 miriﬁcum,
1655 2081 1772 2152 ejus
1799 2084 1853 2138 in

265 2183 333 2223 se
361 2182 484 2222 cum
509 2184 717 2224 summa
750 2169 1073 2240 reverentia,
1099 2186 1221 2226 cum
1244 2187 1454 2226 summa
1482 2173 1764 2229 honeState
1790 2189 1857 2230 ac

267 2259 540 2313 modestia
567 2260 902 2328 recubilum;
929 2262 1082 2332 cujus
1108 2271 1292 2332 guttur
1311 2272 1385 2317 est
1414 2265 1778 2318 suavissimum
1807 2274 1856 2319 et

265 2365 418 2420 gente
453 2351 590 2405 sicut
619 2351 812 2407 areolte
843 2363 1140 2407 aromatum
1181 2353 1358 2424 (Cant.
1391 2371 1446 2422 v,
1481 2355 1567 2424 16,
1596 2357 1706 2426 15).
1746 2356 1854 2412 Sed

266 2441 316 2497 si
363 2441 484 2511 quis
522 2442 684 2498 dente
735 2443 1016 2500 Theonino
1059 2446 1249 2502 rodere
1283 2461 1382 2503 nos
1420 2446 1681 2514 voluerit,
1708 2450 1853 2519 quod

265 2547 490 2589 carnem
513 2543 823 2589 sanctorum
839 2535 1056 2590 domum
1073 2536 1165 2591 Dei
1189 2537 1566 2608 praesumimus
1581 2550 1850 2608 astruere,

267 2625 507 2692 noverit,
535 2641 658 2681 esse
684 2627 1082 2682 tabernaculum
1110 2634 1340 2685 exterius
1372 2643 1418 2686 et
1454 2632 1852 2688 tabernaculum

266 2721 489 2775 interius
508 2719 692 2792 (Hebr.
711 2737 786 2784 ix,
819 2720 876 2785 2,
901 2721 958 2790 5)
985 2739 1000 2774 :
1025 2723 1258 2790 noverit,
1284 2725 1604 2795 Apostolum
1627 2726 1849 2793 dixisse,

264 2815 460 2870 eodem
484 2813 670 2885 spiritu
695 2814 792 2870 sed
816 2814 972 2882 longe
995 2814 1100 2869 alio
1122 2814 1419 2880 intellectu,
1439 2818 1562 2874 Scio
1584 2819 1724 2889 quod
1745 2836 1851 2874 non

265 2906 528 2982 inhabitat
549 2907 602 2960 in
622 2922 778 2960 carne
793 2921 907 2960 mea
930 2905 1121 2958 bonum
1145 2905 1316 2978 (Rom.
1344 2924 1439 2974 vn,
1465 2908 1582 2982 ~18);
1611 2919 1664 2964 et
1685 2911 1847 2966 item:

268 2980 505 3053 Nescitis
529 2999 650 3068 quia
675 3015 891 3068 corpora
914 3012 1080 3056 vestra
1107 3001 1353 3072 templum
1374 3011 1449 3057 est
1473 2980 1706 3074 Spiritus
1728 3021 1851 3059 san-

264 3091 378 3144 cti?
411 3088 461 3162 (1
486 3091 608 3145 Cor.
636 3106 709 3156 vt,
736 3091 848 3160 19.)
878 3091 1160 3164 Templum
1189 3092 1432 3165 profecto
1460 3094 1554 3149 Dei
1585 3103 1712 3150 sunt
1740 3107 1849 3151 tam

263 3199 498 3253 corpora
537 3198 700 3253 quam
751 3185 1311 3255 spiritus-electorum
1349 3186 1472 3255 Dei,
1501 3196 1556 3243 et
1584 3187 1848 3243 benedicta
1877 3223 1923 3286 c

263 3274 439 3343 gloria
488 3273 699 3328 Domini
744 3275 810 3330 de
856 3275 969 3330 loco
1015 3293 1110 3332 suo
1139 3276 1357 3349 (Ezech.
1383 3293 1475 3344 ιιι,
1507 3278 1626 3349 12),
1663 3281 1751 3334 uhi
1795 3281 1852 3335 in

262 3366 457 3435 spiritu
482 3365 815 3432 humilitatis,
837 3376 888 3420 et
912 3369 1090 3422 animo
1114 3369 1334 3423 contrito
1359 3368 1595 3441 (Daniel.
1627 3386 1709 3435 ιιι,
1735 3370 1848 3438 59),

267 3461 583 3517 holocausta
614 3460 830 3534 pinguia
858 3471 914 3518 et
941 3462 1250 3529 medullata,
1276 3477 1444 3534 opera
1467 3463 1718 3519 videlicet
1741 3464 1851 3520 Deo

265 3554 648 3626 acceptabilia,
677 3563 732 3610 et
753 3564 864 3610 tota
888 3555 1194 3612 orationum
1229 3555 1485 3628 lacrymis
1514 3556 1710 3626 infusa,
1741 3557 1852 3612 Deo

264 3646 505 3702 tiﬂ'eruut
548 3647 642 3702 lilii
693 3645 819 3712 Dei,
852 3655 902 3702 et
937 3649 1169 3702 ascendit
1213 3649 1390 3718 fumus
1433 3647 1760 3704 incensorum
1787 3649 1852 3704 de

266 3756 432 3793 manu
472 3739 675 3810 angeli,
709 3755 868 3807 super
894 3738 1060 3794 altare
1095 3756 1314 3794 aureum
1334 3781 1349 3803 ,
1376 3741 1516 3811 quod
1547 3751 1623 3796 est
1649 3743 1704 3796 in
1731 3758 1852 3796 con-

265 3842 448 3900 specta
485 3830 695 3886 Domini
738 3831 923 3901 (Apoc.
953 3846 1072 3898 vm,
1105 3830 1156 3892 4,
1191 3832 1267 3902 5).
1295 3831 1350 3885 In
1388 3831 1523 3886 tanti
1549 3834 1850 3887 sanctuario

265 3920 450 3991 templi
477 3923 647 3991 posita
679 3932 753 3977 est
788 3937 914 3976 arca
940 3923 1232 3976 testamenti
1263 3919 1384 3993 (111
1408 3920 1534 3995 Reg.
1567 3938 1642 3988 vt,
1673 3923 1762 3992 19)
1783 3939 1852 3979 ex

271 4013 696 4082 imputribilibus
721 4021 776 4069 et
797 4013 864 4068 ad
896 4014 1072 4084 ignem
1101 4014 1512 4070 durescentibus
1534 4031 1638 4070 non
1662 4015 1854 4070 arden-

271 4105 418 4160 tibus
443 4104 555 4176 (55)
589 4105 744 4178 lignis
774 4106 924 4160 setim
957 4105 1151 4176 (Exod.
1180 4120 1399 4171 xxxv",
1432 4105 1518 4179 1);
1550 4122 1678 4162 caro
1707 4108 1855 4164 vide-

269 4195 400 4252 licet
427 4195 804 4267 Redemptoris
825 4196 1212 4263 nostri,viridis
1237 4197 1367 4268 ligni
1380 4196 1532 4267 (Luc.
1556 4213 1710 4263 mu,
1734 4200 1850 4269 51),

239 4287 387 4343 ‘sola
419 4290 701 4344 tremenda
750 4297 806 4344 et
846 4287 1120 4344 adoranda
1163 4288 1425 4344 cherubin
1463 4298 1521 4344 et
1556 4291 1846 4362 seraphin;

268 4380 386 4435 sola
413 4393 568 4436 extra
590 4380 954 4436 conditionem
983 4388 1212 4446 naturas,
1238 4379 1290 4434 in
1317 4388 1579 4435 aeternum
1607 4380 1852 4452 imputri~

265 4474 431 4540 bilis,
460 4482 517 4529 et
553 4473 665 4546 (54)
707 4475 917 4546 exiguae
951 4473 1250 4544 passionis;
1281 4473 1546 4527 durabilis
1581 4481 1639 4528 et
1676 4474 1852 4529 incor-

1957 1983 2099 2039 tulit.
2127 1986 2305 2056 Atque
2334 1985 2450 2040 haec
2473 1984 2700 2056 mystica
2725 1995 2781 2040 et
2807 1984 3066 2042 salutaris
3088 2001 3234 2052 arca,
3259 1989 3394 2042 inter
3413 1989 3546 2044 duos

1954 2091 2142 2131 aureos
2171 2086 2220 2131 et
2256 2076 2575 2147 productiles
2607 2075 2858 2130 cherubin
2893 2075 3102 2146 (Exod.
3152 2093 3279 2142 xxv,
3332 2078 3421 2148 18)
3462 2089 3552 2134 est

1953 2169 2280 2234 constituta;
2311 2169 2456 2224 inter
2475 2168 2761 2234 cherubin,
2790 2167 3034 2239 inquam,
3061 2183 3161 2240 per
3181 2185 3316 2240 quos
3339 2182 3550 2227 sancta:

1955 2261 2168 2329 animae,
2213 2268 2268 2316 et
2297 2263 2481 2316 carnis
2511 2261 2564 2316 in
2615 2259 2954 2332 plenitudine
2993 2261 3190 2318 divinae
3216 2262 3463 2319 scientiae
3493 2275 3550 2320 et

1954 2353 2244 2410 charitatis
2308 2354 2666 2410 sanctimonia
2724 2353 3076 2426 intelligitur,
3132 2363 3188 2410 et
3241 2354 3544 2422 munditia;

1953 2446 2079 2516 quia
2107 2461 2205 2515 per
2233 2446 2618 2516 redemptionis
2659 2445 2909 2502 humana:
2938 2447 3258 2518 mysterium
3305 2449 3549 2504 sanctiﬁ-

1953 2547 2150 2594 cantur
2195 2553 2392 2607 corpus
2419 2548 2474 2593 et
2505 2537 2706 2606 anima,
2735 2547 2790 2594 et
2832 2539 2900 2596 de
2947 2554 3083 2594 auro
3130 2538 3340 2612 fulgent
3367 2541 3542 2612 puris-

1953 2626 2114 2692 simo,
2151 2629 2217 2684 de
2260 2629 2444 2685 divina
2476 2629 2718 2700 profecto
2746 2631 3042 2701 sapientia;
3071 2640 3234 2702 atque
3273 2633 3547 2689 cuduntur

1952 2727 2006 2774 et
2033 2718 2407 2782 producuntur
2432 2735 2528 2791 per
2567 2719 3007 2778 laboriosissimae
3049 2720 3210 2789 hujus
3240 2724 3363 2780 vitae
3387 2740 3545 2782 exer-

1951 2811 2305 2874 citamina,nt
2333 2811 2548 2882 utrique
2576 2813 2630 2866 in
2652 2813 2736 2867 die
2760 2811 2972 2868 Domini
2996 2815 3162 2868 nostri
3181 2811 3312 2869 Iesu
3337 2813 3543 2872 Christi

1950 2889 2217 2958 serventur
2232 2906 2345 2960 sine
2363 2904 2575 2976 querela
2595 2903 2650 2976 (l
2675 2903 2856 2960 Thess.
2879 2920 2932 2968 ν,
2954 2905 3070 2977 25).
3093 2905 3334 2978 Cumque
3361 2911 3545 2965 omnia

1951 3011 2072 3065 quae
2100 2995 2429 3067 tropologice
2470 2997 2535 3050 de
2563 2996 2863 3053 electorum
2901 2996 3159 3054 dicuntur
3184 2998 3380 3070 capite,-
3411 3000 3546 3071 ipsis

1951 3101 2166 3158 quoque
2203 3089 2465 3143 membris
2493 3097 2799 3160 congruant
2845 3090 3104 3160 mystice;
3135 3091 3333 3149 animae
3375 3095 3544 3152 etiam

1954 3191 2265 3237 sanctorum
2295 3189 2352 3236 ct
2388 3189 2594 3236 somata
2626 3190 2752 3236 sunt
2788 3182 3097 3238 testamenti
3130 3197 3282 3250 arca,
3314 3184 3461 3241 intus
3489 3197 3549 3244 et

1954 3270 2088 3327 foris
2133 3286 2268 3328 auro
2295 3280 2436 3329 tecta
2465 3272 2633 3343 :quia
2664 3273 2811 3328 intus
2849 3270 3054 3349 fulgent
3081 3273 3262 3330 divina
3292 3277 3541 3344 scientia.

1953 3376 2008 3424 et
2034 3367 2164 3422 foris
2193 3367 2396 3437 optima
2416 3381 2631 3422 morum
2656 3367 3011 3437 congruentia
3039 3381 3055 3422 :
3083 3377 3139 3424 et
3170 3368 3223 3423 in
3253 3369 3335 3425 cis
3370 3373 3544 3441 posita

1952 3468 2028 3514 est
2080 3458 2379 3528 testiﬁcatio
2407 3456 2606 3526 (Exod.
2640 3473 2766 3522 xxv,
2799 3457 2922 3530 16),
2950 3458 3001 3514 id
3031 3467 3115 3517 est
3143 3461 3321 3518 omnis
3339 3473 3546 3520 sanctas

1953 3551 2214 3608 doctrinae
2237 3551 2600 3618 abundantia;
2640 3561 2696 3606 et
2723 3567 2789 3606 ex
2818 3561 3037 3621 utroque
3076 3553 3240 3611 latere
3277 3557 3545 3614 assistunt

1951 3643 2198 3698 cherubin
2231 3642 2384 3715 (ibid.
2435 3643 2546 3716 18),
2593 3644 2911 3714 angelorum
2958 3646 3214 3702 videlicet
3253 3651 3538 3716 custodia;

1951 3745 2012 3791 ut
2036 3737 2262 3792 interius
2284 3737 2631 3809 exteriusque
2660 3738 2975 3796 muniantur
3003 3743 3072 3800 ab
3095 3744 3543 3802 exterminatoris

1951 3825 2173 3898 Egypti
2201 3826 2411 3881 szevitia
2440 3826 2640 3897 (Exod.
2674 3842 2770 3896 ιιι,
2818 3830 2931 3901 29).
2966 3831 3032 3887 Et
3072 3834 3126 3888 in
3170 3842 3281 3889 tam
3311 3836 3541 3894 miriﬁco

1953 3916 2046 3971 Dei
2099 3915 2297 3987 templo
2347 3925 2443 3972 est
2499 3918 2788 3990 mysticum
2847 3921 3019 3978 altare
3067 3923 3287 3994 (Exod.
3337 3943 3447 3984 xxv
3490 3937 3543 3982 et

1952 4011 2158 4082 seqq.),
2193 4025 2290 4065 cor
2314 4012 2750 4083 purgatissimum
2777 4023 2832 4069 et
2857 4016 3172 4086 spirituale;
3207 4019 3261 4075 in
3304 4035 3412 4091 quo
3452 4035 3543 4076 sa.

1951 4105 2145 4159 cerdos
2181 4100 2323 4172 (Leu.
2359 4117 2448 4167 v1,
2481 4105 2549 4160 12
2596 4103 2775 4174 seqq.)
2809 4105 2972 4160 homo
3019 4108 3252 4178 quisque
3293 4117 3537 4173 sanctus.

1952 4193 2133 4250 anima
2161 4203 2217 4249 et
2244 4208 2471 4264 corpore
2509 4194 2910 4251 indeﬂcientem
2943 4196 3114 4252 nutrit
3144 4199 3324 4270 ignem
3353 4200 3536 4255 chari-

1953 4286 2082 4342 tatis
2130 4287 2389 4358 geminae;
2433 4302 2499 4343 ac
2547 4301 2614 4342 ne
2647 4300 2886 4357 unquam
2931 4287 3328 4358 cxstinguatur,
3380 4306 3540 4346 mane

1951 4393 2051 4448 per
2079 4378 2320 4449 singulos
2364 4377 2503 4442 dies,
2535 4378 2590 4433 in
2637 4385 2761 4434 ortu
2813 4377 2944 4434 solis
2983 4378 3232 4450 justitim.
3263 4378 3536 4436 illustrata

1952 4469 2152 4524 mentis
2179 4467 2438 4538 caligine;
2467 4467 2633 4540 ligna,
2665 4477 2773 4524 tam
2819 4469 3064 4541 exempla
3099 4468 3346 4538 Patrum,
3373 4485 3537 4540 quam

266 4569 574 4638 ωριίιηιίε,
608 4569 732 4640 quia
772 4568 886 4624 εοιει
931 4568 985 4623 in
1016 4566 1126 4622 ﬁne
1165 4577 1470 4636 temporum
1500 4575 1763 4637 concepta
1794 4577 1851 4622 ει
1879 4569 1928 4630 ι)
1952 4565 2219 4628 praecepta
2267 4555 2545 4612 Dominica
2593 4557 2857 4628 congerit,
2887 4566 2944 4612 et
2982 4573 3103 4614 sese
3153 4557 3535 4614 holocaustum

263 4663 548 4732 progenita
598 4669 681 4715 est
716 4668 906 4715 contra
956 4669 1203 4714 naturam
1251 4658 1486 4714 carnalis
1522 4659 1848 4715 conditionis

263 4770 329 4807 ac
370 4750 704 4823 pr0paginis,
729 4750 843 4810 Est.
873 4751 1112 4819 inquam,
1141 4749 1280 4804 intra
1319 4748 1517 4804 Sancta
1546 4761 1848 4805 sanctorum

260 4862 390 4899 area
415 4843 734 4908 testamenti,
756 4843 1090 4897 circumtecta
1110 4855 1174 4894 ex
1201 4841 1343 4894 omni
1368 4851 1516 4909 parte
1540 4857 1670 4894 auro
1697 4858 1849 4895 mun—

261 4939 482 4992 dissimo
512 4936 698 5008 (Hebr.
731 4951 818 5001 ιχ,
849 4933 939 5001 4),
970 4942 1025 4988 et
1053 4932 1284 5005 mystico
1321 4941 1506 5002 operta
1537 4932 1850 5002 propitiato-

261 5031 376 5094 rio,
404 5045 601 5099 corpus
629 5027 880 5082 videlicet
915 5025 1114 5082 Christi
1144 5025 1354 5079 Domitii
1379 5065 1394 5088 ,
1416 5023 1508 5092 qui
1545 5032 1630 5078 est
1658 5034 1850 5080 auctor

260 5159 415 5198 nemo
463 5150 920 5212 poteratipropter
968 5137 1358 5194 intolerantiam
1407 5137 1608 5208 fetoris,
1637 5148 1849 5210 portare

260 5212 554 5285 (uagae/3.
573 5228 646 5285 lx.
671 5211 852 5285 9,10).

335 5283 452 5354 (53)
496 5282 677 5353 Lignis
729 5284 901 5354 setim.
930 5279 1080 5354 Allur
1124 5281 1291 5350 spinae
1333 5294 1533 5354 genus,
1569 5280 1848 5354 sedquod

260 5370 318 5409 tu
346 5351 575 5422 'justani
625 5353 832 5408 arboris
873 5352 1069 5407 molem
1118 5351 1403 5422 excrescit.
1437 5351 1571 5406 Vide
1622 5351 1844 5407 Hieron.

259 5426 316 5479 in
363 5420 471 5479 lsa.
520 5440 570 5480 c.
597 5440 708 5479 xu.
751 5424 984 5491 Quidam
1018 5420 1338 5478 exiStimaut
1371 5438 1493 5478 esse
1534 5423 1702 5494 ipsam
1753 5438 1847 5478 ce-

258 5497 447 5638 dril5l2)
479 5563 700 5637 Exigua:
738 5561 1164 5638 passioni_s._Non
1204 5561 1320 5638 vult
1349 5561 1622 5638 Christum
1669 5563 1845 5617 modi-

255 5633 380 5692 cum
428 5633 831 5709 quid'pass'um
859 5677 874 5701 ,
933 5635 1116 5709 absit:
1146 5633 1241 5709 se_d
1288 5648 1393 5686 non
1441 5633 1534 5687 diu
1581 5647 1842 5704 passum,

257 5702 500 5764 maxime
520 5709 566 5764 si
595 5702 718 5764 cum
757 5707 1062 5762 :nternitate
1086 5702 1358 5760 conferas.

327 5780 446 5852 (55)
479 5779 545 5834 In
592 5779 739 5852 tribu
771 5777 910 5852 Leni.
959 5775 1072 5832 Hoc
1120 5790 1226 5830 non
1273 5775 1444 5831 otiose
1473 5773 1847 5852 _adt_lit_Thio-

256 5841 452 5914 tridus',
505 5852 596 5903 sed
631 5859 689 5902 ut
728 5849 992 5908 indicaret
1031 5861 1092 5903 se
1141 5860 1436 5920 agnoscere
1465 5841 1664 5903 Christi
1716 5863 1842 5904 car-

541 5948 811 6005 Ριτιιοι..
859 5940 1094 6005 CLVII.

1951 4648 2184 4718 desuper
2211 4645 2463 4717 imponit,
2489 4647 2616 4702 dum
2641 4662 2802 4704 omne
2830 4647 3022 4704 vitium
3047 4647 3100 4702 in
3125 4664 3185 4705 se
3212 4649 3430 4718 exurit;
3481 4657 3540 4705 et

1949 4737 2017 4792 de
2045 4737 2259 4792 interna
2291 4736 2742 4808 impinguatione,
2776 4738 2931 4810 quasi
2961 4739 3028 4794 de
3056 4738 3248 4795 hostiae
3277 4739 3534 4810 paciﬁco-

1950 4845 2069 4884 rum
2114 4830 2292 4899 adipe,
2342 4843 2530 4898 pacem
2584 4829 2726 4884 inter
2771 4845 2832 4885 sc
2877 4839 2934 4884 et
2975 4830 3260 4887 Dominum
3300 4829 3532 4894 faciens.

1949 4924 2170 4976 odorem
2204 4922 2271 4977 de
2305 4934 2364 4976 se
2393 4922 2775 4977 suavissimum
2818 4920 2994 4976 reddit
3022 4937 3037 4975 :
3071 4931 3125 4977 et
3152 4924 3289 4978 tanti
3319 4923 3535 4980 ardoris

1947 5015 2162 5070 ﬂamma
2212 5014 2668 5086 inexstinguibilis
2714 5029 2986 5085 nunquam
3019 5013 3219 5081 delicit,
3254 5023 3533 5086 nunquam

1948 5145 2072 5186 nem
2104 5143 2208 5182 non
2261 5127 2420 5182 modo
2471 5143 2537 5184 ex
2563 5127 2718 5192 Juda,
2752 5127 2894 5182 tribu
2946 5127 3194 5185 videlicet
3225 5128 3404 5199 regia;
3435 5128 3532 5184 sed

1948 5213 2002 5256 et
2033 5217 2098 5256 ex
2130 5199 2486 5270 sacerdotali,
2525 5214 2647 5270 esse
2686 5210 2976 5270 sumptam.
3007 5199 3064 5253 S.
3109 5199 3346 5256 Hilarius
3383 5204 3526 5266 (can.

1949 5275 2000 5327 1.
2047 5275 2102 5326 in
2137 5269 2352 5348 Matth.)
2379 5270 2445 5348 de
2471 5269 2573 5325 SS.
2598 5269 2951 5348 evangelistis
2996 5270 3251 5348 Mutthfeo
3278 5281 3345 5348 et.
3383 5273 3534 5348 Luca-

1949 5357 2253 5398 sermouem
2309 5339 2513 5396 facietis
2546 5360 2559 5396 :
2591 5339 2712 5396 Suis
2755 5351 2968 5410 uterque
3017 5342 3286 5409 partibus,
3330 5339 3528 5410 inquit,
3585 5345 3602 5358 '

1947 5414 2172 5488 Domino
2204 5423 2392 5488 nostra
2429 5411 2557 5488 Jesu
2586 5411 2814 5488 Christo,
2841 5406 2929 5481 qui
2957 5406 3030 5464 est
3054 5423 3278 5488 aeternus
3317 5419 3364 5461 et
3395 5406 3526 5488 Rex,

1947 5497 1994 5539 et
2019 5483 2294 5544 Sacerdos,
2323 5483 2480 5536 etiam
2519 5487 2572 5536 in
2601 5483 2803 5537 carnali
2834 5480 2974 5544 artu,
3016 5480 3285 5549 utriusque
3324 5480 3526 5549 generis

1945 5557 2166 5627 gloriam
2218 5554 2584 5627 probaverunt.
2635 5552 2807 5627 Sitnili
2860 5550 3119 5621 probandi
3143 5549 3351 5627 ratione
3398 5563 3529 5603 usus

2056 5619 2387 5696 Augustinus
2435 5625 2550 5696 (lib.
2594 5640 2631 5678 ιι
2670 5624 2754 5696 De
2783 5619 3001 5696 censen.
3039 5619 3366 5691 evangelist.,
3399 5633 3524 5686 cap.

1948 5698 2013 5772 1A)
2060 5691 2334 5772 concludit
2385 5694 2761 5750 :Firmissime
2813 5691 3094 5748 tenendum
3141 5701 3258 5772 est,
3311 5702 3526 5772 carne-nt

1947 5761 2143 5826 Christi
2165 5784 2229 5823 ex
2251 5777 2470 5839 utroque
2497 5782 2678 5838 genere
2705 5773 3050 5834 propagatum
3070 5802 3086 5823 .
3108 5771 3156 5816 et
3180 5777 3357 5832 regum
3383 5761 3525 5816 scilio'

1945 5853 2020 5899 cet
2049 5851 2096 5898 et
2125 5838 2476 5896 sacerdotum.

3092 5927 3161 5990 11

4029 2479 4031 2614 l
