3986 6500
516 453 622 513 3‘5!

522 572 826 638 dcerescit;
857 572 952 628 sed
997 569 1161 626 etiam
1188 565 1303 640 (56)
1352 573 1470 637 post
1498 564 1659 635 hujus
1689 565 1813 620 vitm
1855 561 2108 636 unguem,
2136 571 2188 629 Α

498 665 818 721 “ferventius
862 671 918 718 et
965 659 1195 730 amplius
1253 671 1318 712 ex
1368 657 1587 713 interna
1648 656 2102 727 contemplatione

517 752 873 812 a'ccrescitJn
903 751 1037 806 tanti
1067 748 1249 820 templi
1295 747 1389 803 Dei
1422 747 1751 818 praeconium
1779 747 1981 803 dicitur
2005 762 2102 817 per

511 845 877 908 ‘Ezecliielem,
925 842 1161 913 Spiritus
1198 842 1378 897 sancti
1401 856 1485 906 os,
1509 850 1565 896 et
1589 856 1876 913 organum,
1900 841 1986 896 cui
2021 850 2103 896 to-

512 940 623 994 tius
666 932 961 1007 spiritualis
1011 932 1249 997 aediﬁcii,
1289 940 1345 988 et
1390 941 1558 1003 porta:
1599 934 1652 987 in
1683 933 1844 988 domo
1886 932 2098 987 Domini

510 1029 749 1093 clausae,
799 1026 1031 1096 mystico
1085 1024 1375 1095 mnigmate
1424 1022 1720 1079 revelatum
1761 1030 1845 1077 est
1890 1031 2097 1093 myste-

508 1122 650 1177 rium
684 1135 698 1176 :
728 1117 955 1174 Ostende
976 1117 1156 1171 domui
1183 1114 1353 1169 Israel
1375 1114 1642 1185 templum,
1670 1122 1726 1167 ut
1766 1113 2099 1181 confundan-

508 1225 596 1268 tur
632 1212 696 1268 ab
740 1209 1105 1282 iniquitatibus
1151 1208 1283 1275 suis,
1315 1216 1361 1262 et
1399 1206 1688 1261 metiantur
1722 1205 2003 1275 fabricam,
2040 1213 2095 1258 ut

507 1302 812 1358 erubescant
854 1316 920 1355 ea:
966 1299 1204 1355 omnibus
1246 1314 1364 1369 qua:
1409 1297 1640 1367 fecerunt
1678 1294 1894 1367 (Ezech.
1940 1311 2092 1361 mu,

508 1393 623 1466 10).
656 1393 938 1462 Templum
980 1393 1182 1463 quippe
1214 1390 1310 1446 Dei
1358 1390 1423 1444 ad
1474 1387 1844 1445 confusionem
1887 1389 2095 1459 peccati

507 1484 830 1551 ostenditur,
871 1485 995 1539 dum
1044 1483 1341 1538 electorum
1379 1480 1473 1536 Dei
1523 1480 1767 1549 corporis
1810 1486 1862 1534 et
1899 1479 2094 1535 anima:

506 1576 792 1640 sanctitas,
825 1575 879 1629 in
907 1574 1211 1645 exemplum
1242 1571 1457 1626 virtutis
1486 1570 1760 1626 subtiliter
1793 1571 2087 1641 pensanda,

506 1676 563 1722 et
587 1666 788 1722 utiliter
812 1665 1068 1720 imitanda
1093 1664 1442 1735 proponitur;
1467 1663 1594 1717 dum
1616 1671 1819 1733 quanto
1841 1661 2092 1717 subtilius

504 1761 786 1830 pensando
810 1759 1120 1823 discutitur,
1158 1767 1310 1812 tanto
1342 1755 1573 1826 amplius
1607 1755 1880 1826 peccatrix
1910 1754 2089 1810 anima

506 1871 575 1911 ex
601 1855 851 1910 omnibus
883 1868 1000 1922 quae
1027 1850 1158 1907 fecit
1203 1850 1497 1915 erubescit,
1525 1857 1580 1903 et
1610 1846 1958 1904 confunditur
1986 1865 2000 1901 :
2035 1858 2088 1904 et

1508 449 1854 507 THIOFRIDI
1890 448 2182 506 ABBATIS
2222 447 2792 509 EFTERNACENSIS

3650 472 3735 528 339.

2730 469 2792 508 ιδ
3650 505 3673 525 ι,

2728 563 3129 623 CAPITULUM
3186 562 3273 623 Vl.
3649 469 3706 527 ⁷3

2204 674 2284 731 De
2311 674 2432 731 dote
2449 683 2646 730 sanctis
2679 676 2888 739 animm,
2920 686 2970 731 et
3008 677 3272 754 de_odoris
3304 678 3357 735 in
3382 696 3555 754 corpus
3588 705 3737 749 esum.

2663 758 2864 800 malum
2918 747 3295 818 transfusione.

2273 837 2383 892 Dos
2419 835 2666 908 profecto
2706 837 2809 908 piae
2866 838 3061 894 animae
3112 839 3260 912 (58),
3312 846 3587 903 secundum
3631 854 3734 908 Am.

2201 929 2462 995 brosium,
2491 938 2618 986 sunt
2642 930 2858 1001 mystici
2882 941 2938 987 et
2966 932 3273 988 suavissimi
3313 934 3499 992 odores
3523 946 3731 1011 myrrhae,

2200 1023 2346 1078 croci
2373 1032 2428 1079 et
2455 1022 2646 1088 aloes,
2680 1032 2735 1078 et
2784 1023 2899 1094 ipsa
2950 1024 3157 1080 habens
3207 1026 3259 1080 in
3318 1043 3377 1082 se
3420 1030 3609 1086 odorem
3645 1039 3733 1105 agri

2197 1115 2362 1187 pleni,
2388 1116 2473 1170 cui
2509 1116 2773 1170 benedixit
2819 1115 3077 1170 Dominus
3108 1115 3261 1189 (Cen.
3292 1134 3463 1184 xxv",
3490 1122 3573 1194 Ξῖ)
3613 1126 3732 1197 (59),

2196 1215 2349 1276 optat
2373 1206 2574 1275 spirare
2606 1214 2867 1271 austrum,
2898 1222 3003 1260 non
3022 1207 3319 1279 aquilonem
3350 1206 3518 1276 (Cant.
3543 1229 3606 1279 tv,
3630 1218 3732 1285 16);

2196 1307 2259 1353 ut
2280 1298 2429 1353 horti
2460 1299 2540 1354 sui
2572 1307 2821 1364 vernent,
2854 1313 2963 1354 non
3003 1298 3348 1357 decutiantur
3374 1300 3545 1359 ﬂores.
3577 1305 3735 1365 Invitat

2196 1403 2453 1458 sponsum
2488 1389 2543 1443 in
2571 1389 2781 1443 hortum
2806 1406 2983 1455 suum,
3033 1402 3094 1445 ut
3132 1392 3369 1447 comedat
3410 1394 3621 1463 fructum
3656 1418 3734 1468 po.

2194 1495 2399 1533 morum
2444 1494 2661 1533 suorum
2709 1477 2902 1549 (Cant.
2926 1494 2982 1546 v,
3018 1479 3111 1550 1),
3157 1488 3217 1535 ιιι
3244 1483 3415 1551 fluant
3457 1485 3504 1539 ei
3538 1502 3736 1546 aromata

2193 1570 2338 1623 illius
2381 1567 2558 1641 (Cant.
2591 1584 2667 1634 tv,
2715 1568 2844 1638 l6),
2904 1578 2965 1625 ut
3015 1569 3319 1628 delectetur
3360 1576 3608 1631 varietate
3646 1578 3736 1633 fru-

2194 1670 2376 1715 ctuum
2397 1669 2455 1716 et
2477 1661 2704 1716 odorum
2734 1661 2923 1732 ipsius.
2952 1660 3113 1743 Venit
3136 1677 3390 1734 sponsus,
3417 1681 3611 1738 sponsa:
3632 1669 3738 1726 libat

2193 1753 2412 1817 oscula,
2485 1753 2628 1808 inter
2678 1752 2797 1822 ejus
2844 1765 3220 1811 commoratur
3277 1758 3479 1824 ubera,
3531 1770 3581 1814 et
3616 1762 3738 1818 audit

2192 1843 2338 1898 inter
2363 1844 2697 1914 epithalamii
2726 1843 2843 1917 (60)
2864 1855 3159 1913 crusmata,
3186 1845 3492 1918 pulchriora
3519 1854 3736 1909 vinosior:

504 1954 662 2001 tanto
698 1920 999 2000 districtius
1031 1943 1084 1996 in
1126 1957 1185 1997 se
1215 1941 1399 2012 culpas
1417 1939 1650 2009 judicat,
1696 1949 1901 2011 quanto
1927 1939 2088 1995 altius
2119 1920 2163 1978 Β
2191 1946 2282 1989 tua
2304 1936 2486 2004 ubera,
2510 1945 2558 1990 et
2589 1936 2722 1991 odor
2756 1946 3143 2006 unguentorum
3180 1949 3395 1994 tuorum
3423 1958 3570 2012 super
3592 1948 3736 1998 omnia

500 2038 648 2109 quod
679 2036 1001 2101 admiretur,
1026 2034 1359 2090 considerat.
1388 2031 1499 2104 (57)
1528 2030 1810 2087 Erubescit
1846 2031 2087 2102 profecto

503 2132 572 2188 de
599 2146 682 2196 se,
707 2131 831 2186 dum
854 2129 1198 2202 recognoscit
1226 2142 1330 2183 non
1375 2141 1533 2198 posse
1558 2125 1667 2181 ullo
1697 2124 1858 2181 modo
1888 2124 2084 2180 salvari

499 2237 584 2289 se,
624 2222 727 2277 nisi
774 2221 946 2292 pulvis
990 2221 1257 2293 exiguus,
1314 2232 1412 2289 per
1463 2218 1715 2272 meritum
1763 2217 2086 2272 sanctiﬁcati

500 2314 738 2387 Spiritus
790 2313 963 2368 salvct
1010 2328 1096 2379 se;
1127 2312 1252 2366 dum
1300 2327 1358 2367 se
1381 2311 1435 2366 in
1476 2311 1587 2365 vita
1627 2324 1733 2364 non
1760 2310 1942 2365 vivere
1968 2351 1983 2376 ,
2033 2318 2086 2365 et

498 2405 800 2461 exstinctos
848 2404 1060 2459 cineres
1091 2403 1237 2457 videt
1275 2410 1398 2472 post
1443 2410 1674 2456 mortem
1705 2399 1979 2459 ellicacius
2002 2402 2084 2456 vi-

498 2515 627 2556 vere
663 2498 811 2554 :imo
828 2513 933 2552 non
960 2509 1066 2552 tam
1100 2498 1282 2552 vivere
1304 2512 1463 2567 quam
1496 2512 1742 2570 regnare,
1776 2507 1832 2556 et
1854 2498 2089 2554 miracu-

498 2592 675 2646 lorum
705 2589 876 2662 gloria
906 2603 1216 2644 coruscare.
1257 2588 1424 2659 lgitur
1464 2589 1596 2644 nihil
1626 2590 1826 2644 mirum
1869 2590 1916 2645 si
1948 2598 2087 2645 tem-

498 2683 647 2753 plum
685 2679 781 2736 Dei
826 2678 1148 2742 reSolutum,
1180 2678 1223 2731 si
1262 2692 1389 2732 arca
1422 2678 1752 2743 testamenti,
1780 2695 1908 2734 caro
1939 2678 2086 2735 scili-

497 2782 587 2827 cet
626 2772 921 2828 electorum
959 2768 1089 2836 Dei,
1124 2768 1307 2825 odoris
1358 2768 1654 2839 fragrantia
1707 2771 1890 2826 omnia
1930 2770 2085 2842 longe

497 2864 715 2922 excedit
740 2872 1005 2930 aromata,
1031 2877 1155 2917 cum
1186 2877 1252 2917 ex
1286 2876 1347 2915 ea
1381 2876 1477 2929 per
1523 2862 1918 2918 inhabitantem
1965 2864 2083 2933 Spi-

497 2959 682 3024 ritum,
706 2957 962 3011 virtutum
990 2970 1153 3026 opera
1194 2954 1520 3008 ascenderint
1549 2954 1681 3008 sicut
1723 2956 1924 3026 virgula
1950 2956 2084 3026 fumi

497 3066 563 3104 ea:
583 3048 906 3103 aromatibus
930 3046 1158 3117 myrrha:
1182 3062 1243 3099 ac
1285 3045 1450 3099 thuris
1482 3044 1660 3116 (Cant.
1684 3061 1768 3114 ιιι,
1793 3047 1880 3118 6),
1912 3049 2084 3102 conti-

494 3141 697 3194 neutiae
730 3139 939 3195 scilicet
969 3153 1032 3192 ac
1080 3134 1374 3192 salutifera:
1410 3137 1706 3203 orationis;
1762 3149 1810 3191 et
1857 3140 2082 3193 universi

495 3230 720 3302 pulveris
753 3228 1108 3301 pigmentarii,
1160 3227 1250 3298 qui
1290 3236 1557 3297 praeparat
1592 3236 1647 3282 et
1697 3228 1955 3283 discernit
2000 3230 2080 3298 pi-

494 3330 711 3395 gmenta
750 3321 875 3377 boni
905 3320 1116 3392 operis;
1169 3319 1259 3389 qui
1292 3318 1553 3373 descendit
1594 3318 1648 3371 in
1684 3319 1890 3371 hortum
1923 3336 2076 3373 suum

494 3413 565 3468 ad
590 3410 821 3466 areolam
850 3410 1123 3475 aromatis,
1157 3419 1212 3462 ut
1252 3418 1501 3478 pascatur
1542 3408 1596 3461 in
1631 3408 1817 3472 hortis,
1843 3419 1890 3462 et
1925 3409 2076 3463 colli—

494 3515 581 3574 gat
620 3505 673 3558 in
702 3519 927 3575 regnum
969 3519 1080 3557 suae
1109 3502 1436 3565 dilectionis,
1478 3500 1591 3554 lilia
1622 3501 1806 3556 eximii
1856 3515 1909 3558 et
1948 3519 2076 3573 per-

499 3598 644 3666 petui
671 3596 923 3651 candoris
952 3595 1131 3667 (ibid.,
1162 3594 1238 3663 1).

568 3727 681 3798 (56)
716 3723 839 3780 Post
867 3726 1026 3796 hujus
1055 3727 1192 3798 (ritas
1226 3742 1470 3798 unguem.
1499 3725 1573 3779 Ita
1615 3725 1665 3798 in
1712 3733 1940 3798 utroque
1970 3742 2071 3782 ms.

497 3796 883 3853 Undeinutare
913 3813 1019 3849 non
1052 3796 1243 3850 lubuit.
1262 3797 1365 3851 Sed
1396 3811 1517 3850 cum
1551 3796 1730 3849 nullus
1758 3796 1882 3850 inde
1908 3812 2074 3853 sanus

493 3883 689 3924 sensus
707 3868 918 3937 exculpi
949 3867 1140 3937 possit,
1169 3867 1390 3922 dubium
1414 3867 1554 3920 mihi
1585 3882 1687 3921 non
1716 3877 1818 3930 est,
1852 3869 1979 3937 quin
2005 3870 2075 3923 sit

481 3939 797 4010 legendum,
847 3935 1041 4008 ignem.
1072 3935 1205 3991 Nam
1256 3947 1406 4010 certe
1451 3938 1516 3991 de
1569 3935 1909 4010 indeticiente
1951 3939 2072 4010 igne

492 4008 695 4081 agebat
748 4026 762 4062 :
817 4023 1204 4081 quemtcum
1260 4008 1579 4081 charitatem
1646 4008 2069 4081 interpretetur,

486 4077 792 4134 rectissime
838 4077 1088 4133 convenit
1143 4094 1264 4132 cum
1325 4078 1413 4131 illo
1459 4078 1700 4147 Apostoli
1759 4096 1772 4130 :
1823 4078 2069 4134 Charitas

489 4165 755 4219 nunquam
784 4149 973 4203 excidit
997 4149 1047 4220 (Ι
1084 4147 1321 4220 Corinth.
1349 4164 1474 4214 xm,
1498 4150 1575 4218 8).

561 4217 672 4287 (57)
710 4220 981 4291 Erubescit
1009 4217 1249 4291 profecto
1301 4221 1365 4273 de
1408 4236 1483 4284 se,
1514 4217 1657 4291 (dum
1692 4221 2066 4291 recognoscit,

487 4307 592 4347 non
614 4306 762 4361 posse
791 4289 898 4344 ullo
946 4293 1106 4361 modo!
1125 4289 1319 4361 salvari
1357 4308 1430 4353 se,
1470 4290 1570 4343 nisi
1610 4289 1777 4359 pulvis
1825 4289 2065 4360 exiguus,

484 4379 579 4433 per
614 4359 859 4433 meritum
903 4359 1243 4433 sanctiﬁcati
1279 4359 1561 4433 Spiritus,_
1577 4361 1738 4413 solvet
1789 4377 1861 4433 se.
1899 4359 2069 4417 Caute

473 4429 792 4502 legendum,
824 4442 891 4502 et
919 4445 1051 4485 sane
1081 4429 1505 4502 intelligendum.
1533 4430 1715 4502 Potest
1746 4432 1930 4499 utique
1969 4434 2069 4486 ali-

484 4499 571 4558 ter
605 4504 727 4572 quis
754 4501 952 4556 salvari
985 4518 997 4553 :
1027 4500 1129 4572 sed
1154 4499 1296 4553 Deus
1346 4502 1536 4561 bonus,
1580 4501 1668 4572 qui
1718 4502 1868 4572 varie
1918 4503 2068 4555 miri-

483 4568 858 4650 ﬁcat'sanctos
899 4587 1074 4650 suos,
1099 4568 1375 4624 decretum
1407 4585 1583 4629 suum.
1629 4570 1714 4650 de.
1742 4571 2062 4650 quibusdam

2189 2035 2426 2079 aromata
2463 2025 2641 2093 (Cant.
2678 2040 2752 2091 ιν,
2776 2026 2889 2097 10).
2924 2026 2991 2080 Ει
3032 2043 3151 2080 cum
3186 2043 3278 2082 rex
3315 2039 3392 2083 est
3435 2031 3488 2085 in
3534 2034 3737 2087 accubitu

2188 2135 2304 2187 suo,
2328 2128 2374 2172 et
2398 2118 2577 2189 regina
2607 2116 2784 2189 (Cant.
2816 2134 2856 2184 ι,
2893 2118 3015 2183 ii),
3047 2119 3286 2189 perfecta
3308 2123 3548 2191 profecto
3569 2124 3734 2188 ani-ta,

2189 2211 2386 2265 assistit
2408 2228 2441 2264 a
2468 2210 2666 2266 dextris
2687 2211 2802 2274 eius
2845 2213 2901 2266 in
2924 2213 3107 2266 vestitu
3128 2213 3391 2269 deaurato
3406 2231 3426 2280 ;
3457 2216 3739 2271 circumdata

2189 2302 2440 2355 varietate
2468 2300 2640 2369 (Psal.
2684 2317 2832 2368 xuv,
2863 2301 2952 2372 10)
2981 2302 3276 2371 virtutum;
3322 2306 3524 2361 nardus
3557 2324 3641 2361 sua
3662 2309 3738 2360 dat

2189 2394 2401 2447 odorem
2448 2409 2601 2447 suum
2653 2392 2831 2464 (Cant.
2858 2410 2912 2460 ι,
2942 2394 3069 2465 11),
3118 2404 3177 2451 et
3222 2411 3453 2453 summa:
3499 2399 3741 2455 suavitatis

2188 2484 2507 2557 fragrantia,
2556 2495 2726 2542 totum
2774 2485 3002 2543 interius
3054 2496 3112 2542 et
3169 2488 3418 2544 exterius
3464 2499 3740 2560 vaporatae

2188 2575 2375 2647 implet
2402 2577 2584 2648 sponsi
2607 2584 2664 2633 et
2684 2591 2896 2648 sponsae
2925 2578 3231 2634 cubiculum
3271 2597 3285 2634 :
3318 2590 3376 2635 et
3427 2588 3487 2635 ut
3515 2581 3637 2636 odor
3656 2581 3737 2635 ali-

2189 2668 2343 2738 cujus
2401 2667 2663 2724 odoriferi
2718 2668 2901 2738 pomi,
2950 2668 3030 2724 vel
3068 2669 3295 2740 pretiosi
3337 2671 3625 2741 unguenti,
3664 2679 3742 2724 aut

2187 2759 2878 2831 pigmenti,transfunditur
2901 2761 2954 2816 in
2978 2763 3319 2817 attrectantis
3349 2770 3679 2826 manumaut
3695 2761 3740 2816 in

2186 2852 2521 2907 obvolventis
2572 2853 2939 2919 involucrum;
2971 2852 3053 2909 sic
3101 2855 3167 2909 de
3198 2870 3361 2909 aureo
3390 2857 3501 2909 veri
3530 2854 3741 2909 Salonio-

2188 2944 2272 2999 nis
2301 2944 2635 2999 reclinatorio
2662 2944 2840 3015 (Cant.
2875 2961 2969 3013 ιιι,
3006 2945 3128 3017 10),
3163 2961 3397 3001 summm.
3423 2946 3618 3002 scilicet
3638 2960 3740 2999 san-

2186 3037 2388 3092 ctitatis
2418 3037 2632 3107 spiritu,
2660 3040 2982 3109 propensius
3014 3038 3209 3093 transit
3236 3038 3289 3092 in
3332 3039 3739 3110 eompaginatum

2186 3140 2241 3184 et
2282 3129 2499 3186 alIixum
2553 3130 2663 3202 (61)
2713 3133 2844 3186 ratis
2886 3131 3325 3201 proportionibus
3352 3171 3369 3196 ,
3433 3132 3645 3186 somatis
3676 3140 3743 3181 la-

2185 3221 2534 3277 bernaculum
2567 3240 2580 3276 :
2614 3232 2670 3277 ct
2691 3224 2818 3277 dum
2850 3222 3126 3278 habitator
3155 3224 3472 3289 recesserit,
3502 3234 3556 3278 et
3577 3224 3742 3277 donius

2180 3314 2358 3370 carnis
2384 3329 2551 3369 vacua
2575 3315 2918 3380 remanserit,
2941 3324 2997 3370 et
3015 3330 3144 3371 caro
3165 3316 3215 3370 in
3238 3316 3578 3386 putredinem
3602 3314 3742 3369 verti-

2182 3416 2289 3472 tur,
2318 3417 2371 3462 et
2395 3408 2622 3478 putredo
2660 3408 2715 3462 in
2742 3408 3018 3480 pulverem
3049 3410 3314 3479 redigitur
3335 3450 3351 3475 ,
3402 3418 3459 3465 et
3504 3407 3665 3479 pulvis
3695 3406 3739 3459 in

2178 3504 2506 3560 elementum
2533 3504 2781 3572 solvitur,
2816 3514 2873 3559 ut
2902 3521 3240 3576 nequaquam
3265 3507 3333 3562 ab
3362 3506 3609 3561 humanis
3630 3518 3742 3559 ocu-

2178 3598 2243 3652 lis
2281 3597 2558 3664 videatur;
2611 3599 2959 3654 nihilominus
2997 3607 3174 3654 tamen
3214 3598 3326 3669 (62)
3371 3599 3464 3653 illa
3505 3599 3660 3653 odora
3700 3595 3741 3649 vi

2176 3749 2298 3787 cum
2331 3733 2391 3787 Ι).
2417 3732 2679 3802 Gregorio
2709 3733 2821 3802 (lib.
2851 3750 2905 3788 Ix
2936 3733 3073 3788 Mor.
3102 3750 3151 3789 c.
3181 3733 3259 3802 9.)
3284 3732 3569 3790 Fervorem
3590 3731 3742 3801 Spiri-

2175 3814 2258 3857 tus
2285 3804 2453 3927 slrltncti
2478 3801 2628 3874 cujus
2659 3801 2881 3859 adventu
2905 3806 3152 3876 antiquus
3179 3806 3365 3871 hostis,
3399 3806 3536 3860 velut
3555 3801 3742 3873 Aquilo,

2175 3890 2298 3927 exne
2343 3885 2468 3927 itur.

2173 3885 2468 3941 expellitur.

2247 3947 2358 4013 (60)
2398 3945 2698 3999 Crusmata.
2735 3947 2913 4017 Κρούω
2942 3944 3146 4017 Graecis
3175 3955 3278 4013 est,
3310 3955 3516 4016 praeter
3541 3955 3742 4007 caetera,

2172 4031 2377 4091 r_n_u_stcu_
2404 4016 2748 4091 instrumenta
2778 4019 2957 4091 pulso.
2982 4016 3116 4071 Hinc
3146 4025 3367 4091 τραῦμα,
3404 4019 3521 4087 ipse
3558 4017 3742 4091 pulsus.

2174 4085 2486 4161 Thiofridus
2513 4087 2617 4161 vel
2640 4086 2895 4161 lcgit,_vel
2934 4085 3186 4161 fortnavii
3236 4085 3511 4161 ιφοῦσειιοιἈ
3531 4086 3666 4155 quod
3698 4094 3748 4161 et

2172 4155 2413 4229 plausum
2444 4155 2734 4229 significant.
2779 4156 3173 4229 Sie_acccpisse
3194 4155 3467 4229 arbitror,
3501 4159 3617 4229 ipsa
3642 4156 3745 4226 epi-

2171 4227 2375 4297 graplte
2402 4227 2733 4295 praefationiS
2772 4229 2824 4282 in
2854 4226 3030 4282 Vitam
3070 4228 3127 4283 S.
3162 4228 3505 4284 Willibrordi

2244 4335 2502 4415 Prologus
2532 4340 2588 4415 in
2619 4341 2774 4415 vitam
2795 4340 3087 4394 Wilbrordi
3121 4353 3386 4415 crusmate
3412 4344 3649 4415 dignam.

2170 4404 2356 4478 Neque
2396 4410 2534 4463 male
2562 4410 2636 4464 ita
2670 4411 2756 4466 hie
2786 4427 2998 4482 quoque
3026 4413 3231 4480 capias.

2241 4500 2366 4584 (61)
2392 4500 2538 4584 Ratis
2591 4504 3033 4584 proportionibus.
3087 4504 3752 4584 _Proporti_one_s_,_idnest

2170 4573 2618 4642 magnitudinum,
2667 4573 3037 4644 longitudinis,
3087 4573 3408 4631 latitudinis.
3447 4573 3750 4629 Altitudinis

481 4630 775 4707 salvandis,
818 4658 924 4696 non
975 4630 1076 4695 nisi
1128 4653 1224 4708 per
1254 4650 1564 4694 sanctorum
1618 4630 1874 4709 reliquias
1904 4656 2064 4697 exse-
2091 4630 2142 4690 Ι)
2168 4630 2404 4698 ratibnes
2434 4644 2487 4697 in
2518 4630 2866 4699 tabernaclth
2891 4630 3145 4709 Mosaico,
3181 4645 3349 4700 habes
3375 4630 3641 4700 accurate
3669 4644 3752 4695 de-

480 4719 689 4784 quilur.
719 4713 852 4780 Quis
880 4712 1048 4784 enirn,
1084 4710 1186 4763 nisi
1221 4709 1539 4784 Galvinista,
1575 4719 1668 4763 aut
1714 4709 1911 4779 alioqui
1957 4713 2055 4767 ba:-

482 4781 710 4848 retieus,
742 4791 902 4853 neget
924 4781 1152 4853 salutem
1183 4781 1821 4853 multorumpromotam,
1854 4791 2065 4851 specta-

483 4856 556 4908 tis
586 4856 651 4906 ad
683 4850 985 4924 martyrum
1009 4891 1024 4915 ,
1061 4850 1403 4924 aliorumque
1428 4850 1527 4906 SS.
1560 4851 1846 4924 sepulcra,
1886 4850 2067 4907 inira-

477 4924 657 4979 Cutis?
710 4921 916 4978 Similis
973 4921 1224 4979 louuendi
1285 4922 1475 4975 modus
1526 4932 1611 4976 est
1677 4923 1849 4976 sancti
1906 4924 2055 4978 Pauli

481 4993 624 5064 (Act.
652 5009 832 5057 xxvii,
863 4993 974 5062 5|).
1009 4992 1126 5045 Nisi
1148 4992 1200 5046 hi
1224 4992 1279 5044 in
1301 4993 1418 5046 navi
1461 4996 1781 5059 manserint,
1812 5010 1902 5048 vos
1930 4995 2062 5049 salvi

478 5063 598 5133 ﬁeri
632 5080 735 5118 non
769 5065 1001 5133 potestis.

577 5135 665 5205 58)
696 5133 993 5188 Secundum
1020 5134 1370 5186 Ambrosium.
1400 5133 1576 5189 Locus
1598 5143 1677 5189 est
1700 5134 1766 5189 at]
1789 5150 1907 5204 cap.
1933 5152 2060 5190 xxrv

478 5202 541 5259 S.
562 5202 742 5270 Luem,
775 5219 826 5258 v.
848 5205 901 5269 1,
935 5204 1022 5259 ubi
1057 5206 1159 5259 SS.
1185 5205 1439 5261 mulieres
1483 5215 1699 5275 portant
1746 5202 1869 5276 quae
1894 5224 2058 5277 para-

478 5286 672 5331 verant
697 5284 962 5330 aromata.

550 5348 663 5421 (59)
704 5344 1100 5421 Optat_spirare
1130 5346 1399 5421 Austrum.
1448 5363 1550 5421 non
1579 5345 1906 5421 Aquilonem.
1943 5346 2057 5421 Yox

475 5416 689 5491 spem:
717 5416 799 5473 est
825 5416 998 5489 (Cant.
1025 5434 1100 5481 tv,
1126 5418 1234 5491 16).
1266 5416 1454 5488 Surge,
1478 5416 1689 5491 Aquilo,
1714 5428 1761 5470 et
1788 5416 2058 5491 veni,_Au-

471 5488 598 5545 sier.
637 5491 734 5546 Ubi
764 5491 822 5544 τὸ
837 5488 1003 5558 surge
1046 5489 1259 5561 ugantis
1289 5500 1373 5544 est
1399 5499 1454 5544 et
1478 5489 1950 5561 pellentisgjquasj‘
1977 5488 2057 5561 tli-

473 5571 582 5619 eat.
611 5561 753 5627 cede,
782 5561 889 5614 abi.
930 5556 1068 5627 Quid
1086 5556 1214 5615 ita?
1244 5556 1491 5614 Breviter
1518 5561 1607 5613 hic
1633 5558 1868 5629 eXplieat
1895 5556 2054 5610 Thio-

472 5630 666 5694 friilus,
700 5642 787 5694 ut,
817 5632 1020 5700 inquit,
1049 5632 1187 5684 horti
1213 5632 1295 5683 sui
1334 5638 1565 5691 uernent,
1595 5645 1699 5700 non
1723 5629 2057 5700 decutiantur

472 5704 649 5827 ﬂores.
683 5703 822 5771 Ergo
850 5697 1129 5768 utriusque
1157 5701 1298 5755 venti
1330 5700 1418 5753 ille
1445 5708 1529 5754 est
1554 5697 1794 5754 ell'ectus.
1825 5699 1928 5751 Sed
1960 5698 2056 5750 du-

514 5774 564 5825 io
598 5775 782 5827 ιιι-οιειι
816 5772 1041 5827 mystice
1083 5772 1185 5825 hoc
1226 5771 1344 5825 loco
1380 5771 1484 5823 ista
1529 5768 1863 5827 accipienda.
1914 5768 2055 5827 Eleo

514 5774 564 5825 io
598 5768 782 5842 protqu
816 5772 1041 5841 mystice
1083 5772 1185 5842 hoc
1226 5771 1344 5842 loco
1380 5771 1484 5823 ista
1529 5768 2055 5842 accipien_tla.__l£tgo

474 5839 613 5897 cum'
650 5843 709 5895 ιι.
737 5839 1062 5910 Hieronymo
1108 5840 1186 5910 (in
1227 5839 1344 5895 Isa.
1393 5854 1514 5907 cap.
1558 5843 1698 5909 xxv).
1746 5839 2054 5907 Aquilonem

471 5927 790 5987 ceuscamus
825 5911 1214 5966 exstinctionem
1253 5910 1525 5964 charitatis
1557 5927 1572 5964 :
1616 5910 1867 5963 Austrum
1903 5923 2049 5975 vero,

2165 4713 2397 4782 scriptas
2434 4714 2485 4767 in
2520 4714 2721 4787 Exodo.
2769 4730 2888 4787 cap.
2920 4731 3070 4787 sum.
3118 4715 3342 4787 Mystice
3373 4730 3564 4771 mutent
3597 4715 3752 4787 cupii-

2165 4794 2317 4858 Catus
2347 4800 2376 4837 ιι
2406 4786 2592 4858 variis,
2614 4795 2676 4858 (et
2703 4784 2872 4842 varie.
2915 4784 3389 4858 Brevitcr'arcipe
3443 4804 3512 4858 ex
3548 4788 3606 4841 S.
3628 4784 3751 4839 Gre-

2164 4856 2336 4925 gorio,
2386 4856 2527 4923 quod
2558 4855 2625 4909 ad
2653 4866 2885 4910 tuentem
2915 4856 3075 4925 hujus
3103 4856 3203 4911 loci
3234 4855 3365 4911 sit':
3414 4857 3753 4912 Mensuratur

2164 4926 2497 4998 atriumtam
2528 4927 2580 4979 in
2623 4926 2968 4995 longitudine,
3003 4945 3161 4998 quam
3196 4928 3261 4980 ‘in
3294 4927 3607 4990 latitudine,
3638 4927 3753 4998 quia

2162 5010 2280 5066 cum
2315 4995 2382 5049 ad
2421 4995 2576 5063 ﬁdem
2617 4993 2859 5065 peccator
2897 4993 3131 5063 ducitur,
3170 5013 3374 5052 necesse
3424 5010 3504 5051 est
3548 5008 3606 5051 ut
3646 4993 3754 5066 ejus

2161 5065 2345 5118 doctor
2409 5067 2721 5139 consideret
2752 5078 3008 5139 quantum
3052 5069 3108 5123 in
3152 5068 3488 5137 longitudine
3539 5065 3676 5137 spei.
3707 5074 3750 5117 et

2162 5147 2413 5202 quantum
2444 5137 2808 5207 inlatitudine
2840 5140 3131 5202 charitntis,
3158 5154 3223 5191 ea:
3252 5139 3364 5207 ejus
3391 5138 3755 5207 admonitione

2159 5207 2413 5278 proficiat
2446 5205 2631 5276 (Hom.
2673 5208 2741 5264 19
2771 5210 2826 5263 in
2856 5208 3095 5278 Ezeclt.).
3121 5208 3233 5263 Nec
3274 5204 3333 5263 te
3364 5219 3592 5263 moveat
3617 5204 3754 5278 quod

2160 5289 2338 5329 sermo
2374 5277 2444 5330 sit
2481 5278 2546 5330 de
2588 5278 2925 5332 tabernaculo
2969 5283 3208 5345 somntis,
3253 5279 3306 5333 id
3344 5289 3433 5333 est
3477 5277 3752 5348 corporis:

2161 5361 2284 5398 nam
2315 5348 2381 5402 de
2409 5364 2623 5417 corpore
2652 5349 2848 5420 agitur.
2880 5351 3072 5405 animm
3100 5362 3314 5414 sanctae,
3348 5358 3407 5404 ut
3441 5352 3530 5406 sic
3560 5352 3753 5407 dicant,

2159 5431 2266 5469 com
2275 5429 2572 5471 mensurato
2581 5458 2594 5471 .

2230 5486 2343 5557 (62)
2384 5486 2489 5541 Illa
2518 5488 2683 5542 odora
2722 5489 2770 5543 vi
2800 5487 3025 5557 olfactus
3055 5489 3383 5545 dulcoratur.
3412 5489 3564 5545 Cum
3597 5490 3758 5544 Titio-

2160 5555 2331 5630 fr‘iilus'
2380 5558 2525 5630 ipse,
2550 5560 2653 5630 hoc
2692 5559 2808 5629 ipso
2836 5555 3033 5628 capite,
3067 5561 3226 5630 hujus
3268 5561 3459 5616 odoris
3507 5558 3756 5626 exempla

2159 5626 2530 5702 ttﬂ‘eratdnihi
2578 5626 2923 5702 silerejlicet».
2971 5626 3185 5702 Alioqui
3234 5630 3476 5702 benigna
3517 5630 3759 5700 suppetit.

2158 5700 2329 5767 copia.
2384 5697 2618 5753 Suberat
2669 5700 2958 5757 multorum
3001 5697 3173 5757 vice—nt
3219 5697 3762 5765 S.H6bertus',‘Ar-

2156 5768 2383 5823 duenna:
2400 5769 2698 5839 apostolus,
2721 5772 2809 5840 qui
2831 5771 3041 5827 decimo
3061 5775 3290 5841 septimo
3311 5782 3437 5841 post
3460 5784 3757 5827 excessum

2155 5853 2309 5913 suum
2341 5856 2513 5913 anno,
2546 5855 2651 5895 non
2694 5843 2904 5911 integer
2947 5843 3107 5898 modo
3147 5853 3388 5913 repertus
3420 5851 3546 5909 est,
3580 5842 3762 5913 sedet

2153 5909 2363 5965 eu-letsti
2396 5909 2561 5965 odore
2591 5926 2750 6017 nares
2782 5909 3150 5969 assistentium
3190 5909 3526 5983 animosque
3566 5911 3758 5983 imple-
