4034 6364
328 387 436 443 555

1223 378 1496 436 FLORES
1535 378 1878 435 EPITAPHll
1917 377 2359 440 SANCTORUM.
2393 413 2463 426 --—
2500 383 2627 441 LlB.
2665 385 2705 441 l.
2738 392 2745 402 ‘

3474 392 3582 448 554

327 499 562 558 olfactus
587 493 922 557 duleoratur,
953 501 1006 548 et
1045 492 1117 546 ibi
1162 491 1325 548 homo
1355 507 1564 548 summa
1590 493 1742 564 quasi
1791 493 1910 563 thy-
1939 496 1983 555 Α
2014 507 2257 563 possein,
2287 513 2408 568 quae
2447 499 2630 554 odoris
2657 499 2973 572 fragrantia,
3015 501 3068 558 in
3117 501 3426 560 inventione
3455 522 3581 578 pre-

329 589 604 649 miamatis
623 583 904 642 dulcedine
931 583 1189 650 satiatur;
1231 583 1322 639 ubi
1355 583 1483 655 quid
1519 583 1611 650 sit,
1643 581 1770 654 quid
1802 584 1911 638 fue-

331 687 407 740 rit
453 683 522 738 ab
550 682 771 736 homine
803 680 1106 751 ignoratur.
1147 677 1229 732 An
1270 694 1376 734 non
1422 677 1666 732 redolent
1694 673 1910 732 aroma-

328 782 445 830 tum
492 771 642 827 cellze
671 786 735 826 ac
764 769 1064 834 involucra,
1117 769 1283 823 etiam
1332 783 1456 824 cum
1489 765 1668 823 ablata
1710 764 1914 822 fuerint

326 865 604 923 aromata?
638 863 745 920 Sed
768 863 924 933 longe
955 863 1060 918 alia
1084 862 1266 918 odoris
1303 877 1434 917 aura
1471 862 1644 932 spirat
1681 875 1748 916 ex
1785 876 1911 916 san-

323 968 544 1014 crorum
593 955 920 1012 exanimatis
950 955 1178 1010 artubus
1223 970 1389 1026 quam
1423 969 1490 1008 ex
1537 951 1910 1013 aromatibus',

325 1049 455 1119 quia
493 1046 653 1118 longe
693 1044 838 1100 aliud
868 1045 1154 1100 suavitatis
1183 1061 1354 1117 genus
1388 1052 1491 1110 est,
1525 1044 1668 1113 quod
1697 1053 1911 1098 creatu-

327 1157 447 1198 ram
499 1139 815 1196 rationalem
859 1138 1144 1194 vivilicans
1189 1147 1245 1193 et
1293 1137 1608 1202 illustrans,
1640 1135 1911 1191 subtiliter

323 1250 394 1290 ac
445 1231 559 1305 (65)
610 1229 1048 1286 substantialiter
1103 1229 1286 1284 suavis
1331 1228 1582 1284 diffundit
1626 1226 1908 1296 Spiritus:

324 1327 472 1381 aliud
496 1324 638 1395 quod
669 1339 766 1393 per
795 1323 1067 1386 accidens,
1099 1320 1225 1376 licet
1263 1318 1646 1389 inseparabile,
1684 1317 1910 1372 insitum

323 1427 411 1473 est
449 1417 610 1472 rebus
655 1411 1090 1478 insensibilibus,
1141 1410 1341 1466 creatis
1395 1411 1448 1464 in
1495 1407 1910 1464 odoramentum

321 1517 384 1562 et
423 1506 868 1562 delectamentum
901 1500 1256 1556 rationalibus
1279 1540 1296 1566 ,
1341 1498 1539 1554 mentis
1587 1497 1822 1559 ratione,
1855 1496 1908 1550 iu

321 1598 615 1654 sanctitate
665 1605 720 1650 et
756 1593 998 1664 iustitia,
1038 1593 1092 1648 in
1143 1606 1202 1648 se
1237 1591 1320 1647 sui
1363 1590 1688 1653 conditoris,
1746 1589 1909 1644 totius

323 1689 628 1746 dulcedinis
674 1687 934 1756 auctoris,
967 1685 1258 1757 imaginem
1289 1683 1718 1754 prmferentibus.
1767 1682 1912 1738 Odor

320 1780 681 1854 aromaticus}
706 1793 906 1850 corpus
958 1777 1141 1842 allicit,
1165 1791 1274 1832 non
1325 1777 1561 1832 animam
1615 1774 1808 1842 reiicit,
1857 1773 1908 1828 in

2014 584 2290 643 tiosissimi
2327 591 2572 660 corporis
2605 601 2793 662 terque
2831 604 3128 664 quaterque
3153 591 3296 650 beati
3325 590 3586 664 Stephani

2012 681 2425 750 protomartyris
2455 680 2568 753 (64)
2603 692 2723 753 post
2765 699 3047 740 cchxxxu
3103 701 3370 743 annorum
3414 689 3592 746 curri-

2012 768 2132 824 cula
2169 785 2198 825 a
2238 774 2491 842 passione
2516 774 2821 839 Dominica.
2849 779 3090 838 omnium
3129 779 3423 834 astantinm
3451 780 3588 835 adeo

2011 861 2310 930 perfuderit
2340 879 2498 921 nares
2542 875 2597 921 et
2620 877 2861 937 pectora,
2893 880 2951 922 ut
2973 884 3030 924 se
3063 868 3178 941 (65)
3224 885 3333 927 non
3361 871 3414 926 in
3440 869 3584 928 Cha-

2012 953 2380 1025 pbargamala,
2437 957 2533 1012 sed
2578 957 2723 1014 inter
2756 960 2992 1029 paradisi
3040 961 3373 1018 aestimarent
3407 964 3592 1020 deam-

2012 1043 2200 1098 bulare
2226 1060 2377 1100 rosas
2405 1055 2460 1102 et
2490 1045 2622 1102 lilia.
2650 1048 2951 1107 Memorare
2977 1051 3106 1108 item
3128 1067 3365 1122 possem,
3392 1057 3595 1112 omisso

2013 1132 2227 1188 interim
2271 1137 2464 1208 insigni
2510 1139 2792 1206 miraculo,
2821 1143 2963 1212 quod
2995 1142 3238 1213 profecto
3287 1145 3387 1201 sub
3414 1147 3589 1216 gratia

2013 1224 2169 1296 longe
2195 1230 2541 1296 praestantius
2562 1242 2647 1288 est
2683 1234 3082 1300 aestimandum,
3109 1250 3269 1306 quam
3299 1237 3442 1308 quod
3489 1236 3590 1292 sub

2013 1314 2149 1385 lege,
2185 1325 2292 1369 tam
2341 1317 2503 1386 irato,
2558 1336 2718 1391 quam
2749 1322 2958 1393 placato
3005 1324 3254 1392 Domino,
3295 1327 3464 1383 nubes
3498 1345 3594 1400 ap-

2012 1413 2193 1480 paruit
2233 1428 2395 1483 super
2421 1411 2641 1468 foederis
2681 1415 3091 1472 tabernaculum
3114 1417 3305 1489 (Num.
3337 1436 3449 1486 xiv,
3479 1421 3587 1487 ll);

2013 1497 2188 1554 Exod.
2242 1517 2446 1569 xxxut,
2475 1503 2690 1573 9,10);
2736 1503 2990 1561 videlicet
3016 1508 3160 1577 quod
3200 1516 3321 1577 post
3367 1509 3592 1566 lucidis-

2013 1589 2134 1644 simi
2177 1589 2311 1662 (66)
2363 1593 2526 1648 totius
2591 1593 2776 1648 mundi
2822 1594 2995 1661 solis,
3051 1595 3381 1654 Willibrordi
3434 1602 3596 1672 primi

2013 1693 2217 1738 sancta:
2264 1682 2632 1753 Trajeeteusis
2685 1684 2938 1743 Ecclesia:
2995 1690 3429 1760 archipraesulis,
3473 1709 3598 1748 car-

2013 1774 2099 1830 nis
2135 1790 2408 1842 occasum,
2453 1775 2645 1848 ingens
2694 1777 2904 1850 globus,
2935 1782 3088 1851 quasi
3121 1781 3252 1837 fumi
3285 1796 3592 1841 aromatum

324 1876 581 1931 delictum
611 1873 857 1936 vertitur,
907 1871 952 1926 si
1004 1869 1126 1939 quis
1168 1885 1232 1924 eo
1284 1869 1336 1923 in
1387 1867 1610 1923 delicias
1646 1867 1909 1921 abutitur.
1943 1844 1988 1900 Β
2017 1867 2068 1921 in
2114 1869 2331 1923 modum
2376 1844 2722 1926 densissima;
2753 1844 2913 1928 nubis
2951 1844 3134 1930 lotum
3185 1877 3480 1948 saepissime
3512 1896 3598 1936 re-

322 1964 398 2017 At
443 1960 684 2016 suavitas
741 1957 976 2028 Spiritus
1025 1957 1078 2010 in
1118 1964 1338 2011 sanctos
1387 1953 1661 2008 transfusa
1718 1962 1910 2014 artus.

320 2053 570 2123 psychen
601 2060 658 2106 et
683 2064 834 2105 soma
859 2089 877 2116 ,
917 2050 1000 2104 sui
1030 2048 1317 2104 affectione
1366 2047 1598 2117 inungit,
1635 2056 1691 2102 et
1737 2047 1911 2102 sancti

320 2141 569 2212 Spiritus
593 2140 846 2196 unctione
884 2139 938 2194 in
985 2153 1227 2194 amorem
1265 2137 1568 2208 Spiritualis
1593 2138 1718 2193 vita:
1765 2133 1930 2193 com-'

327 2234 544 2304 pungit.
587 2232 679 2288 Ille
725 2233 1000 2288 fastidium
1031 2232 1112 2287 sui
1160 2239 1382 2301 generat
1423 2231 1603 2295 :haae,
1646 2245 1752 2301 quo
1794 2245 1914 2284 am-

323 2327 472 2398 plius
497 2326 682 2391 saliat,
705 2340 769 2381 eo
791 2325 1064 2394 profusius
1094 2321 1394 2378 dulcedinis
1422 2336 1534 2378 suae
1559 2321 1704 2377 sitim
1731 2321 1914 2376 multi-

325 2416 524 2487 plicat;
546 2431 666 2485 quae
695 2417 748 2470 in
772 2426 956 2486 typum
979 2415 1119 2480 sitis,
1134 2432 1256 2486 quae
1281 2416 1516 2472 satiatur
1547 2416 1597 2468 in
1628 2414 1834 2485 angelis
1849 2417 1915 2470 de

325 2509 474 2578 {ante
509 2509 626 2563 vitta
651 2516 707 2562 et
731 2517 956 2562 torrente
996 2507 1276 2578 voluptatis
1309 2505 1484 2578 (Psal.
1513 2522 1680 2571 xxxv,
1716 2507 1801 2572 10,
1833 2505 1910 2578 9),

328 2615 439 2653 non
470 2599 633 2653 habet
660 2599 712 2652 in
747 2613 805 2652 se
835 2598 1052 2652 taedium
1093 2598 1394 2663 satietatis;
1428 2598 1554 2668 quia
1581 2606 1636 2652 et
1669 2597 1914 2652 sitientes

325 2693 448 2748 sine
497 2691 643 2746 omni
685 2673 902 2746 fastidio
952 2691 1150 2757 satiat;
1180 2698 1236 2745 et
1265 2691 1492 2746 satiatos
1535 2690 1739 2760 absque
1767 2689 1914 2745 omni

329 2786 611 2842 anxietate
640 2785 793 2841 sitire
829 2784 982 2848 facit,
1014 2794 1070 2840 ut
1124 2784 1353 2840 reficiat.
1400 2783 1494 2838 ille
1539 2783 1798 2853 temporis
1827 2783 1911 2836 in-

327 2878 560 2935 tervallo
605 2877 814 2943 deficit;
849 2877 948 2932 ista
982 2877 1198 2948 prolicit
1231 2895 1244 2930 :
1279 2877 1369 2932 hic
1413 2873 1724 2944 adiumento
1763 2884 1914 2930 exte-

327 2975 444 3030 rius
486 2971 709 3042 indiget,
755 2979 818 3027 ut
857 2986 963 3026 non
997 2969 1246 3034 deliciat‘,
1303 2969 1418 3024 haec
1468 2968 1520 3022 in
1565 2967 1680 3038 ipsa
1715 2967 1914 3036 'putre-

325 3070 476 3134 dine,
523 3069 678 3138 cujus
717 3075 907 3120 natura
936 3072 1019 3119 est
1047 3073 1106 3116 ut
1136 3062 1323 3126 feteat,
1355 3061 1520 3117 habet
1545 3061 1684 3114 unde
1723 3067 1912 3114 contra

325 3171 608 3226 naturam,
649 3159 902 3215 omnibus
949 3157 1138 3210 diebus
1184 3153 1390 3220 saeculi,
1421 3153 1712 3208 redolendo
1749 3150 1911 3221 proli-

325 3253 461 3309 ciat.
489 3251 556 3306 Et
585 3266 715 3306 vere
745 3247 924 3318 ampla
958 3246 1091 3300 mihi
1133 3253 1218 3302 est
1261 3245 1438 3314 copia,
1469 3259 1534 3296 ex
1579 3242 1750 3297 sacris
1779 3241 1914 3296 scri-

327 3344 458 3414 ptis,
495 3354 601 3398 tam
633 3341 815 3398 suavis
850 3347 906 3396 et
927 3339 1151 3394 diutina:
1179 3335 1492 3406 fragrantia:
1524 3333 1724 3404 eligere
1759 3332 1912 3387 testi-

327 3434 544 3498 monia;
575 3435 668 3488 sed
696 3432 878 3486 animo
900 3427 1240 3500 percurrenti
1277 3424 1510 3494 singula,
1542 3437 1752 3492 semper
1779 3437 1918 3492 pra:-

327 3527 477 3580 clara
503 3535 557 3579 et
586 3523 802 3595 egregia
833 3523 884 3574 in
915 3517 1324 3589 coinparatione
1347 3513 1912 3585 superexcellentium,

326 3619 584 3673 videntur
606 3631 771 3687 parva
791 3625 844 3670 et
864 3613 1042 3666 minus
1073 3609 1324 3664 illustria.
1343 3607 1639 3662 Memorare
1669 3603 1915 3673 equidem

327 3794 429 3847 vit.
479 3790 635 3845 Plura
672 3799 856 3842 noster
887 3785 1230 3840 Daurouliius
1271 3785 1324 3837 in
1349 3779 1689 3837 Catecbismo
1725 3781 1913 3834 histor.

329 3881 454 3932 cap.
491 3878 569 3925 tit,
606 3863 688 3915 tit.
715 3861 805 3915 57.
857 3858 934 3912 De
970 3867 1160 3911 sancto
1189 3855 1429 3910 lluberto
1461 3852 1722 3907 Baronius
1774 3868 1916 3906 anno

327 3936 460 3989 771.

406 4004 522 4072 (65)
563 3999 990 4072 Substantialiter
1010 3997 1208 4072 _s_uavis
1232 3995 1506 4072 _diﬂ'undi_t
1521 3993 1785 4072 “spiritus.
1837 3992 1918 4072 lix

332 4064 608 4133 dissimili,
638 4073 779 4142 Quod
810 4071 887 4142 de
909 4070 1188 4142 accidente
1231 4065 1576 4142 inseparabili
1620 4064 1914 4142 subjungit,

332 4148 439 4201 hoc
462 4143 597 4198 velle
620 4135 830 4197 videtur
847 4138 1180 4200 Tbiofridus,
1206 4153 1310 4191 non
1335 4151 1454 4189 esse
1475 4135 1915 4197 existimandum,

333 4217 606 4276 alicunde,
673 4228 740 4266 ex
806 4209 1092 4272 accidenti,
1161 4207 1424 4276 ejusmodi
1497 4205 1916 4276 suaveolentiam

334 4287 438 4342 SS.
467 4275 712 4352 reliquiis
742 4281 1084 4348 contingere;
1125 4281 1220 4333 sed
1261 4277 1524 4352 divinitus
1575 4277 1741 4352 ipsam
1790 4275 1916 4328 sub-

331 4345 598 4411 stantiam'
621 4370 718 4409 suo
748 4353 802 4406 id
835 4345 1028 4404 merito
1057 4352 1325 4418 adeptam.
1370 4345 1771 4418 Fateorlocum
1801 4359 1918 4400 esse

332 4429 649 4492 obscurum,
683 4433 738 4477 et
765 4437 885 4476 cum
914 4421 1086 4488 gratia
1129 4417 1306 4472 lumen
1337 4417 1564 4492 aliunde
1584 4417 1844 4492 hauriam.

407 4499 519 4568 (64)
568 4485 1008 4568 Ρόδιηεεεῃκξξᾶίιι
1039 4505 1295 4568 nituerunt
1334 4485 1658 4568 curriculum
1681 4487 1917 4568 passione

332 4556 638 4624 Do‘miuica.
691 4563 1031 4618 Rectissime.
1077 4562 1209 4614 Nam
1250 4560 1294 4612 si
1331 4573 1502 4612 annos
1531 4556 1726 4626 quibus
1759 4556 1915 4610 Chri-

335 4649 455 4694 stus
509 4637 786 4690 mortalem
839 4638 977 4687 banc
1023 4632 1186 4685 vitam
1235 4629 1390 4692 vixit,
1433 4628 1678 4698 adjicias,
1726 4641 1916 4694 nempe

334 4724 534 4771 xxxiii,
566 4704 866 4760 confeceris
911 4719 1108 4755 annum
1143 4701 1210 4753 ab
1239 4699 1354 4769 ejus
1393 4699 1694 4771 nativitate,
1721 4712 1916 4771 ccccxv

333 4797 445 4850 quo
477 4768 642 4850 anno,
677 4775 853 4850 magni
896 4768 1918 4850 protomartyrisreliquias;iudicante

333 4838 658 4912 Gamaliele,
691 4838 958 4900 Luciauus
998 4838 1288 4914 presbyter
1319 4842 1543 4894 invenit.
1603 4838 1730 4892 Vide
1757 4838 1916 4890 Bari»

335 4937 509 4977 11111111.

409 4992 523 5059 (65)
563 4991 684 5044 Non
713 4989 766 5040 in
787 4984 1268 5059 Cltapliargamala.
1314 4980 1468 5036 Villa:
1501 4995 1694 5059 nomen
1731 4979 1782 5031 in
1812 4993 1916 5059 qua

335 5048 450 5118 Dlj.
479 5048 742 5131 Stephani
778 5067 834 5112 et
863 5048 1088 5131 aliorum
1117 5069 1342 5131 corpora
1387 5063 1620 5131 reperta.
1675 5051 1791 5118 Ipse
1816 5048 1923 5102 Lu-

336 5137 532 5188 cianus
579 5122 878 5200 presbyter,
930 5122 1508 5200 inventorpLibclluui
1561 5135 1922 5200 superhemre

337 5191 601 5273 scriptum
635 5203 712 5255 sic
740 5191 993 5273 inchoat:
1021 5191 1307 5273 Larinatis.
1335 5193 1692 5273 misericordia
1721 5191 1810 5273 ιζςὶ
1840 5191 1922 5273 in-

334 5261 543 5343 digens,
566 5283 612 5326 et
638 5272 873 5343 omnium
892 5269 1159 5343 hominum
1184 5267 1428 5343 minimus
1454 5264 1716 5343 presbyter
1743 5261 1923 5343 Eccle-

333 5332 434 5399 ειιὶ
461 5332 575 5407 Dei,
601 5357 718 5412 qua:
753 5351 826 5393 est
857 5340 912 5389 in
946 5337 1067 5389 villa
1091 5333 1531 5412 Grip/iurgantem,
1577 5332 1920 5412 interrilorio

339 5405 860 5482 Hierosolymorum,
909 5418 1102 5482 sancta;
1148 5405 1411 5482 Ecclesiiv,
1441 5413 1487 5454 et
1513 5405 1750 5482 omnibus
1787 5419 1920 5482 fan-

333 5487 460 5547 clis,
488 5473 614 5538 etc:
631 5483 686 5536 Si
728 5493 940 5549 qu—mras
969 5477 1096 5549 quid
1133 5475 1360 5549 etuti-de
1398 5475 1498 5524 hoc
1539 5473 1924 5549 notititiis?_re-

317 5543 571 5625 Δεριιᾶιάυι
623 5553 714 5606 tibi
748 5543 1037 5625 'Gaiualiel,
1070 5561 1136 5599 eo
1181 5543 1358 5596 libello
1398 5557 1457 5596 se
1495 5543 1924 5625 so‘riosquelm-

339 5613 502 5682 cinno
531 5625 784 5696 prodens.
825 5619 955 5672 Nam
986 5617 1052 5670 de
1077 5629 1304 5695 corpore
1330 5615 1505 5696 [sancti
1530 5614 1799 5696 Stephani
1847 5613 1924 5666 lo-

335 5684 546 5766 quens,
567 5695 825 5748 Hortalus
854 5707 968 5766 sum
993 5705 1102 5749 eos,
1129 5684 1301 5753 inquit
1325 5684 1782 5764 (Christianos),et
1809 5701 1927 5766 per-

337 5754 490 5822 ,ξηαδὶ
515 5754 618 5820 illis
636 5769 709 5817 ire
732 5764 950 5824 occulte,
966 5771 1018 5812 ut
1039 5766 1506 5826 portareutrorpus
1526 5754 1637 5824 ejus
1660 5771 1768 5826 meo
1786 5756 1924 5826 ιιιμΙιὶτ

341 5841 486 5906 culo,
525 5840 579 5893 in
613 5837 785 5891 rillmu
825 5848 1014 5899 meam,
1040 5824 1151 5882 'ltoc
1188 5836 1262 5880 est
1295 5824 1744 5896 Capltargamula,
1785 5825 1922 5895 quod

2014 1958 2180 2028 plevit
2209 1968 2266 2015 et
2290 1961 2574 2032 cooperuit
2617 1962 2963 2029 vestibulum,
3003 1965 3116 2036 (67)
3163 1968 3253 2024 ubi
3285 1969 3420 2024 lucis
3464 1972 3590 2025 vitae

2012 2047 2174 2118 hujus
2205 2065 2395 2120 passus
2420 2050 2714 2122 deliquium
2733 2091 2750 2118 ,
2803 2054 3053 2109 transivit
3081 2055 3135 2110 in
3162 2066 3361 2113 castum
3399 2069 3454 2114 et
3483 2060 3600 2116 cla-

2013 2139 2232 2192 ritatem
2256 2138 2559 2193 caelestium
2585 2139 2844 2194 luminum
2872 2157 2888 2206 ;
2916 2143 3139 2210 omisso,
3173 2144 3424 2216 inquam,
3457 2151 3594 2205 tanti

2015 2227 2290 2296 praeconio
2334 2227 2629 2296 miraculi,
2679 2244 2982 2287 memorare
3035 2248 3248 2302 possem
3295 2237 3440 2306 quod
3482 2239 3595 2309 (68)

2015 2334 2160 2375 anno
2191 2335 2365 2377 ccxcu
2393 2319 2462 2375 ab
2510 2319 2752 2390 ejusdem
2799 2322 3176 2391 gloriosissimi
3221 2328 3482 2385 antistitis
3529 2333 3595 2385 de

2016 2411 2279 2481 spiritu-ali
2312 2411 2544 2467 Sodoma
2575 2420 2632 2467 et
2657 2411 2887 2484 Egypto
2914 2414 3090 2482 exitu;
3128 2432 3270 2472 anno
3295 2433 3423 2474 vero
3464 2438 3594 2492 pro-

2017 2505 2179 2574 geniti
2225 2504 2381 2560 Verbi
2421 2504 2709 2560 millesimo
2738 2523 2862 2560 xxxi
2919 2523 3041 2562 cum
3072 2508 3190 2576 ejus
3239 2514 3597 2571 sacratissimi

2016 2599 2240 2652 somatis
2293 2613 2382 2652 xtv
2426 2597 2654 2652 Kalend.
2704 2599 2993 2654 Novembr.
3052 2602 3165 2672 (69)
3217 2603 3600 2672 disponeretur

2017 2688 2320 2752 translatio,
2365 2697 2526 2743 tanta:
2548 2689 2831 2745 suavitatis
2866 2691 2931 2745 de
2964 2694 3145 2748 tumba
3177 2692 3294 2763 ejus
3333 2698 3599 2754 exubera-

2015 2782 2092 2835 vit
2113 2781 2418 2846 oblectatio,
2450 2789 2508 2834 ut
2535 2780 2729 2837 infusis
2767 2792 2830 2850 et
2862 2783 3149 2855 magnifice
3175 2786 3394 2844 refectis
3419 2795 3598 2846 omni-

2014 2873 2136 2938 bus,
2179 2872 2358 2928 divino
2406 2887 2636 2928 munere
2665 2873 2858 2944 dignis,
2906 2890 3131 2931 summa:
3176 2878 3455 2949 religionis
3484 2882 3598 2954 (70)

2014 2980 2334 3036 ygumenus,
2366 2966 2586 3019 nomine
2617 2964 2965 3033 Humbertus,
2990 2969 3081 3038 qui
3107 2979 3296 3040 aperto
3319 2971 3594 3040 paululum

2016 3058 2349 3126 sarcophago
2378 3071 2623 3121 manum,
2655 3071 2762 3112 non
2808 3069 3237 3131 praesumptuosa
3271 3066 3598 3131 temeritate.

2018 3149 2109 3204 sed
2138 3149 2518 3204 ardentissimo
2541 3150 2703 3204 animi
2731 3150 2914 3221 injecit
2941 3151 3232 3221 desiderio,
3262 3165 3321 3210 ut
3349 3157 3600 3229 aliquan-

2020 3243 2188 3297 tulum
2237 3243 2302 3298 de
2334 3243 2766 3297 eminentissimo
2799 3258 3082 3300 sacrarum
3119 3246 3470 3317 reliquiarum
3501 3268 3598 3306 au-

2016 3333 2183 3390 ferret
2220 3333 2518 3389 thesauro:
2576 3333 2939 3403 interrogatus
3015 3337 3140 3405 quid
3187 3339 3345 3408 visu,
3400 3341 3604 3412 quidve

2016 3426 2240 3480 odoratu
2273 3423 2603 3494 perceperit;
2637 3423 2877 3480 imitatus
2907 3425 3124 3495 plenum
3155 3429 3410 3490 clamoris
3435 3434 3603 3489 silen—

2019 3518 2150 3570 tium
2183 3515 2354 3581 Pauli,
2373 3517 2437 3572 ’in
2466 3533 2525 3573 se
2555 3518 2755 3573 reversi
2787 3518 2854 3574 de
2880 3521 3033 3574 tertio
3056 3523 3206 3589 cazlo,
3243 3535 3297 3581 et
3325 3542 3392 3582 cx
3421 3545 3596 3588 amre-

2019 3609 2185 3664 nitate
2213 3611 2469 3680 paradisi,
2519 3608 2608 3666 ubi
2646 3611 2848 3667 audivit
2892 3625 3086 3669 secreta
3117 3619 3269 3672 verba
3291 3661 3305 3685 ,
3337 3639 3456 3693 qua:
3495 3641 3602 3680 non

2017 3786 2387 3866 interpretatur
2415 3788 2577 3866 Vitta
2619 3788 2971 3866 Caunians.
3003 3794 3184 3863 viginti
3214 3797 3378 3854 millia
3406 3803 3604 3857 habeas

2019 3875 2050 3909 a
2079 3861 2441 3941 civilatehetkc.
2484 3861 2612 3941 Vide
2643 3873 2810 3913 totam
2851 3861 3128 3941 historiam
3168 3867 3305 3922 lectu
3337 3872 3599 3941 dignissi-

2021 3943 2161 4008 ptam
2191 3927 2684 4008 apudOBaroniutn.
2731 3947 2876 3984 anno
2918 3933 3042 3987 415.
3085 3936 3236 4000 Quod
3268 3942 3334 3993 ad
3367 3927 3604 3999 nominis

2021 4003 2519 4075 interpretationem
2565 4003 2776 4075 attinet,
2810 4013 3041 4075 constat,
3072 4005 3309 4075 Coeum,
3347 4012 3463 4067 sive
3493 4015 3600 4069 ΟΛ-

2019 4083 2195 4192 ῑξιλῗὲ
2229 4081 2352 4121 esse
2407 4067 2616 4122 Villam.
2667 4071 2989 4142 Exemplum
3025 4073 3190 4131 habes
3237 4067 3332 4134 lib.
3374 4081 3394 4134 1
3441 4067 3604 4156 Βέέ..

2019 4154 2095 4197 γι,
2131 4154 2217 4192 Ιδ.

2091 4207 2203 4276 (66)
2245 4205 2426 4262 Totius
2471 4209 2652 4262 mundi
2697 4211 2843 4266 solis.
2901 4211 3160 4269 Sanctum
3194 4215 3604 4279 Willibrordum

2019 4277 2146 4332 alibi
2177 4294 2391 4359 quoque
2427 4281 2587 4359 solem
2620 4291 2793 4336 vocat.
2845 4283 3025 4338 Vitam
3074 4285 3212 4355 ejus,
3261 4277 3505 4348 numeris
3545 4277 3609 4348 li;

2019 4359 2222 4420 gatam,
2251 4351 2331 4404 sic
2360 4351 2599 4405 orditur:

2092 4465 2586 4549 Quadriﬁdiucosnti
2613 4465 2784 4549 solem.
2797 4485 3038 4549 peperere
3079 4470 3344 4535 Britanni,

1947 4538 1993 4597 D
2093 4537 2268 4591 Solem
2296 4535 2672 4602 Wilbrordum,
2697 4535 2967 4608 qui'comtt
2998 4541 3194 4598 lumine
3218 4547 3494 4603 mundum.

2089 4630 2204 4710 (67)
2238 4629 2353 4710 _Ubi_
2379 4629 2546 4710 ‘Lucis
2599 4632 2717 4685 vita:
2761 4632 2920 4710 liujus
2959 4651 3148 4710 passus
3191 4638 3495 4710 deliquium.
3543 4641 3605 4699 ιιι

2018 4699 2392 4782 Trajecti,_i_ibi
2426 4701 2582 4782 sedes
2608 4712 2725 4782 era_t
2751 4699 2866 4782 ejus
2888 4699 3253 4782 episcopatus,
3288 4699 3601 4782 contigisse,

2018 4785 2215 4848 praeter
2255 4773 2388 4825 alios
2425 4779 2652 4848 testatur
2684 4773 2741 4828 S.
2769 4773 3102 4842 Bonifacius,
3136 4780 3350 4848 epistol.
3385 4773 3608 4841 adUSte;

2018 4842 2510 4920 p_l_ianum__papam.
2544 4842 2720 4898 Habes
2763 4858 2883 4898 eam
2927 4848 3068 4916 apud
3099 4842 3421 4920 Ba'rouiutn,
3460 4872 3606 4912 anno

2020 4914 2219 4968 Christi
2245 4913 2370 4966 755.

2093 4984 2203 5054 (68)
2243 4983 2394 5065 {lupo
2441 4997 2614 5038 ccxcn
2641 5025 2654 5048 ,
2714 4979 3028 5065 obretimur
3055 4998 3103 5043 et
3153 4997 3410 5065 progeniti
3449 4997 3606 5054 Verbi

2021 5069 2214 5136 uxxm.
2249 5054 2472 5108 Obicrat
2500 5065 2737 5136 mortem
2777 5056 2834 5110 S.
2866 5054 3418 5136 Willibrordusvanno
3445 5069 3605 5124 Chri-

2023 5126 2098 5197 sti
2131 5140 2420 5197 nccxxxe,
2447 5125 2582 5197 adde
2609 5141 2802 5192 ccxcu,
2832 5127 2990 5197 plane
3015 5143 3328 5190 accuratum
3360 5139 3602 5195 invenies

2024 5196 2285 5251 calculum
2314 5194 2599 5260 Thiofridi,
2633 5199 2697 5250 de
2727 5194 2868 5253 anno
2899 5197 3097 5256 Christi
3140 5219 3328 5259 uxxxr.

2095 5267 2206 5389 (69)
2249 5265 2618 5335 Disponeretur
2642 5268 2938 5323 translatio.
2972 5273 3044 5324 De
3068 5273 3168 5328 bac
3195 5275 3601 5336 S.Willibrordi

2095 5352 2178 5389 ius
2205 5337 2404 5389 atione.
2453 5337 2574 5389 vide
2615 5335 2810 5389 Vitam.
2856 5357 2957 5389 can
3023 5342 3112 5389 3L
3163 5355 3220 5389 ρι
3265 5346 3354 5389 lin-
3393 5365 3440 5389 ιν
3469 5352 3601 5389 (την-

2028 5335 2404 5419 translatione,
2453 5337 2574 5392 vide
2615 5335 2811 5404 Vitam,
2856 5357 2957 5411 cap
3023 5342 3113 5408 54,
3163 5355 3220 5398 et
3265 5346 3355 5401 lib.
3390 5365 3440 5402 tv
3469 5335 3605 5405 (lar;

2025 5422 2251 5464 mtuum.

2099 5477 2208 5547 (70)
2241 5475 2536 5542 Ygumenus
2565 5479 2783 5534 nomine
2813 5479 3152 5538 Humbertus.
3183 5482 3303 5539 Fuit
3330 5487 3415 5542 hic
3438 5490 3605 5548 abbas

2027 5549 2432 5632 Elternaeensis
2458 5551 2752 5632 annos'ﬂ;
2787 5553 3051 5632 successit
3082 5551 3480 5632 Regimbertus,
3507 5567 3603 5632 qui

2027 5619 2262 5698 obtinuit
2299 5634 2468 5698 annos
2493 5620 2580 5674 50.
2623 5619 2775 5674 Hunc
2808 5621 3027 5698 excepit
3058 5619 3240 5698 noster
3269 5619 3600 5690 ΤΙιξοΐιοίιιῦδέ

2028 5693 2118 5745 Sic
2153 5705 2253 5744 ius.
2287 5690 2524 5761 ejusdem
2575 5692 2911 5760 monasterii,
2938 5690 3029 5761 qui
3061 5690 3214 5749 Liber
3235 5698 3438 5756 Aureus
3463 5704 3604 5759 diei-

2006 5773 2134 5828 tur,
2163 5775 2284 5832 pag.
2313 5759 2432 5816 115.

2807 5903 2850 5926 η.
2861 5911 2921 5936 φης..
2964 5913 2978 5933 π
3031 5907 3076 5920 νγ
