3986 6462
499 425 616 507 335
1502 435 1847 494 TtllO.~‘RlLt
1885 432 2176 488 seems
2215 431 2782 488 EFTERNACENSIS
3620 447 3705 506 πε

508 571 617 621 iret
662 563 862 619 homini
907 560 1049 632 loqui
1079 557 1171 629 (ll
1199 555 1321 612 Cor.
1347 571 1451 620 XII,
1476 553 1531 626 ι)
1563 571 1576 607 :
1619 567 1723 606 non
1759 566 1878 621 qua:
1907 563 2089 620 :equa-
2118 552 2163 608 Α
2189 556 2389 618 quanto
2459 548 2804 604 eminentiori
2863 548 3121 604 distantia
3167 549 3342 608 diﬂ'ert
3386 570 3538 614 novus
3578 578 3602 616 a
3632 580 3708 622 ve.

509 656 607 724 lia,
640 658 735 712 sed
767 667 925 725 quam
951 649 1197 721 grandia,
1230 661 1391 717 quam
1441 643 1705 716 stupenda
1737 640 2086 712 persenserit,
2194 642 2324 706 teri;
2366 657 2395 695 a
2431 651 2648 698 terreno
2674 641 2910 697 caelestis
2933 642 3125 698 Adam.
3162 644 3312 712 Quod
3349 662 3378 701 ιι
3407 653 3558 706 veteri
3589 671 3712 715 acoe-

511 749 797 819 proderet;
826 758 930 797 non
963 741 1040 798 rei
1063 740 1194 795 visa:
1237 738 1452 804 ordine,
1484 736 1579 792 sed
1631 733 1927 790 testimonii
1975 747 2090 786 ma-
2191 743 2411 804 perunt,
2465 735 2728 789 descendit
2779 735 2834 788 in
2883 738 3266 806 corruptionem
3313 738 3521 809 (Coloss.
3545 762 3616 810 Ill,
3639 749 3708 819 9);

513 835 828 909 gnitudine;
868 830 1277 900 insinuaretque
1302 843 1400 900 per
1439 843 1503 884 ea
1530 840 1652 897 quae
1681 825 1856 895 potuit
1885 824 2088 888 dicere,
2193 824 2332 893 quod
2366 839 2396 878 a
2425 839 2564 878 novo
2593 824 2820 879 mutuati
2851 834 3000 890 sunt,
3026 825 3196 880 solam
3228 830 3371 884 novit
3401 831 3712 906 incorruptio-

500 926 672 983 facile
702 923 815 998 (7|)
838 939 937 978 nos
990 937 1154 992 posse
1197 922 1489 993 conjicere,
1536 922 1771 974 maxima
1806 931 1928 972 esse
1971 930 2090 986 quae
2191 928 2314 968 nem
2342 931 2355 967 :
2381 923 2435 969 et
2458 915 2585 984 quia
2615 926 2868 970 exuerunt
2899 926 3117 972 ueterem
3142 918 3396 974 hominem
3422 939 3528 976 cum
3553 929 3711 986 actibus

513 1015 599 1071 vel
627 1029 732 1070 non
765 1013 972 1084 potuit,
997 1011 1082 1068 vel
1114 1011 1296 1067 timuit
1322 1011 1500 1067 verbis
1522 1010 1845 1081 exprimere.
1895 1006 2088 1063 lnell‘a-
2190 1005 2323 1070 suis,
2349 1013 2402 1059 et
2432 1005 2715 1060 induerunt
2746 1022 2956 1075 novum,
2996 1007 3087 1079 qui
3113 1009 3398 1064 secundum
3419 1012 3572 1069 Deum
3599 1035 3713 1074 crea-

499 1107 609 1164 bile
645 1105 776 1162 mihi
809 1114 916 1171 est,
946 1104 1144 1176 inquit,
1175 1102 1319 1175 quod
1357 1118 1442 1158 me
1468 1102 1573 1159 lari
1605 1102 1936 1176 deposcitis;
1978 1115 2085 1156 non

2201 1106 2274 1152 tus
2309 1108 2385 1152 est
2422 1097 2638 1169 (Ephes.
2673 1115 2748 1167 tv,
2779 1098 2902 1168 25);
2959 1113 3024 1156 ex
3068 1100 3242 1171 gratia
3287 1103 3426 1172 novi,
3476 1105 3524 1161 in
3563 1117 3712 1167 eadem

493 1201 661 1274 plane
709 1201 824 1256 scio
847 1214 969 1271 quae
1003 1213 1090 1254 me
1117 1198 1258 1254 scire
1281 1197 1530 1263 creditis;
1571 1213 1675 1253 non
1712 1211 1806 1252 cor
1834 1195 1900 1250 ad
1925 1209 2085 1250 exco—
2192 1190 2373 1246 carnis
2404 1191 2768 1263 corruptione,
2798 1181 2962 1262 quam
2991 1193 3196 1250 ducunt
3225 1208 3291 1251 ex
3317 1197 3498 1262 veteri,
3535 1200 3715 1260 interna

501 1293 808 1364 gitandum,
841 1308 948 1347 non
981 1291 1162 1362 lingua
1201 1288 1396 1346 sullicit
1425 1289 1492 1344 ad
1536 1288 1920 1344 enarrandum.
1960 1286 2086 1340 Hrcc
2192 1282 2478 1338 suavitatis
2523 1283 2724 1340 habent
2750 1294 2802 1340 et
2832 1285 3093 1342 exhibent
3131 1287 3591 1360 incorruptionem.
3613 1297 3716 1354 Atla

502 1382 751 1438 consulto
773 1392 1066 1453 praetereo;
1097 1395 1201 1435 non
1233 1380 1356 1435 dico
1387 1393 1506 1449 quae
1535 1394 1758 1434 summm
1787 1377 2086 1432 auctorita-
2192 1373 2390 1444 quippe
2438 1375 2639 1430 veteris
2705 1385 2952 1432 natorum
2982 1418 2996 1441 ,
3057 1386 3112 1434 et
3161 1379 3338 1434 minus
3397 1381 3713 1451 perfectorum

507 1475 577 1529 tis
616 1473 856 1530 virorum
885 1480 1165 1544 comperta
1203 1480 1258 1526 et
1287 1470 1562 1526 memoria:
1606 1471 1800 1525 tradita
1833 1479 1957 1525 sunt
2003 1484 2089 1523 rc—
2193 1467 2457 1521 cadavera
2488 1465 2654 1522 letent
2683 1483 2845 1538 super
2873 1467 3052 1524 omnia
3084 1469 3260 1538 olida;
3299 1479 3354 1526 et
3381 1471 3499 1529 licet
3524 1474 3716 1534 defuncti

499 1565 706 1621 latione
730 1581 794 1622 ac
825 1565 1137 1620 testimonio
1185 1582 1198 1618 :
1251 1573 1406 1619 taceo
1457 1579 1578 1634 quae
1619 1563 1732 1635 (72)
1785 1563 1926 1632 ipse,
1979 1561 2089 1617 Deo
2193 1560 2410 1625 divites,
2457 1562 2762 1632 purpurati,
2801 1563 2914 1634 (7b)
2958 1563 3158 1618 ceratis
3205 1563 3453 1622 brandeis
3489 1567 3719 1627 involvan-

507 1659 641 1715 mihi
689 1668 828 1714 teste
857 1669 911 1714 et
935 1658 1175 1721 conscio,
1207 1657 1406 1712 olfactu
1461 1657 1729 1727 persensi,
1781 1657 1846 1709 de
1892 1663 2088 1709 nostra:
2195 1661 2308 1718 tur;
2340 1652 2467 1707 licet
2506 1652 2694 1708 ferinis
2727 1655 3032 1724 tergoribus
3071 1656 3386 1722 insuantur;
3426 1667 3604 1726 tamen,
3638 1664 3718 1719 nisi

501 1751 765 1808 Ecclesia:
794 1751 1058 1820 peribolo,
1091 1749 1181 1805 ubi
1219 1750 1558 1822 plerumque,
1606 1749 1734 1804 licet
1768 1747 2086 1803 delictorum
2191 1742 2494 1798 obtirmatis
2521 1744 2932 1816 diligentissime
2983 1745 3096 1817 (75)
3139 1746 3364 1802 libitinis
3404 1748 3716 1820 includantur,

506 1844 685 1899 olidus
720 1843 910 1897 nidore
938 1842 1156 1912 putido;
1207 1849 1384 1896 tamen
1436 1840 1731 1895 inundatus
1769 1848 1824 1894 et
1856 1837 2088 1896 refectus
2115 1900 2162 1912 Α
2193 1850 2222 1888 a
2268 1845 2460 1906 putore
2507 1852 2692 1892 eorum
2742 1837 2863 1891 viva
2916 1848 3127 1894 sontata
3173 1847 3269 1893 aut
3316 1841 3613 1907 moriuntur,
3651 1855 3721 1899 aut

508 1948 626 1988 sum
674 1933 841 1988 odore
889 1930 1132 1987 salvifico
1156 1971 1171 1996 ,
1213 1930 1454 2002 spirante
1508 1929 1574 1984 de
1603 1936 1726 1983 orto
1765 1928 2082 1993 aromatico,
2115 1900 2164 1961 Β
2193 1927 2340 1998 gravi
2373 1929 2694 1999 aegritudine
2742 1929 3068 1985 adiciuntur.
3127 1930 3186 1985 1n
3217 1931 3388 1987 Adam
3426 1944 3587 1990 autem
3615 1950 3721 1990 novo

503 2039 666 2094 quem
715 2023 945 2092 desuper
993 2022 1240 2094 irrigavit
1289 2021 1407 2091 fons
1470 2037 1728 2093 aquarum
1785 2020 2085 2087 viventium,
2189 2027 2524 2088 renatorum,
2559 2027 2617 2074 et
2650 2021 2703 2075 in
2735 2022 2958 2076 novitate
2982 2022 3102 2076 vita:
3137 2023 3539 2091 ambulantium,
3563 2035 3610 2082 et
3641 2041 3722 2082 non

505 2113 869 2188 Spiritualium
902 2115 1112 2170 scilicet
1155 2113 1568 2180 charismatum,
1598 2130 1715 2184 qua:
1759 2113 1930 2182 ﬂuunt
1963 2127 2086 2168 cum
2138 2109 2522 2167 odeviantium
2564 2109 2930 2181 perlectorum
2979 2127 3233 2184 corpora,
3288 2131 3405 2185 qua:
3445 2115 3724 2186 conﬁgurata

497 2208 700 2278 «impetu
724 2207 788 2260 de
817 2206 1017 2260 Libano
1045 2204 1223 2278 (Cant.
1265 2219 1334 2266 tv,
1369 2203 1479 2275 15).
2192 2203 2398 2271 corpori
2448 2202 2639 2257 divinae
2680 2203 2940 2258 claritatis
2971 2202 3192 2275 (Philip.
3225 2204 3450 2276 ut,'2l),
3495 2206 3543 2260 in
3576 2222 3724 2261 resur-

1024 2317 1426 2375 liAPlTULUM
1465 2316 1573 2373 Vll.

577 2415 652 2470 De
683 2413 937 2469 distantia
983 2414 1119 2466 inter
1157 2412 1404 2481 defuncta
1446 2410 1629 2466 ueteris
1657 2409 1806 2478 Λάαν,
1837 2419 1885 2466 et
1916 2412 2033 2466 novi

964 2483 1094 2538 Atla:
1131 2483 1363 2552 filiorum
1407 2491 1629 2536 somata.

584 2574 692 2630 Sed
721 2572 950 2630 ﬁdenter
975 2573 1116 2638 dico,
1149 2587 1272 2628 cum
1301 2571 1455 2627 electi
1483 2571 1576 2626 Dei
1615 2570 1724 2627 sint
1747 2581 1964 2628 aeternae
1993 2569 2093 2626 Sa-

507 2667 734 2738 pientiae
760 2667 871 2738 (75)
901 2665 1302 2730 archisterinm,
1341 2663 1492 2732 cujus
1532 2663 1904 2719 habitationem
1937 2681 2096 2734 uapo-

515 2769 597 2813 rat
647 2759 792 2822 odor,
843 2758 983 2812 sicut
1031 2771 1447 2829 cynnamomum
1488 2765 1544 2811 et
1581 2755 1870 2810 balsamum
1901 2755 2090 2828 (Eccli.

516 2867 666 2918 χχιιι,
692 2849 816 2920 21);
853 2857 907 2905 et
939 2864 1061 2904 cum
1095 2847 1316 2902 habeant
1344 2845 1497 2917 fialas
1532 2862 1739 2912 aureas,
1767 2847 1946 2917 plenas
1970 2849 2097 2902 odo-

516 2954 872 2998 rumentorum
921 2943 1106 3012 (Apoc.
1150 2956 1202 3006 v,
1245 2940 1301 3009 8)
1345 2938 1507 3010 larga:
1554 2939 1992 3009 praedicationis,
2039 2951 2095 2994 et

516 3036 639 3091 latae
665 3034 946 3090 charitatis
979 3031 1299 3104 mysterium
1339 3047 1353 3083 :
1395 3028 1702 3100 aequissima
1732 3030 1988 3085 nimirum
2015 3029 2098 3086 di-

516 3130 658 3183 vinae
685 3127 953 3197 aequitatis
987 3125 1162 3196 agitur
1189 3124 1428 3189 ratione;
1471 3131 1550 3187 ut,
1577 3122 1669 3193 qui
1702 3123 1755 3176 in
1785 3138 1950 3180 carne
1975 3139 2096 3179 cor-

521 3220 792 3290 ruptibili,
833 3218 1178 3275 attendentes
1219 3217 1344 3272 illud
1397 3217 1789 3308 apostolicum:
1821 3217 2097 3288 Corruptio
2125 3249 2170 3308 ο

517 3313 921 3383 incorruptelam
969 3327 1074 3367 non
1103 3310 1381 3381 possidebit
1420 3309 1474 3381 (1
1496 3307 1618 3364 Cor.
1660 3325 1749 3377 xv,
1779 3308 1893 3380 50),
1934 3311 2097 3381 spiri-

522 3418 608 3462 tus
638 3403 899 3476 elegerint
929 3401 1423 3474 incorruptionem;
1462 3409 1652 3456 contra
1693 3402 1874 3457 carnis
1909 3403 2098 3458 condi-

521 3498 745 3561 tionem,
787 3493 1094 3550 suavissimi
1126 3492 1310 3548 odoris
1341 3492 1716 3563 l'ragrantiam,
1751 3507 1855 3562 qua
1889 3492 2096 3548 incom-

517 3586 833 3659 parabiliter
871 3584 1067 3638 animte
1112 3582 1326 3637 illorum
1366 3580 1734 3652 perfruuntur,
1770 3583 1822 3636 in
1855 3581 2100 3638 condito-

521 3681 598 3736 ris
634 3679 715 3734 sui
754 3675 1228 3746 contemplatione,
1267 3673 1516 3728 sensibus
1544 3688 1757 3744 quoque
1787 3674 2096 3730 mortalium

520 3771 790 3842 ingerant,
847 3768 972 3822 dum
1024 3765 1237 3822 mortali
1287 3762 1600 3821 conditione
1651 3765 2005 3820 descenderint
2043 3767 2100 3822 in

517 3859 902 3928 corruptionem
934 3857 1055 3929 (Job
1083 3870 1276 3923 sum,
1302 3854 1417 3925 24).
1445 3853 1815 3926 Corruptionis
1835 3856 2098 3928 siquidem

522 3954 892 4012 inﬁrmitatem
922 3953 1141 4008 trahunt
1167 3968 1234 4007 ex
1263 3951 1428 4006 veteri
1460 3951 1658 4017 Adam;
1698 3951 1791 4006 sed
1824 3959 1976 4008 tanto
2005 3967 2101 4007 ex-

522 4049 893 4106 cellentiorem
920 4063 1082 4118 super
1112 4047 1250 4101 lilios
1277 4045 1448 4100 Adam
1485 4045 1663 4114 adepti
1695 4052 1821 4098 sunt
1849 4044 2097 4114 gloriam,

593 4202 704 4272 (7|)
743 4198 854 4254 Nos
884 4217 1048 4272 posse
1098 4199 1368 4272 conjicere.
1417 4195 1573 4272 Clare
1603 4193 2101 4272 _intlicare__vitletur

523 4290 581 4330 se
600 4265 842 4326 adfuisse
881 4265 1391 4327 liuic.trausiationi.
1441 4268 1555 4334 Qua
1583 4265 1649 4320 de
1685 4281 1739 4320 re
1767 4267 1819 4318 in
1851 4267 1991 4320 Vita.

595 4343 707 4414 (72)
750 4341 869 4411 Ipse
911 4341 1108 4410 olfactu
1138 4339 1384 4408 persensi.
1417 4337 1485 4392 Et
1514 4337 1580 4391 de
1611 4336 1713 4390 hoc
1753 4336 1805 4390 in
1830 4335 2099 4393 Thiofridi

521 4415 642 4469 Vita
673 4417 836 4469 leaes.

595 4429 1134 4554 iggfgjichisterium.
1170 4477 1285 4532 Vox
1323 4477 1390 4530 ab
1428 4483 1649 4554 auctore
1689 4485 1874 4530 nostro
1903 4476 2026 4554 ﬁcta
2047 4486 2104 4533 et

520 4545 721 4626 saepius
769 4559 1023 4626 usurpata
1069 4550 1134 4626 ad
1181 4561 1425 4601 normam
1479 4545 1721 4626 illarum,
1770 4551 2104 4626 μιρναςττάριον

551 4615 925 4701 paucissimos.
953 4619 1336 4701 Sutnitautem
1361 4631 1459 4684 pro
1485 4615 1727 4701 principe
1756 4615 2104 4701 :iljcujus'ga-

551 4651 925 4701 ροντιστηριον.
953 4651 1336 4699 υυιιιιιοιιυξςιη
1362 4651 1459 4684 μιν
1487 4651 1537 4684 γι
1554 4651 1726 4685 ιιιυιγυ
1756 4651 1981 4698 «ιιιιυδυδ
2012 4651 2104 4673 uul-

519 4651 807 4757 Eitatione,
837 4693 965 4762 sine
984 4690 1203 4762 palatio,
1235 4704 1284 4740 ιιι
1308 4692 1529 4762 queen):
1557 4689 1752 4762 ἀρχὴν,
1778 4687 1829 4740 td
1855 4701 1937 4762 est
1959 4690 2104 4762 prin-

523 4768 798 4837 cipatum,
848 4771 903 4816 et
957 4757 1273 4837 imperium,
1326 4757 1664 4837 potissimum
1717 4757 1975 4837 osendit.
2036 4759 2105 4815 Ut

523 4827 817 4908 plurimum
856 4827 1046 4886 autem,
1085 4829 1301 4908 magnis
1340 4829 1432 4908 Dei
1469 4827 1657 4882 amicis
1703 4828 1950 4908 attribuit
1979 4846 2102 4908 eam

525 4898 975 4976 appellationem,
1029 4911 1084 4955 et
1137 4898 1202 4954 ad
1259 4898 1586 4976 singularem
1633 4898 2103 4976 coruinmlaudem

528 4968 717 5030 u'ti'tur.
755 4972 1087 5041 Quandoque
1118 4980 1293 5041 tamen
1324 4969 1443 5041 alia
1498 4968 1698 5041 omnia
1727 4969 2016 5041 significat,
2048 4981 2106 5026 ut

525 5063 650 5101 cum
687 5037 846 5108 infra,
896 5037 1196 5112 apdslalam
1249 5037 1518 5094 lulianum
1555 5040 1634 5093 sic
1688 5037 2102 5096 insultahundus

528 5114 783 5172 appellat.

566 5134 783 5187 ppeuat.

602 5187 713 5256 (74)
752 5185 952 5240 Ceratis
979 5182 1236 5256 Brandeis
1278 5180 1638 5256 involvantur.
1685 5181 2102 5256 Genns_\_'cstis,

529 5250 632 5328 qua
665 5250 923 5311 cadavera
957 5257 1023 5328 ad
1049 5251 1846 5328 sepulturaminvolvebantur.
1876 5250 2102 5328 [tineam

531 5322 715 5391 fuisse,
757 5339 844 5382 aut
875 5322 1200 5398 gossipinam
1234 5323 1498 5398 suspicari
1551 5323 1696 5398 licet,
1727 5322 1956 5398 quando
1982 5322 2103 5391 qni-

529 5402 650 5453 dem
696 5413 819 5452 cera
884 5393 1234 5453 'tlensabatur.
1286 5393 1400 5448 Nan
1453 5394 1671 5448 memini
1727 5394 1867 5446 hanc
1913 5407 2100 5446 vocem

528 5468 652 5524 alibi
685 5468 878 5538 legere,
909 5477 1131 5536 excepto
1162 5464 1365 5538 Joanne
1381 5464 1673 5538 _Dia_c_ono,_
1707 5462 1838 5517 Vitae
1867 5462 1925 5516 Β.
1964 5463 2100 5538 Gre-

529 5540 664 5612 gorii
703 5533 1004 5612 Maguidib.
1043 5533 1120 5612 'ti,
1153 5551 1202 5590 c.
1235 5536 1336 5612 ἐξ,
1379 5535 1432 5612 i_n
1456 5533 1710 5612 _hist_o_ria
1762 5548 1926 5602 quam
1958 5534 2103 5612 _inde

529 5603 712 5666 noster
741 5603 1049 5664 Thiofridus
1075 5607 1352 5668 describit,
1393 5605 1550 5666 infra,
1585 5603 1682 5657 lib.
1734 5618 1816 5670 ιιι,
1865 5619 1914 5657 c.
1944 5603 2001 5669 4,
2047 5611 2104 5659 et

528 5679 788 5749 Gregorio
823 5681 960 5749 ipso,
998 5679 1071 5749 lib
1102 5695 1139 5731 ιι
1173 5673 1620 5749 Regi_str_i,_epist.
1649 5672 1738 5749 .50.

601 5742 712 5821 (75)
743 5742 1003 5821 Libitinis.
1028 5742 1315 5821 Feretrnjn:
1334 5744 1566 5821 Libitina
1600 5742 1738 5797 solet
1774 5743 2099 5816 signiﬁcare.

529 5812 631 5875 llic
657 5812 753 5890 pro
767 5819 1102 5890 sarcophago
1139 5816 1261 5890 poni
1293 5812 1448 5890 facile
1483 5823 1727 5890 apparet.

606 5881 718 5961 (7'6)
759 5881 950 5941 Fracto
993 5881 1296 5956 margarita.
1349 5881 1571 5948 Alludit,
1598 5885 1812 5952 opinor,
1845 5885 1911 5939 ad
1975 5884 2101 5940 illud

2196 2293 2454 2350 rectionis
2484 2294 2674 2365 gloria,
2711 2304 2874 2350 erunt
2911 2295 3246 2367 spiritualia;
3291 2306 3402 2352 tum
3430 2297 3622 2352 demum
3661 2299 3725 2352 in-

2193 2395 2306 2440 star
2350 2386 2789 2458 pigmentorum;
2854 2403 2975 2459 quae
3024 2404 3128 2443 non
3180 2398 3293 2444 tam
3361 2390 3555 2463 integra
3599 2406 3729 2458 quam

2193 2476 2524 2531 comminuta
2560 2495 2574 2531 :
2614 2478 2788 2533 instar
2816 2488 3142 2546 aromatum,
3173 2495 3296 2552 quae
3326 2481 3503 2536 suavis
3532 2481 3729 2536 redolent

2195 2570 2322 2623 trita
2351 2577 2406 2624 et
2432 2568 2661 2638 diffusa;
2703 2571 3079 2629 eminentioris
3123 2589 3188 2629 ac
3229 2574 3571 2630 evidentioris
3595 2573 3728 2630 divini

2195 2661 2442 2718 miraculi
2475 2663 2668 2734 gratia,
2715 2663 3084 2736 fragrantiore
3130 2666 3318 2721 odoris
3363 2683 3511 2733 aura,
3539 2667 3728 2722 humana

2195 2751 2427 2823 perﬂant
2483 2762 2744 2823 pectora;
2799 2770 2951 2819 cum,
3006 2756 3402 2827 pretiosissimo
3447 2757 3554 2828 (76)
3595 2756 3732 2811 lracto

2198 2845 2510 2916 margarita,
2543 2845 2657 2919 (77)
2687 2847 2753 2902 ad
2783 2848 3051 2920 originem
3083 2858 3138 2905 et
3167 2850 3445 2922 antiquam
3476 2849 3731 2920 possessio-

2199 2951 2322 2991 nem
2363 2953 2516 2992 suam
2555 2939 2894 2996 aromatibus
2918 2941 3179 2996 virtutum
3210 2943 3428 2998 condita
3457 2941 3736 2997 revolaverit

2201 3031 2403 3084 anima.
2443 3029 2574 3085 Nam
2606 3048 2728 3086 cum
2762 3041 2954 3087 natura
2982 3035 3177 3090 animre
3207 3035 3276 3090 de
3305 3036 3439 3092 caelo
3467 3035 3614 3092 duoat
3647 3034 3735 3088 ori-

2201 3125 2402 3195 ginem,
2434 3139 2497 3180 ac
2537 3123 2653 3194 ejus
2687 3126 2756 3179 sit
2790 3126 3064 3196 particeps
3093 3138 3338 3191 natura;
3373 3127 3545 3183 carnis
3588 3136 3738 3180 autem

2201 3215 2498 3270 substantia
2526 3217 2591 3272 de
2632 3227 2775 3272 terra
2817 3217 3076 3272 sortiatur
3106 3219 3412 3285 materiem,
3453 3235 3514 3274 ac
3537 3217 3739 3288 ejusdem

2201 3305 2426 3374 originis
2469 3321 2578 3360 sua:
2629 3316 2807 3361 servet
2858 3307 3174 3376 qualitatem
3225 3325 3293 3365 ac
3343 3308 3738 3364 similitudinem:

2201 3404 2347 3450 esset
2376 3397 2616 3466 quidem,
2645 3397 2739 3453 sed
2778 3414 2882 3452 non
2925 3399 3058 3453 adeo
3087 3399 3363 3467 mirabile,
3402 3401 3443 3455 si
3483 3401 3531 3454 in
3566 3409 3741 3463 mutua,

2200 3493 2256 3540 et
2282 3494 2398 3540 rata
2427 3487 2801 3556 complexione
2831 3488 3132 3560 utriusque,
3180 3491 3232 3546 id
3268 3495 3412 3563 quod
3445 3494 3509 3548 de
3546 3491 3746 3549 cmlcsti-

2201 3574 2301 3630 bus
2325 3584 2430 3640 est,
2474 3587 2529 3632 et
2557 3577 2709 3648 cujus
2737 3579 2878 3635 inter
2905 3581 3152 3636 homines
3197 3587 3520 3639 conversatio
3553 3586 3601 3638 in
3628 3582 3744 3636 caelis

2200 3681 2273 3722 est
2305 3667 2525 3741 (Philip.
2565 3688 2650 3734 ιιι.
2692 3672 2808 3744 20),
2861 3673 2949 3730 ubi
2998 3685 3272 3746 perpetuae
3317 3677 3594 3733 suavitatis
3636 3676 3747 3730 odor

2202 3759 2522 3815 naturaliter
2563 3770 2647 3816 est
2690 3779 2702 3815 :
2755 3763 2861 3817 vim
2911 3765 3238 3821 conditionis
3285 3783 3397 3822 sure
3438 3775 3667 3823 exercret
3703 3765 3746 3819 in

2202 3856 2366 3916 terra,
2391 3851 2480 3905 ubi
2511 3850 2829 3906 alterutrum
2857 3869 2920 3908 ex
2953 3854 3321 3925 implicatione
3346 3857 3749 3928 impedimentum

2205 3952 2410 3996 natura:
2437 3951 2550 4007 est;
2585 3945 2637 3998 in
2666 3954 2829 4008 terra,
2864 3947 3104 4018 inquam,
3133 3964 3297 4018 quam
3329 3967 3536 4020 serpens
3563 3946 3750 4002 comedit

2203 4032 2354 4104 (δεηο
2409 4051 2493 4099 ιιι.
2539 4036 2657 4108 14);
2713 4053 2834 4108 qua:
2887 4039 2942 4095 in
2990 4041 3370 4113 protoplasto,
3425 4039 3752 4096 maledictione

2202 4195 2605 4270 Marc._x1v,_3,
2635 4195 2804 4270 fracto
2834 4195 3122 4270 alabastro,
3165 4199 3382 4270 effudit,
3427 4207 3535 4254 etc.
3594 4195 3754 4270 Itaque

2201 4269 2364 4340 etiam
2392 4267 2496 4340 hoc
2520 4263 3046 4340 loco'gccipiendum
3073 4263 3429 4340 margaritum
3457 4284 3552 4339 pro
3572 4263 3753 4340 vasculo

2205 4338 2329 4392 inde
2354 4335 2906 4410 confectos'l‘rop‘ica
2941 4348 3121 4394 tamen
3169 4335 3375 4395 locutio
3405 4335 3616 4410 corpus,
3657 4335 3754 4390 sive

2202 4421 2419 4479 carnem
2451 4422 2548 4479 nos
2571 4407 2719 4479 jubet
2762 4408 3080 4479 intelligere.

2275 4478 2385 4551 (Ti)
2409 4478 2505 4551 _Ad
2537 4477 2790 4551 originem
2826 4491 2871 4534 et
2896 4477 3167 4551 antiquam
3198 4477 3758 4551 possessionem.Error

2207 4548 2600 4621 luit_0rigenis,
2631 4550 2843 4606 animas
2887 4548 3264 4621 ante'corpo'ra
3301 4553 3492 4612 fuisse,
3525 4559 3577 4604 et
3600 4549 3757 4621 nescio

2136 4597 2180 4654 Ῐ)
2207 4597 3628 4690 tﬁiiuﬁé"iii"iélze“pi5£{{{tis"illdtaééiél'Iio'JeE'S'néo.
3639 4597 3758 4671 “an

2207 4691 2362 4756 alias,
2389 4691 2438 4744 in
2465 4705 2660 4758 corpus
2709 4692 3067 4747 mitterentur.
3100 4693 3231 4748 Vide
3253 4695 3354 4748 lib.
3389 4711 3404 4746 ι
3433 4690 3757 4758 Periarchon,

2205 4777 2327 4831 eap.
2354 4763 2409 4814 7.
2440 4757 2697 4814 Platenici
2729 4762 2838 4829 jam
2878 4761 3033 4831 longe
3062 4773 3186 4816 ante
3232 4766 3337 4818 hoc
3373 4763 3619 4817 delirium
3647 4757 3760 4831 deli-

2208 4828 2412 4885 rarant.
2446 4831 2596 4892 Vide,
2633 4832 2676 4884 si
2704 4833 2902 4956 placet,
2938 4828 3287 4903 ll‘odigiuum,
3317 4836 3413 4888 lib.
3452 4850 3508 4894 ιι.
3540 4845 3653 4900 cap.
3688 4828 3759 4881 lli.

2208 4903 2362 4955 Absit
2391 4909 2448 4954 nt
2487 4912 2673 4956 noster
2752 4903 3016 4956 hiolridus
3058 4905 3108 4956 id
3142 4907 3367 4956 sentiat.
3400 4913 3496 4956 aut
3526 4903 3624 4956 hoc
3663 4898 3759 4952 loco

2206 4903 2362 4955 Absit
2391 4909 2448 4954 nt
2487 4912 2673 4956 noster
2704 4898 3016 4958 Thiolridus
3058 4898 3108 4956 id
3142 4907 3368 4968 sentiat,
3400 4913 3496 4957 aut
3526 4898 3624 4956 hoc
3663 4898 3764 4952 loco

2208 4971 2353 5025 velit.
2387 4971 2500 5025 Non
2529 4971 2811 5040 ignorabat
2842 4974 3004 5030 homo
3041 4975 3495 5034 studiosissimus,
3540 4986 3641 5025 non
3686 4981 3766 5022 ne-

2206 5042 2438 5117 gligebat
2465 5041 2546 5096 vir
2571 5041 3026 5113 religiosissimus,
3060 5045 3251 5101 Leonis
3280 5045 3463 5117 primi
3494 5055 3640 5117 papae
3661 5053 3768 5117 seu;

2209 5110 2456 5176 tentiam,
2479 5128 2584 5182 qua
2619 5110 2739 5168 cu'm
2773 5129 3012 5169 errorem
3039 5110 3340 5178 damnavit,
3365 5110 3573 5170 contra
3596 5110 3768 5182 Brisei-

2207 5183 2452 5238 lianistas
2499 5180 2798 5256 scribens,
2852 5186 3008 5256 epist.
3065 5187 3154 5241 95.
3210 5187 3406 5255 Itaque
3476 5180 3770 5256 Tlniolridus

2210 5263 2414 5326 tantum
2463 5255 2655 5326 anima:
2707 5249 2973 5326 originem
3014 5257 3171 5312 docet
3210 5249 3334 5312 esse
3385 5271 3418 5310 a
3471 5255 3602 5319 Deo,
3635 5249 3771 5326 cuius

2207 5323 2503 5390 majestatis
2531 5324 2758 5380 thronus
2787 5322 2840 5380 in
2871 5327 3008 5382 cmlo
3039 5346 3053 5380 :
3093 5344 3200 5383 non
3237 5337 3426 5380 autem
3457 5341 3521 5379 ex
3552 5322 3768 5378 traduce.

2206 5410 2363 5466 quem
2399 5394 2715 5466 Tertulliani
2750 5413 2990 5452 errorem
3040 5398 3276 5453 hscretici
3303 5397 3559 5466 quidam,
3608 5398 3774 5466 nostro

2207 5459 2306 5519 lioc
2335 5465 2556 5540 saeculo,
2587 5467 2928 5540 innovarnnt.
2981 5467 3088 5522 Nec
3131 5485 3218 5523 mo
3240 5459 3338 5522 Ius'
3371 5459 3770 5540 loquendihtnttl-

2209 5537 2596 5610 tutnabliorret
2616 5539 2807 5610 abillo
2833 5539 3126 5608 Sapientis,
3148 5540 3352 5610 (Eccle.
3377 5532 3554 5610 x1i,'t')
3585 5532 3772 5610 :Spffij

2205 5619 2296 5680 tus
2343 5608 2514 5660 redeat
2555 5609 2623 5661 ad
2673 5600 2977 5680 Deum,ciui
3037 5600 3176 5664 dedit
3236 5609 3428 5680 illum.
3466 5600 3609 5662 Nam
3658 5600 3775 5656 illud

2208 5677 2403 5740 redeat,
2435 5681 2588 5746 quasi
2623 5680 2862 5735 indicare
2892 5677 3101 5735 videtur
3132 5682 3201 5734 ibi
3235 5691 3368 5733 ante
3407 5679 3598 5739 fuisse,
3629 5685 3776 5744 quam

2206 5748 2419 5822 corpori
2453 5750 2692 5822 da_retur.
2729 5751 2834 5804 Sed
2863 5752 3033 5805 solam
3079 5752 3350 5822 originem
3393 5750 3688 5820 signiﬁcat,
3733 5750 3780 5794 el

2207 5819 2441 5873 auctoris
2462 5818 2818 5874 cﬂcctionent.
