3986 6456
1417 375 1758 433 τιιιοιτιιιοι
1796 372 2085 430 ΑΒΒᾹΤΙΞ
2121 372 2680 430 EFTERNACENSIS

3574 367 3667 428 559

420 483 755 549 deatnliulat,
784 495 839 542 et
873 485 1175 544 oblectatur
1210 485 1501 552 divinitas;
1555 489 1712 557 digne
1747 486 1991 558 profecto
2021 494 2067 551 Α
2096 505 2184 542 nes
2219 486 2415 556 (Exod.
2464 504 2654 553 xxxix,
2685 488 2739 555 8,
2789 487 2897 560 l0),
2931 497 2987 543 et
3038 488 3316 543 nominum
3355 494 3408 541 et
3437 483 3672 539 colorum

423 587 644 651 uignora
705 585 1001 640 electorum
1067 579 1190 644 Dei,
1255 578 1345 648 qui
1389 595 1545 648 super
1599 579 1998 650 fundamentum

425 678 620 733 Christi
645 677 908 746 ludiﬁcant
946 686 1156 736 aurum,
1186 669 1385 739 lapides
1421 670 1698 740 pretiosos,
1731 687 1834 724 non
1856 669 2000 741 ligna

425 790 586 843 neque
616 770 861 840 stipulam
897 765 948 837 (1
973 763 1096 820 Cor.
1148 779 1229 825 ιιι,
1267 763 1396 832 i2);
1437 777 1667 831 quorum
1711 763 1997 832 sapientia,

429 874 484 918 ct
526 864 738 917 sincera
772 859 1018 929 corporis
1051 872 1114 911 ac
1145 855 1360 918 animae,
1393 855 1445 908 in
1485 871 1618 910 auro
1656 856 1998 911 metallorum

431 953 839 1025 prcliosissimo,
874 950 1190 1020 intelligitur
1221 947 1458 1018 puritas;
1497 948 1563 1002 de
1596 963 1728 1002 auro
1756 957 1810 1002 et
1854 963 2002 1018 gem-

421 1045 524 1100 inis
556 1054 865 1100 exstructas
911 1052 966 1098 et
1014 1043 1295 1098 redimitus
1344 1044 1644 1098 sortiuntur
1671 1044 1896 1115 pyxides
1947 1053 2003 1098 et

424 1128 690 1205 capsulas,
721 1135 835 1206 (82)
867 1135 1069 1192 ciboria
1099 1145 1154 1191 et
1181 1136 1512 1206 pyramidas.
1554 1134 1709 1204 Nam,
1753 1144 1810 1190 nt
1840 1135 2002 1190 intel-

427 1229 622 1282 lectum
657 1239 1045 1299 praetereamus
1076 1228 1448 1298 allegoricum,
1487 1243 1674 1298 quare,
1706 1229 2002 1284 secundum

422 1321 685 1385 litteram,
723 1321 890 1375 omnis
940 1319 1072 1389 lapis
1121 1322 1378 1390 pretiosus
1424 1330 1478 1374 et
1529 1335 1718 1374 aurum
1779 1337 1884 1376 non
1934 1323 2005 1376 sit

423 1430 603 1467 eorum
636 1414 1006 1484 operimentum
1029 1411 1244 1483 (Ezech.
1278 1428 1468 1479 xxvm,
1504 1413 1609 1484 l3),
1635 1414 1725 1484 qui
1757 1414 1809 1468 in
1842 1415 2036 1476 abuu-.

426 1505 608 1556 dantia
637 1504 894 1558 virtutum
927 1503 1291 1575 ingrediuntur
1317 1504 1611 1572 sepulcrum
1641 1505 1761 1575 (Job
1791 1523 1841 1572 v,
1885 1506 2002 1577 26),

429 1597 540 1666 qui,
573 1596 684 1667 (85)
716 1612 860 1667 reges
887 1605 933 1651 et
966 1596 1204 1651 consules
1233 1607 1406 1664 terrw,
1450 1599 1712 1666 a’diﬁcaut
1742 1600 1843 1653 sibi
1881 1600 2008 1653 soli-

429 1688 635 1743 tudines
659 1687 781 1759 (Job
805 1704 884 1752 ιιι,
919 1688 1005 1757 14)
1033 1704 1131 1758 per
1173 1688 1475 1758 tranquilla:
1511 1693 1707 1746 mentis
1745 1693 2002 1757 studium,

431 1788 486 1834 et
516 1779 792 1850 possident
835 1779 1114 1851 sapientia:
1154 1795 1346 1835 aurum
1392 1789 1447 1833 et
1477 1779 1643 1836 divini
1679 1785 1870 1853 eloquii
1912 1803 2004 1837 ar-

2103 596 2324 636 suorum
2357 583 2638 648 varietate,
2673 581 3001 653 tropologice
3031 582 3332 645 distinctas,
3382 588 3440 634 et
3468 577 3671 633 deside-

2103 671 2302 726 rabiles
2340 673 2600 726 virtutum
2653 674 2892 728 omnium
2962 673 3016 728 in
3058 689 3116 729 se
3156 672 3509 742 praetundunt
3557 686 3672 740 spe-

2102 763 2238 818 cies.
2275 762 2414 817 Sunt
2441 779 2656 834 quoque
2691 765 2865 833 regale
2889 764 3242 818 sacerdotium
3275 762 3322 829 (1
3343 756 3489 815 Petr.
3517 777 3575 820 ll,
3598 760 3672 830 8),

2102 863 2156 908 et
2204 869 2324 908 cum
2359 855 2425 909 ad
2481 871 2767 908 numerum
2802 867 2914 909 octo
2961 855 3337 909 beatitudinum
3380 851 3594 924 (Matth.
3622 867 3672 917 v,

2102 945 2282 1010 5-10),
2314 946 2424 1016 (87)
2450 954 2571 999 octo
2609 946 2718 999 sitit
2755 946 2806 1000 in
2862 946 2984 1018 lege
3017 944 3408 1000 intestimabilis
3441 943 3595 1013 pretii
3622 950 3676 999 et

2103 1037 2318 1092 decoris
2369 1053 2435 1092 ex
2489 1039 2666 1110 typico
2727 1037 2872 1106 lino,
2938 1055 3195 1109 purpura,
3243 1054 3438 1105 cocco,
3492 1037 3672 1106 bysso,

2106 1127 2418 1199 hyacintho,
2438 1137 2494 1182 et
2533 1144 2686 1194 auro,
2711 1137 2764 1183 et
2789 1130 3018 1199 gemmis
3045 1128 3455 1199 pretiosissimis
3484 1127 3674 1198 (Exod.

2104 1221 2291 1290 χχιιι)
2325 1239 2339 1276 :
2373 1237 2478 1276 non
2509 1230 2614 1276 tam
2645 1223 2942 1276 vestimenta
2973 1237 3136 1292 quam
3171 1231 3478 1275 ornamenta
3511 1221 3678 1290 ponti-

2104 1312 2283 1381 ﬁcum,
2326 1329 2448 1368 cum
2531 1315 2697 1369 totius
2767 1315 2952 1369 mundi
3007 1313 3226 1368 fabrica:
3278 1324 3392 1367 tum
3444 1313 3679 1366 omnium

2107 1412 2593 1469 sacramentorum,
2635 1421 2755 1476 quae
2788 1407 2840 1459 in
2891 1404 3157 1467 Ecclesia,
3207 1419 3305 1474 per
3353 1403 3682 1458 sacerdotale

2106 1501 2317 1563 oportet
2351 1493 2715 1549 administrari
2747 1494 2986 1549 ofﬁcium
3047 1495 3319 1557 mirabile,
3352 1510 3417 1548 ac
3465 1495 3552 1548 vix
3583 1493 3679 1548 hu-

2106 1583 2283 1638 manis
2311 1583 2490 1638 verbis
2517 1584 2837 1654 explicabile
2878 1584 3194 1654 mysterium
3220 1601 3233 1649 ;
3269 1593 3325 1637 et
3359 1583 3495 1637 tanti
3526 1597 3680 1637 orna-

2109 1684 2196 1728 tus
2229 1675 2512 1744 majestate
2537 1678 2803 1732 vestiatur
2830 1692 2960 1731 caro
2983 1675 3298 1730 inﬁrmitate
3327 1674 3678 1740 circumdata,

2108 1769 2236 1822 dum
2274 1767 2452 1824 adhuc
2481 1769 2844 1839 peregrinatur
2893 1785 2924 1822 a
2975 1769 3198 1822 Domino
3226 1766 3314 1839 (II
3358 1765 3482 1822 Cor.
3530 1783 3580 1831 v,
3627 1767 3679 1839 6)

428 1845 638 1941 genium
686 1871 803 1940 igne
849 1845 1237 1925 eaiatninalum!
1274 1871 1446 1942 (Ρεαι,
1497 1890 1575 1935 χι,
1625 1873 1702 1938 7,)
1743 1845 2006 1928 Νίηιίιυηι
2040 1845 2083 1902 Β
2112 1863 2324 1929 anima;
2357 1877 2537 1916 nonne
2579 1876 2704 1916 cum
2755 1860 2843 1915 illa
2893 1871 3013 1930 post
3041 1860 3307 1915 exhausta
3339 1867 3416 1913 tot
3446 1858 3681 1914 laborum

431 1961 586 2018 electi
628 1962 721 2016 Dei
753 1972 878 2016 sunt
906 1979 1029 2016 rasa
1069 1966 1187 2018 auri
1226 1967 1427 2022 excelsa
1457 1978 1504 2023 et
1551 1968 1849 2034 eminentia,
1891 1983 2008 2036 quae

433 2069 537 2106 non
564 2062 929 2123 computantur
949 2071 1043 2121 pro
1058 2063 1252 2110 (eterna
1276 2057 1372 2113 Dei
1397 2061 1650 2128 sapientia
1664 2058 1786 2131 (Job
1812 2073 2005 2124 sxvnt,

429 2147 546 2216 18),
578 2145 680 2216 ipsi
711 2146 955 2217 topazion
1005 2164 1071 2202 ex
1101 2148 1376 2220 zEtItiopia
1416 2150 1592 2222 (Psal.
1625 2169 1814 2219 cxvnt,
1858 2153 2007 2223 ιδῃ),

428 2239 534 2308 ipsi
570 2255 758 2292 aurum
803 2239 1058 2293 mundum
1105 2242 1247 2298 unde
1285 2245 1500 2300 condita
1537 2255 1620 2300 est
1647 2245 1784 2316 ipsa,
1811 2245 1875 2300 de
1903 2261 2007 2315 qua

431 2330 853 2399 praelibavimus,
885 2329 996 2402 (84)
1044 2333 1222 2388 civitas
1261 2336 1478 2390 uranica
1508 2336 1691 2409 (Apoc.
1726 2352 1839 2402 XXI,
1873 2337 1958 2408 18)
1993 2355 2008 2392 :

430 2427 487 2480 in
518 2425 672 2494 cujus
694 2435 1004 2494 structurae,
1034 2443 1098 2482 ac
1135 2429 1523 2484 inaestimabilis
1556 2441 1782 2486 ornatus
1809 2447 2013 2502 praeco-

436 2521 548 2587 nia,
580 2534 674 2588 per
695 2516 953 2588 Spiritum
977 2532 1247 2588 sanctum,
1273 2523 1500 2594 mystice
1526 2524 1860 2595 promittitur
1882 2539 2012 2579 voce

431 2611 750 2682 prophetica
786 2609 959 2664 :Ecce
1011 2627 1103 2682 ego
1153 2621 1380 2666 sternam
1431 2629 1522 2682 per
1551 2612 1784 2666 ordinem
1815 2611 2012 2680 lapides

433 2711 574 2768 tuos,
612 2710 659 2754 et
701 2699 933 2770 fundabo
962 2711 1010 2756 te
1047 2701 1102 2755 in
1128 2701 1416 2772 sappltiris,
1436 2712 1482 2756 et
1521 2717 1711 2770 ponam
1748 2701 2013 2770 jaspidem

433 2794 830 2864 propugnacula
861 2804 974 2861 tua,
1005 2803 1053 2849 et
1079 2804 1258 2864 portas
1287 2804 1406 2849 tuas
1449 2796 1504 2848 in
1548 2794 1746 2864 lapides
1788 2794 2014 2865 scalptos

433 2897 483 2940 et
539 2902 715 2941 omnes
779 2888 1026 2942 terminos
1089 2897 1207 2941 tuos
1262 2887 1317 2941 in
1381 2887 1580 2957 lapides
1645 2887 2014 2942 desiderabiles

433 2979 592 3047 (Isui.
621 2995 730 3044 Ltv,
772 2980 1016 3050 “,12);
1044 2988 1100 3034 et
1129 2980 1270 3049 quod
1304 2979 1413 3050 (85)
1453 2979 1676 3034 involuti
1709 2980 2016 3049 :enigmatis

433 3070 507 3124 sit
551 3069 772 3136 solutio,
826 3070 1092 3123 universos
1150 3068 1290 3138 ﬁlios
1339 3079 1458 3123 tuos
1491 3069 1670 3122 doctos
1723 3085 1756 3121 a
1787 3068 2016 3124 Domino

2111 1965 2376 2024 tempora,
2407 1952 2830 2007 immortalitatis
2859 1951 3052 2004 vestita
3085 1950 3245 2015 stola,
3288 1959 3344 2003 et
3390 1949 3575 2019 glorize
3602 1965 3684 2004 co-
3748 2017 3755 2028 ‘

2110 2062 2263 2110 rona,
2289 2047 2340 2100 in
2371 2046 2577 2101 cmlcsti
2609 2045 2838 2117 gloriosa
2879 2045 3188 2115 regnaverit
3215 2046 3402 2109 curia;
3431 2043 3682 2112 quidquid

2111 2150 2194 2194 est
2219 2141 2476 2194 terrestris
2502 2139 2686 2193 domus
2714 2139 2827 2207 ejus
2850 2138 3188 2192 habitationis
3215 2136 3392 2207 (ibid.,
3421 2135 3492 2204 l),
3534 2133 3684 2202 hujus

2112 2248 2368 2303 operosas
2393 2241 2618 2301 arteque
2653 2231 2958 2286 elaboratas
3001 2240 3202 2296 vestes,
3243 2229 3353 2298 (88)
3396 2229 3684 2283 minervale

2111 2327 2369 2396 pretium,
2407 2333 2463 2378 et
2492 2324 2665 2378 fusilis
2699 2322 2903 2378 metalli
2944 2321 3280 2376 admirandis
3330 2321 3518 2392 ﬁguris
3558 2334 3685 2389 opus

2113 2420 2381 2484 incusum,
2434 2433 2498 2472 ac
2548 2416 2867 2486 multiplicia
2921 2417 3058 2469 varii
3107 2415 3308 2470 coloris
3358 2429 3683 2483 gemmarum

2113 2526 2334 2581 genera,
2363 2526 2462 2580 pro
2500 2511 2784 2565 devotione
2822 2508 3084 2573 ﬁdelium,
3112 2507 3235 2575 jure
3282 2518 3557 2561 mereatur
3599 2506 3683 2558 ba-

2115 2603 2244 2658 bcre
2298 2603 2348 2656 in
2399 2601 2722 2672 operimenti
2779 2601 2860 2656 sui
2922 2600 3034 2672 (89)
3087 2598 3438 2654 redimicula?
3485 2597 3551 2652 Et
3597 2612 3690 2650 cur

2115 2713 2304 2751 eorum
2335 2697 2520 2751 inﬁma
2553 2711 2658 2750 non
2687 2710 2900 2750 summo
2934 2695 3228 2748 induantur
3252 2701 3307 2747 et
3337 2690 3689 2746 obvolvantnr

2116 2792 2331 2856 decore,
2367 2805 2430 2843 ac
2466 2789 2658 2860 gloria,
2687 2805 2808 2844 cum
2855 2788 2964 2843 sint
3003 2787 3237 2841 uranicze
3288 2785 3547 2848 civitatis,
3587 2799 3689 2836 non

2118 2891 2227 2936 t-am
2266 2882 2526 2950 primates
2567 2897 2728 2952 quam
2781 2895 2964 2948 reges;
2999 2895 3121 2933 cum
3158 2879 3224 2933 de
3258 2880 3336 2932 eis
3385 2892 3490 2931 non
3541 2885 3597 2929 ut
3629 2877 3690 2930 de

2118 2976 2230 3030 suis
2261 2973 2581 3044 Babylonius
2623 2988 2738 3038 rex,
2787 2973 2879 3027 sed
2932 2986 3058 3024 vere
3111 2986 3173 3024 ac
3215 2969 3412 3041 merito
3451 2983 3692 3023 summus

2119 3084 2304 3138 regum
2342 3069 2591 3137 princeps
2632 3067 2772 3121 Dens
2825 3065 3106 3136 glorietur,
3150 3063 3423 3132 inquiens.
3461 3061 3693 3131 nunquid

435 3160 608 3229 (ibid.,
639 3160 750 3231 15).
777 3159 914 3214 Sunt
946 3159 1141 3230 quippe
1190 3159 1291 3228 ﬁlii
1336 3158 1467 3214 Sion
1511 3159 1713 3230 inclyti,
1742 3169 1790 3213 et
1836 3159 2014 3212 amicti
2044 3195 2088 3256 C
2117 3159 2375 3229 principes
2403 3161 2500 3212 mei
2546 3157 2702 3213 simul
2742 3167 2860 3211 sunt
2906 3158 3088 3227 reges?
3129 3155 3262 3226 (lsa.
3316 3172 3372 3220 ιι,
3402 3154 3481 3222 9.)
3526 3154 3698 3224 Reges

437 3270 571 3307 auro
599 3255 767 3322 primo
795 3251 1012 3325 (Tltren.
1049 3268 1122 3317 tv,
1155 3250 1241 3323 2);
1286 3259 1412 3307 sunt
1442 3250 2017 3321 mirteiuagnitudinis

435 3355 492 3399 et
512 3344 715 3398 summi
771 3343 931 3414 pretii
989 3342 1214 3414 lapides,
1265 3341 1355 3412 qui
1407 3341 1461 3396 in
1517 3342 1708 3396 summi
1758 3340 2019 3410 pontiﬁcis

435 3435 704 3500 rationali,
761 3435 878 3508 (86)
927 3435 1155 3506 mystice
1217 3450 1314 3506 per
1363 3443 1592 3504 quatuor
1638 3433 1824 3487 intexti
1878 3432 2021 3485 ordi-

511 3590 622 3662 (82)
648 3589 861 3662 Cibaria
886 3599 944 3662 et
973 3589 1298 3662 pyramidas.
1316 3586 1455 3662 Scio
1474 3587 1702 3644 Horatio
1724 3589 2016 3658 scriptum:

724 3660 974 3728 Oblivisio
1001 3659 1132 3715 levia
1159 3659 1387 3715 Massico

725 3729 935 3801 Cibaria
958 3731 1218 3801 (ἐκρίθη...

485 3817 554 3855 uo
580 3801 701 3857 loco
739 3800 934 3854 ciboria
963 3799 1179 3871 capacis
1224 3799 1400 3871 poculi
1439 3816 1608 3871 genus
1635 3816 1755 3856 esse
1786 3809 2019 3858 constat.

441 3817 574 3927 gcio
623 3872 678 3926 in
728 3885 880 3926 sacra
911 3870 1342 3927 Christianarum
1375 3871 1741 3926 Ecclesiarum
1791 3874 2019 3927 suoelle-

487 3873 574 3926 cio
623 3872 678 3926 in
728 3885 880 3926 sacra
911 3870 1342 3927 Christianarum
1375 3870 1741 3926 EcClesiarum
1791 3874 2022 3942 supelle-

439 3943 580 4007 ctili,
614 3942 866 3998 cibarium
896 3957 1020 3998 esse
1063 3957 1159 3998 vas
1199 3957 1308 4012 quo
1355 3952 1768 4013 sacrosanctum
1817 3943 2022 3999 Christi

441 4014 656 4070 Domini
683 4027 879 4082 corpus
909 4014 1157 4068 conditur
1206 4023 1261 4068 et
1291 4022 1624 4068 asservatur.
1659 4013 1765 4068 Sed
1803 4015 1890 4070 hic
1917 4015 2025 4070 alio

443 4084 778 4156 signiﬁcatu,
829 4092 884 4138 et
935 4085 1116 4146 minus
1166 4085 1590 4156 usitato,__ponif
1625 4085 1884 4148 arbitror,
1925 4101 2026 4156 pro

442 4153 737 4212 conditorio
768 4170 1040 4225 sacrorum
1062 4171 1359 4223 corporum.
1393 4153 1509 4225 Non
1542 4155 1666 4210 dico
1699 4171 1798 4225 pro
1821 4153 2020 4224 loculo,

444 4236 542 4281 aut
562 4225 902 4295 sarcophago
929 4224 1029 4280 sed
1061 4225 1322 4296 ampliore
1369 4224 1455 4280 vel
1482 4240 1630 4289 casa,
1683 4224 1768 4280 vel
1804 4227 2022 4291 sacello,

447 4297 532 4351 vel
567 4297 800 4360 fornice,
843 4311 951 4364 quo
974 4296 1519 4366 pluresisarcopbagi
1565 4298 1750 4366 reponi
1783 4305 2023 4366 possent.

446 4368 538 4423 Sic
578 4367 866 4427 manifeste
897 4365 1095 4437 acCipit
1135 4365 1386 4435 Aigidius
1410 4365 1800 4421 Aureae-Vallis
1837 4384 2028 4422 mona-

443 4440 600 4502 chus,
629 4437 992 4493 additiouibus
1011 4438 1077 4490 ad
1105 4437 1418 4490 Anseluinm
1452 4437 1799 4501 canonicum,
1828 4439 1881 4492 in
1905 4438 2026 4492 Flo-

441 4509 670 4566 riberto.
697 4511 865 4577 capit.
890 4510 978 4562 50.
1012 4505 1164 4577 Quod
1192 4506 1685 4576 feretrum,inquit,
1714 4509 1767 4560 in
1808 4509 2024 4570 ciboria.

437 4581 597 4650 juxta
650 4575 838 4650 corpus
880 4578 1016 4630 beati
1064 4575 1564 4650 Lamberti,___usque
1606 4578 1660 4629 in
1713 4577 2025 4631 hodiernum

446 4646 606 4713 diem,
657 4648 970 4702 collocatum
1015 4656 1114 4710 est,
1143 4663 1259 4700 cum
1306 4646 1427 4700 aliis
1459 4657 1760 4716 sanctorum
1800 4649 2032 4716 pignori-

447 4721 563 4774 bus.
608 4719 807 4774 Ibidem
856 4717 1017 4778 infra,
1066 4719 1131 4770 de
1181 4732 1408 4786 corpore
1448 4717 1503 4771 S.
1540 4715 1926 4780 Madelberttez
1963 4716 2031 4776 In

444 4792 668 4860 pra’fato
698 4789 893 4845 ciboria
929 4797 1004 4841 est
1039 4786 1348 4860 collocatum
1379 4786 1500 4860 :_
1528 4803 1630 4855 quo
1657 4798 1703 4838 et
1724 4785 1835 4860 alia
1867 4789 2031 4860 multa

446 4856 750 4912 sanctorum
786 4875 1006 4927 corpora
1038 4859 1387 4928 requiescunt.
1417 4856 1552 4911 Hine
1592 4857 1844 4912 versibus
1869 4858 2032 4928 hujus

449 4931 631 4998 operis
668 4930 844 4999 initio.
868 4929 1078 4998 positis,
1105 4927 1229 4982 non
1271 4927 1429 4999 modo
1467 4928 1803 4999 pyramidas,
1852 4927 2033 4984 sedet

454 4997 655 5053 ciboria
679 4997 877 5053 exstrui
906 5001 982 5053 ait
1027 5017 1042 5054 :
1080 5013 1186 5067 quo
1230 4997 1453 5062 indicat,
1477 5013 1646 5066 genus
1673 4997 1840 5054 fuisse
1861 5000 2034 5067 tediﬁ-

448 5069 692 5123 eationis.
724 5068 840 5136 Qua
871 5085 999 5125 vero
1049 5069 1221 5124 forma
1259 5083 1321 5122 ea
1363 5069 1546 5122 cibarii
1569 5079 1834 5126 structura
1862 5080 2031 5131 esset,

451 5139 728 5208 eleganter
777 5141 847 5194 ab
894 5151 1115 5196 auctore
1189 5149 1376 5195 nostro
1423 5138 1757 5209 descriptum
1821 5141 2034 5196 videbis

451 5209 617 5274 infra,
641 5211 733 5266 lib.
764 5209 869 5265 hoc
904 5212 1165 5274 secundo,
1189 5227 1239 5265 c.
1269 5209 1322 5265 6.

526 5281 640 5352 (83)
685 5280 848 5351 Reges
887 5291 942 5336 et
985 5283 1224 5338 consules
1265 5291 1436 5335 terrai.
1497 5279 1674 5336 Verba
1723 5290 1849 5335 sunt
1903 5281 2023 5336 .lob.

452 5353 735 5420 Quomodo
777 5362 962 5409 noster
989 5361 1209 5410 sanctos
1231 5361 1387 5407 vocet
1419 5367 1593 5422 reges,
1641 5352 1772 5407 dicit
1801 5354 1915 5424 ipse
1948 5353 2030 5406 iu-

453 5426 550 5480 l’ra.
591 5424 697 5494 hoc
729 5425 846 5492 ipso
874 5425 1070 5494 capite.
1458 5493 1461 5494 ν
1661 5492 1703 5494 ,_
1786 5493 1789 5494 ν
1839 5426 1842 5428 ⁷

527 5495 638 5562 (8i)
661 5493 860 5549 Civitas
889 5492 1130 5552 uianica.
1164 5495 1219 5550 ll
1261 5502 1344 5552 est
1367 5493 1624 5550 ctelestis.
1659 5492 1828 5565 Magis
1869 5508 2028 5552 usur-

451 5565 776 5640 patit__Grt_eci
801 5569 1048 5640 ρύρᾳνως.

525 5637 636 5706 (85)
678 5635 906 5691 Ιηυοιιίιὶ
938 5637 1232 5705 wnigmatis
1258 5635 1468 5690 solutio.
1496 5636 1650 5703 Quod
1680 5645 1830 5690 tanto
1865 5649 2034 5705 appa-

453 5719 578 5761 ratu
609 5717 663 5761 et
693 5707 958 5760 varietate
985 5708 1050 5762 de
1075 5707 1340 5776 lapidibus
1362 5708 1580 5771 dicitur,
1607 5709 1698 5762 sed
1721 5706 1954 5761 obscure
1977 5715 2032 5760 et

455 5778 609 5846 quasi
641 5778 1001 5849 :rnigmatice,
1035 5775 1355 5849 explicatur,
1381 5778 1573 5847 inquit,
1604 5778 1727 5849 dum
1758 5775 2029 5849 subiungi:

457 5845 548 5906 tur
581 5865 592 5901 :
622 5845 883 5907 αηὶιοένως
927 5847 1063 5914 ﬁlios
1097 5845 1234 5914 tuos,
1265 5858 1396 5915 etc.,
1444 5845 1497 5910 id,
1533 5857 1638 5916 cst,
1671 5848 1736 5903 Hi
1792 5847 1912 5916 ipsi,
1948 5845 2026 5914 fili

2057 4547 2110 4608 D

2122 3252 2383 3323 profecto,
2432 3263 2486 3308 et
2535 3252 2824 3306 senatoriae
2881 3250 3162 3322 dignitatis
3219 3256 3362 3313 sunt,
3415 3257 3470 3303 et
3515 3262 3696 3317 regem

2123 3345 2463 3409 saeculorum,
2506 3345 2598 3415 qui
2654 3344 2806 3398 habet
2853 3343 2906 3396 in
2955 3343 3276 3406 uestimento,
3330 3350 3378 3394 et
3419 3340 3473 3392 in
3508 3339 3702 3402 femore

2121 3438 2370 3508 scriptum
2394 3452 2414 3503 ,'
2436 3451 2526 3491 rex
2554 3451 2730 3506 regum
2753 3444 2798 3488 et
2821 3432 3078 3487 Dominus
3101 3430 3488 3485 dominantium
3514 3428 3699 3501 (Apoc.

2122 3602 2250 3648 sunt
2276 3593 2495 3658 lapiaes.
2529 3592 2672 3659 quod
2705 3591 2907 3645 diserte
2929 3589 3133 3645 subdit.

2195 3664 2307 3731 (86)
2334 3657 2390 3715 Μ
2396 3657 2560 3732 ystice
2577 3677 2669 3730 per
2694 3670 2921 3731 quatuor
2945 3662 3126 3714 intexti
3157 3660 3384 3732 ordines.
3421 3657 3708 3732 y’st_i_cnm

2123 3743 2177 3789 et
2205 3728 2466 3804 typicum;
2499 3728 2967 3804 itemquemystice
2993 3740 3046 3786 et
3070 3731 3234 3804 typice
3259 3730 3372 3784 ﬁeri
3400 3730 3530 3783 dicit
3554 3728 3711 3782 'l'ltio-

2125 3800 2318 3874 fridus,
2350 3813 2460 3857 tum
2490 3800 2752 3927 fluidquid
2807 3800 2858 3857 in
2909 3800 3102 3856 Veteri
3129 3800 3478 3855 Testamento
3511 3812 3714 3868 myste-

2126 3876 2267 3927 rium
2307 3874 2485 3927 aliuuo
2550 3872 2707 3927 Novi.
2742 3873 2856 3927 sive
2888 3887 2998 3927 rem
3037 3887 3247 3927 sacram
3285 3881 3338 3925 et
3367 3871 3710 3927 spiritualetn

2126 3871 2267 3930 rium
2307 3871 2522 3942 aliquod
2550 3871 2707 3940 Noui,
2742 3873 2856 3928 sive
2888 3887 2998 3927 rem
3037 3887 3247 3927 sacram
3285 3881 3338 3925 et
3367 3871 3710 3939 spiritualem

2127 3944 2511 4014 signiﬁcabat:
2561 3954 2670 3998 tum
2721 3945 2896 4014 ipsum
2945 3943 3287 4013 mysterium,
3340 3952 3437 4014 aut
3482 3957 3600 4014 rein
3632 3957 3718 4014 _eo

2127 4010 2288 4071 modo
2317 4015 2697 4084 signiﬁcatam.
2741 4010 2870 4068 'lloc
2917 4015 2960 4069 si
2995 4010 3275 4084 observes.
3326 4010 3518 4084 multa,
3550 4011 3719 4084 hujus

2129 4082 2507 4142 auctoris'loca
2541 4085 2698 4138 facile
2723 4084 3016 4154 intelliges.
3069 4083 3160 4138 Sic
3194 4083 3296 4138 hoc
3326 4082 3466 4144 loco,
3503 4083 3716 4150 lapides

2129 4159 2186 4211 in
2215 4157 2463 4218 rationali
2492 4155 2774 4224 pontiﬁcis,
2800 4153 2924 4209 vttlt’
2949 4155 3117 4208 fuisse
3156 4165 3338 4223 typum
3369 4153 3626 4224 insignis,
3661 4161 3720 4206 et

2129 4242 2302 4282 sacrm
2339 4228 2640 4292 varietatis,
2687 4242 2876 4281 earum
2927 4227 3190 4280 virtutum
3245 4240 3366 4293 qua:
3407 4225 3462 4278 in
3511 4224 3721 4278 sanctis

2131 4297 2328 4352 futura:
2358 4307 2534 4350 erant.

2202 4369 2316 4436 (87)
2352 4367 2482 4422 Octo
2509 4378 2814 4422 ornamenta
2839 4367 3166 4436 pontiﬁcum.
3205 4366 3330 4421 Haec
3353 4375 3480 4421 octo
3502 4365 3718 4420 descri-

2129 4439 2328 4493 buntur
2344 4439 2512 4492 Exodi
2540 4455 2704 4491 χχχιχ
2721 4451 2772 4492 et
2797 4439 2882 4491 Dei
2913 4439 3063 4506 jussu
3083 4438 3477 4491 cancinnantur
3501 4455 3529 4488 a
3553 4437 3722 4490 Bese-

2131 4509 2254 4573 leel,
2277 4524 2470 4577 nempe
2485 4508 2928 4577 superhtmterale.
2956 4509 3230 4568 rationale,
3257 4510 3434 4560 tunica
3463 4508 3724 4574 super/tu-

2134 4581 2365 4643 meralis,
2393 4582 2584 4633 tunica'
2609 4580 2850 4648 byssince,
2882 4580 3072 4643 mitrte,
3100 4578 3394 4648 feminalia,
3426 4577 3722 4647 cingulum,

2135 4651 2335 4704 lamina
2367 4667 2533 4704 sacra:
2565 4651 2930 4704 venerationis.
2963 4649 3018 4702 ιιι
3051 4664 3275 4703 numero
3299 4652 3572 4702 octonario
3605 4649 3728 4701 titil-

2135 4720 2242 4780 lam
2272 4722 2379 4774 vim
2433 4729 2523 4774 aut
2555 4721 2870 4790 mysterium
2909 4721 2993 4774 hic
3026 4735 3225 4788 ponere
3257 4720 3470 4790 videtur
3500 4729 3722 4779 auctor,

2135 4793 2229 4846 sed
2254 4801 2458 4845 tantum
2483 4788 2782 4845 varietatem
2822 4799 3050 4846 ornatus
3086 4789 3410 4861 signiﬁcare.
3445 4788 3619 4843 Porro
3653 4793 3724 4841 de

2136 4862 2366 4930 singulis
2395 4862 2477 4914 bis
2502 4861 2700 4926 dicere,
2752 4863 3018 4915 inﬁnitum
3064 4861 3157 4924 sit,
3193 4872 3248 4914 et
3276 4861 3501 4914 minitne
3530 4874 3732 4913 necesn

2137 4933 2378 4998 Sarium;
2406 4932 2564 4986 modo
2593 4931 2692 4986 hoc
2717 4943 3014 4995 teneamus,
3045 4947 3106 4985 ea
3139 4932 3398 4985 varietate
3431 4945 3734 4984 ornamen‘.

2141 5011 2340 5065 torum,
2396 5003 2578 5057 varias
2620 5003 2841 5056 indicari
2891 5012 3202 5056 sanctarum
3251 5001 3514 5055 tuentium
3546 5001 3725 5055 dotes.

2137 5073 2291 5144 Vide,
2322 5074 2365 5128 si
2398 5073 2594 5142 placet,
2627 5088 2720 5128 eos
2747 5074 2836 5144 qui
2868 5073 3205 5144 scripserunt
3249 5087 3413 5144 super
3450 5071 3736 5144 Exodum,

2136 5151 2198 5196 ut
2229 5141 2380 5212 Orig.
2400 5141 2606 5198 ’bomil.
2657 5144 2690 5198 9
2731 5141 2786 5198 ei
2833 5143 2929 5208 13;
2976 5143 3269 5212 ltupertuni
3315 5141 3406 5196 lib.
3439 5156 3600 5212 tv,7c.
3636 5142 3729 5196 25.

2134 5213 2268 5268 Item
2298 5211 2629 5268 Clementem
2654 5213 2947 5272 Alexandr.
2973 5211 3075 5268 lib.
3101 5231 3127 5267 ν
3164 5212 3460 5278 Stromat.;
3498 5211 3732 5268 Hieron.

2137 5283 2214 5338 De
2243 5294 2393 5338 veste
2420 5285 2626 5339 sacerd.
3380 5343 3382 5346 ,

2210 5353 2328 5425 (88)
2358 5353 2643 5410 Minervale
2668 5355 2913 5422 pretium.
2960 5353 3197 5415 Pretium
3223 5353 3463 5408 arbitror
3487 5352 3733 5425 positum

2135 5440 2234 5493 pro
2261 5423 2316 5482 re
2349 5427 2603 5494 pretiosa.
2641 5426 2703 5478 lit
2733 5428 2985 5495 quoniam
3015 5426 3082 5479 de
3113 5425 3355 5495 vestibus
3383 5432 3504 5477 arte
3538 5423 3734 5495 elabo-

2137 5493 2444 5566 ratisiagit,
2485 5495 2678 5564 poetici
2713 5493 3013 5552 cotntuenti
3041 5512 3272 5561 memor,
3302 5493 3600 5549 Minervale
3634 5509 3734 5549 vo-

2137 5575 2244 5619 cat.
2277 5565 2408 5620 Nam
2441 5566 2678 5620 Minerva
2713 5568 2960 5620 textrina)
2981 5576 3230 5634 prazerat.

2210 5637 2320 5703 (89)
2377 5637 2725 5691 Redimicula.
2788 5637 3051 5706 Ampliter
3114 5637 3215 5693 hoc
3269 5636 3494 5692 verbum
3551 5635 3732 5704 ponit.

2137 5723 2240 5788 pro
2265 5723 2328 5788 eo
2357 5709 2503 5776 omni
2539 5724 2644 5777 quo
2667 5707 2790 5777 quis
2817 5709 3120 5776 redimitur,
3148 5707 3288 5768 sicut
3332 5707 3591 5774 atuictus,
3625 5722 3739 5778 quo

2138 5790 2401 5834 anttt‘ttur.
