3986 6462
325 351 413 406 5H

1207 356 1478 415 FLORES
1516 353 1854 411 El’lTAPllll
1895 353 2340 416 SANCTORUM.
2373 387 2442 398 —-
2481 356 2608 412 LIB.
2655 354 2715 410 ll.

3499 359 3617 416 πω

332 478 435 526 tux,
467 463 581 535 16),
612 467 669 522 in
719 469 930 529 decore
971 489 1068 529 suo
1106 473 1330 528 vicinius
1364 473 1417 525 in
1468 473 1627 526 domo
1670 488 1769 527 sua
1800 485 1916 526 cmo
1949 479 1998 534 Α
2025 472 2232 528 dientes
2255 473 2368 541 (94)
2395 471 2608 536 fratres,
2637 484 2768 525 oves
2793 469 3108 535 Dominicai,
3129 469 3607 530 oﬂ'enderenteum

336 551 453 609 lesti
483 560 952 630 contemplautur
989 562 1128 618 beati
1179 563 1318 617 oculi
1363 577 1576 622 eorum,
1620 571 1676 616 et
1711 571 1927 617 :eterua:

345 646 650 703 festivitatis
686 650 1045 723 frequentant
1080 655 1390 724 tripudium,
1434 653 1638 708 nullum
1686 669 1924 723 unquam

350 748 502 792 tanta:
527 739 896 809 celebritatis,
926 753 981 799 et
1008 744 1204 799 laetitia:
1230 744 1396 798 visuri
1426 744 1736 798 terminum.
1769 743 1928 798 Cum-

353 846 447 900 que
509 829 744 898 quilibet
795 849 893 888 rex
949 844 1126 900 teme,
1179 835 1229 889 iu
1279 836 1506 891 summis
1547 833 1927 892 festivitatibus

350 923 589 988 summis,
629 939 742 978 non
777 925 933 994 quasi
964 925 1144 991 homo,
1178 927 1270 981 sed
1301 937 1359 982 ut
1386 927 1522 983 alter
1551 928 1704 996 deus,
1741 929 1926 984 mundi

349 1015 624 1070 ornatibus
655 1017 969 1083 decoretur,
1005 1027 1058 1072 et
1092 1021 1180 1089 qui
1218 1020 1272 1072 in
1307 1020 1548 1075 domibus
1572 1037 1751 1092 regum
1778 1029 1924 1086 sunt,

348 1110 584 1164 mollibus
613 1117 670 1164 et
697 1111 1140 1181 exquisitissimis
1164 1113 1447 1167 vestiantur
1473 1111 1690 1184 (Matth.
1725 1128 1802 1178 XI,
1837 1113 1922 1183 8);

351 1216 514 1270 quare
544 1209 862 1256 sanctorum
904 1218 1026 1256 ossa
1058 1213 1113 1256 et
1147 1204 1378 1270 cineres,
1431 1205 1630 1275 quibus
1661 1205 1758 1274 ipsi
1801 1220 1932 1274 pur-

350 1291 520 1361 purati
549 1307 728 1362 reges,
764 1303 818 1346 et
847 1293 1118 1364 principes
1141 1310 1277 1364 genu
1308 1294 1549 1361 flectunt,
1573 1306 1628 1350 et
1657 1296 1929 1350 inclinau-

351 1395 449 1445 tur,
481 1397 587 1436 nou
620 1383 672 1437 in
712 1384 958 1453 operosis
987 1393 1042 1438 et
1085 1385 1322 1440 maximo
1376 1397 1592 1455 sutuptu
1630 1385 1928 1442 elaboratis

349 1473 634 1529 mausoleis
664 1482 724 1528 et
751 1474 989 1545 capsulis
1026 1483 1082 1529 et
1129 1475 1422 1532 involucris
1451 1475 1856 1533 recondantur?

892 1565 1285 1622 CAPITULUM
1333 1567 1396 1622 ll.

347 1681 493 1748 Quod
528 1693 678 1736 tanto
722 1683 885 1736 cineri
913 1698 1016 1736 non
1049 1693 1382 1750 comparetur
1411 1681 1684 1736 materiale
1713 1699 1925 1746 aurum,

379 1770 469 1806 nec
490 1770 663 1817 omne,
699 1753 844 1824 quod
877 1753 930 1805 in
964 1754 1114 1806 rebus
1150 1751 1467 1806 volventibus
1494 1762 1567 1806 est
1585 1753 1889 1822 pretiosum.

409 1844 679 1899 Nimirum
735 1845 877 1899 sicut
908 1853 1124 1900 aeterna:
1166 1842 1446 1914 Sapientia:
1478 1861 1581 1899 non
1615 1846 1928 1916 adatquatur

338 1952 534 1989 aurum
595 1936 850 2005 obryzum
903 1935 1190 2007 mysticum
1250 1935 1369 2005 (Job
1423 1952 1628 2004 xxvm,
1686 1935 1797 2007 15),
1851 1936 1929 1991 sic

341 2037 500 2081 tanto
543 2028 708 2082 cineri
738 2043 843 2082 non
877 2038 1226 2098 comparatur
1257 2028 1540 2084 matcriale
1581 2044 1794 2093 aurum,
1827 2043 1928 2083 nec

338 2135 507 2174 orline
551 2120 691 2190 quod
725 2120 777 2172 in
828 2118 988 2174 rebus
1043 2119 1428 2188 temporalibus
1475 2129 1561 2175 est
1608 2121 1922 2191 pretiosum.

335 2212 483 2279 Quid
511 2213 656 2265 enim
680 2221 764 2266 est
783 2227 974 2266 aurum
1005 2221 1061 2266 et
1085 2227 1244 2268 omne
1265 2212 1408 2281 quod
1438 2228 1503 2268 ex
1536 2223 1682 2268 terra
1700 2223 1782 2268 est
1803 2230 1926 2284 pre-

336 2306 539 2358 tiosum
576 2304 679 2359 nisi
724 2313 932 2362 mutato
964 2304 1143 2359 colore
1174 2304 1378 2359 lutum?
1413 2305 1520 2361 Sed
1547 2307 1690 2362 inter
1725 2307 1927 2363 cineris

335 2406 591 2450 naturam
628 2406 684 2453 et
741 2397 851 2465 (90)
884 2397 1002 2451 auri
1048 2412 1235 2451 auram
1268 2413 1461 2470 magna
1511 2399 1766 2455 distantia
1819 2408 1924 2465 est,

337 2490 470 2559 quia
522 2490 659 2544 riuis
693 2489 1014 2544 naturaliter
1071 2489 1318 2560 squalet,
1374 2506 1564 2545 aurum
1611 2492 1801 2558 claret,
1840 2491 1927 2547 hic

342 2580 722 2648 spiritualiter,
751 2580 855 2634 hoc
889 2578 1129 2634 oblectat
1159 2578 1472 2635 carnaliter.
1510 2581 1624 2636 Hoc
1650 2598 1756 2636 non
1800 2596 1923 2652 per-

345 2672 518 2726 mittit
548 2687 795 2726 securum
822 2671 901 2727 ire
923 2672 1063 2728 inter
1093 2671 1352 2737 latrones,
1384 2672 1471 2726 hic
1503 2672 1758 2728 invisibili
1780 2688 1927 2729 cont-

344 2768 484 2836 pede
529 2766 655 2836 ligat
692 2766 985 2837 sacrilegos
1026 2783 1090 2822 ac
1133 2768 1300 2830 fures,
1333 2778 1387 2822 et
1430 2785 1550 2823 cum
1599 2771 1778 2839 przeda
1830 2786 1926 2825 sua

346 2859 479 2912 facit
504 2867 648 2912 stare
678 2858 1007 2924 immobiles,

680 2946 747 3003 'ut
777 2961 877 3004 stat
913 2951 1208 3021 Marpliesia
1233 2963 1432 3008 cautes.

347 3041 458 3096 Hoc
486 3043 683 3113 quippe
713 3044 1108 3114 vigilantissimi
1157 3061 1308 3116 papa:
1351 3047 1584 3118 theologi
1628 3047 1739 3118 (9|)
1791 3047 1927 3104 Gre-

2031 565 2298 635 torqueri,
2328 579 2452 619 cum
2491 561 2820 618 conscientia
2868 563 3101 628 vindice,
3148 572 3256 618 tum
3283 563 3396 633 (95)
3425 566 3616 618 divino

2027 657 2305 721 examine;
2341 665 2396 710 et
2438 672 2558 710 cum
2587 655 2808 709 dubium
2837 663 3009 720 esset,
3055 669 3231 710 utrum
3263 657 3500 710 venisset
3528 656 3611 710 of-

2027 749 2170 804 ferre
2207 764 2274 803 au
2305 746 2541 814 auferre,
2568 749 2702 803 certi
2727 749 2940 803 tandem
2967 748 3161 803 redditi
3187 760 3368 804 reatus
3392 747 3621 806 confes-.

2028 840 2178 894 sione
2201 855 2264 895 ac
2278 839 2677 894 evidentissima
2704 838 2898 894 divinae
2915 839 3408 895 animadversionis
3421 849 3609 894 osten-

2029 931 2201 997 sione,
2233 947 2442 986 summa
2471 932 2559 986 vix
2601 932 2908 987 obtinerent
2958 932 3387 1002 supplicatione:
3425 933 3632 1003 utqui

2030 1039 2118 1081 res
2148 1038 2335 1081 eorum
2365 1034 2591 1080 venerat
2640 1025 2850 1080 insidiis
2893 1025 3162 1096 excipere,
3194 1025 3382 1081 saltem
3408 1041 3610 1082 vacuus

2027 1134 2083 1179 et
2111 1124 2247 1179 liber
2274 1133 2458 1193 posset
2480 1123 2790 1179 abscedere.
2818 1121 3070 1177 Profecto
3086 1139 3208 1177 cum
3228 1123 3299 1178 sit
3320 1123 3604 1192 scriptum,

2028 1217 2092 1268 de
2116 1226 2255 1269 terra
2292 1224 2527 1270 constant
2567 1215 2741 1268 omnia
2765 1213 2968 1285 (Eccle.
3011 1230 3092 1278 Ill,
3137 1215 3258 1284 90);
3289 1217 3466 1284 specie
3499 1231 3630 1271 nou-z

2027 1322 2260 1376 genere:
2288 1307 2470 1363 colore
2498 1306 2615 1377 (96)
2653 1322 2761 1362 non
2798 1307 3029 1361 veritate
3075 1317 3280 1361 natura:
3331 1308 3606 1373 differunt,

2029 1406 2212 1452 tantus
2239 1407 2550 1453 sanctorum
2595 1397 2756 1463 cinis,
2799 1405 2853 1452 et
2883 1412 3096 1462 aurum,
3131 1411 3194 1451 ac
3221 1413 3370 1450 omne
3393 1399 3529 1466 quod
3555 1399 3610 1452 in

2028 1488 2222 1542 mundo
2250 1489 2666 1557 concupiscentia
2705 1499 2778 1542 est
2803 1486 3072 1541 oculorum
3113 1486 3164 1557 (Ι
3206 1489 3366 1542 Joan.
3399 1504 3458 1552 ll,
3495 1487 3606 1560 16).

2031 1580 2136 1634 Sed
2165 1595 2270 1634 nou
2294 1588 2502 1634 tantum
2533 1595 2601 1636 ex
2627 1580 2729 1635 hoc
2756 1579 3000 1634 avaritia:
3041 1590 3303 1644 monstro,
3335 1580 3612 1636 effemina-

2033 1682 2121 1725 tur
2150 1671 2308 1725 virile
2330 1686 2528 1741 corpus
2556 1681 2613 1726 et
2637 1672 2869 1735 animus,
2901 1681 3163 1741 quantum
3215 1689 3279 1727 ex
3311 1672 3400 1728 illo
3426 1673 3609 1729 excel-

2033 1763 2312 1818 lentissimi
2346 1765 2525 1820 meriti
2560 1765 2816 1820 thesauro
2845 1765 2896 1818 iu
2929 1779 3119 1819 omnes
3146 1765 3609 1833 supereminentis

1958 1827 2003 1886 Β
2030 1857 2217 1925 gratiae
2233 1856 2321 1910 Dei
2343 1853 2560 1910 divitias
2573 1857 2958 1910 corroboratur
2970 1864 3024 1908 et
3045 1854 3398 1924 locupletatur
3411 1856 3604 1922 homo;

2029 1949 2181 2017 Cujus
2207 1948 2421 2003 divinus
2449 1948 2918 2018 incircumscripto
2941 1947 3151 2015 spiritui
3175 1948 3414 2003 adhaeret
3445 1949 3610 2018 spiri-

2032 2049 2133 2092 tus.
2185 2039 2476 2094 Pretiosior
2530 2049 2614 2094 est
2677 2039 2851 2108 pulvis
2921 2039 3149 2108 exiguus
3207 2055 3341 2094 auro
3407 2041 3619 2096 mundo

2027 2132 2250 2203 obt'yzo,
2281 2133 2407 2186 licet
2444 2132 2658 2200 utrique
2711 2142 2869 2186 terra:
2903 2133 3098 2186 matrix
3145 2132 3214 2187 sit
3253 2132 3441 2202 origo:
3479 2146 3608 2202 pre-

2028 2223 2238 2284 tiosior.
2271 2224 2510 2293 inquam,
2539 2223 2664 2292 quia
2697 2222 2825 2277 illud
2863 2222 3020 2285 fallit,
3055 2231 3109 2277 et
3134 2222 3333 2276 infelici
3357 2221 3606 2276 avaritiae

2026 2314 2300 2370 blanditur
2325 2315 2638 2384 deceptorio
2695 2314 2914 2369 colore:
2969 2314 3055 2368 hic
3086 2313 3288 2382 absque
3325 2312 3472 2367 oumi
3516 2312 3610 2368 de-

2027 2408 2292 2477 ceptionis
2321 2407 2468 2470 fuco,
2491 2422 2614 2462 cum
2645 2408 2846 2476 ingenti
2873 2416 2929 2462 et
2964 2407 3123 2476 digna
3159 2405 3401 2460 omnium
3436 2404 3608 2459 admi-

2029 2499 2258 2565 ratione,
2294 2499 2347 2553 iu
2387 2498 2615 2554 salutem
2661 2499 2844 2552 mundi
2892 2497 3109 2568 prolicit
3157 2513 3224 2552 ex
3273 2496 3495 2568 spiritus
3523 2497 3612 2555 sui

2026 2589 2477 2644 sanctificatione.
2505 2589 2736 2652 Aurum,
2768 2597 2823 2644 et
2851 2587 3111 2659 quidquid
3143 2589 3198 2642 in
3235 2587 3396 2643 rebus
3433 2594 3616 2643 mate-

2029 2679 2286 2745 rialibus,
2340 2679 2525 2735 oculos
2587 2679 2767 2734 carnis
2831 2679 3038 2749 fulgore
3094 2694 3192 2734 suo
3257 2676 3606 2748 perstringit;

2027 2781 2231 2843 quanto
2256 2773 2427 2842 magis
2453 2772 2767 2835 dividendo,
2790 2788 2914 2827 cum
2935 2786 3148 2827 summo
3173 2769 3464 2825 dividentis
3492 2771 3608 2824 dis-

2029 2862 2245 2931 pendio,
2265 2861 2554 2926 minuitur;
2589 2871 2739 2916 tanto
2770 2861 2996 2916 minoris
3017 2861 3176 2930 pretii
3217 2861 3466 2926 ducitur;
3494 2857 3609 2931 (97)

2030 2956 2165 3010 tanti
2194 2964 2374 3010 autem
2405 2955 2643 3025 pulveris
2671 2955 2960 3019 electrum,
2987 2963 3192 3024 quanto
3215 2952 3377 3007 latius
3409 2952 3519 3023 (98)
3549 2953 3602 3006 in

2030 3046 2328 3116 patrocinia
2376 3045 2742 3100 Ecclesiarum
2782 3046 2900 3113 Dei,
2930 3045 3048 3101 sine
3078 3045 3188 3099 ullo
3231 3043 3611 3099 distribuentis

350 3135 484 3208 gorii
535 3135 698 3190 habet
755 3135 1028 3205 Dialogus,
1078 3136 1221 3205 quod
1268 3151 1452 3192 coram
1491 3137 1603 3208 (99.)
1651 3136 1924 3206 cujusdam
1955 3176 2000 3238 C
2032 3139 2454 3203 intertrimento,
2485 3138 2848 3204 distribuitur,
2877 3149 3026 3194 tanto
3049 3137 3320 3208 profusius
3351 3137 3425 3193 illi
3459 3151 3610 3192 reve-

356 3228 652 3297 Iuaguilicae
704 3228 1013 3282 sanctitatis
1041 3229 1144 3282 viri
1195 3229 1580 3285 sacratissimis
1627 3229 1925 3297 cineribus,

357 3319 442 3372 fur
465 3321 640 3375 noctis
671 3318 886 3374 furvum
923 3322 1192 3391 praecipue
1221 3331 1500 3392 appetens,
1532 3338 1654 3378 cum
1677 3337 1927 3390 vervece,

355 3429 509 3484 quem
546 3415 613 3469 de
657 3413 849 3468 vicinis
883 3414 1124 3482 ejusdem
1154 3413 1311 3468 electi
1363 3414 1456 3468 Dei
1508 3414 1714 3470 tumulo
1759 3414 1929 3470 caulis

354 3505 552 3571 ovium,
617 3506 730 3573 (9'5)
781 3504 997 3574 cleptim
1056 3503 1334 3569 involavit,
1396 3505 1752 3561 invisibilibus
1787 3511 1928 3561 canis

358 3599 512 3663 vivus,
541 3613 569 3652 a
594 3597 741 3650 leone
778 3607 982 3650 mortuo
1009 3596 1178 3667 (Eccl.
1224 3613 1299 3663 tx,
1322 3596 1403 3667 4),
1449 3597 1557 3652 imo
1606 3598 1927 3665 dormiente,

360 3692 562 3745 steterit
583 3691 780 3762 ligatus
810 3691 1078 3753 nexibus;
1113 3704 1214 3744 nec
1253 3704 1482 3760 usquam
1510 3688 1607 3744 uiti
1635 3697 1691 3744 et
1719 3705 1779 3745 se
1803 3705 1927 3760 pro-

362 3781 552 3850 ripere,
589 3796 762 3851 neque
795 3782 1232 3852 prtedam,quam
1258 3780 1310 3835 iu
1336 3779 1514 3836 vultus
1537 3781 1619 3836 sui
1650 3780 1927 3836 confusio-

361 3889 496 3935 nem,
548 3875 848 3942 permissus
896 3883 978 3928 est
1011 3873 1314 3942 subripere,
1364 3871 1474 3928 ullo
1518 3873 1639 3927 uisu
1695 3873 1930 3942 potuerit

363 3965 631 4032 amittere;
667 3966 838 4022 donec
876 3974 998 4037 post
1042 3965 1415 4020 matutinalem
1471 3965 1726 4038 syuaxin,
1775 3980 1928 4037 egi-eo

427 4119 536 4188 (90)
576 4120 706 4173 Auri
748 4137 954 4175 auram.
980 4119 1209 4174 Vcrsato
1252 4119 1304 4172 iu
1333 4119 1508 4188 poetis
1535 4117 1820 4177 Thiofrido
1843 4116 1920 4172 ul-

365 4199 441 4242 tro
465 4203 744 4260 poetarum
781 4205 960 4244 sermo
986 4191 1240 4244 occurrit.
1272 4188 1461 4260 Virgil.
1484 4205 1536 4242 vt
1569 4188 1695 4260 IEu.

494 4260 737 4314 Discolor
764 4261 900 4314 unde
938 4262 1055 4314 auri
1085 4277 1176 4329 per
1201 4258 1393 4314 ramos'
1411 4276 1544 4313 aura
1570 4258 1796 4328 refulsit.

363 4331 829 4411 Aur‘amfi‘utellige
857 4331 1202 4411 splendorem.

361 4467 376 4522 l
425 4401 530 4469 (9|)
565 4398 801 4524 gegorii
850 4403 1001 4454 habet
1048 4401 1323 4470 Dialogus.
1381 4398 1514 4454 Vide
1555 4399 1650 4452 lib.
1691 4415 1752 4453 HI
1802 4399 1926 4454 Dia-

379 4484 536 4524 oue.
645 4509 660 4522 .

379 4484 456 4538 οε.
487 4489 536 4524 c.

2033 3229 2218 3282 reutiae
2262 3243 2326 3282 ac
2357 3227 2579 3283 honoris
2625 3227 2856 3297 pretium
2897 3237 2950 3282 et
2977 3229 3137 3299 :egris
3168 3226 3488 3284 mortalibus
3518 3242 3610 3281 sa-

2032 3318 2158 3372 Iutis
2187 3317 2482 3374 remedium
2532 3317 2878 3388 impenditur.
2928 3318 3006 3373 Ex
3037 3320 3187 3375 venis
3217 3331 3374 3375 terrze
3417 3335 3611 3373 aurum

2031 3422 2246 3464 summo
2272 3422 2393 3462 cum
2419 3407 2603 3463 labore
2636 3407 2868 3474 eruitur,
2891 3424 3105 3465 summo
3131 3425 3253 3464 cum
3277 3408 3473 3464 sudore
3494 3426 3612 3463 sco-

2030 3503 2112 3556 ria
2141 3502 2258 3572 ejus
2282 3503 2354 3556 ad
2379 3518 2571 3571 purum
2606 3501 2914 3573 excoquitur
2937 3500 3073 3574 (Isa.
3099 3519 3140 3569 ι,
3181 3501 3295 3574 25),
3325 3510 3380 3558 et
3414 3503 3468 3556 in
3499 3501 3613 3556 for-

2031 3609 2164 3649 nace
2191 3604 2303 3649 tum
2329 3595 2546 3650 demum
2567 3594 2635 3648 ad
2664 3603 2871 3648 natura;
2897 3609 3008 3650 suae
3035 3593 3339 3651 claritatem
3372 3593 3610 3666 prolicit.

2029 3686 2155 3741 dum
2205 3686 2393 3742 sordes
2439 3685 2641 3740 amittit
2671 3696 2730 3741 et
2757 3685 2964 3756 abjicit.
3019 3685 3107 3741 Sir.
3161 3695 3215 3741 et
3261 3686 3395 3740 tanti
3447 3685 3610 3755 pretii

2031 3777 2318 3832 thesaurus
2352 3776 2417 3830 de
2451 3784 2596 3829 terra
2626 3775 2846 3845 quidem
2877 3775 3072 3839 oritur,
3112 3774 3207 3830 sed
3237 3777 3301 3831 de
3343 3785 3484 3830 terra
3513 3774 3622 3829 tol-

2030 3868 2181 3935 litur,
2205 3869 2333 3924 dum
2361 3867 2412 3922 iu
2441 3867 2647 3923 sanctis
2677 3869 2854 3923 adhuc
2901 3869 2954 3923 in
2991 3869 3109 3924 acie
3155 3868 3544 3939 pugnantibus,
3575 3884 3609 3924 a

2029 3971 2242 4018 terrena
2271 3961 2482 4017 actione
2511 3976 2636 4016 cum
2689 3960 2910 4032 spiritu,
2950 3962 3042 4030 qui
3073 3962 3126 4016 in
3159 3961 3275 4030 ipso
3305 3970 3388 4017 est
3410 3961 3606 4016 divina:

2029 4121 2381 4176 leutissimam
2440 4126 2811 4188 paupertatem
2841 4159 2855 4181 ,
2913 4127 2968 4173 et
3024 4119 3282 4187 Origenes
3329 4118 3395 4172 de
3438 4116 3609 4172 Maria

2029 4192 2363 4263 Magdalcna,
2397 4205 2423 4242 a
2465 4189 2706 4263 Christo,
2741 4198 2996 4263 tauquam
3027 4190 3094 4242 ab
3122 4189 3432 4263 hortulauo,
3463 4204 3613 4258 quie-

2030 4259 2203 4324 reu'tc,
2251 4276 2376 4314 num
2415 4274 2472 4313 se
2499 4259 2843 4312 sustulisset?
2883 4259 2976 4321 ait,
3015 4274 3134 4312 eam
3166 4260 3316 4312 docte
3341 4261 3626 4328 ignorare,

2028 4344 2084 4388 et
2125 4333 2383 4399 sapienter
2431 4345 2627 4383 errare.
2682 4329 3121 4400 Electrumauru
3163 4330 3279 4400 ipso
3319 4329 3618 4396 pretiosius.

2029 4404 2303 4459 metallum
2355 4400 2617 4469 Origenes
2671 4400 2900 4453 censuit.
2954 4399 3195 4463 Plinius,
3253 4400 3470 4453 tnistum
3539 4414 3634 4461 ex,

2036 4490 2191 4540 auro,
2225 4469 2747 4541 argentoquehujus
2791 4471 2976 4541 quinta
3009 4479 3162 4541 parte
3221 4469 3484 4541 duntaxat
3509 4470 3607 4541 ad-

568 4509 858 4600 Elimeam
914 4542 1206 4611 magniﬁcm
1229 4541 1522 4594 sanctitatis
1548 4540 1677 4611 viri.
1700 4537 1934 4611 D._Gre-
1965 4525 2010 4580 θ
2035 4509 2191 4599 illita?
2785 4509 3188 4608 fl'p'léumidiéin

361 4612 536 4679 gurius
593 4612 760 4664 nihilo
823 4608 1310 4680 magis-nominat.
1351 4612 1581 4664 Tantum
1633 4609 1707 4662 ait
1769 4608 1934 4663 fuisse

358 4682 703 4750 presbyterum
742 4683 1018 4750 provincia:
1056 4681 1298 4734 Valerire.

427 4751 536 4816 (93)
568 4751 811 4812 Cleptim.
842 4751 1035 4804 Notum
1063 4763 1144 4805 est
1185 4751 1454 4812 Graecum,
1506 4751 1693 4811 κλεπω,
1727 4765 1794 4802 ex
1823 4765 1932 4818 quo

359 4818 592 4891 Plautus,
627 4822 790 4889 clepo.
835 4820 1131 4891 Utrumque
1163 4833 1266 4886 est,
1315 4821 1482 4887 furor.
1515 4819 1634 4874 Jam
1684 4819 1820 4891 sicut
1864 4835 1930 4873 ex

362 4890 473 4947 hoc.
510 4892 710 4945 dicitur
750 4891 952 4959 furtim,
986 4889 1059 4944 ita
1099 4908 1166 4945 ex
1200 4892 1289 4944 illo
1318 4901 1524 4953 noster,
1559 4889 1764 4944 liberali
1794 4905 1930 4959 qua-

361 4961 495 5083 (Ιιιξιὲ,
533 4979 634 5016 uec
664 4962 878 5017 insolita
931 4963 1174 5028 licentia,
1210 4960 1335 5016 fecit
1368 4962 1595 5026 cleptim,
1635 4960 1825 5014 eodem
1857 4963 1932 5014 si-

361 5045 438 5083 am
463 5040 630 5083 tratu.

358 5031 630 5099 guiliratu.

425 5102 537 5170 (9t)
573 5101 811 5165 Fratres,
842 5119 956 5156 oves
991 5103 1292 5156 Dominicis.
1333 5100 1491 5155 Amat
1529 5100 1844 5156 Thiofridus
1873 5103 1924 5156 iu

361 5174 601 5226 oratione
629 5189 722 5227 eas
751 5173 1136 5238 connexioues,
1164 5187 1300 5240 quas
1331 5173 1708 5239 appositionem
1745 5187 1928 5242 graui-

361 5243 535 5296 matici
568 5245 771 5296 dicunt.
815 5243 1086 5297 C(eterum
1119 5243 1440 5296 crediderim
1484 5243 1653 5296 ovium
1695 5243 1781 5298 hic
1809 5259 1924 5298 me-

362 5313 596 5375 minisse,
629 5315 770 5380 quod
805 5315 870 5366 de
895 5330 1090 5366 vervece
1117 5311 1380 5366 subducto
1409 5328 1588 5366 sermo
1614 5324 1779 5365 esset.

427 5384 536 5442 (95)
588 5383 775 5436 Divina
805 5385 1064 5436 examine.
1112 5384 1350 5438 Examen
1382 5383 1640 5450 intellige,
1669 5384 1926 5447 adhibitis

363 5456 663 5517 tormentis;
719 5462 777 5506 ut
825 5454 1006 5507 illud:
1053 5452 1180 5524 Igne
1231 5469 1310 5507 me
1360 5454 1693 5506 exantinasti.
1745 5452 1922 5524 (Psal.

362 5537 465 5581 xvt,
499 5524 574 5588 5).

431 5594 536 5662 (96)
581 5594 701 5648 Non
746 5597 960 5647 veritate
999 5604 1221 5648 naturre.
1261 5593 1498 5664 Intelligo
1525 5593 1702 5662 quoad
1749 5604 1914 5648 matea

363 5663 507 5721 riam.
541 5675 597 5717 ut
631 5665 812 5717 addita
839 5664 980 5718 ratio
1018 5665 1234 5718 indicat.

361 5800 372 5810 .
428 5733 534 5810 (97)
581 5733 742 5810 _Tanti
782 5733 1007 5810 pulveris
1051 5735 1318 5789 electrum.
1354 5734 1643 5810 Eleganter
1683 5734 1789 5789 duo
1811 5735 1919 5790 dis-

355 5802 687 5870 iunctissima
730 5802 1031 5874 coujttugit,
1069 5815 1120 5858 ut
1166 5819 1285 5860 cum
1331 5802 1500 5862 saucii
1559 5815 1749 5862 vocrnt
1781 5821 1882 5878 opu

2036 4615 2319 4675 eximium,
2350 4609 2457 4680 quo
2492 4619 2546 4664 et
2577 4624 2766 4664 aurum
2795 4610 2934 4663 haud
2964 4610 3122 4664 dubie
3153 4621 3391 4678 superat.
3424 4609 3636 4680 Itaque;

2035 4685 2210 4739 locum
2240 4677 2684 4755 fecit—Proverbia
2720 4682 3008 4755 Laliurpou
3041 4677 3453 4755 διαφεγχίστερον
3483 4677 3618 4731 Ειθε

2034 4766 2144 4808 ctro
2166 4749 2686 4824 pellucidius._Uude
2722 4749 2971 4824 Ezechiel
3011 4749 3268 4824 propheta
3300 4749 3432 4824 alias
3459 4766 3622 4824 cuin-.

2031 4821 2190 4896 parat
2235 4840 2357 4896 cum
2410 4821 2516 4890 igni
2568 4821 2912 4896 (cap.‘t‘,2_'l),
2951 4821 3161 4896 opinor.
3194 4824 3317 4891 quia
3360 4821 3610 4896 similiter

2033 4891 2231 4959 vibrat,
2272 4893 2404 4946 alias
2457 4899 2528 4963 (c.
2565 4891 2684 4963 vnit,
2711 4891 2766 4962 2)
2800 4891 2944 4946 clare
2973 4894 3124 4963 quasi
3163 4902 3403 4962 aspectus
3426 4893 3573 4961 splen
3589 4920 3620 4934 -.

2031 4967 2196 5026 doris,
2232 4974 2286 5017 ut
2315 4963 2444 5016 visio
2469 4959 2665 5014 electri.

2101 5036 2216 5106 (98)
2258 5033 2326 5106 In
2347 5030 2640 5106 patrocinia
2665 5029 3042 5106 Ecclesiarum.
3070 5033 3407 5088 Erubescaut
3427 5031 3499 5106 (3a
3526 5033 3607 5083 vi-

2033 5100 2210 5169 uistze,
2241 5100 2491 5173 qui'dum
2537 5100 2697 5170 hujus
2738 5104 2960 5173 pulveris
2989 5104 3240 5158 electrum
3268 5102 3618 5167 conculcaut,

2030 5172 2463 5244 succenturialos
2489 5185 2548 5244 se
2575 5172 2863 5244 ostendunt
2886 5173 3027 5227 illius
3050 5175 3316 5244 serpentis
3337 5174 3428 5244 qui
3455 5183 3609 5226 terra:

2028 5247 2309 5317 pulverem,
2340 5241 2716 5317 malellictioue
2740 5254 3000 5317 _t_tr_geute,
3029 5241 3273 5317 comedit.
3315 5241 3367 5298 Is
3401 5243 3487 5317 ille
3521 5254 3610 5317 est

2028 5310 2118 5387 qui
2149 5316 2448 5387 lulianum,
2469 5310 2562 5365 Dei
2593 5320 2648 5387 et
2676 5310 2961 5387 religionis
2985 5316 3332 5383 perduellem,
3361 5311 3609 5387 stiumla-

2029 5381 2125 5453 vit,
2182 5395 2240 5440 ut
2305 5383 2538 5453 nobilem
2595 5381 2743 5435 illum
2786 5381 3012 5453 ’Babyla:
3057 5390 3299 5453 martyris
3344 5383 3623 5452 pulverem

2026 5452 2351 5527 Daphnitico
2385 5452 2608 5527 delubro
2636 5454 2820 5527 procul
2849 5452 3142 5527 amoveret.
3175 5452 3319 5527 idem
3343 5459 3616 5527 apostatze

2026 5521 2172 5584 illius
2226 5532 2448 5595 nepotes
2501 5521 2904 5595 Calviuicrepos
2954 5524 3110 5595 longe
3147 5525 3286 5577 ultra
3333 5521 3626 5592 provexitk

2024 5612 2082 5654 ut
2109 5593 2482 5653 sanctiésimas
2512 5593 2978 5648 sauctissimorum
3000 5593 3252 5662 reliquias
3286 5602 3614 5651 exurerent._

2023 5671 2194 5725 Porro
2269 5666 2424 5722 solita
2492 5677 2606 5733 per_
2656 5663 2928 5717 Ecclesias
2986 5663 3232 5717 distribui
3291 5671 3619 5733 sanctorum,

2025 5742 2253 5814 lipsana,
2301 5731 2664 5794 disces—infra
2716 5733 2806 5790 lib.
2841 5749 2923 5800 nt,
2961 5749 3009 5788 c.
3044 5733 3098 5798 4,
3129 5744 3183 5786 et
3219 5733 3310 5789 lib.
3359 5749 3442 5798 tv,
3465 5748 3516 5788 ς.
3543 5731 3628 5793 5.;,
