4034 6364
421 305 527 362 565

1428 305 1771 364 THIOFBIDI
1808 303 2037 362 ABBA’I’
2039 303 2102 362 IS
2141 299 2721 360 EFTERNACENSIS

3577 298 3706 354 5M

421 417 799 478 miserationis
852 427 1120 492 respectu,
1164 421 1487 488 secernitur,
1518 432 1572 477 et
1617 421 1771 493 quasi
1815 437 2004 476 aurum
2035 422 2085 482 Α
2113 429 2168 474 et.
2193 435 2315 475 cum
2350 429 2596 474 mortuus
2627 419 2847 484 mundo,
2881 434 2982 473 non
3012 417 3199 486 diligat
3222 416 3495 478 mundum,
3520 431 3616 468 nec
3643 431 3717 469 ea

417 515 561 582 quod
587 529 683 585 per
700 515 876 582 ignem
895 513 1110 574 transit,
1136 514 1419 570 exustione
1447 513 2018 584 tribulationisproba-

417 612 531 668 tur,
553 614 608 659 et
627 604 904 670 exuritur;
924 605 1060 660 etab
1076 606 1223 660 omni
1247 606 1498 660 vitiorum
1524 606 1683 662 sorde
1702 605 2022 676 purgatissi-

417 709 561 762 mus,
587 693 699 766 (99)
715 709 781 750 ex
809 711 1000 749 corona
1017 694 1296 764 Melchom,
1315 695 1370 750 in
1393 695 1705 750 diadematis
1730 710 2019 752 ornamen-

418 797 530 841 tum
559 786 648 846 (ll
671 784 799 858 Reg.
821 802 919 854 xu,
939 785 1041 854 50;
1061 786 1090 840 Ι
1112 784 1296 841 Paral.
1325 786 1517 858 xx,2),
1537 787 1686 859 (100)
1704 803 1828 844 vere
1855 803 2018 842 manu

416 877 587 941 furtis
600 877 786 944 David,
800 877 1136 950 procuditur.
1151 877 1394 935 Pulveris
1410 879 1540 934 tanti
1553 879 1909 936 sanctiﬁcatio
1923 894 2020 935 au-

423 984 570 1036 rum,
588 985 852 1040 gemmas,
866 980 919 1026 et
941 970 1148 1037 omnia,
1162 986 1282 1041 qua:
1304 971 1596 1027 secundum
1611 971 1908 1028 Ezechielis
1925 987 2020 1025 va-

425 1061 668 1117 ticinium
692 1063 1038 1132 negotiatores
1059 1063 1205 1118 Aran
1224 1071 1271 1117 et
1290 1062 1460 1130 Eden,
1485 1073 1540 1120 et
1562 1064 1852 1120 venditores
1875 1063 2016 1121 Saba

423 1163 472 1208 et
504 1155 697 1222 Assur,
727 1155 876 1226 (101)
902 1156 955 1210 in
981 1155 1239 1214 nundinis
1265 1157 1455 1229 typica:
1485 1157 1638 1229 Tyri,
1661 1155 2014 1212 multifariam

423 1243 480 1300 in
523 1246 819 1302 involucris
858 1247 1151 1317 hyacinthi,
1199 1258 1250 1303 et
1297 1247 1696 1321 polyntitorum,
1733 1264 2016 1318 gazarum-

422 1355 524 1409 que
543 1339 916 1408 pretiosarum,
951 1339 1150 1396 habent
1171 1341 1431 1407 obvoluta,
1461 1352 1518 1398 et
1553 1349 1900 1412 peccatorum
1925 1340 2015 1410 fu-

423 1432 579 1486 nibus
615 1432 831 1487 astricta
859 1431 1075 1504 (Ezech.
1132 1445 1306 1502 xxv",
1343 1434 1459 1504 25),
1498 1436 1562 1488 de
1589 1450 1884 1489 mammona
1912 1435 2018 1489 ini-

425 1525 644 1595 quitatis
675 1524 830 1594 (Luc.
879 1541 991 1592 xvr,
1022 1526 1078 1598 9)
1110 1527 1307 1582 liberat
1354 1527 1763 1600 gazophylacio,
1795 1541 1859 1581 ac
1881 1541 2012 1582 san-

427 1616 632 1673 ctitatis
680 1632 792 1672 suae
848 1618 1180 1674 commercio
1235 1619 1330 1674 dat
1371 1633 1492 1674 esse
1541 1617 1871 1687 sanctiﬁcata
1912 1616 2016 1670 Do-

426 1708 607 1773 mino;
655 1717 708 1763 ut
741 1709 967 1779 reposita
1012 1709 1066 1764 in
1110 1710 1370 1764 thesauris
1418 1709 1534 1780 ejus
1566 1709 1752 1778 (Josue
1783 1725 1860 1772 vr,
1897 1707 2009 1778 19),

2117 529 2235 584 quae
2287 523 2408 568 sunt
2455 513 2640 568 mundi
2694 512 2749 583 (I
2773 512 2936 568 Joan.
2970 528 3028 578 ιι,
3077 509 3204 583 15);
3269 507 3456 566 subtili
3516 518 3717 566 tamen

2117 604 2352 661 aestimat
2387 602 2591 672 judicio
2630 603 2822 668 animi,
2850 603 2918 659 de
2948 604 3152 658 mundo
3201 617 3306 658 non
3355 619 3500 669 esse,
3554 603 3720 674 quod

2119 693 2364 758 includit,
2400 693 2484 749 vel
2522 693 2785 759 obvolvit,
2815 693 2868 748 id
2907 692 3052 764 quod
3079 692 3313 749 evidenti
3342 694 3554 750 ratione
3573 711 3738 750 con-

2116 795 2248 850 stat,
2279 802 2442 856 super
2470 785 2728 840 mundum
2759 799 2900 840 esse.
2951 785 3036 840 An
3079 801 3187 840 non
3236 801 3400 856 super
3438 788 3719 843 mundum

2117 877 2444 934 sanetiticati
2480 876 2720 948 pulveris
2747 876 2981 946 pretium
3017 885 3134 943 est,
3164 877 3220 932 in
3249 893 3357 948 quo
3384 895 3484 950 per
3501 877 3723 950 gloriﬁ-

2117 973 2224 1032 εδιί
2283 973 2509 1042 spiritus
2557 971 2839 1036 meritum,
2887 971 3036 1042 (104)
3073 971 3222 1029 salus
3261 973 3444 1028 mundi
3490 975 3612 1029 est?
3653 973 3721 1029 In

2117 1065 2320 1120 mundo
2341 1072 2495 1120 extra
2523 1063 2782 1120 mundum
2814 1078 2922 1120 non
2973 1063 3042 1118 de
3088 1064 3293 1120 mundo
3333 1074 3442 1132 est,
3474 1065 3570 1121 sed
3598 1066 3724 1138 (se-

2117 1159 2354 1214 cundum
2384 1159 2512 1224 hoc,
2545 1157 2690 1228 quod
2726 1155 2966 1212 Christus
2995 1157 3050 1212 in
3093 1173 3148 1211 se
3176 1158 3430 1212 mundum
3471 1159 3724 1213 reconci-

2115 1248 2252 1304 lians
2279 1249 2366 1319 (II
2394 1246 2517 1316 Cor,
2550 1265 2603 1316 v,
2643 1249 2696 1320 1)
2728 1249 2836 1303 Deo
2877 1248 3052 1312 Patri,
3088 1249 3338 1319 apostolis
3391 1251 3525 1314 suis,
3576 1266 3722 1322 quos

2113 1358 2208 1412 per
2247 1340 2507 1412 Spiritum
2535 1350 2776 1396 sanctum
2801 1339 2975 1412 elegit,
3003 1339 3216 1396 locutus
3253 1348 3338 1396 est
3373 1340 3512 1412 (Act.
3543 1357 3583 1407 ι,
3609 1341 3716 1412 2);

2113 1433 2180 1488 de
2207 1433 2400 1488 mundo
2427 1449 2531 1487 non
2553 1434 2677 1488 estis
2703 1432 2793 1488 sed
2815 1449 2908 1503 ego
2933 1431 3064 1502 elegi
3085 1448 3172 1486 vos
3201 1432 3264 1486 de
3293 1433 3489 1487 mundo
3513 1431 3718 1502 (Joan.

2115 1537 2204 1586 xv,
2233 1520 2349 1592 19),
2398 1521 2541 1591 quod
2572 1521 2625 1575 in
2651 1520 2876 1586 mundo,
2905 1521 2972 1575 de
2994 1521 3194 1574 mundo
3219 1530 3568 1591 procreatum
3596 1537 3716 1586 ess,

2114 1622 2174 1669 ιιι
2218 1613 2341 1669 inde
2367 1613 2480 1683 jam
2527 1629 2635 1670 non
2685 1613 2788 1681 sit;
2836 1628 2943 1668 non
2976 1612 3059 1668 sui
3093 1613 3276 1668 meriti
3318 1615 3720 1685 praerogativa,

2115 1721 2222 1761 non
2275 1715 2466 1776 suapte
2520 1715 2742 1772 natura,
2789 1707 2882 1762 sed
2935 1709 3178 1778 gratuita
3238 1707 3332 1762 Dei
3388 1708 3588 1778 gratia,
3640 1707 3722 1762 de

428 1800 500 1854 ad
529 1775 836 1856 ornandum
864 1800 1042 1857 locum
1075 1801 1278 1872 quietis
1311 1775 1520 1867 suae,et
1548 1775 1602 1855 in
1631 1781 1832 1856 ebitqu
1867 1775 2014 1872 mys-
2047 1775 2088 1830 Β
2118 1799 2324 1855 mundo
2349 1775 2584 1856 electum
2613 1808 2716 1856 est.
2743 1798 2800 1854 in
2830 1775 2985 1866 auro,
3027 1811 3084 1856 et
3112 1801 3368 1857 omnibus
3394 1775 3551 1872 (105)
3582 1815 3724 1872 spo-

429 1893 520 1948 tici
546 1891 880 1950 tabernaculi
904 1901 958 1950 et
992 1894 1174 1965 templi
1197 1893 1302 1959 sui,
1336 1909 1444 1949 non
1467 1902 1575 1948 tam
1606 1893 1828 1964 proprio
1850 1907 2012 1964 quam

426 1981 588 2051 longe
622 1984 1006 2053 prmstantiore
1035 1984 1240 2040 conditi
1271 1984 1325 2040 in
1354 1999 1412 2040 se
1453 1983 1697 2040 thesauri
1728 1982 2016 2054 etl‘ulgeant

425 2075 622 2146 pretio.
651 2076 781 2132 Auri
814 2092 967 2142 aura,
1005 2087 1063 2133 et
1088 2077 1286 2133 similia
1331 2077 1521 2134 mundi
1576 2076 1934 2144 delectabilia,
1961 2085 2016 2133 et

425 2166 549 2222 visu
604 2167 849 2239 pulchra,
881 2184 948 2225 ex
978 2170 1357 2226 commistione
1400 2178 1456 2226 et
1495 2170 1880 2240 conspersione
1907 2187 2012 2226 nou

425 2258 753 2314 sanctiﬁcati
801 2259 1061 2330 pulveris,
1096 2261 1332 2317 obducta
1359 2262 1539 2332 specie
1567 2265 1650 2320 sui
1697 2263 1909 2320 decoris
1953 2273 2010 2319 et

432 2348 878 2420 pulchritudinis,
908 2350 1302 2417 obscurantur;
1334 2352 1427 2408 sed
1468 2369 1566 2424 per
1594 2354 1869 2425 pulverem
1897 2370 2017 2411 san-

433 2440 730 2496 ctilicatum
767 2439 1086 2504 clariﬁcata,
1121 2457 1228 2497 non
1279 2451 1388 2497 tam
1438 2454 1634 2500 ornant
1664 2461 1826 2516 quam
1853 2461 2014 2502 exor-

427 2540 666 2598 nantur;
727 2540 783 2588 et
845 2533 1198 2603 propensiore
1252 2534 1577 2591 claritudine
1649 2537 2012 2594 illustrantur.

429 2623 588 2682 Unde
615 2624 969 2680 materialiter
993 2626 1245 2682 otiuscari
1296 2626 1426 2683 inde
1453 2629 1814 2700 spirit-taliter
1839 2630 2015 2687 solent

429 2717 712 2784 illustrari,
756 2717 965 2788 fulgore
994 2733 1116 2784 suo,
1156 2720 1448 2788 carnales;
1492 2724 1704 2781 meritis
1753 2733 1807 2781 et
1836 2727 2012 2797 gratia

426 2809 565 2880 ejus,
593 2810 738 2881 quod
781 2810 836 2866 in
889 2824 950 2867 se
993 2811 1326 2879 reconditur,
1370 2813 1556 2870 oculos
1595 2815 1650 2870 in
1677 2832 1738 2873 se
1768 2817 2016 2874 alliciunt

427 2901 763 2971 spirituaies.
797 2901 874 2957 Ex
902 2917 961 2958 se
977 2901 1262 2958 avaritiam
1292 2905 1475 2960 carnis
1503 2907 1820 2976 exitialem;
1855 2909 2011 2982 (102)

427 3007 525 3065 per
550 2993 816 3050 inclusum
847 2995 1150 3066 depositum
1195 3011 1374 3065 suum,
1401 3013 1525 3054 cum
1557 2999 1708 3073 (105)
1751 3003 2015 3076 Augusti-

427 3101 532 3142 nus
560 3085 850 3144 Dominum
878 3104 1094 3161 quoque
1120 3099 1278 3148 vocet
1298 3107 1544 3160 avarum,
1581 3094 1862 3151 avaritiam
1895 3097 2014 3152 ani-

427 3193 532 3233 mae
563 3179 798 3234 incitant
848 3179 1119 3238 viviticam
1167 3191 1225 3238 et
1269 3183 1582 3240 salutarem.
1615 3183 1832 3253 Quanto
1863 3188 2010 3244 enim

427 3271 662 3342 quisque
683 3283 768 3328 est
783 3273 1044 3341 sanctior,
1075 3284 1227 3332 tanto
1245 3286 1301 3332 et
1321 3277 1460 3334 tanti
1487 3278 1727 3336 thesauri
1759 3279 1970 3336 avidior
1995 3297 2012 3346 ;

503 3471 613 3541 (99)
645 3470 733 3526 Ea;
765 3489 960 3528 corona
998 3472 1278 3529 Melchom.
1321 3473 1452 3530 Erat
1490 3474 1579 3531 hic
1612 3492 1707 3532 rex
1737 3477 2016 3534 Ammoni-

429 3553 636 3609 tarum,
679 3558 710 3597 e
749 3543 904 3612 cujus
954 3545 1350 3612 pretiosissimo
1382 3547 1686 3602 diademate
1714 3548 1880 3602 David
1910 3550 2012 3604 sibi

430 3613 1194 3688 diadema_coucinnavit:_ac
1234 3615 1704 3688 siquodammodo
1733 3633 1764 3672 e
1790 3618 2018 3688 profano

429 3697 647 3738 sacrum
684 3681 830 3737 fecit.
867 3683 957 3737 Sic
985 3684 1061 3738 ait
1091 3684 1424 3749 Thiol‘ridus,
1466 3681 2020 3745 sanctorum'cincres

429 3764 488 3810 et
512 3753 787 3826 reliquias,
824 3753 866 3826 si
903 3755 1166 3826 originem
1198 3765 1428 3825 spectes,
1455 3757 1715 3826 profanas
1746 3774 1884 3820 esse.
1919 3762 2016 3816 sed

432 3825 664 3891 spiritus
691 3825 981 3878 sanctitate
1010 3824 1084 3878 ita
1111 3824 1535 3894 conSecrari,'ut
1559 3827 1832 3892 Christus,
1859 3845 2026 3886 verus

430 3896 628 3958 David.
654 3910 750 3971 eas
779 3894 1245 3971 non_dedignetu_r
1271 3914 1285 3950 :
1313 3897 1442 3971 quin
1487 3899 1596 3971 imo
1625 3900 1734 3971 sint
1768 3911 2023 3971 tanquam

431 3965 871 4040 coranaglorim
894 3966 1154 4040 in_manu
1191 3965 1404 4040 Domini
1426 3979 1488 4040 et
1527 3969 1773 4040 diadema
1798 3965 1945 4040 regni
1965 3973 2022 4026 in

430 4053 596 4110 inquit
648 4035 738 4090 Dei
789 4037 886 4110 sui
922 4035 1057 4106 (Ira.
1102 4053 1244 4110 _t.xn,
1281 4037 1358 4110 5).
1403 4038 1558 4107 Quod
1607 4041 1718 4094 dixi
1755 4035 2019 4096 Melchom

433 4107 604 4182 {uisse
647 4121 825 4182 regem
864 4107 1326 4182 Atninonitarum,
1369 4125 1594 4182 nonme
1623 4111 1756 4182 latet
1782 4127 1903 4166 esse
1927 4113 2022 4182 qui

432 4176 606 4250 Deum
655 4179 856 4242 potius.
884 4187 947 4250 et
968 4177 1181 4250 idolum
1200 4177 1368 4236 fuisse
1395 4180 1579 4246 velint,
1607 4180 1831 4250 ejusque
1856 4176 2024 4239 fuisse

433 4248 580 4320 hanc
604 4261 878 4320 coronam.
917 4247 1185 4320 Siedrmihi
1215 4265 1321 4304 non
1352 4247 1698 4320 persuadent.
1733 4252 1853 4306 Vim
1887 4255 2021 4308 mihi

433 4317 618 4375 facere
647 4317 896 4374 videntur
919 4319 1083 4374 claris
1124 4317 1421 4388 Scriptura:
1463 4322 1683 4377 verbis:
1719 4322 1864 4376 Tulit
1903 4325 2024 4378 dia-

435 4390 590 4463 dema
623 4389 762 4458 regis
801 4405 982 4463 eorum
1029 4389 1094 4442 de
1133 4391 1304 4463 capite
1337 4391 1452 4455 eius
1493 4391 1588 4463 (II,
1612 4389 1738 4463 Reg.
1775 4409 1873 4456 xu,
1905 4394 2022 4460 20).

433 4459 628 4540 Ausim
655 4457 826 4540 prope
871 4458 1074 4540 dicere,
1101 4457 1210 4540 vim
1234 4475 1446 4540 quoque
1477 4457 1593 4540 fieri
1634 4457 1817 4532 piétati
1857 4457 2016 4540 Davi:-

436 4529 542 4594 dis,
580 4527 671 4596 qui
701 4527 887 4602 utique
912 4529 1272 4602 contaminari
1307 4527 1373 4586 se
1408 4533 1583 4600 magis
1607 4527 1768 4602 quam
1813 4535 2019 4594 ornari.

437 4616 510 4672 eo,
565 4600 868 4672 gestamine
914 4607 1182 4672 censeret.
1221 4599 1730 4670 Argumentum'de
1781 4605 2024 4672 pondere

437 4668 651 4731 talenti.
703 4668 966 4724 librarum
1019 4668 1384 4724 Romanarum
1422 4687 1563 4726 cxxv
1601 4668 1826 4728 minime
1857 4681 2024 4730 terret

437 4757 555 4804 eos,
587 4739 970 4813 qui_ta_leutum
1015 4755 1136 4813 _nec_
1171 4739 1548 4813 duodecimam
1581 4741 1741 4810 hujus
1767 4745 2026 4813 ponderis

436 4820 646 4884 partem
688 4810 964 4884 habuisse,
1015 4809 1525 4884 bonis___rati_onibus_
1576 4809 1678 4868 sibi
1729 4809 2021 4884 persuase-

439 4879 598 4953 runt;
625 4880 818 4953 quibus
841 4882 1131 4953 assentior.
1161 4879 1294 4936 Vide
1321 4881 1649 4953 Ludovicum
1681 4879 1749 4938 ab
1777 4885 2021 4953 Alcasar,

436 4952 520 5028 l_)e
547 4949 876 5028 ponderibus
924 4951 1116 5028 sacris,
1157 4951 1536 5028 propositione
1564 4954 1656 5028 22,
1683 4955 1715 5028 ἕ
1747 4955 1801 5020 5,
1841 4954 1920 5009 lit.
1953 4949 2020 5012 GL

438 5019 684 5095 Denique
722 5021 848 5095 quid
874 5021 1096 5095 attinet
1141 5019 1410 5086 dubitare,
1454 5039 1521 5078 ne
1560 5019 1760 5091 dicant,
1790 5019 2028 5095 negare,

439 5090 702 5164 ]_)av_ident
755 5090 806 5144 id
855 5090 1102 5164 diadema
1131 5102 1370 5164 (gestare
1410 5095 1673 5164 potuisse,
1710 5090 1831 5149 cum
1875 5090 2030 5154 dicat.-

441 5161 725 5231 Scriptura
782 5169 889 5234 tam
952 5161 1178 5234 disertis
1214 5161 1447 5219 verbis:
1492 5162 1560 5218 Et
1603 5167 1904 5234 impositum
1952 5177 2027 5224 est

439 5248 614 5358 εἶιρὲςι
634 5242 790 5304 caput
830 5232 1024 5288 David.
1055 5231 1209 5301 Quod
1254 5244 1403 5290 certe
1445 5249 1637 5292 omnes
1663 5231 1905 5310 argutias
1933 5253 2030 5294 ex-

439 5319 474 5358 c
497 5320 527 5358 ιι
571 5319 583 5357 ι
619 5343 634 5356 .

363 5333 374 5337 ν
439 5303 634 5362 cludit.

514 5373 664 5452 (100)
711 5371 1035 5452 [cremauit
1062 5373 1434 5452 fo_rtis__Da_sid.
1469 5375 1674 5432 Alludit
1698 5379 1764 5434 ad
1803 5388 2021 5452 etymon

444 5444 678 5586 ignominis
732 5444 923 5515 David,
983 5444 1126 5518 quad
1172 5445 1340 5518 aliqui
1381 5445 1814 5521 interpretantur
1861 5444 2021 5506 manu

469 5532 529 5570 οι·
554 5533 621 5571 ιε.

469 5525 621 5571 'ortis.

478 5655 491 5668 ο
517 5585 666 5668 (101)
705 5587 774 5668 I_n
828 5588 1076 5645 nundinis
1123 5591 1307 5668 tgpicte
1352 5586 1500 5662 Tyri.
1544 5589 1722 5668 Tyrus
1745 5594 2022 5668 mundum,

446 5659 561 5714 sive
611 5659 898 5732 impiorum
929 5659 1414 5734 congregationem
1449 5659 1618 5723 notat.
1657 5662 1896 5735 Corpora
1923 5665 2023 5737 igi-

2115 1894 2203 1950 liis
2230 1892 2504 1959 Damasci,
2532 1908 2653 1962 qua:
2683 1893 2868 1950 mundi
2897 1902 2980 1950 est
3024 1903 3204 1966 typus,
3249 1903 3334 1950 est
3355 1894 3721 1965 praesumptio

2119 1995 2177 2042 et
2206 1984 2375 2056 gloria
2395 1983 2582 2040 mundi
2612 1999 2626 2036 :
2657 1983 2751 2039 sed
2779 1984 2904 2040 dum
2932 1983 3227 2056 eliguntur,
3252 1993 3305 2040 et
3323 1994 3716 2048 secernuntur,

2115 2079 2168 2134 in
2198 2076 2598 2149 operimentum
2641 2083 2698 2130 et
2734 2084 2987 2131 ornatum
3015 2075 3262 2132 dissoluti
3293 2075 3428 2131 tanti
3459 2075 3720 2146 pulveris

2113 2171 2407 2228 electorum
2430 2171 2563 2239 Dei;
2587 2180 2672 2228 est
2706 2185 2924 2242 quoque
2961 2171 3017 2226 in
3044 2171 3127 2226 eis
3153 2169 3568 2226 evidentissima
3596 2169 3718 2223 vir-

2117 2272 2204 2318 tus
2246 2271 2302 2318 et
2331 2261 2503 2332 gloria
2556 2261 2674 2318 Dei.
2722 2261 2858 2317 Nam
2911 2261 3368 2333 quemadmodum
3411 2260 3476 2314 de
3517 2259 3714 2328 spiritu

2115 2354 2441 2427 legislatoris
2467 2353 2642 2426 Moysi
2671 2354 2862 2426 (Num.
2896 2370 2976 2422 ιι,
3026 2353 3142 2425 25),
3176 2354 3383 2424 absque
3409 2353 3552 2407 omni
3597 2352 3706 2406 im-

2115 2448 2432 2506 minutionis
2462 2448 2815 2514 detrimento,
2850 2447 3012 2503 infusi
3039 2457 3096 2503 et
3125 2446 3312 2518 repleti
3341 2455 3468 2502 sunt
3487 2455 3710 2516 septua-

2111 2539 2258 2610 ginta
2279 2539 2378 2596 viri
2421 2537 2641 2610 (Jerem.
2698 2554 2849 2606 XXIX,
2899 2539 3014 2610 10),
3064 2539 3334 2595 minorum
3379 2538 3432 2593 in
3462 2537 3717 2594 Ecclesia

2114 2627 2462 2684 sacerdotum
2490 2628 2634 2701 typi;
2664 2629 2744 2684 sic
2773 2644 2872 2700 per
2899 2629 3230 2700 septuaginta
3252 2644 3516 2683 annorum
3541 2627 3712 2699 (Dan.

2113 2735 2192 2786 ιι,
2213 2719 2272 2792 9..)
2299 2720 2448 2794 (106)
2479 2721 2768 2792 mysticum
2798 2731 3005 2792 septem
3033 2721 3358 2777 decadarum
3387 2736 3708 2786 numerum,

2115 2829 2213 2885 per
2242 2830 2403 2871 omne
2431 2815 2677 2886 proiecto
2721 2825 2934 2886 tempus
2961 2815 3194 2870 labentis
3226 2813 3408 2870 saeculi
3429 2855 3444 2879 ,
3473 2814 3542 2869 de
3569 2829 3708 2869 san-

2114 2905 2304 2961 ctitate
2331 2904 2568 2976 Spiritus
2592 2905 2880 2974 gloriﬁcati
2904 2923 2918 2972 ;
2952 2906 3250 2978 gratiarum
3266 2905 3507 2960 omnium
3525 2903 3708 2975 pleni-

2117 2997 2302 3053 tudine
2325 2997 2685 3054 inl‘unduntur
2706 3009 2762 3053 et
2784 2998 3079 3070 implentur
3101 2998 3427 3054 dilectorum
3456 2997 3571 3062 Dei,
3599 3012 3712 3052 non

2118 3096 2228 3141 tam
2255 3096 2405 3144 artus
2425 3088 2754 3156 examinati;
2786 3103 2950 3159 quam
2975 3103 3161 3155 omne,
3191 3103 3299 3158 quo
3330 3088 3413 3142 vel
3442 3087 3710 3154 interius,

2116 3180 2201 3236 vel
2225 3181 2468 3237 exterius
2511 3182 2900 3254 cooperiuntur
2923 3197 3111 3236 eorum
3150 3183 3386 3249 cineres,
3413 3181 3466 3236 iu
3496 3190 3714 3238 natura:

2115 3289 2228 3330 suae
2242 3274 2534 3345 originem,
2551 3273 2786 3330 naturali
2810 3273 3140 3330 resolutione
3158 3271 3415 3342 revoluti,
3439 3287 3502 3328 ac
3520 3273 3712 3332 relati.

2118 3507 2207 3553 tur
2240 3497 2472 3551 humans
2517 3497 2661 3565 (qute
2707 3495 2760 3550 in
2814 3494 3016 3550 mundo
3043 3492 3196 3566 quasi
3243 3490 3454 3566 venalia
3503 3491 3709 3566 exponi

2117 3569 2372 3622 videntur
2396 3609 2410 3634 ,
2463 3563 2533 3621 et
2559 3563 2616 3620 in
2691 3566 3002 3621 thesaurum
3030 3563 3076 3630 ,ἡ
3104 3565 3221 3618 sive
3259 3563 3710 3634 gamphylacium

2120 3636 2526 3709 quodammodo
2569 3637 2876 3709 iniquitatis
2937 3635 3150 3709 reponi)
3212 3635 3408 3709 animm
3468 3643 3711 3709 sanctae,

2121 3702 2313 3778 opera,
2341 3707 2410 3762 ab
2463 3707 2550 3762 illa
2586 3702 2900 3778 ignominia,
2941 3702 3217 3778 liberata;
3260 3703 3314 3758 in
3354 3702 3716 3778 sacrumDo-

2121 3775 2256 3834 mini
2295 3775 2630 3833 thesaurum'
2659 3778 2984 3847 comportari
3027 3778 3123 3831 ait.
3157 3775 3252 3830 His
3291 3775 3716 3847 numiinis_(qme

2122 3849 2258 3904 nihil
2307 3859 2454 3916 sunt,
2515 3858 2713 3920 praeter
2759 3845 3068 3920 emptionem
3102 3856 3150 3900 et
3183 3845 3565 3920 auditionem)
3604 3860 3714 3898 nou

2123 3920 2387 3974 dissimile
2421 3915 2530 3985 est;
2562 3920 2704 3987 quod
2737 3918 2810 3972 ait
2849 3917 3132 3986 Scriptura
3165 3917 3230 3971 de
3271 3915 3483 3987 Achab,
3516 3931 3711 3987 venlllt:

2123 3992 2307 4114 (litatum
2337 3982 2524 4114 iniisse),
2557 3982 2753 4059 faceret
2793 3982 2994 4041 malum
3025 3989 3080 4042 in
3100 3996 3377 4057 conspectu
3396 3984 3554 4040 Dom.
3586 3982 3712 4056 (Ill

2171 4077 2251 4114 ea.
2280 4077 2394 4114 1m.
2524 4099 2538 4114 .

2153 4061 2251 4126 leg.
2280 4077 2394 4126 XXI,
2423 4061 2538 4126 25).

2196 4063 2494 4199 31.01333?
2499 4063 2776 4184 )inclusum
2815 4129 3108 4200 depositum
3145 4143 3322 4200 suum.
3362 4125 3713 4200 Yenustiﬂsa-

2124 4196 2249 4256 cras
2273 4201 2528 4274 reliquias
2545 4211 2706 4274 vocat
2725 4196 3023 4274 depositum
3043 4199 3158 4252 auri
3184 4197 3480 4269 argentive,
3510 4196 3711 4267 quibus

2129 4269 2804 4341 tanquam'custodiendae,
2837 4269 3206 4341 includuntur.

2199 4340 2348 4411 (105)
2376 4342 2702 4412 Augustinus
2739 4340 3017 4412 Dominum
3039 4355 3241 4412 quoque
3270 4347 3712 4412 pacatavarum.

2129 4409 2415 4483 Augustini
2454 4409 2606 4468 locus
2635 4421 2720 4467 est
2743 4409 2962 4483 iIrPsal.
2986 4423 3132 4483 χαις.
3161 4409 3334 4483 Verba
3359 4426 3380 4483 _:
3412 4409 3616 4463 Avarus
3637 4417 3716 4483 est

2056 4501 2102 4556 ι)
2134 4479 2274 4539 Deus
2301 4485 2490 4556 salutis
2541 4495 2752 4556 nostrat.
2788 4481 2988 4556 Sancta
3023 4481 3126 4534 ista
3177 4480 3409 4556 avaritia
3453 4489 3538 4556 est
3565 4479 3712 4543 suis,

2126 4570 2250 4620 quas
2297 4555 2595 4610 dierectum
2650 4553 2936 4608 Dominum
2987 4549 3274 4621 torquebat
3312 4565 3436 4607 cum
3484 4551 3712 4617 diceret,

2128 4624 2284 4680 Sitio.

2199 4695 2348 4766 (104)
2389 4694 2552 4766 Stilus
2591 4693 2794 4748 mundi.
2836 4690 3104 4766 Ringetur
3135 4692 3202 4766 ad
3241 4692 3364 4766 inec
3388 4689 3712 4746 Calvinista.

2129 4761 2572 4835 Sedca'tholicus
2599 4766 2835 4835 prudens
2859 4761 3018 4818 facile
3039 4765 3216 4832 capiet
3240 4764 3438 4835 bonum
3468 4777 3712 4835 sensum.

2127 4833 2428 4903 Quijuvari
2464 4833 2618 4902 velit,
2641 4837 2820 4890 videat
2841 4849 3003 4902 supra
3029 4843 3212 4888 notata
3239 4833 3336 4896 lib,
3359 4849 3400 4894 ι,
3431 4849 3482 4888 c.
3513 4833 3568 4887 5.

2202 4905 2589 5031 (1%5)4Spoliis
2664 4901 2934 4960 Damasci.
3006 4904 3212 4959 Alludit
3259 4905 3327 4959 ad
3374 4904 3552 4958 locum
3609 4901 3717 4957 lsa.

2202 4993 2255 5031 ιι.
2317 5018 2332 5031 .
2415 5017 2428 5030 .

2132 4993 2255 5040 νιιι,
2276 4978 2332 5040 5,
2373 4978 2428 5031 4.

2205 5019 2686 5119 Ἰλιψιίειιιη
2719 5056 2910 5119 septem
2937 5045 3256 5119 decadarum
3293 5060 3589 5119 numerum.
3619 5045 3717 5119 Se-

2131 5116 2416 5188 ptuaginta
2468 5116 2643 5172 ianuis
2693 5117 3043 5188 captivitatis,
3107 5116 3268 5178 hujus
3323 5116 3538 5188 misera!
3591 5116 3718 5169 vita:

2135 5186 2347 5258 tempus
2403 5188 2675 5258 indicari,
2745 5187 2928 5256 plures
2960 5187 3288 5258 (docuerunt.
3336 5186 3405 5240 Et
3453 5195 3719 5240 consonat

2134 5255 2416 5342 Scriptura
2443 5255 2616 5342 (Psal.
2651 5255 2878 5341 Lxxatx,
2916 5256 3026 5340 10).
3056 5257 3180 5342 Dies
3210 5271 3474 5342 anulorum
3499 5267 3720 5312 nostro-

2133 5327 2333 5385 rumiu
2365 5327 2502 5401 ipsis,
2523 5329 2860 5401 septuaginta
2885 5327 3033 5383 anni.
3063 5327 3378 5401 Absolutum
3401 5341 3569 5401 porro
3585 5343 3720 5401 san-

2132 5397 2648 5472 ctitatem'(cujus'in
2681 5397 2783 5456 hoc
2803 5414 3032 5455 numero
3059 5398 3377 5469 mysterium
3403 5397 3721 5472 Thiofridus

2169 5472 2330 5544 onit),
2374 5468 2500 5544 per—
2549 5472 2801 5544 Dccalogi
2869 5468 3300 5544 observationem
3335 5511 3349 5535 ,
3413 5468 3718 5544 septiformi

2130 5487 2330 5597 gonu),
2374 5488 2471 5544 per
2549 5487 2801 5542 uocatogt
2869 5487 3300 5528 onservauonem
3335 5511 3349 5535 ,
3413 5487 3718 5548 sepulcrum

2131 5543 2370 5668 dggti'ilguls
2425 5546 2598 5600 sancti
2669 5543 2840 5615 gratia
2885 5541 3147 5609 obtineri,
3212 5553 3374 5595 nemo
3415 5537 3720 5595 catholicus

2170 5614 2256 5668 ubi
2267 5622 2362 5671 tat.
