4034 6364
257 362 371 419 ζ’ιὸ

787 473 1181 533 CAPITULUM
1216 474 1302 530 Ill.

258 548 417 613 Quod
442 548 538 618 jus
572 556 771 603 sancta
807 548 1000 601 anima
1028 546 1323 618 sanctitatis
1347 561 1477 618 sua
1519 545 1837 617 afﬂuentiam

328 616 665 690 transfundat
704 619 757 673 in
788 619 965 672 omnia
1006 617 1235 689 pulveris
1276 616 1359 672 sui
1405 616 1733 683 ornamenta,
1781 627 1832 671 et

330 690 670 757 operimenta.

328 781 485 837 Sicut
511 781 653 836 enim
679 798 850 837 sermo
874 780 970 836 Dei
998 781 1163 849 vivus,
1189 791 1238 835 et
1267 781 1482 852 efﬁcax,
1516 789 1567 835 et
1594 790 1836 851 penetra-

254 870 414 925 bilior
438 871 580 925 omni
603 871 781 941 gladia
803 871 1053 943 (ancipiti,
1094 889 1256 943 usque
1287 873 1356 926 ad
1393 872 1695 927 divisionem
1715 872 1835 925 ani-

252 977 357 1016 ma
408 979 472 1017 ac
513 963 749 1033 spiritus,
789 979 1099 1034 compagum
1146 979 1349 1035 quoque
1390 972 1438 1017 et
1485 960 1835 1017 medullarum

252 1051 448 1126 (Hebr.
479 1069 535 1109 tv
561 1094 576 1120 ,
610 1054 700 1127 12)
725 1094 742 1122 ,
789 1055 1019 1128 mystice
1064 1054 1352 1126 pertingit;
1396 1054 1477 1110 sic
1524 1060 1726 1109 sancta
1753 1053 1836 1108 vis

250 1146 471 1211 anima,
502 1162 625 1202 cum
657 1145 770 1203 Deo
812 1147 926 1220 jam
958 1145 1256 1218 regnantis,
1291 1146 1361 1202 ab
1400 1146 1606 1202 intimis
1634 1145 1702 1202 ad
1734 1159 1835 1201 ex—

252 1236 386 1291 tima
412 1235 479 1292 ad
510 1251 588 1300 se,
621 1252 746 1294 cum
787 1237 840 1293 in
870 1238 1053 1294 carnis
1082 1251 1305 1295 carcere
1343 1236 1609 1302 clausam,
1631 1246 1745 1292 tum
1775 1236 1833 1293 in

248 1327 492 1384 caelestis
544 1326 879 1384 Hierusalem
922 1329 1313 1400 municipatum
1340 1327 1678 1394 translatam,
1709 1342 1835 1398 per-

249 1423 504 1491 tinentia,
537 1437 597 1478 se
646 1421 871 1477 miriﬁce
913 1419 1163 1476 diffundit
1195 1439 1208 1476 :
1242 1430 1297 1476 et
1340 1421 1601 1492 quidquid
1630 1420 1834 1477 sanctis

246 1511 750 1582 pravenientibus,
801 1526 866 1566 ac
914 1510 1378 1567 intercedentibus
1422 1511 1674 1577 meritis,
1732 1527 1833 1583 per

247 1620 473 1661 carnem
502 1614 557 1661 et
594 1619 738 1671 ossa,
780 1604 1028 1661 mirabile
1055 1604 1224 1675 gerit;
1256 1603 1398 1660 idem
1430 1604 1736 1662 mirabilius
1765 1605 1833 1661 de

246 1693 512 1750 dissoluto
560 1694 802 1766 pulvere,
848 1695 903 1750 in
946 1694 1132 1750 omnia
1183 1703 1295 1749 tam
1334 1695 1632 1762 exteriora,
1667 1710 1833 1766 quam

247 1784 531 1851 interiora,
581 1784 949 1856 cujuscunque
993 1784 1257 1851 materia,
1311 1784 1394 1841 vel
1447 1785 1629 1855 pretii,
1669 1795 1832 1842 tanta

244 1871 445 1931 favilla
469 1884 814 1943 ornamenta,
847 1884 903 1930 et
922 1876 1257 1946 operimenta
1286 1875 1633 1931 transiundit.
1656 1876 1832 1948 Atque

242 1976 307 2022 ut
353 1968 472 2039 ipsa
523 1968 705 2023 anima
754 1969 810 2023 in
853 1982 1083 2039 corpore
1136 1983 1246 2024 non
1281 1967 1514 2033 videtur,
1564 1976 1618 2024 et
1649 1977 1831 2024 tamen

243 2062 387 2115 mira
420 2076 518 2132 per
546 2075 745 2132 corpus
775 2070 1053 2132 operatur,
1083 2061 1161 2116 sic
1188 2060 1410 2131 pretiosi
1437 2059 1677 2131 pulveris
1709 2059 1827 2116 the-

243 2167 469 2219 saurus,
495 2152 619 2211 licet
651 2168 757 2209 non
792 2152 1060 2220 videatur,
1097 2153 1224 2210 licet
1251 2169 1357 2209 non
1390 2163 1676 2225 tangatur;
1705 2168 1832 2209 san-

241 2247 452 2303 ctitatis
476 2258 654 2303 tamen
700 2245 1030 2304 allluentiam
1080 2246 1209 2320 (qua
1255 2246 1324 2302 de
1354 2246 1500 2319 fonte
1533 2246 1624 2318 qui
1648 2256 1829 2301 manat

241 2339 307 2393 de
328 2339 485 2393 domo
526 2336 756 2401 Domini,
785 2347 833 2393 et
864 2338 1011 2410 (107)
1040 2339 1225 2409 irrigat
1249 2347 1531 2393 torrentem
1559 2337 1829 2408 spinarum

243 2429 407 2500 (Joel.
440 2445 523 2496 Ill,
552 2429 665 2501 l8),
709 2444 807 2500 per
846 2428 1106 2500 praclara
1134 2429 1457 2485 sanctilicati
1500 2429 1581 2484 sui
1606 2429 1829 2498 spiritus

240 2523 461 2589 merita,
505 2522 784 2593 irrigatur)
834 2522 1157 2582 transmittit
1212 2521 1267 2576 in
1306 2522 1510 2587 uumia,
1546 2521 1598 2576 in
1630 2520 1829 2591 quibus

242 2615 388 2670 intra
424 2621 482 2669 et
513 2622 668 2669 extra
711 2612 1034 2690 occultatur.
1081 2612 1139 2669 Si
1180 2611 1634 2669 constantissima
1664 2624 1826 2665 manu

241 2704 394 2771 lidei,
424 2703 664 2759 exterior
705 2701 824 2773 ejus
854 2712 1174 2759 attrectetur
1214 2702 1475 2767 clausula,
1504 2701 1621 2756 auri
1651 2715 1714 2756 ac
1740 2716 1827 2756 ar-

242 2794 389 2865 genti
415 2794 661 2860 bractea,
686 2809 780 2850 seu
804 2792 1177 2866 cujuscunque
1200 2794 1359 2865 pretii
1388 2793 1675 2865 gemmula,
1708 2793 1825 2850 sive

238 2884 494 2957 qualibet
517 2884 719 2940 textilis
749 2885 832 2941 vel
865 2885 1207 2956 productilis,
1233 2894 1328 2939 aut
1354 2884 1527 2940 fusilis
1551 2893 1644 2939 aut
1671 2899 1827 2939 mar-

238 2992 427 3034 morea
458 2978 543 3033 vel
586 2978 761 3051 lignea
793 2977 1049 3044 materia;
1078 2993 1143 3035 ac
1169 2978 1214 3033 si
1241 2979 1344 3034 hoc
1371 2986 1646 3050 tangatur,
1672 2976 1819 3048 quod

239 3070 472 3127 interius
518 3070 843 3126 occultatur.
885 3068 979 3127 Sic
1020 3070 1216 3127 divina
1253 3069 1551 3139 majestatis
1580 3069 1822 3140 potentia

1115 359 1386 418 FLORES
1425 358 1768 418 EPITAPHII
1803 356 2246 419 SANCTORUM.
2284 388 2356 403 —
2393 358 2523 416 LIB.
2551 358 2613 416 ll.

1863 482 1909 538 Α
1939 473 2108 529 voluit
2134 486 2194 529 se
2229 488 2455 527 vermem
2506 471 2559 526 in
2602 483 2764 526 carne
2814 477 2997 525 natum
3047 468 3168 526 sine
3200 470 3429 537 semine,
3459 482 3518 529 et

3402 357 3519 415 346
3556 366 3563 373 ’

1939 580 2044 621 non
2076 564 2360 628 hominem,
2392 563 2502 618 imo
2551 563 2605 617 in
2635 560 2856 617 homine
2903 560 3045 616 ultra
3092 560 3390 624 hominem.
3418 580 3513 633 op-

1935 655 2206 727 probrium
2269 654 2541 708 hominum
2583 661 2632 707 et
2683 651 3024 722 abjectionem
3075 649 3248 722 (Psal.
3300 666 3414 717 χιιι,
3461 652 3519 725 ’7)

1937 762 2080 813 esse,
2113 755 2332 819 propter
2379 744 2674 811 pulverem,
2708 751 2768 799 ut
2798 743 2975 814 pulvis
3017 751 3213 800 natura
3247 752 3301 800 et
3337 745 3518 814 specie

1936 838 2268 896 foedissimus
2326 839 2501 910 gratia
2545 845 2602 893 et
2647 837 3077 893 sanctiﬁcatione
3122 837 3204 893 sui
3235 835 3517 909 gloriﬁcati

1936 931 2183 1002 spiritus,
2222 938 2568 1002 reputaretur
2591 928 2998 999 pulcherrimus
3030 948 3044 984 :
3077 941 3133 988 et
3157 932 3299 988 sicut
3326 946 3519 985 secun-

1935 1024 2063 1081 dum
2095 1025 2367 1097 egregium
2406 1022 2556 1095 (l08)
2596 1024 2975 1096 yperaspisten
3020 1024 3279 1081 Ecclesia
3321 1025 3515 1080 Hiero-

1934 1134 2178 1192 nymum,
2211 1126 2470 1188 perpetua
2494 1116 2650 1188 virgo
2677 1115 2869 1181 Maria,
2891 1116 2959 1172 de
2985 1131 3089 1186 qua
3114 1126 3275 1172 natus
3296 1126 3378 1173 est
3404 1117 3519 1189 ipse

1936 1207 2079 1262 Deus
2105 1216 2161 1262 et
2189 1206 2373 1272 homo,
2420 1206 2545 1279 plus
2578 1215 2663 1262 est
2705 1206 2942 1271 meritis,
2971 1222 3078 1261 non
3111 1217 3323 1272 natura,
3354 1223 3518 1278 quam

1934 1297 2087 1369 virgo
2120 1306 2175 1353 et
2203 1296 2399 1365 homo;
2442 1297 2523 1354 sic
2562 1311 2669 1353 non
2698 1310 2798 1366 per
2836 1306 3115 1363 naturam,
3144 1298 3237 1352 sed
3265 1310 3363 1367 per
3390 1312 3516 1368 gra-

1937 1387 2065 1442 tiam
2089 1388 2195 1444 hoc
2228 1388 2435 1460 pulveri
2485 1388 2711 1444 daretur
2760 1387 3128 1459 privilegium,
3158 1397 3216 1443 ut
3247 1387 3370 1459 plus
3392 1403 3521 1458 quo-

1933 1494 2039 1551 que
2068 1490 2213 1537 esset
2235 1495 2396 1551 quam
2430 1480 2604 1552 pulvis
2627 1490 2684 1536 et
2721 1480 2921 1537 vermis
2949 1480 3214 1546 edulium,
3243 1495 3344 1552 per
3377 1481 3521 1536 ina-
3578 1471 3584 1477 ”

1932 1573 2204 1629 stimabile
2230 1573 2495 1644 profecto,
2525 1573 2671 1645 quod
2705 1572 2757 1628 in
2782 1574 2962 1630 crucis
2989 1581 3192 1630 statera
3219 1588 3518 1645 appensum

1933 1675 2037 1733 est,
2090 1664 2278 1721 mundi
2329 1664 2614 1731 talentum,
2667 1665 2851 1721 mundi
2900 1664 3221 1721 admirabile
3258 1666 3516 1736 pretium.

1932 1756 2146 1813 Pulveri
2190 1756 2366 1814 vicem
2414 1757 2661 1828 rependit
2712 1756 3214 1827 incomparabilem,
3268 1766 3325 1814 et
3373 1758 3520 1815 sicut

1861 1829 1907 1889 Β
1932 1847 2051 1918 ejus
2077 1863 2288 1905 summa
2339 1857 2399 1905 et
2437 1849 2748 1905 essentialis
2787 1848 3009 1905 claritas
3036 1859 3094 1906 et
3144 1849 3517 1920 pulchritudo,

1933 1950 2043 1997 tam
2082 1939 2261 2007 latuit,
2292 1955 2455 2011 quam
2485 1940 2683 1997 claruit
2711 1940 2763 1995 in
2788 1939 3042 2011 pulvere;
3075 1940 3157 1997 sic
3197 1941 3508 2013 incompre-

1929 2032 2178 2090 hensihiIi
2204 2047 2386 2089 rerum
2411 2032 2804 2099 vicissitudine,
2829 2041 2883 2088 et
2913 2031 3161 2087 dissimili
3184 2034 3531 2103 praordinav
3564 2032 3573 2039 ί

1931 2125 2012 2180 vit
2031 2124 2406 2193 similitudine,
2435 2135 2498 2180 ut
2534 2124 2774 2196 pulveris
2807 2122 3183 2179 substantialis
3210 2112 3518 2193 putredo'et
3576 2139 3580 2144 ‘

1930 2216 2171 2280 traditas,
2211 2232 2277 2274 ex
2308 2217 2480 2283 sanie,
2508 2217 2562 2272 in
2586 2217 2727 2284 auri,
2754 2224 2810 2271 et
2834 2215 3206 2286 cujuscunque
3231 2218 3516 2287 pretiosis-

1929 2311 2052 2369 simi
2080 2310 2304 2377 metalli,
2332 2326 2583 2383 gemma,
2626 2325 2692 2365 ac
2726 2324 2971 2381 Operosa
3006 2308 3196 2375 vestis,
3227 2319 3337 2364 tam
3369 2310 3515 2366 late-

1929 2411 2035 2467 ret,
2080 2418 2243 2474 quam
2288 2402 2616 2458 claresceret
2652 2399 3055 2472 pulchritudine

1928 2494 2202 2564 acciperet
2241 2491 2491 2548 decorem
2533 2506 2696 2562 quam
2744 2490 3029 2555 redderet;
3083 2496 3138 2545 et
3179 2503 3287 2544 non
3338 2488 3517 2559 pulvis

1928 2594 2152 2658 propter
2177 2584 2297 2641 auri
2323 2585 2583 2656 speciem,
2610 2599 2731 2654 qua
2751 2581 2986 2641 fascinat
3012 2582 3202 2639 oculos
3229 2583 3514 2651 avaritia;

1926 2676 2021 2732 sed
2074 2692 2267 2733 aurum
2337 2677 2519 2748 magni
2569 2675 2900 2747 penderetur
2938 2684 3161 2745 propter
3215 2673 3514 2745 pulverem.

1926 2769 2152 2828 Omnem
2188 2769 2374 2826 mundi
2413 2769 2641 2841 gloriam
2687 2778 2744 2825 et
2768 2779 3024 2825 ornatum
3078 2765 3375 2824 substravit
3404 2767 3519 2838 pul-

1926 2864 2071 2921 veris
2092 2864 2310 2919 ornatui
2346 2871 2401 2918 et
2441 2862 2672 2934 gloria:
2708 2860 2835 2932 quia
2880 2859 2998 2931 ipse
3027 2874 3150 2916 cum
3182 2860 3254 2916 sit
3275 2859 3515 2930 pulveris

1926 2958 2194 3026 conditor,
2244 2956 2522 3013 exinanita
2567 2953 2865 3026 majestatis
2896 2967 3011 3009 sua
3039 2953 3236 3023 specie,
3275 2953 3513 3025 concipi,

1928 3054 2110 3120 condi,
2138 3062 2194 3110 et
2224 3052 2375 3109 nasci
2404 3052 2656 3125 dignatus
2690 3059 2774 3106 cst
2803 3065 2869 3106 ex
2897 3049 3118 3120 pulvere
3152 3063 3167 3104 :
3202 3048 3333 3118 ipse,
3365 3048 3514 3119 quod

237 3162 464 3217 salutem
507 3162 564 3216 in
592 3162 764 3216 medio
802 3172 956 3217 terra
997 3171 1244 3233 operatur
1280 3137 1453 3232 (Paul.
1485 3137 1678 3223 LXX—Ill,
1708 3159 1821 3222 ii).
1850 3176 1900 3242 ρ
1932 3145 2161 3242 “deni”
2206 3145 2348 3242 (ξίοο,
2403 3141 2706 3242 secundum.
2742 3141 3036 3242 essemiall'
3079 3151 3356 3242 οοιγιιοτξφ
3383 3137 3514 3242 sub:

237 3252 293 3309 In
330 3254 574 3326 pulveris
627 3253 1015 3325 gloriﬁcatione
1039 3295 1056 3321 ,
1088 3254 1396 3309 recordatur
1448 3254 1822 3325 misericordia:

235 3363 349 3401 sua
397 3344 551 3413 (Luc.
594 3362 637 3412 ι,
669 3346 797 3417 54);
844 3346 1083 3402 declarat
1128 3361 1293 3417 super
1321 3359 1418 3400 nos
1444 3345 1658 3400 viscera
1684 3359 1820 3401 con-

236 3437 607 3493 descensionis
636 3452 746 3493 sua
773 3455 788 3492 :
817 3452 919 3492 nec
946 3436 1062 3493 vult
1086 3436 1335 3507 ignorare
1372 3436 1665 3499 hominem,
1699 3446 1823 3506 post

232 3545 476 3586 vermem
507 3530 746 3586 futurum
770 3530 1071 3602 pulverem,
1100 3528 1242 3600 quod
1273 3528 1360 3584 illa
1384 3544 1479 3584 sua
1513 3530 1824 3601 incompre-

229 3619 540 3684 hensibilis,
584 3620 671 3675 illa
716 3619 1165 3693 inexcogitabilis,
1209 3619 1300 3675 illa
1337 3618 1628 3677 inell‘abilis
1653 3621 1822 3677 subli-

229 3718 399 3773 mitas
443 3714 862 3777 sublimitatum,
893 3713 1012 3770 ideo
1060 3714 1343 3769 humiliata
1390 3721 1446 3769 et
1474 3714 1713 3770 detracta
1743 3723 1820 3770 est

229 3824 401 3881 usque
429 3807 500 3861 ad
526 3806 788 3878 pulverem
813 3804 951 3875 (Isa.
994 3820 1143 3870 xxvi,
1175 3803 1252 3875 5),
1282 3805 1404 3860 ideo
1433 3804 1660 3861 interna
1702 3805 1821 3877 pul—

231 3898 562 3956 chritudinis
600 3913 712 3954 sua
748 3897 984 3967 speciem
1031 3911 1129 3967 per
1162 3896 1425 3966 assumpti
1456 3896 1693 3967 pulveris
1716 3899 1819 3953 ob-

229 3991 391 4047 duxit
416 3990 721 4061 caliginem.
765 3988 888 4044 Ideo
919 3996 1194 4059 postremo
1230 3987 1485 4043 dormivit
1514 3987 1567 4042 in
1597 3987 1819 4058 pulvere

228 4082 361 4154 (Job
414 4099 512 4150 vn,
541 4082 664 4153 2|);
698 4091 758 4137 ut
794 4080 968 4153 pulvis
1008 4079 1377 4137 sanctiﬁcatus
1403 4080 1458 4135 in
1489 4080 1606 4149 ipso
1632 4095 1818 4135 corru-

225 4174 437 4248 ptionis
457 4189 570 4230 sua
597 4188 809 4239 somno,
841 4181 897 4228 et
922 4170 1247 4244 putredine;
1276 4180 1330 4226 et
1352 4171 1399 4226 si
1421 4185 1527 4227 non
1556 4171 1818 4241 qualitate

228 4268 603 4339 corruptibilis
632 4266 966 4333 substantia,
1014 4263 1190 4319 meriti
1222 4275 1404 4321 tamen
1435 4267 1815 4334 praerogativa,

226 4372 289 4420 et
318 4362 559 4434 gratuito
585 4360 725 4419 dono
755 4362 993 4419 caelestis
1017 4361 1227 4433 gratia,
1249 4358 1492 4415 omnium
1524 4358 1577 4414 in
1613 4367 1815 4415 terram

224 4451 629 4512 dissolubilium
674 4452 964 4508 excelleret
1008 4450 1486 4523 pulchritudinem.
1534 4448 1812 4520 Speciosus

1929 3238 2168 3303 stantia,
2221 3236 2396 3291 iactus
2445 3243 2549 3299 est,
2600 3233 2743 3290 unde
2784 3240 3083 3302 conceptus
3124 3239 3180 3285 et
3220 3231 3401 3286 editus
3429 3238 3516 3285 est

1924 3329 2101 3402 pulvis
2126 3329 2194 3384 de
2218 3327 2442 3398 pulvere
2469 3343 2485 3380 :
2512 3328 2653 3381 Deus
2679 3325 2842 3380 homo
2869 3323 3046 3379 factus
3072 3331 3158 3378 est
3181 3338 3248 3378 ex
3287 3321 3513 3393 pulvere

1923 3432 2151 3494 propter
2195 3421 2512 3486 hominem;
2541 3428 2598 3474 et
2632 3418 2901 3482 homines,
2939 3417 3008 3472 ad
3033 3430 3172 3487 quos
3201 3430 3384 3490 sermo
3415 3414 3511 3469 Dei

1924 3520 2098 3576 factus
2137 3530 2243 3585 est,
2296 3518 2437 3574 Deos
2476 3516 2605 3572 fecit
2654 3517 2721 3573 de
2749 3516 3014 3588 pulvere:
3048 3515 3271 3572 Etcum
3304 3514 3513 3585 pulveri

1922 3609 2159 3666 nominis
2184 3615 2239 3664 et
2268 3606 2565 3663 divinitatis
2606 3621 2718 3662 sua
2757 3604 3094 3663 concesserit
3137 3603 3514 3675 participium,

1922 3714 2092 3771 quare
2131 3697 2425 3768 quidquam
2478 3710 2548 3751 ex
2601 3706 2749 3752 terra
2803 3698 3101 3768 pretiosum
3150 3696 3206 3752 in
3250 3696 3370 3768 ejus
3400 3711 3513 3751 non

1920 3788 2260 3861 expendatur
2280 3795 2508 3843 ornatus
2535 3787 2896 3859 impendium;
2923 3785 3080 3856 cujus
3099 3801 3158 3843 se
3190 3787 3512 3859 participem
3605 3808 3609 3815 ε

1921 3899 1987 3940 ac
2022 3884 2255 3951 socium,
2302 3886 2459 3955 cujus
2486 3885 2801 3956 sanguinem
2836 3898 2992 3938 suum
3018 3882 3195 3938 voluit
3225 3898 3347 3939 esse
3379 3899 3507 3954 pre-

1920 3974 2091 4029 tium?
2116 3974 2309 4031 Carnis
2333 3991 2445 4031 sua
2486 3972 2710 4047 gloriam
2750 3974 2958 4044 pulveri
2988 3973 3330 4029 sanctiiicato
3361 3990 3505 4044 quo-
3594 4024 3600 4031 μ

1920 4067 2208 4123 dummodo
2229 4067 2375 4124 dedit
2399 4084 2520 4125 esse
2545 4080 2911 4131 communem,
2932 4064 3060 4134 quia
3089 4066 3181 4134 qui
3211 4081 3273 4121 se
3297 4081 3329 4120 a
3361 4065 3513 4122 vitiis

1919 4157 2102 4213 carnis
2138 4157 2316 4214 reddit
2364 4159 2681 4224 immunem,
2727 4156 3048 4212 adliarendo
3084 4154 3334 4223 Domino,
3368 4173 3509 4212 unus

1919 4266 2045 4305 cum
2060 4268 2119 4306 eo
2143 4254 2362 4323 spiritus
2397 4263 2471 4308 est
2496 4250 2546 4324 (I
2583 4246 2812 4316 Cor.'v1,
2840 4249 2952 4316 i7),
2979 4257 3035 4304 et
3058 4264 3162 4304 una
3191 4263 3316 4304 cum
3340 4264 3509 4305 carne

1917 4343 2036 4415 ejus
2072 4359 2199 4400 caro
2226 4354 2329 4401 est.
2376 4345 2610 4402 Carnem
2659 4343 2829 4415 igitur
2852 4356 3006 4399 suam
3058 4342 3221 4398 homo
3256 4340 3510 4397 Christus

1917 4442 2079 4500 Jesus
2105 4443 2159 4499 in
2199 4441 2419 4497 homine
2452 4453 2557 4494 non
2585 4435 2849 4508 quolibet,
2879 4438 2975 4491 sed
3005 4435 3098 4507 qui
3123 4436 3175 4489 in
3203 4450 3369 4491 carne
3394 4443 3504 4502 est,

226 4544 405 4613 forma
434 4559 544 4612 prie
583 4541 707 4611 [iliis
736 4543 1007 4598 hominum
1030 4538 1205 4613 (Psal.
1233 4557 1381 4610 xuv,
1405 4542 1486 4612 '5),
1519 4540 1692 4597 noluit
1715 4541 1816 4596 ha-
1841 4531 1891 4592 Ι)
1918 4532 2127 4589 refovet
2174 4548 2240 4590 ac
2289 4531 2593 4603 diligentem
2643 4543 2698 4582 se
2727 4525 2897 4597 diligit
2929 4524 3112 4597 (Prov.
3149 4541 3274 4593 vnt,
3300 4525 3414 4598 Π),
3446 4534 3503 4582 et

224 4633 361 4690 bere
386 4633 624 4688 decorem
674 4641 729 4688 et
760 4633 980 4701 speciem
1034 4631 1170 4705 (Isa.
1218 4648 1339 4699 Llll,
1391 4632 1524 4705 2.);
1559 4630 1653 4688 sed
1702 4629 1818 4686 vul-

224 4737 342 4783 tum
385 4727 539 4799 quasi
582 4725 968 4796 absconditum,
1010 4737 1061 4783 et
1105 4727 1471 4800 despicabilem
1511 4727 1688 4802 (ibid.,
1713 4725 1810 4800 3):

301 4898 452 4972 (107)
476 4897 674 4971 Irrigat
688 4908 966 4972 torrentem
990 4898 1280 4972 spinarum.
1294 4897 1469 4972 Fonte
1480 4898 1666 4972 gratia
1678 4896 1814 4953 divi-

220 4968 471 5030 nm'liun'c
496 4968 791 5026 torrentem
823 4970 1038 5041 irrigari
1065 4970 1172 5041 ait.
1186 4968 1384 5023 Lucem
1402 4968 1528 5024 huic
1550 4969 1690 5033 loco,
1709 4985 1813 5041 non

220 5042 393 5098 nimis
421 5041 623 5111 alioqui
644 5040 813 5105 claro,
840 5039 1014 5111 (εαξη
1042 5040 1100 5096 S.
1129 5039 1446 5111 llieromyu.
1484 5040 1716 5110 Apolog.
1743 5040 1813 5095 ad

216 5109 637 5182 Panunacliium
689 5126 786 5182 pro
836 5110 931 5167 lib.
984 5120 1176 5167 contra
1226 5109 1812 5182 Jovinianum,pcirca

218 5185 433 5240 linem:
465 5179 609 5236 Fons
635 5179 891 5255 signatus,
923 5182 1120 5255 inquit,
1155 5182 1367 5255 dequo
1406 5180 1552 5250 [ante
1583 5180 1672 5236 ille
1700 5180 1810 5255 [inf

216 5257 349 5310 eius
392 5261 592 5324 manat,
629 5250 788 5324 juxta
841 5250 1113 5323 Joel,’qui
1147 5250 1335 5324 irrigat
1382 5250 1813 5324 torrentemmcel

215 5324 469 5397 funium,
501 5322 578 5397 vel
606 5321 876 5397 spinarum
903 5340 917 5377 :
947 5321 1186 5393 funium,
1226 5321 1560 5397 peccatorum
1580 5364 1595 5389 ,
1621 5321 1811 5393 quibus

212 5393 349 5466 inte
382 5394 718 5466 illigabamur
738 5406 756 5445 :
775 5394 1071 5466 spinarum,
1097 5393 1500 5466 quasti/focam
1531 5403 1811 5466 sementem

215 5462 411 5522 Patris
462 5462 723 5541 familias.
778 5462 852 5541 In
876 5462 1119 5541 gratiam
1147 5462 1591 5541 Calviuistarum,
1636 5463 1813 5541 obiter

217 5532 503 5601 natemus,
541 5534 852 5609 Hieronymi
879 5532 1113 5599 'mente,
1147 5534 1249 5589 hoc
1278 5535 1421 5609 loco,
1443 5532 1663 5590 ﬂuvium
1691 5535 1811 5609 qui-

219 5609 352 5663 dem
399 5621 523 5663 esse
564 5607 656 5662 Dei
689 5604 878 5677 gratiae
922 5620 1164 5676 perenne
1199 5604 1561 5677 proﬂuvium:
1605 5617 1662 5662 at
1693 5605 1812 5677 ion-

221 5690 369 5739 tem.
396 5692 519 5734 esse
557 5674 937 5734 beatissimam
958 5676 1053 5731 Dei
1098 5674 1360 5744 matrem,
1394 5674 1662 5747 Virginem
1692 5675 1810 5730 Ma-

217 5750 397 5877 ;iam,
424 5763 545 5877 tper
584 5760 747 5820 quam
792 5749 970 5806 omnis
1010 5747 1078 5805 ad
1118 5747 1331 5804 animas
1368 5756 1585 5806 nostras
1634 5748 1808 5820 gratia

259 5835 417 5877 ertva
446 5836 531 5876 ur.

259 5824 531 5878 erivatur.

1918 4641 2042 4682 cum
2065 4627 2133 4682 ad
2163 4623 2557 4681 amicissimum
2584 4618 3052 4677 confabulatorem
3083 4633 3241 4674 suum
3280 4617 3500 4687 legisla-

1917 4726 2089 4774 torem
2113 4714 2262 4787 (109)
2299 4714 2511 4770 locutus
2539 4713 2611 4768 sit
2644 4709 2864 4784 Moysen
2892 4726 2906 4764 :
2944 4708 3034 4781 qui
3058 4708 3372 4765 honorificat
3400 4726 3507 4777 me,

1989 4895 2142 4969 (108)
2182 4894 2576 4969 Xperaspisten.
2634 4892 2990 4966 Septuaginta
3046 4891 3385 4969 lnterpretes
3451 4890 3508 4969 in

1914 4962 2152 5023 Psalmis
2176 4962 2492 5039 frequenter
2510 4967 2677 5021 Deum
2698 4962 2896 5020 vocant
2917 4984 3333 5039 υπερασπιστην.
3356 4962 3508 5039 Lati:

1914 5053 2020 5095 nus
2057 5037 2225 5094 vertit
2276 5034 2626 5106 defensorem,
2670 5046 2763 5090 aut
2808 5034 3180 5106 protectorem;
3216 5035 3369 5104 quasi
3414 5034 3506 5104 qui

1915 5109 2171 5180 clypeum
2198 5104 2354 5180 nobis
2388 5104 2940 5180 tuendispratendat.
2972 5104 3106 5180 Nam
3137 5106 3511 5180 iiii-leestclg-

1912 5175 2061 5251 pe'u's.
2114 5177 2457 5246 Thiol'ridus,
2507 5176 2749 5246 neglecta
2806 5176 3080 5245 aspirandi
3134 5175 3315 5232 uetula
3335 5213 3352 5240 ,
3401 5176 3507 5230 hoc

1911 5251 2083 5306 verba
2113 5250 2190 5304 uti
2222 5249 2439 5303 videtur
2466 5263 2567 5316 pro
2591 5247 2784 5316 quovis
2810 5248 2927 5302 viro
2950 5248 3206 5316 primario
3228 5245 3503 5316 autApala-

1913 5262 2083 5306 verba
2113 5262 2190 5304 uti
2222 5262 2439 5303 Vldelm‘
2466 5263 2567 5319 pro
2591 5262 2784 5318 quovrs
2810 5262 2927 5302 viro
2946 5262 3206 5370 aII-uuam
3228 5262 3322 5301 aut
3353 5262 3495 5316 pata-

1913 5321 2049 5376 tino.
2071 5320 2165 5375 Sic
2198 5318 2506 5389 Prologoin
2534 5317 2706 5389 Vitam
2745 5319 2916 5375 sancti
3017 5316 3280 5372 illibrordi
3308 5314 3495 5370 Carm.

1916 5391 2215 5461 Alcuinum
2242 5386 2401 5461 vocat
2428 5386 2605 5446 Caroli
2638 5387 2829 5461 Magni
2848 5390 3233 5461 ype‘raspisten.

1985 5460 2152 5546 (1.09.).
2177 5459 2310 5516 Cum
2340 5453 2762 5546 ιοεαιξξβέιβξδ
2803 5453 3505 5546 Μιλνξιῖτξέ,ἓὲ9¹ηὲπξξξξ¹131ί·

1912 5525 2045 5602 quid
2099 5525 2189 5588 hic
2233 5545 2425 5603 passus
2474 5530 2820 5603 "I’hiol‘ridus,
2865 5525 3156 5603 vacillante
3203 5525 3502 5591 memoria,

1914 5600 2101 5676 Moysi
2142 5600 2350 5676 dicitur}
2408 5600 2605 5676 refert,
2656 5602 2807 5676 quod
2855 5601 3022 5676 longo
3074 5605 3197 5665 post
3258 5605 3503 5676 tempore

1914 5665 2183 5731 sacerdoti
2234 5671 2386 5738 Heli,
2437 5665 2731 5743 propheta,
2776 5671 2867 5724 Dei
2908 5668 3117 5743 jussu,
3153 5665 3505 5743 exprobrans

1916 5744 2120 5800 tetulit.
2146 5743 2320 5799 Verba
2344 5735 2582 5814 qui-dem!
2596 5743 2649 5798 in
2670 5741 2874 5814 Regum
2899 5735 3309 5814 historiaclara
3331 5746 3457 5792 sunt
3481 5751 3499 5793 :

1915 5817 1983 5872 ad
2006 5815 2223 5888 Moysen
2250 5806 2516 5886 nusquam
2536 5806 2797 5885 ejusmodi
2820 5809 3096 5885 quidpiam
3119 5806 3321 5865 dictum
3346 5820 3502 5881 topa-

3102 2414 3119 2454 ε
3161 2414 3226 2456 ac
3263 2414 3372 2455 non
3404 2407 3513 2456 tam
3582 2422 3588 2427 ‘
