4034 6364
273 439 347 494 53

1095 434 1366 492 FLORES
1404 433 1746 491 EPITAPHll
1783 431 2231 491 SANCTORUM.
2271 464 2340 474 —
2367 432 2496 488 LIB.
2538 432 2602 488 11.

3397 439 3502 496 554

227 553 390 610 Panli
446 561 686 626 gestaret
743 551 948 607 limina.
993 549 1050 604 in
1104 559 1354 622 promptu
1407 563 1623 620 quoque
1685 556 1830 602 esset
1857 547 2057 619 Agine
2087 545 2231 618 (150)
2263 544 2461 601 Vedius
2517 546 2784 616 apparuit,
2818 556 2874 604 et
2912 549 3187 604 teterrima
3239 554 3509 622 unguibus

231 646 516 703 revolvere
537 645 628 716 qui
657 643 716 700 S.
767 643 1024 700 Romanis
1073 644 1216 699 sedis
1267 642 1463 698 summi
1512 641 1824 711 pontiﬁces,

229 743 326 814 qui
356 743 693 798 diversarum
723 740 1046 813 dignitatum
1073 737 1313 794 fascibus
1347 737 1588 810 praediti;
1619 747 1673 793 et
1700 752 1824 793 cum

229 835 303 889 ad
331 832 607 899 saeculum,
635 842 746 888 tum
772 831 825 887 in
858 831 1025 886 Deum
1065 831 1278 896 divites,
1309 846 1518 885 summa
1548 845 1670 885 cum
1699 831 1821 886 dili-

228 927 416 996 gentia
442 925 667 996 privatis
695 940 759 980 ac
796 923 1026 994 publicis
1079 921 1367 993 impendiis
1418 922 1822 990 exstruxerint,

231 1017 637 1082 reuovaverint,
665 1017 1048 1072 exornaverint
1073 1025 1386 1072 sanctorum
1409 1017 1671 1073 oratoria.
1715 1017 1822 1074 Sed

230 1123 305 1181 ne
349 1123 382 1162 a
423 1108 686 1179 propositi
713 1109 856 1164 serie
900 1107 1063 1180 longo
1089 1111 1379 1181 protrahar
1402 1110 1646 1177 sirmate,
1677 1125 1816 1180 prte-

231 1179 385 1255 tgreo
432 1214 552 1270 qua:
601 1199 861 1270 praeclara
899 1179 1163 1256 nobilium
1216 1203 1540 1272 scriptorum
1577 1179 1819 1274 “ingenia

229 1293 546 1349 indiderunt
592 1294 874 1351 annalibus
915 1306 970 1350 et
1001 1297 1292 1353 memoriae.
1326 1299 1474 1370 (128)
1510 1299 1587 1355 De
1639 1299 1819 1355 vicino

227 1393 412 1456 petam
447 1385 781 1457 exemplum,
813 1396 1076 1458 quantum
1121 1389 1294 1460 prosit
1343 1391 1606 1462 cujusque
1635 1393 1820 1448 ortho-

227 1476 356 1533 doxi
380 1477 572 1533 anima:
601 1477 806 1534 eductae
839 1480 904 1535 de
932 1480 1112 1537 carnis
1133 1495 1356 1538 carcere
1378 1483 1424 1538 si
1454 1484 1582 1555 quid
1611 1484 1678 1542 de
1705 1486 1818 1542 suis

226 1568 424 1638 copiis,
448 1570 501 1624 in
533 1584 700 1626 carne
743 1582 1058 1628 sanctorum
1111 1575 1430 1644 patrociniis
1470 1575 1817 1647 impenderit,

227 1658 454 1718 honoris
484 1677 548 1719 ac
573 1665 910 1721 reverentiae.
934 1666 1069 1722 Cum
1094 1667 1229 1724 diva:
1254 1669 1528 1725 memoria:
1552 1669 1817 1727 Henricus

226 1765 352 1818 res,
379 1753 618 1824 ejusdem
639 1757 872 1812 nominis
905 1773 1091 1830 regum
1121 1761 1412 1829 secundus,
1441 1769 1494 1816 et
1524 1763 1816 1833 imperato-

225 1856 350 1898 nm
383 1843 531 1917 (129)
574 1845 870 1918 imperator
900 1851 1131 1918 primus,
1158 1859 1366 1907 naturae
1395 1851 1628 1908 solveret
1665 1853 1816 1909 debi-

1928 656 2025 696 ora
2056 639 2265 696 lmdans
2303 648 2359 696 et
2405 647 2623 710 pectora
2670 641 2862 712 pugnis
2891 657 3012 698 cum
3071 643 3274 715 ingenti
3303 643 3514 714 eiulatu

1928 733 2005 788 rei
2027 745 2191 805 gesta:
2220 741 2475 788 eventum
2509 735 2622 803 ipse
2669 735 2886 804 quidem
2918 734 3064 807 (151)
3087 737 3367 791 voluntate
3399 754 3506 793 non

1927 832 2123 878 natura
2158 832 2311 878 extra
2345 823 2591 879 ordinem
2648 825 2751 879 hoc
2793 826 2985 881 ordine
3029 829 3262 896 aperuit.
3317 828 3511 884 Eheu!

1924 917 2054 988 quid
2097 931 2260 988 super
2302 925 2486 972 nostra
2535 932 2840 988 conquerar
2879 929 3025 975 sorte
3066 936 3131 975 ac
3177 919 3394 990 injuria,
3421 923 3513 993 qui

1925 1011 2126 1081 ubique
2178 1011 2482 1067 amittimus
2527 1011 2685 1067 nobis
2737 1010 2942 1076 debita,
2989 1022 3044 1067 et
3093 1028 3191 1082 per
3225 1030 3511 1070 censuram

1923 1102 2276 1160 immutabilis
2325 1102 2527 1158 decreti
2578 1101 2690 1173 jam
2740 1103 2936 1158 tradita
2981 1105 2993 1158 !
3041 1103 3228 1171 Nobis,
3280 1122 3510 1176 quorum

1921 1202 2115 1247 natura
2165 1193 2514 1248 mutabilitati
2562 1202 2644 1247 est
2691 1192 2947 1258 obnoxia,
2999 1205 3243 1249 nostrum
3295 1213 3512 1268 semper

1919 1282 2234 1355 urgentibus
2267 1285 2601 1354 propositum
2624 1323 2640 1350 ,
2679 1299 2800 1338 cum
2825 1300 3034 1340 summa
3064 1286 3232 1342 semel
3262 1289 3402 1353 (istc,
3445 1305 3510 1344 ac

1921 1392 2192 1448 nunquam
2214 1379 2532 1446 immutatae,
2556 1393 2826 1449 perversae
2844 1379 3133 1437 voluntatis
3162 1386 3461 1451 pervicacia
3489 1403 3504 1440 :
3566 1413 3569 1415 -

1919 1469 2268 1528 immutabilis
2301 1473 2352 1527 in
2379 1473 2511 1536 suis,
2556 1480 2798 1528 mutatur
2823 1473 3022 1545 ubique
3065 1475 3118 1530 in
3167 1477 3369 1532 nostris
3412 1480 3505 1534 Dei

1918 1564 2216 1630 sententia;
2247 1575 2301 1620 et
2330 1563 2456 1620 dum
2487 1564 2650 1628 Deus,
2677 1565 2768 1634 qui
2800 1566 3050 1619 mundum
3084 1568 3286 1622 ratione
3319 1569 3504 1638 guber-

1918 1666 2006 1709 nat
2041 1666 2313 1726 perpetua,
2364 1658 2668 1727 stabilisque
2705 1675 2920 1713 manens
2959 1659 3048 1712 dat
3091 1662 3284 1715 moveri
3327 1665 3506 1718 omnia

1917 1749 2118 1818 (151⁸),
2153 1749 2452 1806 delectatur
2471 1753 2621 1822 quasi
2654 1753 2952 1808 adulatoria
2984 1753 3221 1808 invocari
3255 1757 3505 1812 oratione

1918 1840 2170 1897 Davidica
2204 1857 2217 1896 :
2265 1841 2548 1915 Susceptor
2573 1863 2736 1910 meus,
2769 1845 2906 1900 Deus
2941 1864 3118 1914 meus,
3145 1849 3503 1906 misericordia

225 1947 362 2006 mm,
396 1915 464 1996 νει
508 1915 562 1996 in
620 1915 735 2012 ίρεθ
781 1915 917 1999 hom—
961 1959 1070 2015 qua
1116 1915 1229 2002 iam
1275 1946 1406 2002 clari
1447 1947 1576 2004 solis
1614 1950 1815 2005 mundo
1849 1915 1890 1974 Β
1918 1933 2225 2004 mea(Psal.
2252 1934 2899 2005 cxx.m,2),superexaltat
2910 1936 3176 2006 judicium
3201 1940 3502 1994 misericor-

225 2026 551 2086 imminebat
573 2031 898 2102 deliquium;
921 2036 1139 2105 quidam
1177 2037 1487 2092 theoretica:
1535 2037 1656 2093 vita:
1680 2053 1815 2108 pra;-

228 2123 473 2192 rogativa
531 2122 780 2193 insignis,
819 2125 872 2180 in
921 2127 1168 2185 oratione
1214 2128 1551 2184 contribulati
1600 2131 1814 2199 spiritus

225 2215 329 2278 sui,
359 2224 408 2268 et
435 2215 608 2270 cordis
633 2218 846 2272 contriti
889 2229 936 2273 et
962 2220 1229 2276 humiliati
1254 2221 1417 2293 (Itan.
1448 2238 1528 2288 ιιι,
1553 2223 1670 2294 40),
1699 2223 1810 2280 Deo

223 2304 447 2361 oﬂerret
491 2308 848 2378 sacriﬁcium;
897 2311 1373 2382 innumerabilem,
1407 2317 1562 2386 quasi
1593 2318 1660 2374 ad
1690 2333 1812 2374 am-

223 2396 469 2468 plissima
509 2407 566 2454 et
597 2408 747 2456 certa
777 2401 946 2472 spolia
991 2413 1376 2476 congregatum
1407 2406 1809 2464 immundorum

224 2490 537 2558 spirituum,
569 2491 759 2548 cellam
785 2508 940 2550 suam
968 2511 1178 2550 summa
1210 2511 1334 2552 cum
1356 2496 1639 2556 alacritate
1668 2514 1811 2570 prte-

227 2583 395 2639 terire
442 2586 724 2657 conspexit
773 2589 1093 2644 exercitum.
1125 2587 1238 2646 Nec
1283 2590 1338 2646 in
1394 2600 1541 2648 tanto
1591 2594 1808 2658 agmine

223 2689 400 2731 castra
420 2677 519 2733 Dei
545 2677 699 2751 (Gen.
729 2697 906 2746 xxsu,
924 2682 1007 2754 2).
1029 2682 1122 2738 sed
1133 2683 1455 2754 principatus
1469 2695 1517 2738 et
1531 2696 1806 2756 potestates

222 2775 361 2830 aeris
405 2775 566 2848 hujus
617 2776 754 2847 (Col.
786 2794 848 2844 ιι,
874 2778 968 2846 l5;
997 2779 1188 2850 Ephes.
1217 2795 1281 2845 ιι,
1302 2778 1358 2850 2)
1393 2795 1802 2850 recognoscens,

224 2858 442 2916 insolita
471 2863 698 2930 visione,
723 2872 780 2920 ut
807 2864 970 2922 homo
993 2881 1062 2921 ex
1085 2866 1416 2933 hominibus,
1434 2868 1610 2937 primo
1637 2884 1805 2938 expa-

221 2962 327 3025 vit;
359 2962 454 3017 sed
488 2962 634 3028 dein,
660 2973 891 3018 utextra
923 2963 1170 3021 homines
1199 2965 1383 3032 homo,
1411 2975 1682 3020 armatura
1707 2965 1802 3021 Dei

220 3063 465 3104 armatus
493 3047 706 3121 (Eplies.
749 3067 821 3116 vr,
856 3052 946 3116 11,
995 3052 1106 3120 15),
1137 3061 1438 3108 extremum
1492 3069 1803 3112 commean-

224 3141 354 3195 tium
385 3140 671 3211 imperiosa
714 3143 1037 3197 auctoritate
1081 3143 1341 3208 accitum,
1371 3158 1590 3199 causam
1637 3155 1802 3202 tantae

222 3233 583 3302 properantius
611 3232 853 3304 diligenti
903 3232 1252 3304 inquisitione
1306 3233 1689 3306 interrogavit;
1719 3246 1797 3303 et,
1827 3265 1868 3323 ο

220 3327 308 3381 ubi
337 3343 527 3384 verum
557 3331 626 3385 ab
650 3339 871 3386 auctore
904 3326 1082 3384 omnis
1105 3325 1370 3382 mendacii
1399 3328 1710 3400 exsculpsit,
1740 3340 1800 3387 ut

220 3418 419 3485 abiret,
448 3435 509 3475 ac
536 3421 723 3477 eodem
747 3422 942 3477 itinere
968 3422 1036 3475 ad
1070 3435 1151 3484 se,
1181 3419 1296 3474 sive
1336 3419 1552 3488 eﬂ'ecto,
1580 3439 1674 3479 seu
1719 3425 1800 3480 in-

221 3508 386 3574 fecto,
417 3526 526 3581 quo
575 3507 986 3584 properabatur,
1027 3509 1268 3581 negetio,
1300 3513 1501 3569 rediret
1524 3531 1540 3580 ;
1563 3515 1662 3570 sub
1692 3525 1800 3571 ter-

220 3600 364 3656 ribili
415 3602 584 3658 divini
633 3604 865 3660 nominis
917 3607 1282 3668 obtestatione
1332 3609 1636 3680 imperavit.
1686 3607 1797 3663 Nec

218 3708 392 3760 mora,
419 3692 512 3750 ille
535 3695 732 3766 paruit,
770 3705 829 3752 et

216 3846 326 3904 Par
353 3850 550 3907 leuibus
573 3851 754 3918 ventis,
769 3851 1021 3926 celerique
1052 3855 1352 3910 simillimus
1380 3869 1558 3910 somno
1583 3851 1793 3933 [Euro],

216 3963 526 4034 disparuit;
561 3973 618 4021 et
666 3965 722 4022 in
758 3963 912 4024 brevi
950 3982 1222 4034 reversus,
1261 3984 1369 4024 non
1413 3969 1551 4026 alius
1606 3973 1657 4028 in
1693 3973 1794 4028 ha-

216 4053 351 4120 bitu,
377 4053 431 4109 in
453 4055 690 4124 incessu,
715 4057 768 4112 in
798 4055 983 4129 putide
1013 4057 1182 4131 Stygii
1211 4058 1396 4116 [eloris
1421 4060 1608 4127 halitu,
1633 4077 1794 4132 quam

214 4160 342 4202 vere
382 4162 448 4206 ac
499 4147 616 4204 sine
655 4148 761 4204 ulla
807 4150 1150 4206 cunctatione
1195 4151 1348 4222 picea
1375 4152 1620 4210 obtectus
1666 4154 1796 4210 cali-

213 4291 372 4337 tatem
401 4293 553 4338 erant
597 4285 984 4340 annunttaturi.
1027 4283 1150 4342 Ideo
1176 4285 1380 4358 placuit
1414 4287 1628 4344 Christo
1669 4306 1791 4348 esse

213 4364 293 4407 ter
313 4365 619 4424 quaternos.

282 4423 562 4501 (_l’2‘8_)‘De
618 4425 784 4501 uicino
827 4437 1008 4501 petam
1060 4428 1371 4501 exemplum.
1418 4428 1620 4501 Nempe
1672 4432 1788 4501 ipso

213 4495 588 4571 Thiol'ridoﬂiu
621 4497 870 4554 humanis
912 4509 1126 4568 agente,
1152 4495 1395 4571 contigit.
1429 4501 1530 4554 Adi
1556 4495 1781 4557 ~Baron.

211 4582 356 4620 anno
393 4565 554 4620 1056.

1916 2025 2006 2079 dia
2035 2025 2243 2096 (Iacob.
2279 2043 2338 2089 ιι.
2377 2028 2490 2097 15),
2520 2037 2576 2082 et
2616 2029 2799 2084 nescio
2833 2045 2941 2100 quo
2969 2031 3500 2101 incomprehensibili

1915 2117 2109 2172 divinae
2139 2119 2363 2173 rationis
2389 2120 2570 2183 modo,
2596 2120 2675 2175 sic
2703 2120 2801 2175 sibi
2829 2121 3056 2176 invicem
3077 2123 3284 2177 obviant
3307 2127 3500 2181 veritas

1913 2217 1960 2262 et
2011 2209 2407 2275 misericordia,
2445 2210 2526 2266 sic
2579 2224 2638 2266 se
2697 2211 3001 2266 osculantur
3052 2231 3160 2283 pax
3209 2225 3256 2270 et
3296 2216 3498 2289 iustitia

1914 2300 2086 2372 (Psal.
2115 2317 2338 2369 Luxrv,
2372 2302 2483 2374 11),
2515 2315 2574 2358 ιιι
2610 2304 2726 2359 sine
2774 2305 3094 2374 mulatione,
3129 2309 3422 2374 mutabilis,
3446 2321 3501 2367 et

1909 2391 2223 2460 prazstabilis
2251 2393 2322 2446 sit
2369 2409 2526 2463 super
2562 2393 2820 2447 malitiam
2853 2393 3012 2465 (Joel.
3043 2413 3104 2462 ιι,
3140 2397 3226 2466 15)
3259 2409 3312 2452 et
3351 2415 3497 2455 sem-

1911 2495 2008 2550 per
2037 2480 2244 2538 laudari
2280 2483 2346 2538 de
2373 2483 2602 2554 justitia,
2631 2499 2903 2553 nunquam
2951 2486 3200 2558 redargui
3233 2492 3406 2558 p::ssit
3433 2493 3498 2545 de

1909 2568 2204 2637 injustitia.

1979 2662 2085 2718 Sed
2106 2663 2232 2733 quid
2263 2679 2350 2719 me

2129 2752 2515 2824 Infandum...
2537 2755 2694 2826 jubes
2721 2774 2968 2814 renovare
2996 2761 3283 2832 dolorem.,

1905 2844 2165 2916 quiquod

2047 2939 2266 2995 Animus
2304 2941 2598 2996 meminisse
2619 2943 2816 3009 horret,
2845 2943 3092 3017 luctuque
3119 2948 3329 3018 refugit,

1903 3038 2150 3085 retexere
2181 3031 2206 3085 ?
2239 3032 2367 3101 quid
2421 3047 2508 3088 me
2548 3049 2702 3103 super
2742 3035 2930 3090 vulnus
2966 3039 3196 3092 concidis
3230 3038 3493 3098 t-ulnere.’

1903 3119 2026 3190 (Job
2048 3137 2162 3186 va,
2193 3123 2280 3192 15)
2314 3123 2551 3180 Tartarei
2589 3143 2681 3182 nos
2704 3127 2918 3195 fratres,
2950 3129 3269 3186 horrendum
3316 3137 3492 3189 conci-

1903 3211 2031 3267 lium
2060 3212 2339 3286 (Vmctt..),
2384 3225 2547 3272 tanta:
2599 3216 2892 3286 majestatis
2939 3219 3037 3274 viri
3082 3225 3346 3292 auspicati
3387 3226 3489 3280 ob«

1901 3305 2057 3371 itum,
2111 3305 2370 3376 imperiali
2424 3309 2602 3364 edicto
2629 3310 2908 3364 monarchi
2945 3313 3139 3378 nostri,
3169 3327 3370 3370 αξιοι-ηε
3413 3315 3488 3373 si-

1901 3397 2062 3453 lentis
2113 3399 2261 3470 regni
2311 3400 2523 3456 silcntia
2585 3403 2918 3472 rumpentis,
2970 3413 3026 3459 et
3073 3407 3304 3462 terriﬁca
3355 3424 3486 3464 vace

1900 3487 2198 3546 intonanlis
2220 3507 2240 3546 :
2269 3488 2668 3562 Congregamini
2713 3503 2762 3548 et
2803 3505 3077 3564 properate
3106 3498 3185 3552 ad
3228 3502 3486 3556 devoran-

1899 3578 2026 3633 dum
2070 3581 2220 3634 illum
2266 3581 2481 3653 (Jerem.
2511 3599 2610 3650 xu,
2643 3582 2732 3656 9);
2767 3584 2921 3654 quasi
2969 3601 3180 3644 summe
3230 3607 3484 3647 necessa-

1898 3672 2038 3728 rium
2068 3673 2319 3730 inivimus
2349 3677 2654 3743 consilium,
2701 3693 2806 3749 quo
2835 3687 2994 3750 pacto
3022 3696 3146 3736 enim
3190 3696 3482 3744 conterere—

1897 3781 2013 3819 mus
2036 3767 2100 3820 de
2123 3775 2261 3820 terra
2296 3768 2608 3824 viventium.
2642 3768 2711 3825 Et
2749 3772 3054 3842 conglobati
3088 3776 3141 3830 in
3171 3792 3334 3832 unum
3366 3779 3480 3836 fere

1897 3871 2088 3912 omnes
2118 3859 2430 3913 umbrarum
2459 3861 2661 3916 domini
2697 3871 2752 3916 et
2779 3865 3076 3937 principes,
3111 3877 3166 3922 et
3192 3869 3340 3941 (152)
3373 3871 3480 3926 Co-

1896 3949 2024 4021 cytii
2053 3959 2229 4006 enatus
2253 3951 2566 4024 phalanges,
2604 3965 2734 4026 quot
2762 3969 3107 4026 peccatorum
3131 3975 3254 4018 sunt
3279 3979 3477 4036 genera

1896 4049 1951 4097 et
1980 4043 2221 4113 species;
2256 4052 2512 4114 tanquam
2541 4046 2608 4100 ad
2635 4047 2833 4117 opima,
2863 4059 2918 4104 et
2945 4053 3149 4108 nostris
3177 4069 3282 4110 non
3331 4057 3480 4112 inde-

1896 4133 2005 4190 bita
2058 4135 2237 4206 regnis
2289 4135 2458 4206 spolia
2491 4139 2920 4208 properavimus,
2967 4149 3022 4197 et
3063 4143 3156 4199 ubi
3201 4146 3270 4200 ad
3312 4147 3478 4203 desti«

1895 4269 2014 4347 ρει.
2053 4282 2155 4323 nec
2185 4269 2539 4347 dubitandum
2587 4272 2717 4342 quin
2762 4273 2926 4347 Deus,
2963 4276 3056 4347 qui
3097 4279 3278 4334 omnia
3314 4279 3466 4339 fecit.

1892 4341 1949 4393 in
1975 4355 2209 4420 numero,
2237 4339 2484 4420 pondere,
2503 4356 2550 4420 et
2577 4339 2820 4399 mensura
2853 4339 3019 4420 _(Sap.
3047 4364 3137 4420 ιιι,
3159 4349 3274 4420 21),
3301 4354 3471 4408 etiam

1893 4411 2078 4464 ordine
2130 4407 2344 4482 fecerit.
2397 4411 2549 4477 Quod
2598 4429 2729 4469 vero
2785 4407 2998 4482 subdit,
3058 4407 3324 4474 uoluntate
3364 4407 3474 4479 esse

1891 4491 2039 4534 extra
2070 4481 2328 4558 ordinem,
2361 4484 2490 4551 quid
2529 4486 2698 4554 magis
2722 4496 2916 4542 contra
2945 4481 3166 4545 omnem
3194 4493 3468 4558 ordinem,

1892 4552 2478 4632 quam-"recalcitrasse
2507 4552 2714 4632 auctori
2745 4573 2863 4632 suo,
2893 4569 2948 4613 et
2978 4563 3239 4632 sacrilega
3277 4552 3473 4619 volun;

284 4613 733 4712 ilvﬂﬁlillvenricus
757 4639 1036 4712 imperator
1061 4641 1278 4712 primus.
1304 4641 1566 4712 Baronius
1594 4658 1778 4697 secun-
1812 4613 1858 4668 D
2016 4621 2114 4712 fili
2139 4638 2349 4712 1³²Ψῇ¹ηῄ
2371 4638 2494 4712 βξξθ
2523 4626 2798 4712 “luisse?
2824 4613 3009 4712 [iaqué
3044 4648 3115 4712 φο
3142 4613 3341 4712 "remo
3377 4637 3471 4692 ἀθ-

207 4708 337 4784 dam
369 4705 516 4761 facit.
550 4707 655 4762 Sed
693 4705 912 4784 dittn'de
940 4725 997 4766 re
1021 4705 1247 4772 constet.
1282 4714 1428 4784 parvi
1456 4711 1642 4784 refert,
1670 4730 1778 4784 quo

207 4779 403 4832 ordine
435 4787 737 4833 censeatur.
785 4779 1050 4836 Caeterum
1089 4779 1293 4838 nobilis
1309 4783 1424 4837 haac
1453 4779 1702 4838 historia'
1724 4786 1777 4839 in

207 4849 482 4904 Chronico
501 4848 812 4906 Cassinensi
847 4853 972 4906 item
1001 4854 1341 4909 describitur.
1360 4853 1672 4910 Thiofridus
1700 4856 1780 4911 sic

205 4921 472 4995 denarrat
494 4930 553 4974 ut
582 4921 827 4976 videatur
849 4925 1118 4993 specimen
1151 4939 1390 4995 pramere
1416 4925 1648 4981 voluisse
1669 4941 1781 4981 suae

205 4991 259 5045 fa
268 4991 496 5045 cundite.

283 5060 432 5131 (150)
502 5059 1014 5136 νςαίιιδλαρρανιιῑι.
1073 5065 1319 5133 Scimus,
1384 5063 1626 5136 Vejovem
1674 5066 1779 5121 dici

204 5147 434 5195 numen,
491 5133 572 5186 vel
621 5133 800 5202 potius
846 5137 1308 5199 cacodteinonem,
1361 5133 1778 5191 ad'nocendum

203 5201 553 5279 mortalibus,
599 5201 881 5260 intentum.
912 5205 1065 5263 llunc
1096 5207 1302 5279 antiqui
1335 5208 1498 5262 etiam
1555 5207 1780 5262 Vedium

199 5274 482 5329 dicebant.

279 5344 428 5413 (151)
457 5341 746 5409 νοῖιιηιαιε,
771 5364 870 5402 non
889 5359 1078 5403 natura
1097 5358 1242 5402 extra
1265 5349 1518 5403 ordinem.
1537 5349 1782 5403 Amicum

201 5415 706 5488 Tltioft‘idoAludere
731 5420 780 5471 in
804 5421 1204 5481 commissione,
1233 5429 1288 5473 et
1317 5421 1468 5488 quasi
1500 5421 1782 5474 collisione

199 5501 425 5540 vocum.
480 5486 643 5554 Ergo,
691 5491 778 5543 hic
815 5490 1086 5553 dicturus,
1141 5505 1248 5558 quo
1295 5486 1490 5545 ordine
1537 5492 1781 5544 cacodae-

201 5572 336 5612 mon
362 5573 474 5611 rem
495 5569 700 5628 gestam
732 5569 1026 5628 narrasset,
1053 5575 1117 5616 ea
1155 5561 1460 5625 occasione,
1502 5562 1596 5623 ait,
1630 5561 1780 5615 illum

201 5643 332 5684 esse
351 5639 506 5684 extra
537 5631 812 5695 ordinem;
839 5647 902 5685 ac
929 5633 973 5686 si
1003 5633 1186 5687 dicat:
1213 5630 1571 5698 Quantumvis
1599 5641 1780 5695 extra,

201 5708 303 5752 aut
331 5700 498 5754 etiam
538 5710 726 5755 contra
766 5717 980 5757 omnem
1002 5703 1245 5758 ordinem
1276 5712 1379 5770 est,
1413 5703 1465 5756 in
1507 5703 1783 5756 narrando

202 5779 392 5824 tamen
461 5771 658 5827 bonum
717 5773 957 5827 ordinem
1032 5775 1222 5828 tenuit.
1283 5773 1432 5840 Quod
1487 5774 1605 5836 ait,
1657 5787 1780 5827 eum

202 5852 400 5914 natura
431 5856 535 5914 non
559 5857 670 5914 esse
701 5855 848 5896 extra
876 5844 1134 5907 ordinem,
1168 5842 1322 5899 facile
1362 5845 1436 5898 illi
1468 5846 1780 5914 persuadet,

199 5910 299 5981 qui
325 5911 538 5984 credit,
587 5913 869 5971 damnatos
909 5915 1027 5970 illos
1061 5915 1312 5984 spiritus,
1345 5910 1631 5973 creaturas
1660 5929 1782 5970 esse

1883 4692 2148 4773 turbatis,
2191 4694 2309 4773 ιιρἱ
2338 4694 2514 4773 nullus
2557 4699 2706 4764 ordo,
2753 4702 2844 4754 sed
2893 4692 3235 4773 sémpiternus
3282 4706 3474 4762 horror

1881 4763 2160 4837 inhabitat.
2180 4764 2320 4837 _(Job
2345 4781 2400 4831 χ,
2429 4766 2542 4837 2‘2).

1949 4833 2122 4917 (151ξ)
2173 4833 2394 4917 Boetius
2435 4833 2526 4917 D_c_i_
2555 4840 2924 4917 consolatione
2965 4843 3342 4917 Philosophiae,
3367 4848 3464 4906 lib.

1882 4919 1963 4981 ιιι,
1995 4915 2167 4981 metro
2188 4921 2266 4972 ix,
2297 4907 2426 4961 edit.
2459 4907 2654 4979 Migne,
2687 4926 2738 4981 p.
2777 4911 2915 4969 758:

1883 4974 1928 5054 ρ
1953 4975 2041 5044 qui
2065 4988 2314 5054 perpetua
2347 4974 2604 5034 mundu'm
2633 4974 2834 5054 ratione
2853 4983 3112 5054 gubernas

1885 5043 2168 5124 Terrarum
2199 5049 2410 5124 avique
2449 5061 2627 5114 sator,
2666 5052 2756 5123 qui
2789 5043 2988 5124 tempus
3033 5059 3097 5110 ab
3129 5075 3237 5113 meo

1883 5114 1972 5168 Ire
1997 5115 2177 5184 jubes,
2229 5114 2529 5190 stabilisque
2583 5114 2798 5177 manens
2856 5114 2952 5179 das
3008 5144 3196 5184 cuncta
3254 5135 3463 5187 moueri.

2347 5210 2354 5218 '
3187 5201 3394 5256 lEnI'r'l.

1955 5255 2104 5340 (152)
2134 5256 2226 5312 Tot
2243 5257 2630 5340 Cocytiicuetus
2655 5263 2960 5340 phalanges,
2983 5281 3105 5339 quot
3128 5202 3458 5340 pei'EZtlorilum

1884 5337 2004 5380 sunt
2033 5345 2222 5408 genera
2252 5340 2299 5384 et
2321 5331 2534 5408 species.
2560 5333 2674 5408 ‘Etsi
2707 5331 3177 5394 dubium-nulloin
3223 5351 3307 5394 est
3333 5357 3464 5408 quin

1884 5413 2072 5472 omnes
2120 5399 2414 5456 inlernales
2443 5404 2664 5472 spiritus
2694 5407 2760 5458 ad
2799 5409 2978 5462 omnia
3028 5411 3232 5465 scelera
3275 5399 3464 5464 omnes

1886 5469 2164 5541 impellant
2184 5487 2320 5541 quos
2349 5469 2590 5540 possunt,
2620 5487 2796 5530 tamen
2825 5489 2879 5532 et
2907 5481 3122 5534 aliunde
3149 5497 3217 5533 ex
3245 5495 3466 5534 eorum-

1884 5539 2127 5595 demmet
2156 5539 2496 5616 confessione
2543 5539 2640 5616 per
2687 5548 3021 5602 exorcismos
3068 5559 3300 5611 extorta,
3335 5565 3464 5606 con-

1886 5621 2011 5689 stat_
2036 5627 2176 5680 esse,
2221 5614 2312 5683 qui
2362 5629 2472 5689 pra:
2503 5614 2734 5689 caeteris,
2796 5617 2870 5689 ad,
2907 5618 3122 5689 aliquod
3150 5621 3363 5686 vitium,
3395 5635 3461 5674 es

1887 5681 2131 5751 professo
2167 5681 2253 5760 et;
2271 5686 2427 5760 quasi
2470 5687 2745 5760 peculiari
2771 5688 2876 5760 sibi
2918 5681 3045 5746 daio
3075 5693 3316 5760 negotio,
3349 5681 3460 5744 ἰιι--

1887 5763 2046 5821 geant
2073 5771 2100 5833 :_
2119 5763 2170 5808 et
2222 5754 2499 5833 Scriptura
2531 5774 2635 5833 non
2683 5756 2854 5824 siluit,
2885 5761 2953 5814 ab
2998 5754 3211 5833 impuro
3242 5761 3462 5833 potissi-

1889 5838 2034 5900 mum
2069 5825 2352 5900 daemonio
2387 5830 2701 5900 Asmodaeo,
2741 5840 2950 5900 septem
3000 5825 3256 5900 impuros
3290 5835 3458 5899 viros,

1891 5894 2038 5948 Sane
2065 5897 2312 5958 maritos.
2343 5898 2654 5955 interfectos
2679 5894 2870 5968 fuisse,
2901 5899 3035 5958 Tob.
3065 5894 3146 5972 ιίι,
3187 5902 3238 5959 8.
