3986 6448
556 414 667 475 355
1551 394 1897 455 TllfOFlilDl
1935 389 2228 450 ABBATIS
2264 388 2828 448 EFTERNACENSIS
3704 384 3790 445 356

566 540 755 585 natum
812 522 1187 583 examinanda:
1236 515 1556 590 peccatricis
1610 514 1807 569 animae
1856 511 2059 577 locum,
2092 510 2147 567 in
2175 527 2225 588 Α
2251 515 2318 571 de
2342 510 2790 583 Mersiburgensis
2837 509 3029 566 extulit
3061 509 3329 569 ecclesia:
3362 519 3423 569 et
3467 525 3591 568 cum
3620 511 3795 586 ingenio

569 629 813 688 tempore
839 594 1205 676 convenimus,
1239 610 1449 665 tabulas
1472 605 1662 662 aeterni
1710 602 1913 659 decreti
1955 610 2144 674 protu—
2252 605 2491 661 omnium
2515 612 2759 658 nostrum
2781 602 3139 659 admiratione
3166 612 3224 659 et
3252 603 3690 672 contradictione,
3715 624 3790 678 po-

570 710 827 774 limus,ac
855 706 986 761 duas
1006 712 1217 773 aequato
1233 700 1480 756 examine
1505 697 1692 751 lancos
1722 693 2138 764 suspendimus;
2246 696 2354 754 suit
2397 695 2451 751 in
2498 694 2779 761 trutinam,
2806 690 2961 765 cujus
2998 711 3031 750 ο
3064 710 3226 766 quam
3274 695 3565 764 horrendo,
3600 713 3631 753 ο
3657 714 3787 769 quam

565 812 621 856 ει
669 811 774 854 iam
823 797 1003 853 omnia
1054 811 1172 866 qua:
1206 796 1274 849 ab
1325 794 1456 865 ipsis
1502 792 1745 848 infantia:
1791 796 2142 865 crepundiis,
2245 790 2475 857 enormi,
2503 806 2538 846 ο
2566 806 2727 861 quam
2782 789 3021 847 infausto
3048 792 3288 861 pondere
3338 801 3538 847 nostra:
3568 796 3789 863 partionis

568 904 735 961 usque
767 890 819 944 in
871 889 1041 955 ipsius
1073 887 1277 942 ultimae
1319 887 1659 942 necessitatis
1685 889 1894 954 horam,
1920 890 2145 945 honesta
2245 881 2371 939 lanx
2396 891 2479 939 est
2504 887 2752 947 subruta.
2782 892 2836 938 el
2873 894 3054 939 tantus
3100 884 3254 940 bolus
3298 884 3478 941 Subito
3502 897 3700 956 ereptus
3723 902 3789 947 est

566 996 622 1036 et
646 981 754 1036 Deo
794 981 1219 1051 placita;quam
1268 978 1519 1033 universa
1541 994 1659 1048 qua:
1687 979 1770 1034 vel
1796 979 2002 1048 publice
2031 982 2148 1037 sine
2246 974 2404 1031 nobis
2450 974 2517 1030 de
2562 975 2829 1040 faucibus,
2870 976 3049 1045 opima
3093 975 3339 1047 profecto
3388 974 3515 1032 Orci
3563 979 3783 1045 victima,

565 1070 907 1140 poenitentia,
955 1069 1110 1139 quasi
1167 1067 1304 1123 alter
1348 1068 1489 1123 Deus
1535 1078 1723 1135 terrm,
1766 1069 1916 1140 regio
1965 1077 2149 1141 egerat
2251 1067 2385 1122 tanti
2422 1066 2682 1142 Romana:
2728 1067 3039 1138 reipublicae
3078 1068 3360 1125 monarchi
3400 1069 3599 1125 anima.
3637 1072 3693 1127 Et
3733 1090 3787 1128 ne

566 1164 733 1229 fastu,
765 1172 819 1217 et
846 1162 1086 1228 licentia,
1114 1161 1200 1215 vel
1223 1175 1344 1231 qua:
2247 1175 2335 1214 mc
2384 1169 2546 1230 caput
2579 1159 2755 1216 omnis
2804 1161 3092 1227 mendacii,
3127 1170 3233 1217 tuae
3285 1177 3506 1232 quoque
3550 1163 3787 1221 existimes

783 1290 799 1306 .
879 1293 893 1306 .
974 1292 988 1308 .
1067 1290 1084 1306 .
1162 1292 1176 1306 .
1255 1292 1269 1306 .
1298 1252 1440 1322 furto
1466 1252 1673 1308 la’tatus
1705 1251 1856 1306 inani
2249 1252 2522 1307 sanctitati
2564 1267 2660 1322 per
2712 1261 2906 1308 caetera
2940 1252 3180 1317 mentiri,
3209 1267 3308 1323 per
3352 1252 3654 1309 veredarios
3692 1265 3790 1314 tuos

716 1344 933 1401 Distulit
960 1345 1013 1399 in
1036 1361 1207 1399 seram
1236 1346 1511 1400 commissa
1533 1348 1744 1416 piacula
1766 1358 2007 1415 mortem,
2247 1343 2354 1399 hoc
2380 1344 2520 1398 idem
2544 1343 2707 1399 totius
2729 1343 2887 1415 stygii
2915 1343 3212 1406 exercitus,
3231 1340 3437 1412 judicio
3461 1342 3788 1412 maledictum,

571 1454 798 1495 summa:
825 1453 891 1492 ac
929 1438 1299 1493 subtilissimae
1346 1439 1700 1497 discussionis
1744 1441 2031 1499 libramine
2081 1441 2145 1498 li-

2249 1434 2344 1489 sed
2373 1433 2554 1487 divino
2583 1434 2839 1505 mysterio
2883 1431 3227 1489 benedictum
3258 1432 3473 1502 pondus
3500 1432 3583 1487 fac
3603 1433 3787 1504 inquiri,

571 1527 871 1583 bravimus.
922 1528 989 1582 Et
1021 1529 1145 1599 quia
1190 1529 1400 1599 pondus
1446 1529 1709 1586 bonorum
1758 1540 1973 1586 actuum
2013 1531 2150 1602 ejus,
2250 1536 2307 1582 et
2327 1527 2416 1583 ubi
2443 1537 2589 1583 certa
2621 1527 2723 1583 mei
2746 1525 3019 1582 inveneris
3050 1526 3204 1597 signa
3247 1524 3455 1584 indicii.
3494 1527 3692 1583 noveris
3721 1545 3791 1586 tua

573 1636 861 1690 appensum
885 1619 939 1674 in
968 1630 1160 1674 statera
1182 1621 1446 1674 inventum
1473 1634 1549 1676 est
1584 1623 1756 1679 minus
1783 1623 1943 1691 (Dan.
1971 1623 2149 1694 v,26),
2250 1619 2570 1675 obstrictum
2597 1633 2626 1672 a
2660 1626 2711 1672 te
2734 1618 3046 1689 juramento
3096 1615 3332 1681 Domini,
3363 1616 3513 1688 (133)
3542 1632 3638 1673 non
3666 1618 3789 1691 iungi

569 1708 814 1777 iudiciali
853 1710 1121 1764 sententia
1179 1710 1337 1765 nobis
1385 1711 1637 1767 traditum
1691 1712 1746 1767 in
1794 1713 2154 1770 damnationis
2251 1713 2371 1769 vice
2424 1710 2704 1782 aretalogi.
2735 1708 2870 1763 Nam
2918 1723 3042 1764 cum
3090 1722 3354 1778 suspensa
3409 1716 3604 1763 nostra:
3650 1711 3791 1779 partis

575 1812 776 1864 nostra:
829 1802 1170 1866 barathrum,
1197 1810 1257 1856 ut
1292 1812 1597 1858 consortem
1649 1811 1892 1858 nostrum
1947 1814 2155 1874 protra-
2254 1803 2409 1858 lance
2431 1801 2581 1872 quasi
2616 1801 2836 1857 omnino
2865 1814 3058 1867 vacua,
3108 1800 3296 1869 iniquo
3332 1800 3569 1871 pondere
3593 1815 3793 1872 praegra-

573 1892 829 1955 hendum,
852 1890 962 1962 jnri
995 1902 1181 1948 nostro
1213 1894 1655 1963 mancipatimus.
1688 1893 1795 1950 Sed
1824 1911 1944 1951 cum
1976 1897 2154 1951 exsul-
2181 1893 2229 1955 Β
2256 1903 2499 1960 varetur,
2529 1903 2585 1949 et
2611 1892 2968 1948 inclinaretur
3016 1907 3142 1963 pars
3171 1890 3365 1958 altera,
3396 1891 3594 1947 decidit
3623 1891 3701 1946 illa
3718 1907 3794 1948 ex-

576 1994 835 2049 taremus,
865 1986 998 2038 sicut
1018 1984 1282 2039 exsultant
1307 1984 1523 2040 victores
1548 1996 1697 2055 capta
1719 1987 1923 2057 prazda,
1943 1991 2152 2053 quando
2257 2003 2415 2044 cussa
2449 1988 2706 2043 damnosa
2739 1983 2905 2042 moles
2944 2000 3129 2050 aurea.
3160 1994 3216 2040 et
3243 1984 3345 2040 sub
3398 1983 3596 2054 ingenti
3643 1984 3793 2052 ruina,

570 2075 808 2129 dividunt
827 2075 993 2146 spolia
1021 2074 1157 2145 (Isa.
1188 2091 1268 2140 ix,
1299 2075 1378 2147 5),
1408 2076 1591 2145 etjam
1616 2078 1701 2131 via
1750 2093 1975 2150 scrupea
2025 2095 2151 2150 pro-
2254 2096 2508 2137 ansarum
2536 2078 2651 2149 ejus
2673 2079 3059 2151 operosissima
3084 2076 3320 2134 resoluta
3351 2087 3479 2133 sunt
3509 2077 3792 2143 retinacula,

570 2163 828 2232 scriptam
861 2164 1122 2231 animam,
1155 2179 1252 2235 per
1284 2167 1505 2221 tartarei
1560 2168 1854 2223 descensus
1904 2180 2153 2242 pegmata
2254 2184 2311 2231 et
2345 2182 2405 2229 ut
2434 2172 2487 2228 in
2514 2183 2772 2227 internum
2803 2179 2988 2226 nostra
3043 2177 3309 2226 testentur
3333 2169 3528 2241 litigia,
3557 2168 3689 2224 nulla
3716 2185 3796 2223 un-

576 2256 633 2312 in
685 2258 875 2313 mortis
920 2259 1264 2315 traheremus
1298 2260 1627 2325 diversoria;
1657 2278 1783 2318 ecce
1830 2263 1916 2319 ille
1951 2276 2155 2338 martyr
2254 2281 2417 2338 quam
2471 2274 2587 2321 arte
2617 2266 2853 2321 humana
2894 2262 3038 2318 nulla
3080 2271 3332 2334 poterunt
3370 2263 3645 2319 resolidari
3696 2278 3797 2317 ma-

574 2349 818 2417 adustus,
858 2350 947 2406 ille
979 2352 1341 2423 triumphator
1380 2355 1648 2425 egregius,
1676 2357 1767 2413 ille
1786 2357 1852 2413 de
1888 2358 2151 2445 gloripsa,
2255 2359 2412 2413 teria.
2467 2356 2579 2414 Hac
2631 2356 2719 2412 ubi
2753 2355 3000 2411 veritatis
3045 2364 3261 2411 extorta
3316 2353 3662 2426 professione,
3712 2369 3794 2407 au-

566 2450 632 2494 ~et
679 2442 934 2497 continua
973 2442 1026 2497 in
1064 2459 1164 2500 nos
1215 2444 1419 2511 laurea,
1473 2448 1719 2504 ominoso
1773 2451 1930 2506 nobis
1982 2442 2155 2506 dictus
2257 2455 2376 2502 ctor
2436 2446 2644 2503 menda:
2691 2444 2916 2501 zabulus
2968 2446 3186 2500 tandem
3248 2445 3568 2510 absolutus,
3609 2445 3801 2499 evanuit

569 2532 794 2587 nomine
840 2531 1181 2599 Laurentius,
1217 2551 1454 2606 egressus
1492 2539 1547 2591 in
1584 2539 1806 2595 salutem
1842 2542 2154 2612 temporalis
2255 2550 2317 2594 ut
2371 2539 2595 2606 fumus;
2640 2539 2865 2594 eremita
2921 2538 3299 2593 archisterium
3342 2537 3517 2593 sancti
3558 2536 3799 2607 Spiritus,

566 2627 776 2685 Christi
808 2630 995 2697 vestri,
1027 2647 1144 2685 cum
1169 2633 1500 2703 sempiterno
1538 2633 1745 2691 Christo
1790 2653 1886 2691 suo
1919 2638 2156 2693 accurrit
2256 2648 2355 2703 pro
2383 2633 2662 2703 ereptione
2716 2639 2878 2686 tanta:
2919 2645 2983 2685 ac
3031 2639 3138 2685 tam
3182 2645 3461 2700 generosae
3496 2631 3679 2684 anima:
3722 2645 3800 2685 cx-

573 2731 632 2774 ut
665 2722 815 2776 turbo
858 2723 927 2775 ad
957 2722 1357 2794 dispergendum
1396 2741 1527 2791 nos;
1559 2738 1607 2781 et
1650 2739 1917 2798 percutere
1971 2731 2157 2786 volens
2257 2723 2522 2779 bilaratus
2551 2767 2565 2791 ,
2621 2724 2675 2778 in
2744 2722 3158 2778 admirationem
3222 2721 3647 2793 inexcogitabilis
3674 2761 3689 2784 ,
3735 2721 3802 2774 in-

568 2822 731 2882 caput
757 2814 822 2868 de
856 2815 1010 2869 domo
1060 2816 1222 2886 impii,
1267 2817 1539 2873 maledixit
1592 2837 1697 2874 non
1745 2822 1898 2876 modo
1941 2823 2155 2892 sceptris
2257 2816 2759 2887 comprehensibilis
2789 2815 2983 2870 divinae
3022 2815 3387 2870 miserationis
3422 2817 3476 2870 in
3530 2813 3803 2882 mentisju-

568 2904 710 2974 ejus,
738 2905 830 2959 sed
855 2907 1010 2961 etiam
1036 2907 1193 2977 capiti
1216 2907 1522 2963 bellatorum
1541 2910 1674 2981 ejus,
1697 2920 1752 2966 et
1779 2925 1848 2967 ne
1874 2913 2155 2968 exsultatio
2256 2905 2367 2961 hilo
2396 2905 2659 2977 psallebat
2682 2904 2908 2959 Domino
2926 2946 2941 2971 ,
2975 2906 3220 2976 quoniam
3264 2906 3458 2971 bonus,
3502 2906 3729 2978 quoniam
3759 2906 3803 2956 iu

570 3007 760 3051 nostra
787 3007 934 3053 esset
962 2999 1099 3052 sicut
1140 3000 1255 3070 ejus
1282 3002 1370 3071 qui
1395 3002 1608 3057 devorat
1638 3021 1918 3075 pauperem
1946 3006 2000 3059 in
2039 3006 2144 3061 abst

2259 2996 2508 3051 arculam
2557 2997 2916 3050 misericordia
2964 2997 3078 3067 ejus
3108 2997 3129 3067 (
3155 2996 3301 3051 Psal.
3347 3013 3558 3062 cxxxv,
3590 2998 3614 3051 l
3654 2996 3804 3068 seqq.)

569 3090 784 3143 condito
817 3089 1045 3162 (Habac.
1088 3107 1173 3157 nt,
1222 3093 1309 3158 15,
1343 3094 1453 3164 id),
1485 3096 1722 3151 terrifico
1770 3097 2007 3154 clamore
2042 3099 2156 3155 cla-
2258 3089 2369 3145 Nec
2420 3103 2593 3153 mora,
2620 3089 2787 3144 missa
2836 3089 3137 3161 Mersibnrg
3169 3090 3459 3162 legatione,
3502 3091 3692 3145 donum
3738 3104 3805 3143 res

573 3182 745 3235 niavit
786 3190 907 3252 post
953 3192 1158 3253 tergum
1204 3185 1671 3256 triumphantium,
1701 3199 1757 3245 et
1800 3191 1973 3246 instar
2025 3192 2147 3247 allo-

2261 3180 2349 3251 gia
2397 3179 2774 3251 dignissimum
2829 3179 3197 3235 muniﬁcentia
3259 3180 3485 3237 calicem
3547 3182 3804 3243 videlicet,

570 3247 858 3343 phylortim
881 3275 933 3329 in
959 3247 1118 3347 typici
1142 3247 1420 3335 Samsonis
1446 3247 1757 3351 captivitate
1775 3283 2159 3340 exsultantium
2186 3247 2232 3308 Ο
2264 3290 2397 3332 auro
2425 3287 2479 3332 et
2523 3276 2953 3347 requisitissimis
2983 3279 3211 3349 gemmis
3252 3278 3400 3352 (154)
3451 3281 3807 3337 subtilissime-

569 3365 775 3435 (Judic.
800 3384 887 3423 xvr
909 3410 925 3434 ,
959 3370 1030 3424 23
1062 3373 1250 3443 seqq.),
1273 3374 1444 3429 redite
1468 3377 1911 3446 praevaricatores
1934 3376 2162 3448 iustitiae
2264 3382 2369 3437 (ιυε
2392 3365 2623 3421 πείθοῖο
2648 3365 2957 3436 Ρτῖεθιυθων
2983 3378 3039 3423 ει
3074 3370 3546 3439 Ρτειίοδίεείηιυιη»
3589 3373 3642 3427 in
3670 3373 3808 3427 don"

572 3458 923 3528 adjndicinm
954 3458 1523 3534 (Ιεα,ιι,γι,8),ριιίά
1578 3467 2005 3538 ίςίιυινίιῃροιθδ
2030 3484 2160 3540 pos-
2265 3458 2345 3512 ria
2398 3457 2829 3513 victoriosissimi
2894 3460 3165 3530 martyris,
3210 3460 3526 3530 Laurentii,
3582 3464 3805 3534 religiosa

572 3564 755 3604 scmus
783 3565 964 3621 agere,
991 3567 1099 3622 quo
1126 3562 1323 3607 conatu
1351 3569 1458 3624 quo
1497 3570 1632 3611 ausu
1670 3557 1743 3623 ei,
1772 3574 1802 3611 a
1846 3573 1955 3628 quo
2002 3560 2146 3616 toties

2258 3547 2372 3618 jam
2403 3548 2530 3603 dicti
2561 3547 2820 3618 principis
2848 3547 3135 3605 devotione
3177 3565 3578 3620 consecratum,
3631 3556 3808 3623 irrepa-

573 3644 705 3698 victi
735 3646 893 3700 toties
920 3646 987 3700 ab
1011 3646 1247 3702 obsessis
1275 3651 1592 3720 corporibus
1639 3668 1826 3708 sumus
1850 3653 2028 3721 ejecti,
2060 3670 2160 3709 au-
2263 3638 2418 3693 Fabi“
2461 3642 2724 3710 comperit
2768 3642 2945 3705 “limo
2975 3642 3122 3697 θηείε
3168 3644 3443 3710 “minus,
3488 3646 3807 3710 ηιίηοτίιιηιηι

577 3736 828 3792 deremus
872 3738 1553 3799 resistere?lntolerabilis
1605 3746 1821 3814 quidem
1871 3747 2025 3802 nobis
2073 3765 2162 3806 res
2262 3739 2317 3787 ει
2358 3741 2468 3786 "'m
2514 3733 2726 3787 dem‘m‘
2777 3733 3070 3788 revelatum
3115 3731 3215 3789 Sibi
3265 3738 3646 3807 comi)elldiosa
3679 3753 3808 3809 Slm‘

575 3826 692 3882 visa
732 3837 834 3893 est,
870 3830 1012 3899 quod
1057 3846 1162 3885 non
1209 3831 1424 3889 licuerit
1468 3836 1791 3907 principibus
1816 3838 1953 3893 aeris
2002 3840 2149 3911 hujut

2262 3825 2451 3898 mystis
2476 3827 2787 3881 narratione
2822 3829 3010 3896 pandit
3035 3844 3330 3911 arcanum,
3367 3830 3515 3902 (135)
3545 3832 3808 3885 utillimum

579 3917 797 3991 (Ephes.
840 3936 897 3985 ιι,
941 3923 1009 3993 2)
1045 3924 1210 3979 semel
1258 3924 1404 3994 juste
1456 3927 1678 3982 deﬁnita
1735 3930 1811 3985 uti
1859 3933 2158 4000 sententia,
2261 3919 2502 3989 Ρτοίθεῑο
2530 3921 2584 3974 in
2608 3934 2767 3975 omne
2793 3935 3023 3990 δείιιιθιιε
3048 3936 3241 3986 mum»
3272 3922 3527 3978 omnibus
3551 3922 3813 3993 ευὶυδεηη·

575 4009 722 4078 quod
752 4026 902 4066 nova:
933 4011 1067 4083 legis
1099 4016 1456 4086 rogationem,
1510 4032 1675 4087 quam
1726 4035 1827 4074 nec
1879 4022 2160 4077 smcularia
2262 4027 2368 4082 que
2395 4012 2674 4082 dignitatis
2721 4020 2776 4065 et
2819 4013 3142 4070 conditionis
3187 4014 3469 4082 divitibus,
3520 4015 3809 4077 salutiferae.

575 4100 796 4172 quidem
832 4104 1123 4161 admittunt
1145 4106 1380 4177 judicia,
1418 4109 1678 4166 Tartarea
1721 4124 2045 4186 cogerentur
2072 4132 2149 4172 su-

2263 4118 2328 4158 ac
2380 4102 2489 4157 Deo
2542 4104 2753 4172 placitae
2803 4103 3143 4161 liberalitatis
3190 4107 3521 4179 exemplum.
3584 4109 3639 4165 Si
3687 4110 3808 4165 enim

578 4194 788 4263 scipere
809 4196 1184 4253 conciliabula.
1214 4198 1347 4267 Quis
1391 4202 1536 4257 enim
1588 4204 1655 4258 de
1709 4221 1812 4260 una
1859 4208 2152 4278 eademque

2264 4196 2412 4266 (156)
2443 4196 2540 4251 sub
2563 4199 2678 4251 auri
2704 4197 2905 4265 colore,
2946 4199 3115 4255 lutum
3150 4201 3329 4268 datur,
3374 4214 3428 4257 et
3453 4206 3811 4273 pretiosissima

580 4300 639 4339 re
677 4286 845 4341 semel
870 4288 1053 4343 subtili
1091 4291 1343 4347 examine
1393 4293 1656 4361 discussa,
1686 4304 1741 4351 et
1784 4297 2027 4368 judicum
2077 4317 2154 4355 ar-

2262 4288 2574 4358 margarita,
2609 4288 2676 4344 de
2710 4290 3024 4346 ccelestibus
3083 4295 3312 4348 oriunda
3363 4295 3571 4361 anima,
3618 4297 3678 4350 de
3717 4298 3814 4365 ipso

513 4430 517 4434 ,
575 4376 787 4445 bitrio,
816 4387 871 4432 et
912 4382 1184 4435 communi
1231 4383 1473 4438 omnium
1529 4403 1792 4443 consensu
1849 4392 2087 4446 terminm

2262 4378 2381 4434 lacu
2435 4381 2726 4436 novissimo
2773 4382 3016 4448 miserita,
3061 4394 3108 4437 et
3148 4384 3213 4438 de
3240 4385 3352 4440 luto
3394 4386 3543 4456 [tectis
3576 4386 3813 4443 liberatur

578 4469 685 4524 duo
714 4485 819 4525 non
848 4472 1051 4542 absque
1078 4472 1271 4541 injuria
1324 4477 1536 4547 cogitur
1560 4480 1742 4536 subire
1774 4481 1976 4548 judicia
2006 4486 2029 4538 ?
2053 4484 2152 4542 Sed

2263 4469 2435 4541 (Psal.
2473 4490 2663 4537 xxxix,
2691 4475 2774 4547 5);
2826 4479 2948 4546 quis
2977 4475 3257 4534 fallacibus
3286 4490 3342 4535 et
3389 4479 3673 4551 fugacibus
3699 4481 3815 4536 divi-

578 4574 698 4622 nos,
732 4560 1018 4627 nollemus,
1043 4563 1321 4628 vellemus,
1348 4577 1535 4621 contra
1566 4568 1647 4622 fas
1668 4580 1721 4624 et
1741 4571 1851 4640 jus,
1878 4588 2152 4631 emensum

2264 4561 2353 4615 tiis
2397 4562 2475 4616 sic
2520 4564 2719 4619 misere
2759 4564 3030 4632 abutatur,
3062 4576 3120 4622 ut
3146 4584 3250 4624 non
3287 4572 3511 4643 prodige
3544 4574 3598 4628 in
3636 4572 3813 4628 cultum

579 4652 927 4707 remetientes
955 4652 1075 4717 iter,
1103 4655 1192 4708 ubi
1219 4657 1463 4711 sederunt
1500 4659 1645 4714 sedes
1676 4661 1729 4715 in
1754 4662 1960 4731 judicio
1984 4663 2157 4734 (Psal.
2189 4652 2219 4656 ⁷
2265 4661 2319 4709 ει
2339 4664 2591 4708 ominum
2623 4655 2713 4709 Dei
2742 4670 2805 4711 ac
2833 4668 3145 4713 sanctorum
3176 4662 3313 4731 ejus,
3341 4677 3435 4718 eas
3461 4661 3814 4736 expendendo.

577 4756 724 4809 cm,
756 4742 812 4810 5)
864 4743 1238 4812 convenin‘ius,
1268 4754 1324 4799 et
1371 4763 1495 4802 cum
1542 4750 1908 4820 aequissimam
1962 4767 2151 4815 nostra

2264 4745 2379 4815 ipse
2407 4756 2804 4814 ornamentum,
2834 4758 2888 4803 et
2913 4766 3105 4805 corona
3131 4752 3314 4821 gloria:
3337 4755 3393 4807 in
3424 4771 3590 4810 manu
3621 4754 3813 4810 Domini

580 4833 750 4899 partis
779 4847 1020 4895 causam,
1052 4849 1147 4903 per
1194 4850 1386 4892 omnes
1435 4842 1809 4910 argutissimas
1837 4850 2154 4916 propositio-

2264 4836 2398 4906 (lsa.
2428 4852 2559 4903 Lxu,
2586 4838 2666 4909 5),
2696 4841 2809 4910 ipse
2835 4843 3256 4910 pretiosissimus
3287 4846 3428 4912 fieri,
3474 4847 3817 4919 pervilissima

580 4938 706 4973 num
753 4923 1024 4992 struphas,
1054 4939 1150 4993 per
1190 4928 1369 4982 omnia
1422 4931 1696 4987 rhetorum
1735 4937 2155 5009 enthymemata;
2262 4927 2497 4981 θιιίίίίιυτ

578 5027 675 5080 per
704 5015 880 5067 omnia
904 5029 1215 5087 argumenta
1248 5024 1562 5092 sophistica,
1589 5030 1815 5085 suminis
1858 5033 2160 5090 niteremur
2265 5066 2309 5132 Ο
2386 5067 2420 5121 d
2605 5071 2622 5123 ι
2789 5003 3190 5085 .CAPITLLUM
3235 5006 3315 5062 Vl-

578 5117 821 5152 asserere
850 5110 1160 5152 cnnnlilmc'
1207 5112 1295 5152 illa
1326 5115 1626 5152 imnanincm
1657 5124 1989 5152 m..-.nn..:m.:-
2016 5144 2133 5152 ....._.
2316 5083 2382 5121 uo
2464 5087 2600 5150 Prmc
2626 5089 2721 5125 ara
2755 5083 2844 5146 su,
2867 5087 3167 5152 “ludorum
3219 5089 3527 5148 paupertas,
3573 5097 3692 5152 qua
3722 5087 3820 5149 p0“

3510 5120 3527 5146 9

577 5117 821 5159 asserere
850 5121 879 5160 c
1017 5110 1026 5120 .
1147 5129 1160 5141 υ
1208 5114 1217 5124 .
1326 5115 1337 5125 .
1502 5119 1512 5128 .
1850 5124 1859 5135 ,
1950 5127 1960 5136 ,
2267 5110 2417 5132 κερ-ν..
2464 5110 2721 5131 μιιινηυι.
2755 5110 3167 5146 σιυΔοιιιιινιυΙιιΙη
3219 5110 3527 5148 μυιιμωιιω,
3573 5110 3690 5152 quis
3722 5110 3818 5149 νυοι

884 5112 1160 5177 οηθιιυιιε,
1206 5112 1295 5168 Ille
1324 5131 1626 5186 "IIPBI‘IOSJE
1655 5132 1993 5180 auctoritatis
2014 5144 2159 5184 tuar-
2330 5141 2502 5192 carnis
2542 5156 2777 5207 mortem,
2824 5146 2938 5198 ειειὶ
2978 5157 3026 5199 et
3065 5157 3219 5202 terra:
3257 5160 3486 5204 meretur
3526 5153 3752 5207 divitias.
3779 5158 3819 5202 et

580 5203 683 5263 tyr,
718 5211 808 5251 vas
839 5201 1103 5266 quoddam
1137 5220 1358 5262 aureum
1409 5212 1743 5272 admirandis
1798 5222 1987 5293 figuris
2019 5242 2154 5297 opus

2327 5225 2489 5276 quare
2518 5213 2743 5267 habeant
2765 5192 2971 5268 vciboria
2997 5230 3044 5269 et
3083 5220 3412 5286 pyramidas.
3738 5192 3751 5215 ’

578 5294 844 5356 incusum,
873 5301 927 5347 ct
948 5294 1066 5349 miri
1105 5300 1264 5367 pretii
1300 5311 1353 5356 et
1385 5305 1600 5361 artiﬁcii
1637 5311 1783 5365 ansis
1807 5294 2147 5384 decusatum,

2332 5299 2437 5355 Sed
2460 5317 2493 5357 ο
2536 5320 2695 5374 quam
2741 5305 2947 5374 felices,
2985 5324 3215 5379 quorum
3250 5312 3457 5368 deliciae
3490 5312 3819 5369 saecularibus

646 5423 1138 5521 .(Aiéaihlyanul‘angi
1174 5437 1279 5521 vice
1319 5443 1589 5521 aretalogi.
1625 5445 1716 5501 Sic
1753 5460 2013 5505 vocantur
2041 5453 2152 5506 cir-

2262 5509 2284 5521 ,
2312 5436 2475 5521 ,(1⁵5)
2525 5436 2839 5521 viil/imum.
2882 5443 2998 5501 Non
3035 5446 3293 5521 abhorret
3320 5449 3389 5504 ab
3426 5450 3649 5521 ingenio
3677 5448 3821 5503 Thio-

572 5497 907 5588 cpr‘nlforanei
951 5497 1023 5556 illi
1077 5497 1385 5588 litigatores,
1434 5497 1545 5588 qui"
1580 5497 2146 5588 ‘pér’gmiégl'diiiiéi's,

2259 5497 2551 5588 huc
2601 5514 2847 5581 posuisse
2895 5531 2993 5584 pro
3022 5518 3381 5584 utilissimum,
3426 5497 3564 5576 sirint
3616 5521 3817 5581 dicitur,

571 5567 970 5658 etmadlibitum
1003 5567 1286 5645 confictas,
1318 5567 1521 5652 popu'loi
1545 5567 1613 5641 inr
1640 5567 2145 5658 publicis

1010 5567 1286 5645 conﬁctas,
1318 5567 1613 5652 popu'loiinr
2255 5579 2584 5658 facillimum.

572 5637 860 5730 exilliiiept‘.‘
1076 5718 1089 5730 ο
1273 5637 1283 5645 ’
1318 5637 1333 5652 ’
1390 5637 1445 5730 ἶ*
1640 5637 1866 5658 rivum
1918 5637 2144 5649 "mm",
2255 5637 2267 5649 ’
2328 5651 2472 5718 (156)
2506 5651 2768 5730 Sub__auri
2806 5657 2977 5712 colore
3007 5657 3171 5712 lutum
3209 5660 3389 5715 datur.
3421 5662 3612 5726 Nemo,
3643 5662 3819 5729 inquit.

644 5707 791 5796 μω)
821 5712 1273 5783 Subtilissimoque
1304 5723 1529 5789 argi/icio
1562 5731 1862 5796 ριιιρειηεηι,
1898 5731 2149 5788 vocab"-
2255 5707 2509 5796 magnum
2569 5726 2768 5793 aliquid
2809 5707 2879 5781 se
2933 5731 3060 5784 dare
3107 5707 3437 5796 existimet,-
3462 5707 3612 5787 Eii]?
3644 5707 3820 5788 uniuni

573 5773 920 5898 :ztgrlparum
975 5773 1289 5906 ilisnrpai'nm
1344 5773 1522 5862 μαἐυίι
2256 5773 2376 5856 ἀειιῖ
2409 5809 2529 5847 nam
2555 5773 2745 5851 aurium
2779 5807 2893 5866 est,
2921 5809 3126 5857 mutato
3157 5801 3359 5867 colore,
3387 5773 3587 5859 intum.

676 5864 689 5897 ι
714 5865 817 5916 em,
838 5870 978 5923 ιη·αέ
1003 5874 1173 5911 arma.

777 5871 817 5916 ε,
838 5871 1173 5916 pra'cmrmu.
