4034 6364
1787 279 1846 296 ,δ-

239 410 360 469 357

1133 409 1404 468 FLORES
1443 409 1784 468 EPITAPHII
1821 411 2262 472 SANCTORUM.
2302 447 2374 459 -
2410 416 2539 476 LIB.
2573 417 2636 475 ll.

3419 429 3523 488 558

242 526 462 588 deliciis
516 525 862 584 omnifariam
921 525 1211 582 contraria:
1235 566 1252 592 ,
1308 525 1486 580 inedia
1537 525 1783 596 profecto
1811 567 1826 594 ,
1857 532 1902 590 Λ
1932 523 2095 598 (Gen.
2125 543 2202 598 vr,
2251 528 2372 604 16),
2428 532 2646 604 quando
2667 531 2774 590 erit
2808 532 2951 590 Deus
2977 533 3033 590 in
3060 535 3311 596 omnibus
3337 555 3521 598 omnia

241 622 470 695 vigiliae,
510 621 726 674 nuditas
754 635 819 675 ac
869 617 1121 690 lacrymte
1149 625 1201 673 et
1228 630 1390 672 exesa
1414 615 1635 686 jejuniis
1660 633 1832 674 mem-

245 716 349 772 bra
377 716 430 770 in
473 712 613 768 nuda
644 713 805 767 humo
847 711 1126 777 collidere,
1167 718 1224 765 et
1269 708 1512 779 corporis
1541 709 1832 776 inimicari,

241 807 401 872 otio,
455 820 519 859 ac
565 803 834 870 lascivire;
878 812 1023 857 tanta
1093 811 1577 872 recompensantur
1634 803 1833 859 talione

244 901 447 954 divinae
492 897 700 969 gratiae,
733 906 791 950 ut
833 896 885 951 in
916 910 1105 951 eorum
1151 895 1331 966 exigui
1369 891 1611 963 pulveris
1655 895 1833 964 operi-

246 1002 495 1047 mentum
547 1006 611 1045 ac
670 999 920 1044 ornatum
974 979 1381 1058 pretiosissima:
1433 990 1599 1044 totius
1647 987 1830 1043 mundi

244 1084 626 1154 expendantur
649 1081 876 1148 divitia};
907 1091 966 1136 ut.
996 1095 1226 1151 quorum
1257 1080 1539 1150 spiritibus
1568 1082 1621 1135 in
1653 1081 1832 1136 carnis

241 1175 527 1244 ergastulo
571 1175 786 1230 mortali
813 1174 1126 1231 conditione
1170 1171 1569 1238 exsulantibus,
1598 1173 1834 1228 maxime

248 1265 546 1332 viluerant,
594 1280 782 1320 eorum
833 1263 1106 1319 cineribus
1145 1271 1268 1333 post
1314 1263 1508 1316 exitum
1555 1261 1726 1316 Israel
1769 1261 1834 1315 de

247 1358 488 1428 Egypto
536 1355 710 1428 (Psal.
740 1371 890 1419 exul,
924 1356 998 1426 1),
1049 1355 1115 1410 de
1168 1355 1384 1424 fornace
1435 1355 1605 1424 ferrea
1653 1354 1832 1425 (Deut.

246 1465 326 1509 tv,
355 1449 474 1518 9.0),
503 1431 892 1504 ofﬁciosissime
921 1445 1180 1501 serviant.
1211 1443 1255 1500 Ο
1281 1453 1483 1515 quanta
1519 1445 1833 1500 voluntarize

245 1539 738 1596 abrenuntiationis
781 1539 963 1594 mundi
1015 1536 1486 1606 recompensatio!
1538 1551 1571 1590 o
1631 1546 1831 1607 quanta

242 1647 434 1688 rerum
457 1633 770 1688 vicissitudo
795 1633 808 1687 Ξ
835 1647 867 1686 o
884 1629 1025 1700 quali
1050 1638 1105 1684 et
1128 1637 1331 1699 quanto
1354 1628 1588 1682 humana
1612 1628 1828 1692 divinis,

249 1734 470 1780 terrena
499 1725 826 1790 coelestibus,
861 1726 1120 1781 vilissima
1148 1725 1563 1796 pretiosissimis
1586 1740 1830 1779 commu-

244 1825 444 1872 tantur
485 1819 852 1874 commercio!
898 1818 942 1873 Ο
997 1834 1156 1888 quam
1203 1817 1463 1888 praeclara
1505 1824 1824 1886 paupertas,

1936 615 2001 688 (I
2031 616 2154 674 Cor.
2184 635 2274 686 xv,
2330 621 2456 695 28),
2492 639 2745 695 suprema
2785 643 3081 702 occupasse
3119 647 3183 688 ac
3218 633 3525 702 possedisse

1933 712 2239 768 coanacula.
2289 713 2394 770 Sed
2424 725 2478 772 et
2513 717 2616 772 hoc
2641 735 2854 791 quoque
2897 726 3263 794 perl’ectorum
3295 726 3522 796 mystice

1933 803 2178 876 congruit
2219 806 2445 874 meritis,
2479 813 2622 879 quod
2659 811 2714 864 in
2743 813 3125 882 arithmeticis,
3169 818 3311 872 sicut
3349 819 3520 872 trian-

1933 897 2088 967 gulus
2136 900 2344 968 primus
2383 912 2466 958 est
2517 919 2776 960 numerus
2807 906 2861 962 in
2900 909 3103 979 planis,
3135 911 3215 968 sic
3246 912 3299 967 in
3333 913 3522 968 solidis

1933 987 2121 1057 ﬁguris
2147 988 2474 1061 principium
2505 993 2890 1064 profunditatis
2919 1009 3000 1054 est
3033 1002 3290 1071 pyramis,
3321 1010 3375 1056 et
3398 1018 3523 1072 pro-

1933 1079 2226 1147 gressionis
2267 1081 2425 1140 initio
2479 1097 2694 1157 sumpto
2739 1104 2770 1144 a
2813 1090 3042 1161 trigonis
3074 1092 3143 1148 ab
3169 1093 3422 1149 omnibus
3463 1093 3520 1149 in

1934 1171 2100 1229 altum
2126 1177 2470 1247 progreditur
2497 1181 2762 1251 epipedis,
2792 1192 2847 1238 et
2875 1183 3004 1239 solis
3030 1199 3126 1254 per
3150 1184 3317 1240 latera
3348 1187 3522 1242 conti-

1933 1277 2130 1320 nentur
2172 1267 2477 1339 triangulis.
2524 1272 2582 1326 ln
2634 1275 2978 1344 sempiterna
3008 1276 3206 1346 quippe
3238 1276 3520 1332 Trinitatis

1933 1354 2038 1410 fide
2090 1356 2380 1424 insolubili,
2414 1370 2468 1415 et
2498 1363 2670 1432 prima
2697 1363 2836 1430 basi,
2867 1365 3023 1422 electi
3070 1367 3165 1422 Dei
3208 1366 3433 1432 fundati,
3465 1379 3521 1425 et

1931 1447 2365 1516 supersedilicati,
2394 1466 2458 1506 ex
2493 1453 2783 1511 virtutibus
2818 1457 3172 1523 multimodis,
3195 1458 3433 1528 politicis
3462 1468 3520 1514 et

1931 1539 2278 1608 purgatoriis,
2338 1556 2404 1596 ac
2432 1544 2644 1614 purgati
2667 1543 2780 1613 jam
2804 1557 2859 1601 et
2894 1545 3138 1602 deftecati
3167 1548 3352 1614 animi,
3383 1563 3519 1618 quas

1930 1644 1998 1684 ex
2035 1638 2116 1684 tot
2144 1629 2331 1687 formis
2353 1633 2742 1707 multiangulis,
2763 1639 3067 1693 secundum
3095 1637 3370 1695 theorema
3395 1657 3520 1712 per-

1932 1713 2090 1777 fecta:
2117 1738 2182 1779 ac
2205 1724 2257 1778 in
2289 1724 2498 1780 altioris
2543 1743 2768 1783 summa!
2793 1729 2965 1799 spatia
2993 1739 3259 1800 provectae
3283 1731 3520 1801 pyrami-

1933 1812 2036 1878 dis,
2069 1825 2390 1874 excrescunt
2417 1825 2471 1872 et
2495 1818 2902 1873 consolidantur
2921 1819 2987 1874 ad
3014 1821 3222 1890 apicem
3247 1821 3514 1886 indivisae,

243 1925 368 1979 qua:
415 1920 535 1981 post
578 1911 758 1966 carnis
800 1919 1060 1974 mortem,
1107 1911 1230 1966 coeli
1280 1917 1335 1964 et
1381 1917 1538 1964 terra:
1585 1917 1824 1962 meretur
1855 1899 1898 1961 B
1925 1912 1978 1959 et
2022 1904 2476 1963 incommutabilis
2530 1909 2754 1965 unitatis
2782 1926 2795 1963 :
2827 1919 2882 1964 et
2935 1910 3190 1966 Ecclesiae
3236 1912 3364 1979 Dei,
3413 1913 3515 1983 ipsi

239 1999 503 2054 divitias!
529 2014 561 2053 o
589 2014 746 2068 quam
773 2000 986 2070 egregia
1018 2000 1256 2063 nuditas,
1290 2013 1412 2069 quae
1446 1998 1582 2053 stola
1609 1999 1830 2053 immor-

239 2091 478 2148 talitatis
498 2092 711 2159 vestita,
747 2093 1054 2164 imp‘et-iales
1082 2093 1297 2149 excellit
1326 2094 1572 2150 trabeas!
1597 2109 1630 2149 o
1661 2109 1824 2164 quam

238 2183 696 2252 pretiosissimum
729 2195 1036 2240 consertum
1067 2185 1297 2257 tegimen
1332 2186 1526 2257 spinis,
1570 2186 1828 2242 vetustis-

242 2278 398 2332 sima:
437 2292 718 2333 servorum
758 2278 850 2333 Dei
899 2277 1045 2348 (157)
1100 2279 1479 2348 xerampeliae,
1521 2278 1716 2350 quibus
1762 2293 1829 2334 ne

237 2370 546 2438 comparari
572 2371 785 2441 quidem
815 2385 998 2441 regum
1024 2380 1253 2440 possunt
1284 2388 1564 2442 purpurae;
1597 2388 1826 2444 quarum

241 2463 559 2518 tenuissima
592 2463 801 2518 fimbria
850 2464 902 2518 in
949 2466 1211 2519 deaurata
1242 2473 1294 2518 et
1321 2473 1590 2534 gemmata
1634 2481 1826 2521 recon-

245 2558 392 2612 ditur
428 2557 654 2628 pyxide;
703 2568 760 2613 et
803 2558 1089 2623 honorata,
1137 2568 1396 2628 operatur
1431 2558 1660 2612 salutem
1715 2567 1825 2613 tam

241 2648 299 2704 in
323 2651 596 2705 exteriore
620 2665 782 2721 quam
829 2651 881 2705 in
928 2651 1185 2707 interiore
1216 2651 1453 2706 homine.
1489 2650 1590 2718 Qui
1624 2651 1676 2706 in
1702 2667 1826 2707 car-

242 2757 313 2798 ne
342 2751 437 2797 aut
481 2743 701 2798 omnino
749 2742 976 2810 nullum,
1028 2753 1120 2797 aut
1155 2743 1476 2798 vilissimum
1528 2745 1824 2800 vestimen-

242 2843 358 2890 tum
399 2835 737 2901 habuerunt;
787 2836 933 2891 exuti
964 2851 1153 2901 carne,
1195 2837 1368 2892 serico
1412 2845 1466 2892 et
1494 2852 1628 2893 auro
1657 2839 1825 2893 obvo-

243 2926 376 2991 luti,
423 2927 478 2981 in
525 2927 751 2982 Domino
801 2927 1118 2996 quiescunt,
1168 2937 1222 2984 et
1278 2927 1588 2983 sublimium
1652 2928 1824 2998 impe-

245 3027 487 3074 ratorum
541 3027 595 3074 et
641 3019 836 3073 ducum
885 3033 1152 3089 purpuras
1199 3026 1254 3074 et.
1295 3018 1676 3089 paludamenta
1723 3035 1820 3090 pe-

243 3109 403 3164 dibus
451 3109 563 3164 suis
608 3109 978 3165 substernunt.
1029 3110 1096 3164 Et
1133 3125 1166 3164 o
1212 3125 1375 3180 quam
1425 3110 1607 3180 digne,
1655 3126 1818 3180 quam

241 3214 503 3268 congrue,
551 3215 738 3270 regum
789 3215 964 3272 reges,
1011 3200 1256 3272 profecto
1286 3216 1551 3272 pauperes
1597 3205 1814 3274 spiritu,

235 3301 364 3360 post
427 3290 814 3346 habitationem
867 3309 984 3345 cum
1037 3293 1391 3347 habitantibus
1443 3294 1590 3364 (158)
1646 3294 1818 3348 Cedar

241 3380 360 3452 (Ps.
399 3397 542 3445 cxix,
583 3383 661 3455 5),
705 3384 1090 3453 operosissima
1121 3399 1188 3438 ex
1230 3399 1362 3439 auro
1390 3393 1445 3439 et
1486 3396 1712 3456 argento
1753 3402 1816 3440 ac

239 3474 511 3545 lapidibus
540 3465 946 3545 pretiosissimis
982 3476 1130 3548 (l59)
1161 3477 1391 3542 ciboria,
1426 3487 1479 3534 et
1503 3479 1683 3549 regias
1714 3481 1811 3532 ha-

237 3571 368 3623 bent
421 3570 750 3640 pyramides,
783 3586 926 3640 .quae
973 3571 1208 3640 quadam
1255 3571 1615 3628 similitudine
1675 3588 1816 3628 arcae

237 3660 350 3716 Noe
377 3677 407 3714 a
437 3660 717 3716 latitudine
746 3672 1123 3717 excrescentes
1155 3671 1514 3731 angustautur
1543 3662 1598 3716 in
1630 3661 1818 3715 altitu-

235 3753 362 3807 dine
393 3751 556 3824 (Gen.
586 3769 670 3818 vt,
709 3753 824 3822 l5),
872 3753 997 3822 quia
1040 3752 1194 3822 ignea
1223 3752 1396 3806 virtus
1418 3767 1513 3806 eos
1541 3761 1692 3806 extra
1721 3754 1817 3808 lio-

239 3845 448 3909 mines,
474 3845 592 3913 igne
616 3845 786 3898 sancti
814 3842 1053 3912 Spiritus
1083 3841 1358 3906 ardentes,
1383 3849 1440 3896 et
1477 3841 1728 3897 dilatatos
1760 3843 1814 3898 in

233 3936 538 3990 visceribus
578 3933 778 3990 Christi
836 3933 990 3998 Jesu,
1031 3949 1130 4003 per
1167 3933 1542 3986 mandatorum
1575 3931 1666 3985 Dei
1694 3932 1816 3986 lati-

234 4029 510 4094 tudinem,
544 4045 638 4099 per
665 4030 796 4083 viam
844 4028 960 4081 vita?
1007 4035 1281 4096 angustam
1316 4024 1535 4096 (Matth.
1577 4040 1685 4088 vn,
1719 4025 1815 4094 14)

229 4133 288 4176 et
321 4137 551 4177 ascensu
585 4120 870 4186 difﬁcilem,
897 4119 963 4173 ad
993 4117 1404 4172 interminabilis
1425 4115 1608 4187 gloria:
1637 4116 1819 4170 evexit

233 4213 594 4268 altitudinem.
637 4211 694 4266 In
759 4210 930 4265 forma
995 4209 1192 4279 quippe
1247 4208 1579 4280 pyramoide,
1647 4207 1817 4262 virtus

231 4307 428 4375 ignea;
463 4304 516 4358 in
554 4303 797 4368 ciboriis,
847 4301 1040 4372 quibus
1071 4316 1102 4354 a
1131 4300 1282 4356 cubis
1332 4299 1545 4354 nomina
1582 4309 1706 4353 sunt
1737 4299 1820 4353 in-

233 4398 366 4461 dita,
404 4403 662 4466 pensatur
711 4393 904 4448 anime
934 4390 1196 4461 perfectio
1239 4391 1450 4446 cubica.
1491 4388 1622 4443 Nam
1655 4404 1818 4459 pyra-

227 4490 338 4544 mis
367 4504 398 4541 a
428 4488 541 4542 basi
574 4497 852 4556 tetragona
890 4485 1105 4554 erigens
1139 4499 1197 4538 se
1235 4483 1290 4537 in
1323 4482 1624 4537 altitudinis
1662 4481 1816 4536 fasti-

231 4582 345 4654 gia,
379 4581 626 4651 designat
664 4579 956 4636 electorum
999 4578 1093 4632 Dei
1125 4577 1343 4648 spiritus
1368 4584 1423 4631 et
1451 4584 1686 4639 somata,
1719 4590 1814 4644 per

224 4684 620 4746 quaternarnm
654 4675 912 4728 virtutum
946 4687 1142 4744 genera
1165 4711 1178 4737 ,
1205 4673 1271 4726 ad
1299 4669 1586 4725 iudividuaa
1610 4683 1671 4722 ac
1726 4667 1810 4720 itt-

226 4769 660 4837 circumscriptae
709 4766 956 4820 monadis
983 4763 1410 4834 simplicitatem,
1459 4769 1510 4816 et
1543 4759 1665 4815 caeli
1698 4773 1813 4814 coe-

225 4864 407 4916 lurum
438 4877 496 4916 se
521 4861 759 4914 erexisse
790 4859 1022 4913 culmina
1047 4897 1062 4921 ,
1095 4865 1149 4910 et
1179 4870 1319 4910 arca:
1352 4869 1471 4924 quae
1503 4853 1556 4907 in
1582 4850 1813 4906 carnali~

224 4959 344 5014 bus.
359 4955 498 5020 lata,
537 4953 590 5008 in
641 4951 1009 5022 spiritualibus
1038 4948 1269 5018 quadam
1301 4944 1690 5014 constringitur
1716 4958 1812 4996 an-

225 5050 438 5121 gustia,
487 5054 542 5100 et
588 5044 796 5115 mystici
849 5041 1009 5096 cubiti
1063 5039 1509 5095 consummabitur
1553 5049 1808 5090 mensura

305 5161 452 5233 (157)
485 5160 832 5231 Xerampeliw
877 5157 1484 5233 Orationis_con_textus
1521 5148 1808 5204 manifeste

225 5225 411 5304 prodit
434 5225 608 5304 genus
637 5225 972 5304 esseivestis,
1003 5225 1438 5304 quandoquidem
1469 5237 1590 5302 cum
1613 5234 1806 5304 regum

223 5292 485 5376 purpuris
525 5303 820 5376 componit.
864 5292 1108 5376 (luscum
1149 5292 1346 5376 potitet:
1389 5295 1456 5376 ab
1507 5294 1674 5376 aridi:
1703 5292 1808 5376 vite

223 5361 450 5430 auctum
485 5361 666 5435 sonat:
687 5387 748 5428 ac
781 5371 822 5425 si
853 5372 1000 5424 dicas
1037 5368 1160 5422 sicci
1199 5367 1361 5420 ritew.
1393 5364 1502 5417 Lux
1542 5378 1608 5416 ex
1642 5361 1806 5435 Suida

221 5445 468 5515 aﬂ'nlgel,
501 5447 583 5520 cui
613 5431 971 5520 ξῆραμπέλιγᾳς
994 5443 1179 5520 χιτώχ,
1210 5436 1500 5520 sicci-vitea
1548 5431 1807 5520 uestisdi-

223 5509 396 5578 citur“,
431 5509 516 5572 cui
547 5509 696 5571 color
737 5509 820 5568 est
851 5509 1304 5568 vitis’arefactze,
1333 5521 1492 5570 quam
1524 5510 1808 5578 consenta-

223 5574 394 5642 neuut
415 5597 498 5640 est
525 5602 646 5640 esse
674 5585 1004 5655 vilissimum.
1024 5578 1483 5655 ‘Conlirmatnlioc
1511 5574 1651 5655 quod
1669 5587 1807 5655 pro-

226 5659 378 5712 xime
411 5659 656 5725 sequitur
683 5657 748 5707 de
778 5651 1037 5725 ejusmodi
1079 5645 1532 5725 xeraiupeliarnm
1573 5644 1806 5725 linihria.

299 5727 450 5798 (158)
481 5713 671 5782 Cedar.
702 5713 1036 5798 Nigredt'uem
1065 5733 1118 5775 et
1152 5713 1419 5798 tristitiam
1447 5717 1547 5770 hoc
1583 5713 1804 5768 verbum

219 5789 600 5868 sonatz'qund
633 5799 683 5850 iit
716 5789 856 5849 hunc
885 5794 1060 5868 locum
1097 5789 1535 5868 rectequadrat.’
1757 5854 1768 5865 _

298 5870 451 5941 (139)
478 5858 702 5940 'Cyboria
733 5877 777 5920 et
805 5866 1118 5935 pur-umidas.
1160 5858 1320 5916 Multa
1371 5861 1436 5914 de
1485 5858 1567 5912 liis
1599 5872 1663 5911 ex
1693 5858 1803 5908 ari-

1842 4625 1892 4686 D

1931 1997 2140 2065 anguli,
2191 1999 2436 2070 angulari
2478 2000 2706 2056 connexi
2753 2009 2807 2054 et
2851 2003 3233 2073 compaginati,
3267 2003 3426 2074 lapidi
3461 2003 3516 2058 in

1931 2091 2190 2148 lateribus
2227 2094 2530 2163 aquilonari
2561 2094 2746 2166 frigori
2786 2098 3082 2167 oppositis,
3129 2098 3302 2152 unicis
3349 2098 3469 2152 fidei
3496 2139 3513 2163 ,

1929 2185 2042 2254 spei
2069 2193 2121 2240 et
2147 2186 2430 2240 eharitatis
2459 2195 2620 2257 atque
2650 2185 2828 2242 Patris
2849 2198 2905 2242 et
2931 2186 3048 2242 Filii
3077 2197 3132 2242 et
3157 2187 3391 2257 Spiritus
3421 2189 3517 2244 Pa-

1930 2275 2121 2332 racleti
2179 2277 2630 2348 compaginantur
2675 2278 2980 2347 isopleuris.
3031 2278 3088 2333 In
3151 2279 3342 2334 cibarii
3385 2295 3514 2334 vero

1928 2361 2103 2424 farma
2153 2370 2408 2434 concide,
2441 2384 2562 2439 quae
2593 2369 2966 2425 columnarum
2995 2379 3333 2426 sustentatur
3361 2372 3512 2427 colu-

1927 2462 2101 2524 mine,
2150 2461 2453 2514 insinuatur
2481 2461 2828 2530 tropologice,
2872 2461 3016 2529 quod
3061 2463 3232 2516 sancti
3266 2462 3361 2517 Dei
3396 2477 3514 2534 my-

1928 2555 2062 2609 stice
2082 2594 2096 2618 ,
2129 2552 2316 2622 ferculi
2345 2553 2408 2606 de
2438 2553 2595 2624 lignis
2625 2552 2812 2606 Libani
2839 2551 3030 2621 (Cant.
3078 2569 3168 2620 tu,
3201 2553 3285 2622 9),
3311 2569 3340 2608 a
3384 2570 3513 2609 vero

1929 2646 2218 2702 Salomone
2246 2647 2510 2703 exstructi
2557 2647 2697 2712 sint,
2749 2645 3006 2700 columna:
3047 2657 3303 2716 argentea:
3355 2647 3507 2717 (ibid.

1925 2738 2048 2808 ‘10),
2093 2748 2140 2792 et
2190 2745 2253 2793 de
2301 2737 2636 2793 tribulatione
2665 2738 2902 2790 exauditi
2936 2737 2992 2791 in
3019 2735 3295 2792 latitudine
3325 2737 3508 2808 (Psal.

1923 2845 2088 2895 cxvii,
2107 2827 2200 2900 5),
2217 2830 2352 2883 uiam
2371 2829 2737 2882 mandatorum
2760 2827 2852 2881 Dei
2877 2844 3087 2883 currere
3113 2825 3288 2900 (Psal.
3317 2844 3482 2884 cxvm

1923 2921 2060 2994 52);
2097 2931 2144 2975 et
2181 2922 2273 2975 toti
2302 2931 2485 2976 teretes
2520 2919 2721 2989 totique
2749 2920 2985 2973 rotundi.

2063 3037 2283 3095 Ezterni
2312 3057 2375 3095 ns
2399 3040 2525 3111 quid
2551 3045 2719 3108 posset
2749 3053 2842 3107 per
2869 3037 2976 3092 leve
3005 3037 3204 3092 morari
3229 3049 3250 3088 :

1921 3156 2133 3210 animas
2184 3155 2239 3210 in
2287 3161 2551 3208 teternum
2604 3161 2922 3206 meruerunt
2969 3148 3272 3204 sanctitatis
3318 3148 3506 3202 orbem

1848 3261 1894 3322 ρ
1926 3246 2200 3315 colligere.
2233 3242 2302 3296 Et
2338 3257 2524 3297 revera
2553 3256 2742 3296 omnes
2772 3239 3114 3310 geometricas
3142 3237 3350 3303 formae,
3394 3239 3509 3292 sive

1926 3339 2172 3406 trigonte,
2197 3333 2310 3389 sive
2341 3342 2654 3397 tetragonte,
2689 3345 2782 3384 seu
2814 3327 3128 3390 circulares,
3157 3341 3276 3394 qua}
3308 3326 3377 3380 ob
3400 3327 3508 3378 cir-

1920 3425 2350 3482 cumductionem
2374 3423 2532 3478 unius
2557 3421 2728 3482 linem,
2753 3429 2879 3474 sunt
2899 3416 3162 3473 divinitati
3190 3415 3505 3486 aptis-imae,

1921 3536 1984 3575 ac
2045 3520 2284 3574 omnium
2341 3515 2842 3578 excellentissimus,
2900 3511 3093 3582 quibus
3149 3510 3508 3565 decussantur

1921 3620 2229 3665 sanctorum
2263 3608 2523 3679 reliquim,
2578 3605 2949 3661 testimonium
2998 3602 3284 3673 perhibent
3317 3617 3505 3656 eorum

1919 3701 2287 3758 sanctimoniae
2331 3716 2394 3756 ac
2441 3698 2883 3770 magnificentia};
2921 3705 2976 3750 et
3021 3695 3088 3748 ad
3126 3695 3385 3749 virtutum
3410 3709 3502 3748 or-

1919 3806 2169 3850 namenta
2200 3801 2254 3848 et
2302 3793 2708 3857 delectationes,
2753 3789 2996 3845 alliciunt
3041 3787 3500 3857 pulchritudinem

1919 3889 2177 3958 cujusque
2205 3885 2378 3940 ﬁdelis
2411 3885 2625 3938 animat.

2439 4013 2833 4072 CAPlTULUM
2873 4011 2981 4067 VII.

1923 4133 2062 4200 Quid
2105 4131 2430 4188 sentiendum
2475 4129 2540 4182 sit
2569 4131 2633 4181 de
2666 4127 2772 4180 illis
2801 4125 3080 4200 electorum
3132 4122 3498 4200 Deiupigmrif

1989 4207 2082 4258 bus
2121 4221 2238 4272 qua:
2301 4209 2680 4272 consumuntur
2727 4214 2760 4250 a
2811 4195 3016 4261 bestiis,
3064 4203 3112 4248 el
3161 4195 3363 4260 avibus,
3417 4194 3496 4248 vel

1986 4270 2369 4344 immerguntur
2395 4270 2721 4340 ﬂuminibus.

1988 4393 2094 4448 Sed
2115 4390 2241 4462 quid
2265 4385 2604 4444 sentiendum
2628 4383 2694 4438 de
2725 4382 2827 4437 illis
2849 4381 3142 4436 electorum
3163 4380 3496 4451 pigneribus,

1918 4501 2144 4557 quorum
2175 4482 2421 4554 sepulcra
2454 4488 2578 4534 sunt
2606 4478 2690 4532 vel
2721 4477 2900 4531 avium
2927 4483 2983 4529 et
3007 4475 3303 4529 bestiarum
3332 4489 3500 4544 aqua-

1918 4576 2059 4632 liculi
2079 4619 2094 4642 ,
2124 4575 2208 4630 vel
2244 4569 2676 4644 profundissimae
2709 4567 2987 4622 (luminum
3014 4575 3070 4621 et
3100 4567 3264 4620 maris
3295 4564 3494 4636 abyssi,

1923 4671 2005 4726 vel
2035 4669 2339 4724 cloacarum
2370 4661 2665 4720 cumiculi?
2709 4661 2790 4714 An
2822 4676 2926 4715 non
2963 4659 3103 4728 apud
3149 4657 3315 4712 Deum
3346 4657 3498 4724 ejus-

1919 4765 2040 4820 dem
2076 4768 2203 4817 sunt
2229 4759 2444 4824 meriti,
2476 4756 2627 4824 cujus
2667 4763 2722 4809 et
2764 4753 2862 4818 illi,
2895 4766 3122 4823 quorum
3156 4749 3340 4805 tumuli
3373 4756 3500 4804 sunt.

1919 4853 2067 4908 aurei
2095 4859 2188 4906 aut
2215 4849 2489 4921 argentei,
2519 4848 2572 4902 in
2600 4861 2829 4918 quorum
2861 4853 3180 4898 ornamenta
3210 4841 3494 4905 desudant,

1916 4953 1970 5000 et
2001 4943 2362 5012 defatigantur
2392 4939 2573 4992 latomi
2622 4947 2676 4993 et
2717 4934 3076 4994 coementarii,
3111 4933 3382 5002 sapientes
3407 4946 3499 4984 ar-

1916 5033 2155 5096 chitecti,
2184 5029 2434 5084 auriﬁces
2460 5038 2512 5083 et
2547 5026 2696 5098 (MO)
2729 5024 3004 5094 plumarii,
3033 5033 3087 5078 et
3108 5023 3327 5093 opifices
3356 5037 3498 5092 gem-

1917 5141 2189 5198 thmeticis
2232 5149 2288 5194 et
2335 5137 2678 5210 geometricis
2731 5133 3014 5210 hoc_loco
3052 5133 3374 5210 Ihiofridns
3427 5130 3494 5210 ad

1915 5211 2245 5283 spiritualem
2315 5199 2647 5266 intellectum
2698 5204 2974 5262 transfert.
3049 5205 3222 5274 Supra
3291 5199 3492 5270 aliquid

1913 5285 2168 5340 diximus.

1987 5353 2136 5425 ([40)
2177 5351 2470 5425 Plumarii,
2515 5349 2856 5419 polymitarii.
2907 5346 3125 5425 Exodus
3170 5341 3492 5425 quandoque

1914 5417 2030 5481 haec
2055 5426 2160 5478 duo
2189 5423 2492 5493 promiscue
2517 5417 2764 5494 usurpat,
2795 5435 2896 5494 pro
2921 5433 2985 5494 eo
3007 5417 3098 5494 qui
3126 5417 3274 5494 vario
3299 5420 3356 5465 et
3379 5424 3493 5494 ver-

1916 5495 2145 5552 sicolore
2169 5484 2332 5564 dpere
2355 5505 2531 5547 vestes
2558 5484 2826 5565 pretiosas
2846 5484 3146 5565 distinguit.
3175 5484 3321 5565 Alias
3351 5490 3494 5561 eate-

1912 5585 2012 5623 nus
2044 5558 2257 5621 videtur
2295 5558 2651 5635 distinguere,
2683 5569 2742 5635 ut
2776 5558 3065 5635 plantaria:
3095 5558 3166 5610 sit
3203 5558 3246 5607 is
3275 5558 3362 5621 qui
3391 5565 3490 5630 acu

1910 5640 2092 5708 pingit,
2125 5648 2178 5691 et
2203 5652 2262 5690 ea
2292 5627 2521 5708 pictura,
2555 5631 2735 5708 subtili
2763 5627 3023 5708 artificio,
3040 5636 3292 5706 tanquam
3318 5627 3490 5708 varia:

1911 5697 2027 5762 iuni
2069 5697 2240 5762 avium
2281 5697 2476 5760 colores
2510 5697 2715 5771 relligiat
2756 5719 2769 5753 :
2813 5697 3175 5772 polymitarius
3225 5697 3488 5772 γεω-,ςιμί

1909 5781 2096 5834 eadem
2131 5779 2244 5834 fere
2273 5785 2510 5847 praestat,
2540 5764 2632 5847 sed
2671 5764 3064 5847 inipsajestis
3095 5777 3321 5822 textura.
3358 5764 3488 5821 Vide

1911 5860 2150 5905 nostrum
2179 5838 2485 5904 Cornelium
2515 5861 2543 5899 a
2579 5838 2854 5914 Lapidein
2884 5838 3052 5894 Exod.

4020 4281 4023 4340 ς

4020 4395 4023 4496 i

4020 4501 4023 4606 ἓ

4021 4645 4023 4686 Ι

4021 4727 4023 4768 |
