4034 6364
520 387 630 448 359

1519 381 1866 442 THIOFRlDl
1903 377 2192 437 ABBATIS
2227 378 2801 437 EFTERNACENSIS

3676 381 3805 439 360

523 505 684 563 marii
710 519 775 560 ac
800 503 1169 576 polymitarii?
1214 496 1323 557 Sed
1350 514 1452 555 nos
1477 498 1626 570 (141)
1657 494 1952 553 secundum
1982 493 2111 550 Hie-
2136 495 2184 552 Α
2211 492 2444 549 hominis
2471 491 2759 564 pretiosius
2782 490 3105 558 inambulct;
3135 500 3189 549 et
3209 494 3365 564 quasi
3406 493 3621 550 mundo
3646 495 3817 565 quid-

526 598 762 671 ronymi,
781 598 848 653 de
878 595 1291 668 protomartyris
1313 602 1370 651 et
1388 592 1550 666 primi
1579 590 1950 649 archidiaconi
1977 589 2104 647 Ste-

524 692 684 765 phani
705 730 721 756 ,
749 698 802 744 et
822 688 970 761 (142)
994 687 1263 744 Timothei
1300 685 1582 758 toparchia
1603 724 1622 751 ,
1662 684 1867 741 dictum
1887 722 1905 750 ,
1932 690 1993 738 ut
2016 696 2111 739 eos

523 782 793 852 subjicere
836 795 941 836 non
971 778 1271 845 audemus,
1323 778 1395 833 ita
1430 792 1533 833 nec
1572 785 1936 846 anteponere;
1982 774 2110 844 quia

518 875 790 948 quomodo
820 873 873 929 in
901 873 1149 930 exercitu
1197 880 1325 928 sunt
1352 871 1536 935 duces,
1562 879 1688 926 sunt
1730 866 1957 932 tribuni,
1985 874 2112 922 sunt

521 967 895 1032 centuriones,
925 974 1053 1022 sunt
1077 964 1227 1035 (113)
1271 961 1552 1018 ferentarii
1581 977 1647 1017 ac
1672 960 1807 1016 levis
1824 967 2113 1015 armatum

519 1069 576 1116 et
598 1060 880 1132 gregarius
915 1057 1092 1125 miles,
1128 1071 1195 1113 ac
1240 1054 1535 1126 manipuli;
1571 1053 1967 1124 commissaque
2014 1065 2115 1122 pu-

519 1169 658 1225 gna,
704 1161 901 1208 vacant
931 1151 1155 1205 nomina
1198 1146 1551 1219 dignitatum,
1600 1154 1658 1203 et
1702 1145 1817 1202 sola
1854 1142 2113 1200 fortitudo

518 1244 814 1315 quaeritur;
856 1242 930 1297 ita
959 1241 1096 1296 etin
1148 1238 1429 1295 Dominico
1459 1237 1633 1304 bello,
1681 1252 1792 1309 quo
1819 1245 2008 1293 contra
2036 1236 2115 1290 in-

520 1333 764 1390 visibiles
794 1331 1085 1387 dimicatur
1124 1329 1293 1394 acies,
1332 1343 1440 1384 non
1471 1336 1791 1399 quaeruntur
1818 1325 2113 1397 dignitates

521 1435 578 1482 et
606 1423 848 1495 gloriohe
868 1463 884 1491 ,
934 1422 1029 1479 sed
1053 1420 1342 1492 gloriosior
1382 1420 1470 1477 ille
1499 1419 1600 1476 sub
1633 1434 1764 1476 vero
1787 1420 2114 1490 imperatore

522 1518 744 1574 Christo
768 1527 869 1583 est,
903 1532 1007 1572 non
1038 1516 1130 1586 qui
1157 1514 1389 1570 nobilior
1417 1524 1512 1569 aut
1539 1514 1865 1586 opulentior,
1898 1513 1993 1569 sed
2018 1512 2113 1583 qui

522 1610 718 1666 fortior
760 1618 817 1666 et
858 1606 1207 1664 victoriosior
1250 1614 1353 1661 est.
1384 1604 1528 1661 Nihil
1557 1606 1778 1661 omnino
1824 1605 2113 1675 derogatur

522 1712 834 1757 sanctorum
856 1700 1063 1772 gloriae,
1093 1696 1579 1769 quomodocunque
1598 1695 1683 1752 vel
1718 1696 2024 1767 ubicunque
2051 1695 2107 1749 in

522 1807 679 1848 suam
712 1793 1026 1864 redigantur
1062 1791 1356 1862 originem.
1402 1789 1536 1845 Nam
1586 1804 1763 1860 neque
1803 1789 1849 1846 si
1883 1789 2112 1846 terrenis

521 1885 864 1941 hunorentur
903 1885 1211 1953 ornatibus,
1262 1885 1405 1956 apud
1454 1884 1624 1940 Deum
1649 1884 2112 1941 suntbonoratio-

522 1990 652 2042 res,
684 1991 863 2046 neque
911 1977 956 2032 si
997 1976 1161 2031 etiam
1216 1975 1270 2032 in
1316 1974 1716 2046 Sterquilinium
1763 1973 2110 2043 abjiciantur,

519 2077 647 2124 sunt
692 2066 1036 2138 abiectiores.
1072 2066 1191 2123 Non
1230 2068 1376 2124 enim
1409 2075 1616 2121 tantum
1645 2065 2006 2141 quaeritDeus
2028 2081 2117 2121 or-

518 2170 772 2217 namenta
817 2158 1144 2225 materialia,
1192 2168 1456 2229 quantum
1505 2157 1826 2228 spiritualia.
1876 2156 1944 2213 Et
1991 2171 2113 2213 cum

521 2253 708 2308 mundi
738 2251 1004 2307 fabricam
1039 2250 1241 2307 idcirco
1268 2248 1572 2306 condiderit
1593 2248 1931 2319 sphaaricam,
1958 2247 2112 2319 (144)

524 2356 587 2403 ιι
633 2343 910 2409 omnibus,
960 2358 1081 2414 quae
1129 2343 1417 2403 volvuntur
1468 2342 1722 2398 coercitis
1781 2341 1921 2397 intra
1977 2340 2113 2396 nihil

525 2437 773 2504 accedat,
823 2435 960 2492 nihil
1011 2437 1229 2492 recedat
1277 2451 1456 2507 extra,
1491 2446 1540 2492 et
1574 2435 1699 2490 mlo
1756 2444 1983 2505 tegatur,
2021 2433 2113 2504 qui

526 2546 630 2585 non
668 2528 820 2584 habet
847 2544 1036 2584 urnam
1062 2541 1081 2581 :
1110 2543 1219 2585 non
1253 2532 1426 2603 pluris
1450 2543 1639 2587 eorum
1662 2525 1804 2599 apud
1833 2540 1959 2581 eum
1987 2532 2116 2582 sunt

527 2622 774 2695 pignera,
813 2633 935 2690 quae
971 2621 1337 2678 recomluntur
1373 2622 1464 2677 ubi
1495 2627 1624 2676 sunt
1661 2617 1788 2674 latae
1830 2616 2071 2687 porticus
2094 2654 2111 2683 ,

527 2710 618 2768 ubi
649 2717 843 2766 aurata
873 2708 1177 2780 laquearia,
1218 2713 1309 2769 ubi
1358 2712 1508 2785 (145)
1552 2712 1745 2767 domus
1789 2709 2114 2765 miserorum

526 2803 723 2875 pmnis,
754 2811 809 2858 et
837 2800 1217 2857 damnatorum
1267 2802 1455 2860 labore
1511 2801 1753 2868 vestitae;
1803 2798 1893 2855 ubi
1941 2798 2114 2854 instar

525 2894 712 2967 palatii
739 2905 1031 2955 exstructae
1053 2907 1181 2955 sunt
1204 2895 1462 2961 basilicae,
1505 2902 1566 2950 ut
1588 2891 1694 2948 vile
1732 2889 2109 2963 corpusculum

596 3079 744 3153 (Ml)
785 3077 1084 3153 Secundum
1113 3074 1671 3153 Hieronymiaictum.
1701 3071 1797 3128 Est
1825 3084 1889 3127 ea
1921 3068 2110 3126 Hiero-

526 3145 673 3223 nymi
709 3145 974 3206 sententia
1012 3149 1110 3206 lib.
1138 3164 1157 3205 ι
1185 3145 1384 3205 Contra
1427 3145 1805 3208 Jovinianum,
1847 3152 1968 3213 post
1995 3157 2110 3198 me-

525 3225 697 3277 dium.
1968 3273 1971 3277 .

597 3291 745 3363 (142)
789 3289 1044 3363 Timothei
1091 3289 1384 3363 toparcliia.
1418 3284 1759 3363 _Ephesinat_n
1811 3282 2103 3340 Ecclesiam

523 3354 796 3430 intelligit,
827 3361 980 3430 cujus
1008 3354 1322 3418 Timotheus
1349 3354 1634 3430 episcopus
1661 3354 1785 3430 fuit.

595 3425 744 3505 (143)
783 3425 1102 3488 Fer'entarii.
1151 3425 1612 3505 sallustio_iiilern
1657 3425 1986 3505 ferensunt,
2012 3425 2103 3494 qui

520 3494 658 3560 levis
685 3494 975 3560 armaturae
997 3543 1014 3570 ,
1044 3512 1106 3558 ut
1140 3501 1231 3572 qui
1263 3499 1528 3572 lapidibus
1560 3505 1616 3553 et
1654 3494 1837 3550 fundis
1879 3496 2106 3551 uteban-

526 3584 636 3630 tur.

593 3643 744 3715 (141)
783 3642 853 3700 Ut
887 3643 1125 3698 omnibus
1159 3658 1277 3713 qua:
1314 3639 1608 3700 volvuntur,
1657 3635 1914 3715 coercitis.
1939 3633 2103 3715 _Volvi

522 3705 656 3789 dicit
681 3705 991 3789 'l‘hiolﬁridus
1029 3705 1369 3789 qna’c'unqne
1389 3722 1569 3765 creata
1593 3721 1766 3789 ,Jquae
1795 3705 1953 3789 simul
1980 3722 2103 3764 cum

524 3786 641 3855 ipsa
684 3784 871 3841 mundi
913 3777 1156 3855 machina
1181 3824 1196 3845 ,
1248 3777 1304 3837 et
1337 3777 1739 3855 decurrentium
1782 3777 2102 3855 smculorutn

524 3847 666 3912 serie
707 3857 974 3910 feruntur.
1011 3854 1133 3908 Haec
1167 3855 1311 3908 intra
1353 3851 1532 3906 mundi
1568 3847 1826 3905 fabricam
1862 3848 2103 3904 coerceri

523 3926 633 3991 ait;
673 3942 739 3983 ac
764 3927 843 3982 sic
870 3923 1150 3994 aequaliter
1182 3924 1299 3994 ipso
1326 3920 1467 3977 caelo
1495 3922 1623 3994 tegi.
1653 3918 1885 3994 Proinde
1911 3933 2102 3994 parum

524 3988 799 4122 rellerrelsi
831 3988 975 4052 aliud
1002 3988 1398 4066 operimentum
1428 3988 1670 4059 accedat,
1700 3989 1821 4043 aliis
1846 3988 2100 4056 nobilius,

524 4082 573 4122 vr
600 4083 682 4122 ius
707 4086 735 4120 ιι
762 4082 849 4122 ns.

521 4082 682 4123 γιιιιιε
707 4082 849 4123 aliis.

593 4137 742 4208 (145)
784 4138 980 4194 Domus
1015 4139 1324 4194 miserorum
1353 4132 1516 4204 poenis
1543 4141 1593 4187 et
1625 4130 1996 4208 damnatorum
2025 4129 2107 4184 la-

521 4199 648 4264 bore
681 4199 895 4265 véstitte.
929 4208 1123 4266 Notum
1155 4216 1272 4270 est,
1307 4199 1487 4276 poenae
1511 4218 1682 4276 genus
1709 4200 1899 4276 fuisse,
1946 4199 2102 4255 dam-

522 4280 642 4334 nari
681 4281 749 4334 ad
786 4279 1036 4335 latomias
1076 4288 1130 4335 et
1171 4270 1375 4348 lapides
1412 4270 1762 4348 eﬂ'odiendos.
1808 4270 2103 4348 Martyrum

525 4350 621 4422 toti
649 4364 842 4422 greges
879 4352 947 4422 id,
966 4343 1324 4422 supplicium,
1362 4343 1792 4422 imperatoribus
1820 4343 2062 4422 tyrannis
2084 4381 2099 4403 ,

522 4410 724 4477 subire.
748 4410 898 4477 Urius
918 4421 976 4476 S.
1004 4410 1251 4475 Clemens
1273 4410 1498 4471 llornan.
1523 4413 1760 4483 pontifex
1782 4410 2103 4466 in‘exsilium

522 4507 553 4545 a
591 4489 825 4558 Trajano
857 4490 1147 4560 projectus,
1177 4488 1246 4560 ad
1283 4488 1388 4541 duo
1423 4483 1597 4560 millia
1617 4483 1669 4537 in
1707 4482 1812 4536 illis
1840 4483 2104 4560 _a_erumnis

523 4552 726 4631 reperit
756 4578 770 4614 :
795 4552 989 4630 quibus
1023 4552 1139 4630 ipse
1174 4559 1346 4614 bonus
1372 4564 1559 4625 pastor
1586 4552 1960 4607 innocentibus
1987 4553 2100 4607 ovi.

523 4631 627 4688 bus
654 4631 935 4699 adjunctus
962 4639 1066 4687 est.

596 4690 743 4773 (illi)
784 4699 1081 4765 Perimunt,
1100 4699 1198 4773 qui
1227 4699 1282 4753 in
1306 4695 1440 4752 mari
1468 4702 1543 4750 est
1568 4702 1764 4773 cetum.
1790 4690 1863 4773 De
1888 4690 2103 4773 diabolo

526 4764 706 4828 sermo
727 4764 839 4838 est,
876 4787 1034 4841 quem
1066 4764 1233 4826 abbas
1263 4776 1464 4841 noster,
1496 4781 1600 4819 non
1628 4764 1801 4841 modo
1831 4764 1883 4817 in
1913 4771 2060 4841 terra
2082 4802 2098 4829 ,

526 4843 623 4898 sed
648 4854 702 4898 et
734 4846 785 4898 in
818 4835 997 4898 medio
1023 4843 1182 4905 mari,
1212 4856 1242 4895 a
1265 4839 1369 4908 piis
1398 4835 1642 4907 superari
1669 4840 1967 4908 asseverat.

599 4912 747 4985 (M7)
788 4911 893 4967 Per
910 4930 1076 4985 annos
1097 4902 1304 4985 circiter
1322 4902 1516 4985 (ιρι-πὶ.
1533 4908 1697 4985 ΔΑιιιιο
1721 4905 1861 4985 enim
1892 4902 2101 4974 imperii

526 4977 616 5057 sui"
645 4977 777 5057 xviii
806 4985 919 5054 (qui
960 4983 1060 5057 fuit
1101 4982 1302 5057 Christi
1341 4980 1462 5057 137)
1504 4979 1785 5057 Adrianus.
1821 4977 2105 5057 imperatur

529 5055 724 5126 (inquit
755 5049 1294 5126 sailotnsgPaulinus.
1328 5049 1551 5126 epistola
1596 5049 1900 5126 undecima)
1930 5049 2104 5099 existi-

528 5119 679 5179 mans
703 5141 758 5179 se
783 5124 943 5195 ﬁdem
967 5122 1319 5179 Christianam
1344 5119 1444 5195 loci
1473 5119 1668 5195 iniuria
1692 5126 2099 5195 perempturum,

526 5197 585 5250 in
609 5195 720 5250 loco
751 5186 1020 5249 Passionis
1040 5195 1381 5249 simulacrum
1404 5186 1553 5244 lovis
1574 5189 1909 5242 consecravit.
1932 5186 1988 5240 Si
2018 5187 2102 5241 his

527 5266 729 5323 Christi
756 5268 912 5321 annis
942 5266 1109 5321 addas
1150 5263 1288 5330 180,
1337 5277 1435 5318 nos
1478 5256 1786 5330 'l‘ltiofridus
1819 5266 2098 5330 memerat,

525 5338 771 5410 exsurgit
790 5352 963 5410 annns
982 5336 1108 5401 517,
1130 5327 1839 5410 circaquemdedecnsillnd
1855 5337 2101 5410 amotum

527 5424 560 5465 a
590 5398 901 5469 lo'ci'somni
933 5398 1137 5463 honore
1176 5398 1524 5476 dignissimis.
1561 5398 1820 5476 Paulinus
1854 5398 2097 5476 ibidein_°

436 5494 453 5507 ’
527 5479 727 5535 Mansit
762 5482 859 5533 hoc
894 5481 1075 5533 seculi
1109 5469 1299 5547 prioris
1335 5474 1513 5543 nefas,
1552 5473 1608 5526 in
1636 5482 1867 5547 tempora
1909 5469 2101 5547 nostris

526 5554 769 5619 proxima
802 5539 1130 5605 Constantini
1170 5564 1190 5603 :
1227 5547 1316 5618 qui
1354 5539 1590 5615 princeps
1633 5539 1745 5619 esse
1769 5539 2101 5619 principibus

528 5559 769 5619 proxima
802 5559 1130 5605 Constantini
1170 5564 1190 5603 :
1227 5563 1316 5618 qut
1354 5560 1590 5615 princeps
1633 5559 1743 5595 esse
1760 5559 2101 5664 ἥτιησιμιυιιε

528 5618 870 5686 Christianis,
897 5638 998 5694 non
1025 5619 1194 5690 magis
1208 5634 1335 5694 sua,
1356 5630 1522 5694 quam
1546 5614 1729 5694 matris
1815 5610 1975 5664 elena:
1996 5608 2101 5694 [ille

528 5695 749 5758 meruit,
782 5684 888 5748 etc.
928 5690 1057 5748 Vide
1099 5684 1155 5747 Et
1190 5684 1451 5758 Severum
1487 5684 1692 5758 Paulini
1735 5695 2008 5758 coaevuin,
2045 5687 2101 5733 et

531 5763 672 5816 velut
700 5748 918 5817 [ratrem
948 5763 1376 5821 unanimantem,
1404 5757 1495 5811 lib.
1524 5770 1560 5808 ιι
1594 5751 1842 5808 Historia}
1864 5748 2058 5821 eccle_s.

598 5832 746 5904 1148)
782 5818 1374 5890 Beihlehem-Adonidis
1403 5824 1732 5883 inumbrabat
1783 5821 1951 5877 lucus.
1994 5818 2100 5876 Pro

2216 598 2378 656 quam
2420 583 2591 655 possit
2638 596 2761 640 esse
2800 583 3066 649 ornatius,
3098 592 3243 639 tecta
3280 585 3455 658 magis
3483 583 3617 642 velit
3654 586 3814 657 aspi-

2211 689 2369 739 cere,
2423 688 2586 744 quam
2637 673 2876 731 cmlum:
2909 689 3017 730 non
3063 673 3264 746 pluris,
3321 676 3568 748 inquam,
3639 687 3814 741 sunt.

2211 780 2375 836 quam
2428 779 2551 834 quite
2592 780 2716 820 cum
2771 776 2899 838 typo
2944 764 3159 822 Domini
3210 766 3346 823 Jona
3396 768 3582 842 (Jonte
3614 785 3678 835 Ir,
3710 770 3811 840 1).

2213 857 2392 927 praeda
2422 865 2547 911 sunt
2590 856 2766 912 avidis
2817 855 3063 912 faucibus
3110 857 3363 927 piscium,
3393 874 3458 915 ac
3478 859 3638 931 juxta
3674 860 3812 915 alle-

2214 946 2443 1018 goriam,
2483 946 2532 1017 (1
2550 945 2632 1019 l6)
2667 946 2961 1016 perimunt,
2982 948 3073 1018 qui
3099 948 3155 1002 in
3187 950 3323 1002 mari
3344 958 3442 1012 est,
3464 959 3637 1004 cetum
3663 948 3810 1021 (lsa.

2215 1056 2385 1106 xxvu,
2424 1039 2506 1113 l),
2555 1049 2610 1097 et
2641 1056 2765 1097 cum
2817 1039 3089 1096 Hieremia
3116 1052 3240 1097 ante
3273 1042 3604 1111 sancti/irato
3643 1059 3811 1115 ᾳιιαηι

2214 1140 2339 1186 nato
2363 1131 2679 1187 descendunt
2709 1131 2817 1187 imo
2843 1132 3198 1203 projiciuntur
3216 1136 3271 1190 in
3298 1151 3496 1189 caenum
3525 1134 3743 1205 (Jerent
3768 1152 3811 1204 ι,

2214 1221 2340 1284 5,et
2367 1236 2595 1290 xxxvur,
2618 1221 2819 1292 GLNon
2841 1221 2943 1277 loci
2973 1222 3362 1294 qualiscunque
3380 1224 3546 1280 facies
3572 1235 3673 1279 aut
3712 1241 3814 1279 au-

2215 1322 2305 1385 get
2350 1323 2445 1369 aut
2474 1314 2670 1369 minuit
2718 1314 3026 1370 sanctitatis
3066 1315 3446 1383 merita,sicut
3490 1332 3594 1372 nec
3642 1331 3811 1372 Sacro

2214 1407 2334 1464 loco
2355 1409 2701 1464 sanctitatem
2743 1409 2849 1464 ulla
2888 1423 3306 1482 quantacunque
3334 1409 3525 1465 adimit
3572 1410 3815 1483 ignomi-

2212 1502 2325 1556 nia.
2369 1499 2484 1555 Non
2531 1499 2675 1555 enim
2706 1500 2906 1556 idcirco
2927 1499 3077 1558 locus
3109 1501 3398 1557 Dominij
3442 1504 3814 1565 resurrectio.

2213 1591 2300 1648 nis
2353 1590 2532 1648 lactus
2571 1599 2656 1648 est
2709 1590 3002 1663 inglorius,
3053 1593 3198 1663 quod
3244 1592 3313 1648 ab
3371 1591 3511 1647 Helii
3572 1592 3811 1649 Adriani

2214 1685 2503 1742 monarchi
2560 1685 2927 1756 temporibus,
2968 1700 3139 1755 usque
3193 1685 3262 1740 ad
3312 1684 3601 1756 imperium
3661 1684 3811 1743 Con—

2216 1776 2436 1832 stantini
2454 1775 2701 1848 Augusti,
2722 1773 2870 1846 (147)
2897 1790 2995 1845 per
3015 1791 3189 1832 annos
3213 1776 3431 1833 circiter
3450 1791 3625 1833 cun
3656 1776 3809 1834 lovis

2213 1868 2509 1926 simulacro
2536 1881 2593 1923 et
2622 1866 2945 1924 immolatitii
2967 1868 3181 1925 cruoris
3213 1869 3497 1939 squalebat
3523 1872 3807 1928 sordibus.

2212 1959 2324 2016 Nec
2347 1957 2639 2016 salutifera:
2685 1956 2864 2014 crucis
2919 1958 2990 2014 ob
3043 1959 3097 2015 id
3149 1960 3452 2031 despectior
3483 1970 3571 2017 est
3615 1961 3809 2030 locus,

2212 2053 2356 2121 quod
2389 2050 2444 2105 in
2475 2063 2542 2105 eo
2572 2063 2880 2104 marmorea
2921 2048 3200 2106 colebatur
3247 2049 3457 2119 Venus;
3494 2068 3599 2110 nec
3652 2054 3811 2127 (148)

2210 2140 2526 2197 Bethlehem
2556 2149 2739 2196 nostra
2760 2181 2776 2207 ,
2805 2140 3042 2198 caelestis
3061 2144 3215 2213 panis
3239 2145 3450 2213 domus,
3482 2147 3814 2218 augustissi-

2213 2247 2336 2288 mus
2369 2231 2532 2287 totius
2555 2229 2737 2285 mundi
2768 2229 2950 2296 locus,
2981 2231 3070 2287 ubi
3100 2236 3291 2288 ueritas
3311 2234 3378 2289 de
3409 2245 3548 2291 terra
3574 2248 3701 2291 orta
3724 2246 3813 2294 est

2214 2317 2347 2392 (Ps.
2379 2333 2600 2384 Lxxxw,
2629 2317 2752 2389 12),
2785 2316 2907 2371 ideo
2931 2316 3193 2388 alvjectior
3217 2330 3321 2386 est,
3356 2321 3492 2392 quod
3524 2321 3811 2379 Adonidis

2213 2425 2332 2465 eam
2365 2409 2707 2465 inumbrabat
2732 2408 2914 2477 lucus;
2947 2419 3003 2467 et
3037 2410 3090 2465 in
3122 2425 3315 2480 specu,
3373 2412 3457 2466 ubi
3512 2415 3810 2482 quondam

2212 2501 2460 2559 Christus
2491 2502 2752 2559 Dominus
2778 2503 2946 2576 vagiit
2988 2502 3276 2575 parvulus,
3308 2504 3397 2560 ubi
3437 2505 3807 2564 obstetricum

2211 2595 2331 2651 vice
2360 2594 2561 2650 militiae
2604 2595 2843 2653 ccelestis
2869 2596 3257 2651 circumstabat
3297 2599 3599 2663 exercitus,
3648 2600 3805 2674 (N9)

2212 2686 2440 2745 Veneris
2473 2689 2815 2760 turpissimus
2847 2688 3109 2748 ’l‘ahtmoz
3148 2688 3503 2762 plangebatnr
3531 2695 3801 2751 amasius.

2211 2780 2279 2852 Et
2306 2781 2550 2852 profecto
2589 2782 2664 2837 nil
2690 2797 2918 2853 corpore
2952 2784 3154 2840 Christi
3215 2782 3427 2840 Domini
3478 2787 3801 2857 pretiosusi,

2213 2873 2414 2929 nullum
2444 2874 2689 2945 supplicii
2710 2890 2880 2948 genus
2902 2876 3145 2948 patibulo
3166 2876 3345 2933 crucis
3372 2888 3458 2933 est
3489 2879 3676 2944 vilius,
3703 2882 3804 2938 sed

2211 3051 2490 3125 explorato
2519 3052 2713 3125 habeo,
2746 3052 3109 3119 Thiofridum,
3140 3070 3264 3110 cum
3294 3054 3411 3112 hinc
3441 3055 3801 3119 scribereLsi

2213 3124 2318 3181 non
2345 3126 2415 3179 ob
2440 3124 2656 3192 oculos,
2682 3134 2830 3181 certe
2861 3126 2913 3180 in
2945 3136 3126 3182 mente
3153 3125 3404 3181 habuisse
3430 3140 3801 3184 memoratam

2133 3204 2180 3268 ο
2210 3196 2315 3252 divi
2338 3195 2544 3268 Paulini
2564 3196 2871 3268 epistolam.
2895 3195 3113 3256 Confer.
3134 3198 3180 3252 si
3205 3196 3396 3266 piaret,
3423 3196 3568 3268 hunc
3592 3198 3799 3266 locum,

2209 3283 2330 3323 cum
2360 3267 2452 3321 illo
2484 3267 2597 3337 qui,
2633 3278 2691 3322 ut
2716 3267 2886 3339 magis
2916 3272 3250 3339 inpromptn
3278 3267 3347 3321 sit
3370 3307 3388 3329 ,
3422 3267 3540 3339 ejus
3584 3279 3801 3339 partem

2206 3353 2312 3392 non
2341 3340 2611 3409 gravabor
2649 3338 2943 3393 ascribere.
2979 3338 3104 3393 l’ius
3140 3349 3193 3393 et
3220 3352 3315 3392 eru
3356 3339 3465 3393 itus
3489 3339 3683 3404 lector,
3712 3353 3804 3397 sat

2205 3409 2350 3482 scio»,
2395 3408 2787 3482 honestissima
2820 3410 3094 3482 voluptate
3132 3409 3475 3482 rnnlcebitur.
3523 3409 3668 3482 Ergo
3713 3412 3797 3467 sic

2203 3478 2461 3534 Paulinus
2490 3495 2503 3532 :
2538 3478 2605 3534 In
2635 3477 2956 3545 Bethlehem,
2987 3481 3093 3550 ubi;
3106 3492 3382 3550 agnouerat
3407 3478 3497 3533 bos
3524 3477 3795 3550 possesso-

2206 3564 2312 3623 rem
2335 3565 2510 3623 suum,
2532 3559 2580 3623 et
2603 3552 2784 3623 asinus
2798 3566 3033 3623 prgesepe
3065 3548 3275 3623 Domini
3297 3551 3404 3623 sui.
3436 3550 3507 3604 ibi
3526 3548 3790 3623 principes

2203 3620 2506 3686 hominum,
2537 3619 2756 3690 inﬁciati
2786 3619 3112 3676 Salvntorem
3144 3619 3339 3690 Deum.
3371 3619 3599 3690 infantes
3622 3619 3762 3675 licini

2205 3706 2329 3743 num
2358 3705 2592 3761 amores,
2638 3701 2931 3761 mortesque
2961 3694 3256 3744 coluerunt.
3278 3689 3503 3745 Prodita
3536 3707 3673 3747 nouo
3713 3696 3790 3747 si-

2203 3762 2325 3814 dere
2356 3758 2512 3832 Regis
2547 3761 2730 3815 wterni
2761 3758 2863 3832 ubi,
2880 3761 3183 3832 cunabula,
3210 3761 3480 3832 supplices
3516 3776 3640 3817 cum
3679 3768 3793 3818 suis

2205 3833 2387 3901 Opibus
2426 3830 2778 3901 adorarernnt
2824 3830 3061 3901 Chaldari
3095 3845 3114 3884 :
3144 3831 3218 3885 ibi
3251 3830 3505 3885 barbaras
3541 3832 3791 3889 libidines

2203 3899 2539 3956 sacraverant
2558 3899 2799 3956 Romani.
2825 3899 2926 3956 Ubi
2949 3914 3128 3956 natum
3151 3901 3480 3958 Saluatorem
3502 3911 3625 3956 cunt
3648 3919 3794 3958 exer-

2204 3972 2311 4026 citu
2336 3970 2639 4042 angelorum
2674 3972 3000 4026 concinentes
3034 3971 3226 4025 σαίρειί
3263 3972 3489 4042 gaudio,
3525 3974 3792 4028 salutare-

2205 4052 2360 4107 runt,
2388 4039 2655 4096 illustrant
2691 4053 2838 4095 nocte
2863 4051 3128 4108 pastores,
3167 4042 3239 4094 ibi
3268 4039 3490 4096 Veneris
3525 4047 3790 4098 amasium

2204 4114 2373 4167 mista:
2414 4113 2666 4182 sentiuiris
2697 4111 2945 4182 planxere
2972 4118 3282 4182 meretrices.
3323 4110 3422 4167 Ubi
3452 4115 3563 4167 nati
3604 4113 3792 4169 Stilon-

2205 4183 2333 4256 toris
2373 4180 2598 4256 infantia
2627 4180 3025 4256 uagierat,illic
3060 4180 3275 4256 Veneris
3318 4181 3550 4256 lamenta
3579 4184 3791 4256 ﬁngen-

2205 4253 2369 4323 t_i_um,
2400 4253 2608 4308 lascivis
2638 4251 2864 4323 luctibus
2891 4253 3105 4323 infamis
3142 4255 3274 4308 ritus
3309 4252 3551 4307 ululabat
3575 4251 3599 4307 ὲ
3622 4251 3682 4309 εἰ
3702 4256 3792 4308 ιιόὶ

2212 4320 2371 4394 Virgo
2397 4333 2696 4391 pepererat,
2728 4320 2961 4378 adulteri
2983 4323 3305 4378 colebantur.
3334 4323 3609 4380 Hactenus
3643 4327 3793 4380 anti-

2212 4403 2317 4448 stes
2345 4393 2603 4448 Nolanus.

2204 4403 2317 4449 stes
2345 4403 2603 4449 Nolanus.

2276 4462 2427 4537 (H9)
2473 4462 2686 4537 veneris
2741 4463 3071 4537 turpissimus
3136 4461 3797 4537 TahtmozAplangebatur

2830 3619 3112 3675 aleatorem
3144 3618 3339 3690 Deum.
3371 3618 3599 3690 infames
3622 3618 3797 3675 licini-

2132 4533 2458 4615 Damasius.
2508 4534 3181 4615 Multas__aboiniriatinnes
3227 4533 3483 4615 describit
3533 4533 3795 4615 tacebit-1

2205 4611 2488 4677 propheta,
2517 4616 2627 4661 tum
2658 4604 2818 4669 alibi,
2857 4614 2966 4677 tum
2995 4606 3160 4677 capit.
3190 4619 3295 4677 vui
3319 4605 3371 4659 in
3404 4619 3535 4677 quo,
3566 4615 3627 4660 ut
3654 4608 3793 4663 alias

2206 4675 2418 4742 Silearn,
2443 4689 2528 4733 est
2544 4678 2683 4739 lucc.
2710 4691 2851 4731 vers.
2881 4676 2969 4730 14.
3000 4675 3068 4730 Et
3090 4691 3227 4741 ecce,
3259 4676 3330 4729 ibi
3363 4676 3610 4730 mulieres
3634 4680 3791 4732 sede-

2207 4749 2327 4802 bant
2350 4751 2648 4819 plangentes
2675 4746 2980 4819 Adonidem.
3008 4747 3295 4819 Hebraice,
3313 4746 3397 4802 vel
3421 4747 3601 4819 potius
3625 4747 3795 4803 Chal-

2206 4816 2395 4884 daice,
2442 4816 2741 4889 plangentes
2790 4816 3097 4889 Thammuz.
3154 4816 3232 4872 Ex
3283 4818 3386 4873 hoc
3421 4816 3490 4872 ab
3534 4818 3793 4889 imperito

2205 4891 2470 4959 scripture
2517 4887 2716 4945 factum
2746 4888 2960 4943 videtur
2999 4887 3283 4953 Tahtmus;
3329 4889 3473 4959 quod
3505 4887 3687 4944 tamen
3732 4892 3789 4945 in

2205 4970 2459 5016 contextu
2494 4960 2683 5030 reliqui
2724 4960 2867 5028 quod
2895 4967 3185 5029 utrumque
3227 4959 3505 5030 exemplar
3530 4960 3585 5013 id
3626 4961 3788 5016 exhi-

2205 5033 2377 5087 beret.
2418 5028 2685 5102 Caeterum
2733 5028 3031 5102 'l‘hammuz
3054 5070 3085 5102 ,_
3120 5037 3254 5102 teste
3302 5028 3360 5084 S.
3388 5028 3787 5102 Hieronymo.

2204 5102 2471 5159 Chaldaeis
2513 5112 2570 5159 et
2607 5100 2761 5172 Syris
2789 5109 2873 5156 cst
2916 5100 3136 5172 Adonis,
3165 5100 3528 5172 impurnsille
3558 5100 3789 5172 veneris

2205 5174 2487 5240 amasius,
2534 5170 2785 5243 abfapro
2831 5172 2884 5225 in
2926 5170 3599 5243 venatione__interfectus.
3652 5170 3788 5227 Vide

2204 5243 2361 5301 Ovid.
2412 5239 2506 5301 lib.
2543 5260 2579 5298 χ
2607 5239 2888 5297 Metamor.
2925 5239 3189 5306 Macrob,
3223 5240 3313 5295 lit).
3359 5256 3419 5297 ιιι
3463 5244 3685 5297 Saturn.
3731 5253 3792 5297 et

2202 5316 2428 5374 anian.
2471 5314 2565 5371 lib.
2615 5314 2691 5369 De
2733 5314 2831 5368 dea
2864 5311 3059 5383 Syria,
3092 5313 3180 5366 ubi
3226 5311 3427 5368 luctum
3456 5314 3617 5368 istum
3661 5329 3789 5383 gra-

2201 5387 2381 5463 phice,
2406 5401 2503 5463 suo
2522 5399 2696 5463 more,
2721 5383 3288 5463 describit._C.eternm
3312 5385 3622 5463 existimant
3649 5399 3788 5463 non:

2204 5451 2334 5516 itulli
2365 5451 2593 5514 Adonidi
2634 5451 2736 5512 huc
2767 5468 2960 5509 nomen
2986 5455 3169 5523 datum
3202 5468 3234 5506 a
3270 5466 3455 5509 mense
3481 5451 3664 5520 iunio,
3690 5455 3784 5523 qui

2202 5534 2307 5588 illis
2345 5527 2553 5601 populis
2582 5527 2710 5582 item
2730 5525 2944 5601 dicitur
2977 5522 3287 5601 Thammuz.
3321 5525 3623 5601 Sedmultu
3652 5522 3781 5595 pro-

2201 5595 2434 5658 babilius
2462 5609 2545 5656 est
2571 5597 2744 5654 mensi
2773 5598 2841 5651 ab
2880 5596 2984 5650 isto
3015 5596 3222 5664 impuro
3253 5595 3556 5651 concubino
3585 5608 3783 5649 nomen

2203 5674 2534 5744 impositum,
2572 5680 2630 5744 ut
2659 5666 3088 5744 a__principibns__
3112 5665 3372 5744 Romanis
3399 5666 3507 5720 duo
3535 5664 3786 5744 Δειοιιιδιιὶ

2202 5735 2455 5811 nienses,
2501 5735 2759 5810 Quintilis
2802 5748 2857 5794 et
2901 5736 3155 5805 Sextilis,
3200 5735 3378 5792 Julius
3421 5745 3476 5791 et
3513 5737 3782 5811 Augustas

2200 5815 2351 5870 dicti.
