4034 6364
216 360 318 420 εει

1108 341 1377 405 FLORES
1409 319 1754 402 ιειητειιδιιιι
1787 338 2233 403 εΑΝοτοιιυιι.
2261 370 2301 384 -
2362 339 2472 398 LlB
2533 341 2597 396 u.

3381 338 3486 398 363

216 493 348 535 cum
405 448 494 532 illa
545 474 757 529 summa
792 458 881 527 illa
938 472 1278 544 sempiterna
1328 463 1616 535 majesms,
1649 460 1829 516 crucis
1856 464 2002 520 Aest
2034 466 2239 513 aeterna
2285 457 2560 528 Sapientia
2608 456 2672 509 ab
2719 453 2884 510 oculis
2933 453 3169 511 omnium
3220 454 3501 511 viventium

216 587 333 629 non
378 565 1031 629 ahhorruitscandalum,
1083 573 1139 620 et
1186 568 1305 635 post
1360 557 1816 629 gloriosissimum

218 662 422 718 mortis
461 659 830 731 triumphum,
885 659 938 714 in
984 657 1103 712 loco
1144 654 1235 709 ubi
1284 651 1467 707 mundi
1524 654 1823 721 appenSum

218 770 311 816 est
366 753 629 827 pretium,
687 759 745 807 et
794 752 1045 806 humanae
1088 744 1417 818 captivitatis
1467 742 1701 797 solutum
1742 751 1828 797 est

219 852 507 908 vinculum
529 888 545 914 ,
600 861 698 916 per
725 852 807 899 tot
833 857 1099 899 annorum
1129 847 1346 896 ’cursum
1370 874 1386 903 ,
1418 835 1530 907 ipsa
1563 833 1831 905 passionis

222 943 527 1017 ignominia
548 983 563 1006 ,
593 948 651 996 et
674 939 820 994 omni
849 937 1114 993 dedecore
1161 931 1433 991 dolentius
1463 928 1827 995 inaestimabili

223 1035 491 1111 patientia
514 1032 798 1104 pertulerit
815 1028 1192 1102 opprobrium,
1216 1021 1622 1096 spurcissimam
1643 1020 1831 1076 videli-

224 1137 316 1186 cet
327 1126 644 1184 idololatria:
657 1122 943 1189 cultum,et
957 1137 1062 1178 non
1083 1116 1415 1175 commoverit
1431 1126 1623 1172 terram
1635 1114 1833 1186 pariter

226 1234 275 1279 et
304 1220 492 1277 calum
520 1218 683 1291 (Agg.
716 1233 780 1284 ιι,
804 1216 876 1271 22
896 1215 939 1285 ),
969 1223 1022 1271 et
1052 1227 1150 1284 per
1182 1221 1347 1269 terrm
1372 1209 1601 1275 hiatum,
1627 1218 1689 1263 ut
1720 1205 1831 1270 Da-

224 1315 359 1369 tlzan
392 1322 438 1366 et
464 1310 661 1366 Abii-on
693 1307 892 1379 (Num.
923 1321 1013 1361 xvi
1033 1346 1048 1369 ,
1077 1304 1209 1376 51),
1243 1304 1556 1361 idololatras
1585 1301 1832 1357 inimicos

228 1420 362 1461 suos
386 1419 491 1459 non
531 1399 853 1457 demerserit
891 1399 942 1453 in
975 1398 1265 1469 abyssum;
1295 1404 1511 1452 constat
1550 1393 1829 1457 nimirum,

227 1505 456 1553 sanctos
494 1492 623 1555 Dei,
661 1505 891 1562 quorum
924 1487 1096 1558 [actus
1119 1495 1195 1542 est
1226 1488 1280 1542 in
1307 1502 1436 1558 pace
1461 1485 1625 1549 locus,
1658 1494 1706 1539 et
1736 1483 1833 1536 Ita-

228 1585 419 1640 bitatio
456 1584 510 1637 in
559 1579 687 1638 Sion
738 1577 920 1651 (Psal.
951 1578 1242 1650 Lxxv,5);
1290 1593 1398 1649 quo
1440 1592 1545 1631 non
1601 1576 1654 1631 in
1699 1589 1832 1629 aura

229 1675 432 1746 positi,
462 1687 563 1729 nec
598 1672 757 1727 thure
781 1669 974 1740 sepulti
1022 1669 1379 1741 perveniunt,
1402 1667 1586 1723 videre
1606 1680 1830 1722 suorum

231 1767 469 1824 ludibria
493 1774 548 1822 et
577 1763 912 1833 abjectioues
953 1762 1236 1832 piguerum
1258 1801 1274 1823 .
1320 1771 1376 1816 et
1402 1757 1827 1831 ﬂoccipeudere,

230 1860 381 1915 unde
407 1857 490 1914 vel
533 1857 620 1912 ubi
662 1856 1010 1919 absumatur;
1047 1852 1190 1923 quod
1231 1865 1329 1922 per
1354 1850 1546 1922 prima:
1570 1848 1823 1918 praevari-

231 1950 476 2008 cationis
514 1944 869 2018 irrcparabile
898 1943 1236 2014 dispendium
1257 1983 1272 2008 ,
1316 1955 1633 1997 concessum
1661 1950 1718 1996 et
1744 1938 1837 1995 de-

230 2053 485 2116 putatum
508 2037 930 2097 estventriculis
971 2035 1258 2091 vermium.
1303 2034 1371 2089 Et
1425 2048 1612 2088 verum
1651 2031 1837 2103 procul
1883 2082 1887 2086 _

234 2136 406 2192 dubio
427 2142 547 2200 est,
595 2130 738 2205 quod
764 2130 1055 2186 humanam
1103 2136 1352 2182 naturam
1397 2124 1633 2197 dignitas
1681 2123 1839 2195 longe

235 2224 517 2297 pracellat
556 2222 831 2294 angelica,
879 2228 936 2276 ct
984 2234 1086 2274 nec
1108 2216 1191 2272 vel
1231 2214 1535 2287 comparari
1584 2215 1840 2286 angelicae

239 2316 558 2379 subtilitati,
588 2326 643 2371 et
665 2313 945 2385 sapientia:
966 2313 1203 2367 humana
1233 2309 1407 2380 possit
1433 2323 1545 2377 ars,
1576 2318 1633 2364 et
1662 2323 1837 2378 quan-

240 2420 513 2479 tacunque
537 2407 590 2460 in
615 2406 778 2461 rebus
798 2403 1273 2461 excellentissimis
1294 2401 1568 2460 excellens
1590 2403 1837 2458 scientia.

241 2502 352 2559 Sed
407 2498 695 2573 angelicis,
744 2505 804 2552 ut
849 2498 1102 2569 religiose
1143 2496 1413 2558 creditur,
1481 2495 1750 2559 manibus,
1786 2495 1838 2549 in

244 2594 408 2650 terris
427 2593 605 2647 divina
642 2590 1048 2661 dispensatione
1076 2595 1388 2644 constructa
1419 2586 1670 2652 aedilicia,
1722 2586 1842 2641 uul-

244 2684 314 2742 lis
363 2684 548 2743 mundi
612 2682 927 2745 ornatibus,
983 2679 1129 2737 nulla
1176 2678 1624 2744 arChitectorica,
1696 2677 1841 2732 nulla

246 2788 366 2833 arte
395 2776 670 2833 mecauica
696 2783 823 2830 sunt
861 2773 1184 2844 conspicua;
1236 2771 1332 2827 sed
1360 2778 1622 2842 quantum
1660 2769 1728 2823 ad
1757 2768 1840 2823 vi-

246 2882 367 2926 sum
397 2867 711 2933 hominum,
741 2865 994 2922 humanis
1029 2863 1530 2922 canstructionihus
1569 2862 1728 2933 longe
1753 2862 1840 2916 in-

248 2959 489 3025 feriora,
551 2973 617 3014 ac
637 2957 833 3013 divina:
879 2955 1099 3012 virtutis
1137 2955 1453 3026 operatione
1489 2952 1843 3009 exmdilicatls

248 3068 387 3108 aura
410 3062 468 3108 et
494 3061 720 3121 argento
745 3049 1012 3116 basilicis,
1053 3048 1368 3105 omnimodo
1405 3056 1533 3103 sunt
1572 3045 1842 3102 excellen-

249 3144 413 3201 tiora.
466 3142 600 3198 Nam
654 3140 816 3213 longe
870 3139 1083 3196 vilioris
1136 3150 1222 3195 est
1270 3138 1563 3232 schematis
1610 3137 1758 3208 (156)
1788 3137 1839 3192 in
1870 3173 1913 3232 ο

248 3246 435 3295 monte
462 3236 714 3307 Gargano
739 3234 1020 3290 Michaelis
1044 3230 1353 3304 archangeli
1376 3231 1639 3294 ecclesia;
1676 3239 1733 3286 et
1760 3232 1843 3285 iu-

250 3344 337 3389 ter
388 3330 703 3401 ﬂuctivagus
730 3328 895 3382 maris
935 3325 1137 3392 undas,
1175 3324 1377 3397 egregii
1405 3323 1553 3396 (151)
1595 3321 1846 3379 Clemen-

250 3423 323 3478 tis
349 3436 505 3493 papa:
544 3428 603 3474 et
649 3417 904 3489 martyris
951 3414 1231 3486 templum,
1259 3413 1504 3469 inaudito
1548 3427 1579 3468 a
1627 3411 1842 3468 saeculis

250 3512 537 3578 miraculo,
572 3511 817 3582 angelico
856 3508 1059 3564 factum
1092 3506 1386 3578 mysteria.
1428 3503 1582 3577 (I52)
1632 3519 1698 3559 ex
1747 3520 1842 3559 su-

251 3619 450 3677 spensa
474 3603 609 3659 colla
627 3600 744 3671 ejus
767 3597 905 3654 mole
926 3614 983 3653 sa
992 3595 1295 3668 xea,§quam
1313 3593 1619 3650 Salomonis
1631 3594 1843 3665 sapien-

252 3697 452 3754 tissimi
479 3695 757 3751 hominum
790 3701 1066 3747 exstracta
1099 3688 1217 3744 auri
1254 3697 1308 3743 et
1341 3688 1546 3760 argenti
1577 3687 1803 3743 materia
1823 3725 1840 3748 .

251 3799 309 3845 et
357 3787 629 3858 lapidibus
682 3781 1123 3856 pretiosissimis,
1178 3788 1234 3834 et
1305 3778 1465 3849 lignis
1506 3777 1742 3833 eedrinis
1788 3786 1845 3832 et

250 3881 462 3937 th'inis
496 3879 687 3934 domus
711 3874 913 3948 typica.
946 3872 1053 3929 Sed
1100 3871 1227 3928 licet
1251 3870 1397 3925 illam
1447 3868 1699 3939 impleret
1726 3884 1842 3923 um-

251 3972 479 4028 hraticae
527 3970 663 4039 legis
712 3979 902 4039 typus,
955 3963 1151 4020 nebula
1182 3961 1277 4036 (ΙΙ
1308 3960 1495 4015 Paral.
1538 3976 1592 4024 τ,
1627 3960 1749 4033 15);
1789 3960 1842 4016 in

254 4063 340 4117 his
369 4070 550 4117 tamen
578 4066 783 4130 quanto
812 4054 971 4128 legali
1002 4054 1192 4109 umbra
1225 4052 1538 4123 prmclarior
1564 4063 1648 4107 est
1675 4068 1841 4108 evan—

250 4153 442 4225 gelica:
478 4150 614 4207 lucis
650 4150 850 4205 veritas
876 4156 932 4204 et
965 4146 1166 4218 gratia;
1201 4152 1350 4199 tanta
1376 4142 1844 4199 excellentioribus

248 4244 537 4301 miraculis
581 4242 845 4308 crebrior,
872 4249 927 4297 et
955 4239 1257 4295 evidentior
1283 4237 1626 4309 sempiternze
1651 4237 1843 4293 divini-

250 4340 418 4406 tatis,
456 4348 511 4393 et
537 4336 794 4408 angelica:
823 4332 1150 4388 visitationis
1193 4332 1456 4386 exuberat
1493 4331 1843 4401 magniﬁcen-

252 4429 355 4485 tia.
391 4428 560 4499 igitur
603 4440 724 4494 quae
760 4437 914 4478 meus
961 4431 1165 4475 tantam
1208 4422 1402 4475 divinae
1429 4418 1844 4490 dispensationis

1933 549 2064 621 (Job
2136 566 2326 613 xxvm,
2375 549 2474 618 21)
2535 549 2707 617 posuit
2752 552 2988 602 tenebras
3033 547 3313 601 latibulum
3364 564 3518 602 suum

1934 640 2128 712 (Psal.
2162 658 2296 709 xvtt,
2331 642 2451 709 12).
2490 653 2544 699 ct
2578 641 2872 695 secundum
2902 641 3187 711 mysticum
3226 654 3437 712 sponsa:
3467 640 3520 694 iu

1932 738 2287 805 epithalamio
2332 738 2622 804 exodium,
2668 736 2910 806 Sponsus
2957 733 3279 790 assimilatas
3324 748 3524 804 caprea;

1931 827 2254 898 Itinnuloque
2280 843 2549 880 cervorum
2574 824 2762 897 (Cant.
2793 841 2863 892 ιι,
2904 823 2999 897 9);
3032 824 3170 895 fugit
3206 838 3371 893 super
3404 822 3528 878 alti-

1935 918 2173 974 tudinem
2197 917 2440 983 nuhium,
2470 917 2963 988 respicentiumque
2990 915 3270 971 hominum
3300 912 3527 969 frustra.

1932 1017 2021 1063 tur
2044 1010 2318 1063 intuitum.
2364 1007 2516 1063 Sicut
2538 1005 3067 1077 iucomprehensihili
3097 1004 3286 1063 aeterni
3310 1004 3523 1061 decreti

1932 1099 2318 1155 constitutione
2363 1098 2501 1153 hunc
2545 1097 2809 1163 Immiliat,
2854 1106 2903 1152 et
2947 1096 3085 1151 hunc
3113 1099 3307 1152 exultat
3339 1093 3524 1161 (Psal.

1930 1205 2118 1255 Lxxw,
2150 1188 2252 1255 8)!;
2291 1198 2347 1244 et
2393 1189 2478 1243 his
2508 1188 2872 1258 promptuaria
2903 1189 2995 1242 dat
3022 1187 3197 1257 plena,
3244 1203 3310 1243 ea:
3352 1187 3449 1242 hoc
3470 1188 3528 1241 in

1931 1277 2067 1332 illud
2114 1279 2408 1332 eruclnnlia
2465 1275 2647 1347 (Psal.
2676 1293 2863 1343 cxutt,
2909 1276 3032 1348 15),
3066 1293 3190 1332 cum
3250 1277 3356 1333 illis
3411 1276 3526 1347 ipsa

1932 1369 2097 1423 etiam
2146 1369 2272 1423 vita:
2307 1368 2534 1442 deneget
2573 1369 2880 1423 necessaria
2909 1384 2922 1421 :
2955 1368 3034 1423 sic
3066 1382 3218 1438 atque
3257 1367 3527 1422 iuscruta-

1934 1460 2025 1516 bili
2052 1461 2403 1532 providentia:
2430 1477 2541 1517 sua:
2562 1461 2810 1528 consilio,
2834 1469 3142 1518 sanctorum
3170 1473 3385 1530 quoque
3443 1457 3496 1513 di
3511 1485 3529 1500 ο

1938 1562 2158 1623 spensat
2197 1552 2450 1625 pignera;
2484 1563 2545 1609 ut
2569 1555 2687 1610 haec
2724 1554 2941 1623 quidem
2982 1552 3037 1607 in
3067 1551 3319 1608 omnibus
3359 1559 3531 1607 matc-

1935 1645 2152 1700 rialium
2178 1661 2360 1701 rerum
2387 1646 2608 1718 optimis
2630 1662 2753 1702 cum
2778 1659 2990 1702 summa
3014 1645 3386 1701 recondantur
3415 1641 3530 1713 glo—

1934 1736 2044 1803 ria;
2079 1736 2170 1792 illa
2196 1737 2471 1792 communi
2494 1737 2660 1793 etiam
2688 1736 2962 1807 sepultura
2986 1772 3003 1803 ,
3037 1744 3092 1790 et
3112 1735 3258 1790 omni
3290 1734 3530 1790 humano

1863 1815 1906 1874 Β
1936 1836 2160 1883 careant
2204 1828 2468 1899 obsequio
2502 1838 2558 1884 et
2589 1843 2753 1895 cura;
2797 1844 2919 1882 cum
2975 1827 3233 1882 tamenin
3290 1824 3530 1881 cmlestis

1939 1920 2088 1992 regni
2115 1919 2290 1985 curia,
2316 1920 2541 1992 spiritus
2577 1935 2764 1976 eorum
2808 1919 2891 1974 vel
2920 1920 3038 1989 pari
3067 1919 3154 1974 vel
3186 1917 3529 1973 eminentiori

1936 2009 2217 2082 dignitatis
2242 2020 2299 2066 et
2321 2011 2549 2065 internae
2563 2009 2951 2065 familiaritatis
2977 2008 3332 2080 praemineant
3357 2004 3534 2061 excel-

1937 2100 2285 2157 leutia.lnter
2303 2100 2622 2172 insepultos,
2637 2116 2774 2172 quos
2793 2099 3111 2172 lluvius,faut
3125 2101 3203 2156 sol
3230 2101 3530 2172 nimbique,

1939 2193 2161 2263 diesque
2207 2193 2440 2265 longior,
2480 2193 2749 2250 resolutos
2803 2203 2961 2250 terra:
3011 2194 3257 2262 miscuit;
3297 2210 3531 2266 quorum

1940 2304 2069 2343 caro
2089 2288 2143 2343 in
2168 2288 2365 2359 pisces,
2388 2287 2443 2345 in
2465 2288 2609 2344 {eras
2633 2296 2688 2344 et
2708 2304 2837 2343 aves
2853 2288 3012 2353 abiit;
3036 2287 3201 2344 habet
3227 2288 3534 2347 fatuiIiaris-

1941 2379 2109 2433 simos
2140 2386 2291 2434 tanta
2324 2379 2377 2433 in
2413 2388 2526 2435 toto
2550 2379 2691 2436 coelo
2712 2379 3112 2451 conspectiores
3134 2389 3190 2436 et
3215 2379 3534 2438 honoratio-

1941 2486 2031 2526 res
2050 2512 2064 2536 ,
2095 2480 2302 2541 quanto
2321 2471 2374 2526 in
2405 2480 2548 2526 terra
2583 2471 2750 2528 habiti
2775 2473 3303 2544 suntdespectiores.
3327 2472 3533 2530 Damna

1940 2562 2229 2632 sepultura:
2255 2562 2653 2633 iuexcogitabili
2680 2572 2736 2619 et
2759 2562 3012 2620 inell'abili
3048 2564 3300 2636 rependit
3325 2581 3535 2623 recom-

1940 2653 2260 2724 pensatione
2280 2654 2493 2724 gloria);
2531 2664 2588 2711 et
2617 2656 2880 2727 quidquid
2909 2657 3133 2715 honoris
3163 2660 3536 2730 temporaliter

1943 2742 2127 2799 deﬁcit
2191 2745 2343 2800 carui
2412 2754 2669 2813 mortua),
2731 2747 3143 2819 incomparabili
3206 2767 3435 2809 numero
3478 2760 3537 2809 et

1942 2837 2136 2904 modo,
2168 2837 2499 2894 aeternalitcr
2526 2840 2741 2911 prolicit
2772 2850 2993 2908 sanctas,
3026 2857 3150 2898 cum
3181 2844 3383 2900 Sancto
3409 2859 3534 2902 san-

1943 2936 2153 2986 ctarum
2178 2930 2403 2995 viventi,
2434 2940 2492 2987 et
2520 2932 2809 3005 gloriosius
2838 2936 3084 3006 regnanti
3112 2937 3326 2994 animm.
3354 2940 3535 3012 Atque

1944 3021 2148 3080 idcirco
2182 3034 2545 3081 sacrosanctze
2580 3036 2891 3082 sanctorum
2928 3028 3109 3085 carnis
3148 3032 3391 3097 exuviae,
3423 3042 3534 3091 tam

1945 3115 2030 3170 hae
2066 3130 2188 3184 quae
2220 3124 2350 3172 sunt
2385 3117 2503 3173 sine
2548 3116 2765 3173 nomine
2808 3133 2873 3174 ac
2919 3120 3123 3179 honore
3167 3124 3536 3182 venerationis

1946 3207 2169 3276 debitae,
2201 3224 2366 3280 quam
2403 3208 2507 3266 illae
2534 3225 2763 3281 quarum
2799 3213 3083 3271 ornatibus
3105 3230 3296 3274 omnes
3326 3219 3533 3288 pretio-

1945 3299 2174 3355 sissimae
2207 3300 2393 3356 mundi
2425 3301 2672 3357 serviunt
2707 3303 2938 3371 divitia},
2983 3320 3194 3363 summa
3232 3311 3535 3367 reverentia

1944 3399 2073 3444 sunt
2106 3390 2438 3447 honoranda:
2469 3407 2535 3448 ac
2564 3392 2965 3464 glorificandte;
3013 3404 3068 3453 et
3100 3406 3161 3453 ut
3193 3413 3323 3455 vasa
3352 3400 3537 3457 Dami-

1945 3483 2101 3545 uica.
2141 3483 2196 3539 in
2240 3483 2441 3554 quibus
2477 3486 2755 3542 recondita
2805 3495 2933 3543 sunt
2974 3488 3306 3561 septiformis
3346 3492 3536 3565 gratiae

1945 3574 2109 3638 dona,
2139 3573 2524 3644 amplectende
2551 3590 2615 3630 ac
2655 3577 3020 3646 admirandae,
3049 3588 3105 3636 et
3131 3581 3301 3637 oculis
3325 3591 3381 3640 et
3407 3599 3531 3656 ore,

1945 3663 1991 3719 si
2023 3663 2205 3730 liceat,
2235 3664 2611 3737 contingenda:
2640 3684 2705 3724 ac
2730 3669 3060 3727 osculandae.
3099 3671 3268 3745 igitur
3295 3685 3354 3731 ut
3377 3693 3534 3734 oscuo

1945 3760 2123 3818 lentur
2150 3780 2245 3819 nos
2274 3763 2452 3819 osculo
2477 3766 2586 3821 oris
2614 3767 2699 3822 sui
2726 3767 2902 3841 (Cant.
2935 3785 2975 3832 ι.
3009 3770 3087 3840 1),
3114 3772 3299 3829 osculo
3334 3773 3533 3833 interni

1946 3855 2149 3911 amoris
2170 3855 2274 3918 sui,
2298 3868 2489 3912 omnes
2512 3871 2579 3912 ex
2607 3857 2826 3927 pulvere
2846 3859 3072 3924 conditi,
3098 3863 3192 3918 sed
3218 3862 3358 3919 ultra
3386 3881 3538 3921 com-

1945 3961 2165 4003 munem
2215 3943 2451 4015 pulveris
2502 3948 2866 4005 conditionem
2910 3952 3214 4009 sanctitatis
3258 3955 3429 4026 gloria
3477 3962 3536 4013 et

1947 4035 2152 4097 honore
2188 4040 2463 4098 sublimati
2494 4039 2649 4093 electi
2689 4037 2811 4106 Dei;
2845 4055 3034 4096 eorum
3070 4054 3415 4101 sacrosancta
3451 4048 3532 4115 pi-

1946 4147 2112 4203 gnora
2143 4144 2202 4190 et
2228 4135 2441 4189 nomina
2470 4138 2665 4205 scripta
2698 4135 2753 4188 in
2780 4133 2913 4187 libro
2953 4134 3071 4189 vita
3095 4144 3152 4193 et
3177 4137 3313 4207 Αθηὶ
3343 4137 3529 4208 (Apoc.

1947 4234 2068 4288 xm,
2094 4225 2179 4289 8).
2209 4240 2314 4279 non
2341 4234 2768 4297 prmsumptuasa
2797 4225 3102 4282 temeritate
3120 4267 3136 4293 ,
3166 4228 3259 4283 sed
3286 4237 3345 4284 ut
3365 4227 3533 4285 Maria

1944 4312 2073 4371 olim
2105 4315 2267 4387 impia
2292 4317 2559 4385 peccatrix
2587 4331 2733 4372 nunc
2769 4324 3114 4388 peccatorum
3145 4317 3234 4389 pia
3260 4319 3540 4375 interven-

1902 4472 1917 4488 .
1947 4410 2053 4464 trix
2082 4421 2228 4465 stans
2257 4419 2395 4465 retro
2422 4410 2613 4465 osculis
2646 4409 2800 4475 fovit,
2827 4408 3075 4480 laerymis
3104 4409 3266 4479 lavit,
3302 4412 3541 4469 trrinibus

246 4524 514 4594 abygsum
543 4527 826 4590 penetret,
864 4514 987 4586 quis
1013 4522 1205 4586 penset
1230 4528 1393 4582 quam
1437 4513 1841 4568 ordinatissima
1878 4524 1920 4579 ι)
1946 4504 2092 4558 tersit
2134 4503 2288 4573 pedes
2327 4501 2533 4594 Domini
2566 4502 2716 4571 (Luc.
2748 4518 2849 4567 \‘tl,
2889 4501 2978 4566 37,
3010 4503 3103 4576 58)
3136 4522 3151 4558 :
3190 4503 3281 4560 Sic
3312 4505 3537 4562 deoscu-

250 4614 565 4687 provisiouc
604 4611 785 4666 omnia
819 4610 1089 4681 dispenset
1137 4622 1200 4662 ac
1245 4606 1495 4661 ordinet?
1524 4605 1841 4660 Abscondita

329 4815 480 4889 (150)
500 4814 567 4868 In
581 4823 750 4889 monte
766 4809 1304 4889 Qargano_._lliehaelis
1324 4811 1467 4889 arra.
1495 4807 1730 4889 (relesia.
1753 4805 1840 4889 ln-

247 4876 419 4944 venta
448 4876 592 4940 anno
612 4884 816 4939 Christi
847 4876 975 4939 ωδ.
997 4882 1266 4952 Sigehert.
1294 4891 1349 4936 et
1377 4880 1656 4952 Duronius.
1688 4876 1840 4952 Unde

250 4960 438 5085 adhuc
466 4959 520 5013 iu
564 4955 657 5010 Dei
695 4954 970 5019 Ecclesia,
1009 4947 1224 5010 celeber
1257 4951 1374 5006 dies
1413 4947 1783 5021 Apparitiouis
1806 4947 1842 5005 8

311 5045 406 5083 all.

311 5045 406 5083 all.

329 5098 479 5171 (151)
516 5094 800 5171 Clementis
836 5110 985 5171 pupis
1015 5104 1063 5149 et
1103 5092 1350 5163 martyris
1393 5089 1662 5160 templum.
1708 5087 1843 5145 Vide

232 5166 470 5235 ,ηεξ-οη(
490 5182 635 5223 anno
659 5166 859 5223 Christi
888 5166 1011 5220 l02.

333 5237 604 5312 (152)]Ξζσ
622 5253 873 5312 suspensa
899 5237 1034 5312 colla
1055 5234 1171 5307 ejus
1194 5233 1329 5312 male
1351 5247 1541 5312 saxea._
1561 5229 1715 5312 Unde
1741 5230 1844 5287 hoc

254 5302 787 5368 noster'Thiol'ridus
823 5302 1091 5371 hauserit,
1111 5305 1360 5376 equidem
1395 5303 1599 5358 nescia.
1646 5302 1719 5357 De
1747 5317 1844 5356 au-

255 5383 426 5439 chora
455 5380 506 5435 id
533 5395 599 5435 ex
629 5378 783 5434 Actis
811 5386 1047 5432 constat.

329 5452 490 5524 (15⁸5)
518 5448 738 5524 Capillis
777 5449 1042 5524 historico.
1064 5454 1113 5501 et
1152 5444 1434 5524 allegorica
1472 5451 1841 5524 sensu__terqa-

252 5513 399 5580 mus.
430 5513 668 5582 Ultrovis
689 5513 870 5584 modo,
895 5516 1090 5589 inquit,
1117 5513 1451 5589 accipiantur
1473 5513 1675 5589 ραρίιιε,
1705 5513 1841 5589 sive,

252 5596 513 5664 inquam,
542 5606 706 5664 sensu
739 5584 987 5664 proprio;
1024 5584 1407 5664 et_histo_rico,
1441 5584 1557 5640 sive
1592 5584 1842 5664 mystico,

242 5653 590 5734 ,iis'utamur
618 5663 684 5717 ad
716 5653 1035 5734 tergendum
1073 5657 1176 5714 SS.
1210 5658 1526 5734 pignoraet
1560 5653 1841 5724 reliquias.

256 5736 328 5793 Et
354 5737 572 5806 quidem
611 5724 831 5803 capillis
860 5731 1015 5802 ipsis,
1045 5724 1266 5806 proprie
1278 5724 1375 5783 sic
1400 5724 1561 5783 dictis
1583 5734 1846 5806 ,_tergere

256 5797 530 5873 videmur,
558 5797 898 5862 cum'eoruni
934 5797 1132 5870 gradus
1147 5797 1426 5856 "ostiorum
1456 5797 1692 5863 exterit,
1734 5812 1843 5852 uau

664 5899 939 5960 PATROL.
969 5894 1215 5956 CLVII.

1944 4595 2137 4659 lantur,
2178 4604 2233 4649 et
2272 4593 2478 4664 proﬂua
2521 4597 2740 4651 ﬂetuum
2783 4596 2928 4651 fonte
2970 4596 3246 4666 rigemus;
3294 4608 3349 4653 et
3385 4595 3541 4669 (155)

1945 4810 2037 4868 pes
2065 4805 2250 4851 noster
2270 4839 2284 4862 ,
2306 4795 2662 4868 Aquadmonet
2689 4793 2941 4868 Sapiens,
2971 4797 3194 4851 sensatis
3222 4811 3345 4853 esse
3366 4812 3538 4854 nono-

1945 4862 2021 4922 ris
2050 4862 2419 4939 exhibendum
2444 4864 2627 4939 (Eccl.
2651 4881 2729 4932 vt,
2766 4862 2882 4939 36).
2927 4869 3019 4922 sed
3055 4876 3211 4939 eaput
3250 4879 3537 4936 uestrum,

1943 4935 2208 5009 profunda
2234 4935 2536 5009 humilitate
2562 4936 2629 4990 ad
2654 4935 3029 5009 solum'usque
3054 4935 3393 5009 inclinatum.
3426 4935 3534 4996 Ne;

1944 5005 2048 5077 que
2081 5006 2306 5079 nimium
2334 5020 2363 5059 a
2392 5005 2549 5061 nobis
2573 5005 3021 5079 postulaturgcum
3053 5008 3106 5064 id
3137 5011 3533 5079 prtescrihitut',

1944 5094 2067 5133 cum
2098 5077 2265 5148 etiam
2305 5092 2447 5148 reges
2474 5086 2523 5131 el
2583 5078 2778 5148 regina:
2806 5077 2952 5133 vultu
2991 5080 3047 5134 in
3075 5077 3272 5136 terram
3311 5084 3541 5137 demisso

1945 5150 2165 5223 adorent
2186 5146 2497 5223 Ecclesiam
2524 5189 2539 5213 ,
2583 5146 2932 5217 et'pulverem
2958 5150 3146 5223 pellunt
3189 5151 3308 5223 ejus
3335 5152 3539 5223 lingunt

1946 5218 2264 5291 (Isa._xux,
2291 5216 2404 5287 25).
2444 5216 2562 5291 lam
2596 5216 2778 5274 autem
2800 5234 2922 5291 quae
2958 5216 3230 5277 nobiliora
3279 5216 3546 5277 Ecclesia

1945 5287 2415 5361 membra,_qua_m
2440 5288 2518 5361 de;
2551 5301 2779 5355 quorum
2807 5287 3058 5361 pretiosis
3102 5291 3411 5361 pulveribus
3449 5292 3540 5347 hic

1944 5366 2132 5432 noster
2156 5357 2308 5432 agit}
2333 5357 2521 5432 Capilli
2548 5373 2710 5432 porro
2732 5357 2892 5432 sensu
2920 5357 3242 5432 allegorica,
3272 5362 3323 5432 si
3349 5368 3545 5416 sancto

1945 5427 2217 5499 Gregorio
2234 5427 2394 5497 (libro
2414 5427 2613 5496 quinto
2640 5429 2944 5496 Moralium,
3006 5427 3243 5499 capitulo
3276 5431 3545 5485 vicesimo

1949 5498 2130 5567 tertio)
2160 5498 2386 5569 aliisque
2429 5499 2683 5555 Patribus
2706 5502 3017 5566 credimus,
3050 5498 3175 5555 sunt
3211 5502 3352 5557 bona
3399 5509 3544 5553 tem-

1946 5569 2170 5642 poralia,
2199 5578 2258 5624 ut
2285 5583 2498 5638 aurum,
2536 5581 2840 5642 argentum,
2870 5585 3117 5642 gemmae.
3146 5585 3269 5640 qua!
3292 5570 3539 5625 ’I‘hiol'ri-

1944 5638 2046 5697 dus
2068 5640 2119 5695 in
2150 5648 2461 5710 sanctarum
2486 5638 2841 5710 reliquiarum
2871 5638 3249 5698 autument.qu
3280 5650 3337 5699 et
3364 5642 3545 5698 hono-

1947 5728 2061 5769 rem
2096 5708 2421 5769 cont‘erenda
2452 5708 2636 5769 docet}

3185 5886 3270 5954 12

4015 4520 4017 4537 4

4015 4650 4017 4671 1

4016 4740 4017 4761 ι

4016 5214 4017 5247 1

4012 5252 4018 5273 4

4016 5814 4017 5857 1

4014 5860 4018 5893 1

4015 5900 4017 5929 ὲ

4016 5952 4017 5971 ι
