3986 6508
532 387 644 446 363

1526 378 1865 437 TlllOFBlDl
1900 378 2189 437 ABBATIS
2221 380 2790 439 EFTEBNACENSIS

3644 387 3727 454 561

538 514 747 585 capillis
782 512 1059 577 hislorlco,
1093 521 1147 567 et
1177 508 1472 579 allegorico
1512 519 1672 559 sensu
1712 516 1981 578 tergamtts
2015 514 2121 560 tota
2151 515 2199 572 Α
2224 514 2269 557 et
2300 515 2557 568 sceptrum
2585 504 2841 557 exactoris
2870 503 3016 571 ejus,
3047 502 3113 557 de
3154 503 3346 558 divina:
3370 506 3614 573 aequitatis
3633 513 3745 577 judi.

541 609 843 664 intentione
874 616 927 661 et
960 603 1316 674 applicatione
1343 602 1507 655 animi
1550 601 1695 673 (154)
1729 619 1742 655 ;
1774 600 1900 671 quia
1940 599 2117 655 vestiti

533 698 736 757 vellere
771 698 905 767 Agni
953 694 1278 750 immaculati
1322 694 1558 759 Christi,
1603 695 1715 747 sine
1753 691 1961 747 macula
1997 701 2118 746 sunt

533 802 653 846 ante
680 790 852 844 sedem
878 787 976 841 Dei
1003 796 1058 839 et
1093 785 1225 856 Agui
1258 788 1440 855 (Apoc.
1476 802 1584 850 xw,
1618 786 1694 852 5).
1736 784 2012 839 Consortes
2038 784 2119 837 di-

529 883 660 937 vina:
683 877 993 947 natural]!
1012 876 1155 930 Petr.
1185 893 1223 941 t,
1246 878 1299 945 1)
1321 887 1439 931 sunt
1467 879 1519 930 in
1545 876 1764 930 Domino
1787 876 1878 929 lux
1900 874 2113 947 (Ep/tes.

526 987 577 1036 γ,
617 964 670 1038 8)
709 985 722 1021 :
755 977 808 1021 et
838 966 1090 1022 incedunt
1118 983 1211 1036 per
1241 967 1396 1032 viam,
1431 983 1525 1036 per
1551 984 1707 1037 quam
1734 966 1995 1035 spargitur
2025 966 2117 1018 tua:

524 1050 647 1128 (Job
713 1073 953 1122 xxxvttt,
988 1056 1080 1124 24)
1105 1098 1119 1120 ,
1160 1065 1214 1112 et
1249 1057 1376 1111 dum
1418 1066 1694 1111 mutantur
1734 1056 1797 1109 de
1836 1054 2114 1125 temporali

523 1147 764 1206 claritate
807 1153 861 1204 in
900 1159 1160 1205 :eternam
1203 1148 1497 1204 claritatem
1538 1159 1789 1219 tanquam
1830 1166 1862 1201 a
1903 1147 2115 1202 Domini

523 1233 726 1311 Spiritu
756 1238 840 1310 (11
872 1241 994 1296 Cor.
1020 1252 1106 1308 nt,
1142 1240 1252 1313 18),
1286 1240 1483 1295 interni
1511 1240 1815 1311 splendoris
1839 1239 1917 1293 sui
1949 1237 2114 1293 radiis

524 1334 782 1390 dilectum
812 1348 1027 1403 quoque
1051 1333 1288 1388 cinerem
1316 1348 1496 1398 suum,
1533 1332 1804 1387 hominem
1843 1330 2114 1385 illustrant

522 1425 853 1481 exteriorem
899 1441 912 1475 :
958 1430 1118 1492 quem
1156 1422 1311 1493 juxta
1357 1421 1749 1478 lucidissimum
1803 1420 2109 1491 theologum

526 1517 849 1587 Gregorium
880 1515 1122 1571 exterius
1155 1523 1504 1585 g’estaverunt
1535 1514 1760 1569 internze
1800 1513 2111 1569 intentionis

483 1628 488 1637 ι
526 1626 637 1663 suae
663 1624 729 1663 ae
757 1606 909 1662 bona:
933 1607 1263 1677 operationis
1290 1604 1589 1675 adjutorem
1619 1605 1786 1676 (155).
1820 1605 2111 1674 Lampudes

525 1700 665 1769 apud
698 1698 1032 1769 cogitationes
1062 1699 1277 1753 divitum
1315 1698 1582 1753 exteriora
1629 1698 1925 1752 carnaliter
1963 1698 2109 1768 judi-

523 1793 779 1860 cantiunt,
813 1800 1137 1862 contempta',
1170 1792 1259 1845 sed
1288 1792 1341 1845 in
1367 1801 1566 1860 tempus
1597 1800 1850 1845 statutum
1884 1801 2105 1859 parum,

524 1884 788 1956 fulgorem
815 1899 971 1938 suum
998 1892 1250 1948 exerunt,
1273 1892 1327 1937 et
1349 1894 1546 1952 quanta
1574 1882 1820 1938 claritate
1843 1881 2105 1953 fulgeant,

523 1976 834 2042 ostendunt,
872 1976 997 2031 dum
1039 1975 1212 2030 lucem
1249 1973 1459 2045 gloriae,
1487 1990 1649 2044 quam
1686 1975 1739 2029 in
1776 1976 1957 2030 carnis
1986 1991 2106 2029 car-

523 2085 646 2125 cere
677 2068 846 2124 clausi
878 2083 982 2123 non
1013 2067 1340 2132 habuerunt,
1372 2068 1693 2133 mirabilius,
1724 2069 1849 2123 dum
1876 2069 2107 2140 desuper

520 2163 763 2233 fulgent,
806 2162 859 2216 in
896 2160 1189 2216 dissolutos
1230 2161 1441 2215 cineres
1477 2174 1639 2220 suos.
1676 2167 1730 2213 et
1767 2160 2105 2228 patrediuent

518 2254 921 2311 transfundunt.
956 2253 1105 2308 Diem
1135 2254 1200 2307 de
1225 2253 1341 2316 die,
1375 2252 1559 2314 Deum,
1591 2252 1680 2321 qui
1712 2251 1911 2305 habitat
1937 2251 2105 2306 lucem

516 2344 970 2409 inaccessibilem,
1028 2345 1252 2398 interna:
1302 2342 1772 2414 contemplationis
1828 2345 2105 2414 perspica-

515 2436 739 2489 cissitno
783 2433 1221 2504 contemplantur
1265 2432 1507 2498 lmnine;
1551 2440 1606 2486 et
1650 2432 1868 2502 Agnus,
1913 2435 2001 2503 qui
2047 2436 2104 2488 in

516 2525 686 2579 medio
718 2526 891 2579 throni
931 2535 1036 2589 est,
1067 2524 1214 2579 utnni
1247 2539 1340 2579 eos
1382 2524 1683 2595 majestatis
1727 2539 1837 2578 sum
1872 2523 2103 2579 illustrat

510 2618 724 2687 jubare.
757 2617 1126 2673 Lucidissima:
1154 2626 1281 2672 sunt
1308 2617 1560 2683 lucernae,
1591 2632 1620 2670 a
1662 2633 1779 2671 cera
1815 2616 1948 2681 luce,
1985 2634 2102 2687 qua:

515 2709 774 2764 illuminat
805 2727 1007 2764 omnem
1037 2710 1320 2776 hominem,
1353 2725 1593 2765 accensae
1621 2752 1636 2777 ,
1666 2724 1721 2767 et
1749 2730 1846 2785 pro
1875 2711 2101 2767 diversi-

514 2809 630 2853 tate
673 2801 1018 2864 meritorum,
1053 2808 1108 2854 et
1144 2799 1429 2864 doctrinae,
1464 2814 1527 2855 ac
1557 2800 1870 2872 sapientiae,
1900 2800 2101 2872 fulgent

509 2892 665 2961 quasi
707 2891 953 2962 splendor
981 2891 1332 2960 firmamenti,
1380 2902 1426 2945 et
1457 2895 1606 2963 quasi
1639 2894 1800 2949 stella:
1828 2896 1882 2949 in
1922 2911 2102 2965 perpe-

508 2996 629 3039 tuas
654 2986 991 3051 teternitates,
1027 2999 1122 3055 per
1149 2983 1624 3055 incomparabilem
1663 2997 1718 3040 et
1749 2987 2097 3042 inmstimabi-

509 3076 615 3131 lem
663 3077 1003 3147 Splendorem
1051 3076 1193 3131 Solis
1237 3075 1498 3147 justitiaa,
1538 3079 1628 3149 qui
1677 3079 1824 3135 solus
1872 3080 2096 3152 mystica

508 3172 720 3225 ratione
765 3170 1014 3224 micantes
1068 3168 1217 3240 (156)
1264 3166 1553 3237 Pleiadas,
1601 3182 1819 3226 sanctos
1867 3186 2090 3238 omnes,

506 3262 708 3318 divisos
745 3262 963 3331 quidem
1000 3270 1271 3331 tempore,
1320 3262 1414 3316 sed
1448 3277 1553 3316 non
1592 3262 2003 3332 praedicatione,
2036 3271 2091 3317 et

505 3353 861 3410 dissimilibus
888 3352 1174 3409 virtutibus
1207 3353 1458 3423 praeditos
1483 3394 1498 3418 ,
1531 3353 1739 3424 fulgore
1768 3354 1925 3408 unius
1950 3353 2090 3423 ejus-

502 3447 736 3518 demque
772 3446 1117 3511 intentionis,
1163 3446 1318 3500 uuire
1361 3457 1415 3500 et
1450 3446 1762 3517 conjungere
1804 3460 1864 3500 ac
1904 3461 2088 3515 gyrum

501 3540 737 3606 Arcturi,
774 3539 987 3593 labores
1015 3546 1215 3592 saneta:
1247 3534 1499 3592 Ecclesia:
1522 3577 1536 3601 ,
1568 3527 1743 3606 potest
1770 3536 2085 3606 disjungere,

500 3640 556 3686 et
579 3630 633 3684 in
665 3631 903 3701 requiem
931 3640 1261 3702 permutare,
1287 3638 1341 3684 et
1368 3638 1738 3699 transponere.
1771 3626 1837 3683 In
1858 3628 1943 3681 die
1970 3626 2090 3681 Μα-

501 3726 664 3790 dian,
706 3723 858 3794 cujus
900 3734 983 3780 est
1026 3722 1430 3794 interpretatio,
1461 3721 1524 3775 de
1552 3720 1787 3791 judicio,
1821 3721 1888 3775 ad
1934 3738 2086 3791 supe-

503 3821 731 3872 randum
759 3818 947 3890 jugum
991 3818 1163 3873 oneris
1203 3816 1342 3886 ejus,
1384 3824 1432 3870 et
1463 3815 1660 3886 virgam
1700 3814 1902 3867 humeri
1943 3814 2084 3883 ejus,

576 3946 900 4017 (154)70uia
933 3947 1103 4003 vestiti
1126 3945 1311 4002 vellere
1338 3946 1472 4017 Agni
1501 3944 1845 4017 immaculati.
1880 3945 2088 4000 Lavan-

501 4015 599 4072 dos
628 4015 835 4088 proﬂno
856 4018 1077 4073 ﬂetuum
1125 4020 1273 4071 fonte
1306 4032 1348 4088 a7
1375 4016 1563 4081 nobis,
1602 4017 1654 4088 in
1691 4015 2087 4088 suisgreliquiis

501 4086 877 4159 Vtiltsattclos,
910 4089 1050 4143 sicut
1077 4104 1208 4145 oves
1232 4087 1482 4159 agnique,
1511 4086 1676 4142 certis
1705 4086 1831 4141 anni
1878 4095 2087 4157 tempo-

496 4158 674 4225 ribus,
702 4159 866 4214 lavari
901 4160 1092 4214 solent.

571 4229 719 4299 (155)
761 4228 1052 4299 Lampadcs
1088 4230 1229 4299 apud
1267 4228 1625 4299 cogitationes.
1671 4229 1748 4284 De
1788 4227 1876 4284 his
1917 4228 2083 4283 multa

488 4298 869 4370 'S.Greg0rius
889 4298 981 4354 lib.
1006 4316 1060 4355 χ.
1093 4298 1303 4364 Moral.,
1334 4298 1395 4370 7c.
1421 4299 1492 4354 28
1522 4314 1677 4369 seqq.

568 4368 716 4441 (156)
760 4368 1026 4441 Pleiadas.
1069 4370 1146 4425 De
1172 4370 1257 4426 bis
1290 4379 1346 4426 et
1374 4368 1729 4435 Arctet-met
1756 4370 1952 4426 iterum
1989 4385 2082 4425 su-

480 4456 591 4511 ‘pt‘a
625 4442 727 4496 hoc
762 4440 856 4511 lib.
891 4456 939 4494 c.
969 4440 1021 4495 5.
1884 4509 1897 4511 4
2016 4485 2022 4496 .

568 4511 717 4580 1157)
757 4509 1168 4580 Interpretatur,
1205 4525 1492 4566 CIBCUIENS
1524 4527 1578 4566 IN
1630 4526 1825 4567 ureao.
1880 4509 1955 4565 De
1987 4526 2082 4563 no-

2222 596 2327 662 cio,
2358 597 2456 651 sub
2479 611 2607 650 vero
2636 605 2692 651 et
2722 594 2919 650 invicto
2951 594 3086 648 duce
3114 592 3385 659 Gedeone,
3412 598 3627 655 virorum
3656 603 3742 659 for-

2222 684 2461 751 tissime,
2506 685 2599 756 qui
2638 683 2791 741 fortis
2829 694 2881 739 et
2928 694 3116 754 potens
3155 686 3208 738 in
3245 686 3429 755 prtelio
3453 727 3467 753 ,
3509 690 3744 755 divinitate

2219 787 2414 833 cuncta
2442 777 2958 849 circumplectendo,
3000 787 3047 832 et
3082 777 3468 833 humanitatem
3499 782 3619 838 intra
3655 800 3745 845 uie.

2221 883 2337 921 rum
2383 876 2655 937 perpetua:
2702 867 2927 938 virginis
2968 868 3330 936 assumendo,
3377 870 3585 939 mystice
3627 876 3743 951 (157)

2217 955 2637 1027 interpretatur,
2696 957 2964 1011 circuiens
3021 957 3074 1011 in
3134 960 3306 1012 utero;
3375 957 3601 1029 lnsiguiti
3647 972 3744 1020 tlttttt

2218 1048 2431 1120 (Ezecli.
2471 1065 2549 1116 tx,
2589 1049 2644 1121 4)
2689 1049 2864 1105 erucis
2904 1048 3218 1105 charactere
3259 1050 3514 1120 mystico,
3545 1063 3593 1107 et
3626 1056 3745 1129 (258)

2216 1140 2460 1211 ejusdem
2516 1134 2770 1198 elementi
2828 1152 2952 1195 nota
3004 1134 3334 1212 prtetitulato
3389 1145 3620 1199 reccnsiti
3667 1163 3744 1200 tut-

2214 1251 2356 1290 mero
2408 1235 2599 1306 (159),
2654 1250 2761 1305 quo
2811 1235 3128 1304 designatur
3177 1233 3465 1289 individua:
3513 1235 3745 1295 Trinitatis

2215 1326 2458 1396 perfecta
2509 1328 2772 1398 cognitio;
2828 1327 3137 1381 Itzuricntcs
3176 1324 3372 1380 ﬂuenta
3424 1329 3635 1383 nrauirw
3673 1332 3747 1385 do-

2213 1422 2400 1475 ctrina:
2434 1419 2627 1490 poplite
2670 1431 2806 1474 rccto
2850 1419 3052 1487 (.ludic.
3095 1436 3169 1473 vtt
3196 1461 3210 1483 ,
3247 1420 3340 1491 ϐ),
3384 1436 3450 1474 ne
3484 1420 3579 1474 ulla
3617 1422 3662 1476 iu
3686 1426 3749 1481 eis

2213 1520 2356 1566 esset
2409 1526 2631 1581 operum
2683 1511 3002 1574 dissolutio;
3057 1511 3267 1565 animas
3318 1526 3445 1566 suas
3491 1529 3578 1582 μ’.)
3624 1515 3749 1570 domo

2212 1601 2394 1666 Israel,
2435 1603 2690 1659 inusitato
2735 1612 2791 1657 et
2838 1603 3077 1656 inaudito
3107 1619 3133 1655 a
3166 1603 3378 1657 saaculis
3417 1620 3594 1674 pugnae
3618 1620 3748 1676 appi-

2213 1702 2330 1748 ratu
2359 1735 2373 1759 ,
2427 1695 2744 1764 optulerunt
2789 1694 3087 1749 discrimini
3141 1695 3195 1749 in
3244 1694 3384 1750 bello
3433 1696 3747 1753 Madiauilico.

2214 1783 2393 1839 Stella:
2418 1797 2684 1839 manentes
2716 1786 2768 1838 in
2800 1786 2983 1838 ordine
3008 1795 3054 1839 et
3086 1802 3244 1839 cursu
3272 1802 3392 1852 suo,
3419 1786 3749 1841 dimicaverunt

2139 1870 2182 1930 Β
2213 1874 2414 1947 (Judic.
2446 1892 2499 1941 v,
2529 1876 2622 1949 20)
2663 1886 2849 1931 contra
2886 1877 3126 1939 Madian,
3157 1885 3209 1931 et
3242 1877 3391 1947 (160)
3440 1888 3575 1931 metu
3596 1878 3749 1947 judicii

2207 1976 2638 2038 internarumque
2667 1983 2983 2039 pmnarnm,
3026 1968 3250 2023 turbata:
3292 1979 3414 2022 sunt
3455 1969 3603 2040 pelles
3629 1980 3749 2026 teme

2210 2058 2435 2113 Iladian
2467 2058 2695 2129 (llubac.
2730 2077 2812 2129 ιη,
2846 2061 2921 2132 7).
2966 2059 3223 2115 Dominus
3248 2061 3301 2115 in
3335 2061 3552 2129 [ortibus
3570 2061 3752 2116 dimica-

2206 2155 2279 2209 vit
2303 2153 2506 2226 (Judic.
2537 2171 2590 2221 v,
2641 2156 2728 2226 15)
2753 2198 2769 2225 ,
2800 2164 2848 2210 et
2882 2171 3011 2210 nova
3051 2154 3185 2210 bella
3228 2155 3381 2225 elegit
3411 2155 3661 2228 (ibid.,8).
3685 2160 3749 2212 An

2206 2263 2311 2301 non
2337 2258 2417 2303 est
2446 2264 2667 2317 novum,
2696 2259 2744 2302 cl
2772 2250 2991 2303 omnino
3017 2249 3314 2315 insolitum,
3340 2266 3461 2303 cum
3488 2251 3630 2315 tubis,
3653 2266 3751 2305 cum

2205 2338 2564 2408 lampadibus,
2598 2356 2719 2394 cum
2760 2339 2958 2409 lagenis
2992 2339 3191 2409 (Judic.
3240 2355 3347 2405 vtt,
3393 2340 3482 2408 16)
3519 2340 3685 2394 venire.
3710 2342 3750 2393 in

2204 2432 2468 2500 praelium.
2500 2431 2780 2501 Principes
2819 2431 3009 2497 lsrael,
3042 2440 3101 2485 ut
3136 2432 3366 2503 populus
3414 2431 3612 2487 Domini
3640 2432 3754 2486 obti-

2205 2534 2356 2580 neret
2390 2526 2744 2596 principatum
2767 2568 2781 2593 ,
2819 2526 2919 2582 sub
2964 2527 3098 2582 duce
3135 2541 3233 2580 suo
3274 2527 3419 2581 tubis
3456 2524 3748 2596 evangelica:

2202 2619 2601 2687 praedicationis
2657 2618 2973 2675 cecinerunt
3025 2638 3038 2672 :
3094 2617 3315 2688 lagenas
3365 2618 3753 2689 conlrcgerunt.

2203 2708 2328 2763 dum
2360 2725 2585 2778 corpora
2626 2726 2721 2765 sua
2753 2709 2992 2764 omnium
3036 2710 3422 2764 adversitatum
3465 2709 3642 2781 gladiis
3664 2751 3677 2775 ,
3711 2718 3754 2762 et

2197 2802 2394 2873 jaculis
2429 2803 2744 2857 resolvenda
2789 2813 3157 2874 opposuerunt
3187 2821 3201 2857 :
3234 2813 3290 2857 et
3328 2803 3653 2873 lampadibus
3686 2817 3755 2856 re-

2200 2894 2607 2965 spleuduerunt,
2640 2897 2765 2950 dum
2793 2907 2913 2965 post
2941 2896 3323 2951 resolutionem
3352 2911 3647 2965 corporum,
3674 2895 3753 2947 mi-

2200 2985 2401 3041 raculis
2431 2995 2876 3041 coruscavcrunt.
2912 2985 3183 3056 [liminum
3214 2988 3277 3040 de
3304 2986 3520 3040 canticis
3547 2984 3682 3047 Sion,
3708 2985 3755 3037 iu

2198 3085 2337 3130 terra
2372 3075 2546 3131 aliena
2584 3078 3009 3132 decantaverunt
3057 3074 3229 3149 (Psul.
3273 3092 3498 3144 cxxxvr,
3535 3067 3586 3143 5,
3614 3078 3683 3147 4),
3709 3078 3755 3129 iu

2199 3168 2335 3225 tubis
2365 3168 2648 3224 ductilibus
2693 3167 2866 3240 (Psal.
2907 3185 3071 3231 xcvu,
3114 3168 3191 3238 G),
3222 3170 3453 3225 diversis
3499 3170 3759 3239 tunsipas—

2196 3262 2459 3327 sionibus,
2486 3268 2541 3317 et
2565 3262 2839 3318 durissimi
2871 3262 3048 3316 mallei
3076 3263 3345 3317 continuis
3373 3271 3428 3317 et
3466 3260 3754 3317 incessanti-

2193 3354 2332 3422 bus,
2374 3369 2472 3411 nec
2515 3370 2748 3426 unquam
2793 3355 3179 3426 parcentibus,
3226 3356 3468 3426 percussi
3510 3363 3563 3411 et
3596 3353 3756 3409 amicti

2196 3447 2412 3503 ictibus.
2462 3446 2636 3503 Mallei
2668 3449 2890 3517 inquam
2924 3448 3066 3503 illius
3102 3448 3237 3503 diris
3282 3448 3454 3504 attriti
3486 3449 3754 3520 percussio-

2192 3539 2373 3607 nibus,
2408 3539 2474 3594 de
2502 3553 2609 3608 quo
2637 3547 2973 3609 protestatur
2997 3540 3258 3609 prOpbeta
3291 3541 3563 3596 veridicus
3588 3558 3601 3592 :
3627 3537 3751 3593 Cou-

2192 3633 2345 3686 tritus
2373 3641 2447 3686 est
2477 3632 2731 3687 universa:
2772 3642 2926 3685 terra:
2957 3632 3199 3686 malleus.
3238 3631 3555 3687 Dominatcr
3592 3632 3755 3686 Domi-

2192 3741 2293 3781 nus
2316 3766 2331 3791 ,
2364 3725 2660 3779 secundum
2689 3723 2837 3795 (161)
2883 3723 3078 3779 nobilis
3107 3765 3121 3788 ,
3164 3731 3218 3778 et
3256 3725 3477 3780 urbanae
3501 3724 3755 3796 elegantia:

2190 3810 2340 3868 Isaia:
2376 3813 2690 3868 vaticinium
2729 3829 2743 3867 :
2782 3810 3047 3884 Confregit
3083 3813 3423 3885 lagunculam
3452 3816 3508 3869 in
3536 3824 3753 3868 terrore:

2192 3964 2472 4004 numerum
2504 3947 2735 4004 litterula
2777 3947 2864 4002 illa
2909 3946 2990 4002 sui
3034 3947 3304 4017 alphabeti
3345 3948 3653 4017 postremiss
3676 3961 3751 4000 ma

2192 4020 2399 4075 llebrtei
2451 4020 2778 4088 exprimunt.
2815 4017 3050 4071 Historia
3102 4034 3253 4073 sacra
3298 4027 3382 4074 est
3432 4020 3485 4074 in
3525 4019 3753 4073 Judicunt

2194 4090 2394 4145 Gestis.
2428 4089 2772 4144 Nobilissima
2808 4088 3061 4159 allegoria
3093 4104 3122 4159 a
3173 4090 3418 4157 pluribus
3458 4100 3747 4144 sanctorum

2191 4158 2414 4215 Patrum
2456 4161 2801 4216 describitur.
2833 4158 2986 4222 Vide,
3015 4159 3059 4213 si
3102 4158 3278 4223 lubet,
3323 4159 3754 4227 sanetutuAugn-

2194 4233 2397 4287 stlnum
2425 4244 2673 4284 sermone
2702 4230 2999 4301 centesimo
3027 4239 3217 4301 octavo
3246 4231 3312 4285 de
3346 4228 3599 4301 tempore,
3630 4228 3752 4301 Gre—

2189 4302 2399 4373 gorium
2432 4301 2570 4373 libro
2602 4301 2876 4373 tricesimo
2918 4298 3251 4373 Moralium,
3275 4298 3472 4369 capite'
3499 4300 3751 4373 tricesimo

2187 4368 2454 4435 secundo,
2505 4371 2803 4440 Rnpertum
2836 4371 2889 4425 in
2926 4368 3101 4425 .ludie.
3144 4368 3284 4425 libro
3333 4368 3542 4440 primo,
3591 4369 3754 4438 capite

2189 4442 2492 4497 undecimo.
2523 4441 2817 4496 Numerum
2841 4456 3001 4512 porro
3031 4441 3191 4496 istum
3223 4458 3320 4495 cur
3353 4444 3751 4512 vocatprwtitu-

2188 4512 2353 4566 latum
2376 4514 2399 4566 ?
2422 4522 2507 4567 est
2544 4513 2627 4578 id,
2658 4511 2849 4576 fateor,
2875 4511 3183 4565 obscurum.
3225 4512 3353 4566 Mihi
3383 4511 3608 4575 videtur,
3636 4524 3753 4564 cum

498 4584 640 4654 mine
665 4573 1089 4654 Ged@n_'sertno
1121 4582 1823 4654 estuEamdeonriginem
1874 4582 2075 4635 indicat
2115 4573 2158 4626 Ι)
2185 4585 2431 4647 dixisset,
2470 4573 2754 4653 insignitas
2784 4573 2948 4637 fuisse
2977 4581 3314 4654 Gedeonicos
3359 4583 3557 4637 milites
3599 4573 3751 4641 than,

482 4653 768 4722 'ltupertus
794 4648 1117 4722 Tuitiensis,
1153 4652 1205 4722 in
1237 4650 1460 4722 Numer.
1494 4651 1630 4707 libro
1645 4648 1832 4721 primo
1852 4692 1867 4715 ,
1899 4655 2074 4721 capite

495 4719 757 4787 secundo,
795 4731 852 4777 et
891 4719 1071 4776 Judic.
1121 4720 1257 4776 libro
1292 4721 1497 4790 primo,
1541 4719 1719 4791 capite
1763 4719 2069 4776 undecimo.

493 4792 612 4848 Non
642 4802 723 4847 est
746 4792 1127 4863 cogitandum,
1160 4791 1497 4863 Thiofridutn
1527 4806 1558 4845 a
1587 4791 1826 4863 Ruperto
1859 4802 2074 4849 mutua-

497 4874 635 4929 tum,
686 4860 949 4918 nam'etsi
986 4862 1425 4930 eontemporanei
1471 4860 1720 4924 lucrum,
1762 4863 1861 4918 fuit
1893 4874 2071 4918 tamen

480 4932 768 5002 Rupertus
801 4932 1078 5003 aliquanto
1101 4933 1305 5003 iunior.
1334 4932 1443 4987 Nec
1473 4942 1651 5003 tamen
1683 4934 1823 4988 hunc
1864 4933 1934 4987 ab
1982 4934 2071 4988 illo

493 5004 790 5074 sumpsisse
806 5002 944 5075 dico.
961 5002 1067 5058 Sed
1087 5002 1360 5075 titlerquea
1386 5012 1576 5057 sancto
1597 5002 1858 5075 Gregorio
1881 5004 2073 5075 Magno

492 5070 735 5144 accepit,
779 5070 918 5144 apud
966 5088 1125 5142 quem
1170 5070 1274 5129 hoc
1315 5074 1557 5128 invenies
1608 5070 1743 5129 libro
1795 5070 2071 5129 tricesimo

491 5142 773 5199 Moralium
792 5142 827 5209 ,ἡ
861 5145 1035 5215 capite
1062 5145 1334 5200 tricesimo
1362 5146 1618 5199 secundo.
1655 5144 1817 5200 Decet
1851 5146 2070 5199 omnino

490 5216 577 5270 his
628 5214 824 5271 talibus
855 5215 1017 5279 viris,
1058 5216 1321 5287 integrant
1359 5231 1480 5287 esse
1508 5216 2068 5287 suatniauctoritatem

489 5297 544 5341 et
578 5286 964 5353 reverentiam,
995 5301 1156 5356 quam
1183 5285 1282 5341 nos
1309 5285 1485 5356 pusilli
1523 5285 1935 5356 iliisgdebetnus.
1963 5285 2071 5341 Sed

487 5372 589 5428 ego
637 5373 724 5413 me
772 5359 947 5413 fateor
994 5354 1115 5413 eam
1178 5354 1442 5428 originem
1494 5373 1557 5411 ex
1612 5354 1836 5428 Hebraea
1890 5357 2070 5428 radice

486 5426 804 5497 eiscnlpere
836 5444 940 5483 non
968 5442 1144 5497 posse.
1172 5426 1420 5499 Agnosco
1447 5444 1577 5499 cum
1595 5427 1846 5481 omnibus
1868 5426 2073 5496 pliilhe—

489 5499 651 5568 bracis
687 5499 891 5568 gadaglt
922 5499 1100 5553 valere
1124 5498 1414 5562 conterere,
1452 5498 1777 5567 confringere
1807 5513 1824 5549 :
1855 5511 1919 5550 ex
1963 5512 2070 5566 quo

489 5565 705 5625 Gedeon
753 5565 842 5623 sit'
865 5580 1162 5632 conterens,
1206 5579 1301 5622 aut
1338 5565 1690 5637 confringeus'.
1742 5568 1847 5621 Sed
1897 5565 2071 5637 netiue

491 5638 793 5705 circuitum,
845 5652 1016 5707 neque
1058 5648 1262 5691 uterum
1308 5654 1534 5706 usquam
1577 5639 1751 5692 video.
1802 5637 2071 5706 Exspecto

492 5709 741 5793 quemvis
759 5709 856 5793 'qui
889 5708 1100 5793 doceat,
1131 5709 1215 5761 cui
1247 5711 1383 5787 hanc
1412 5708 1643 5793 gratiam
1668 5707 2061 5790 deberecupio.

565 5777 725 5901 (158$
749 5777 1002 5846 Ejusdem
1040 5778 1275 5831 elementi
1311 5777 1629 5845 prtetitulato
1681 5778 1918 5831 recensiti
1972 5793 2070 5830 uu-

565 5863 655 5901 n'o.
733 5863 951 5901 umerus
973 5846 1219 5901 clementi
1245 5847 1391 5901 tltau.
1419 5856 1504 5901 est.
1531 5849 1764 5901 trecenti.
1793 5846 1921 5901 Nam
1945 5860 2069 5901 eum

495 5862 655 5901 mero.
684 5846 951 5903 Numerus
973 5846 1219 5902 clementi
1245 5847 1391 5915 tltau,
1419 5856 1504 5903 est
1531 5849 1764 5902 trecenti.
1793 5846 1921 5901 Nam
1945 5860 2069 5904 eum

2178 4655 2358 4709 crucis
2410 4652 2726 4708 charaCtere
2790 4654 3015 4723 mystico
3036 4668 3057 4715 ;π
3102 4652 3311 4705 titulum
3360 4667 3563 4723 vocare
3591 4654 3753 4723 ipsum

2186 4726 2561 4790 characterem,
2591 4733 2702 4788 tau,
2734 4722 3050 4792 qtto’titnlat
3077 4733 3170 4776 aut
3205 4724 3519 4790 pl'llllillllall
3544 4722 3749 4792 fuerint.

2238 4795 2406 4866 ,(159)
2449 4794 2564 4866 Quo
2607 4791 2910 4863 designatur
2954 4794 3177 4846 individ.
3218 4793 3495 4866 Trini'atis
3540 4791 3753 4866 perfecta

2176 4862 2423 4935 cognitio.
2470 4864 2850 4920 Ceutenariutn
2894 4878 3176 4918 numerum
3234 4862 3621 4935 perfectionem
3659 4862 3753 4935 dr-

2189 4931 2438 5006 signare,
2486 4936 2663 4988 notius
2691 4945 2805 5006 est),
2855 4949 3016 5003 quam
3085 4942 3145 4987 ut
3193 4931 3542 5006 indicandum
3587 4934 3662 4987 sit.
3702 4931 3752 4983 ls

2179 5005 2607 5077 triplicalusSS.
2643 5005 2895 5077 Trinitati
2933 5006 3191 5058 honorem
3222 5005 3406 5077 habet.

2246 5070 2396 5145 (160)
2449 5076 2592 5129 .lletu
2626 5076 2814 5143 jttdirii
2852 5076 3072 5127 turbutte
3107 5087 3225 5126 sunt
3273 5076 3432 5142 pelles
3464 5070 3748 5145 terrteglla-

2174 5142 2320 5200 tlian.
2364 5142 2526 5199 Paulo
2556 5142 2681 5199 ante
2726 5146 2857 5198 dixit
2899 5145 3109 5197 Madian
3154 5144 3499 5213 signiﬁcare,
3530 5146 3588 5197 de
3607 5142 3752 5211 judi-

2175 5218 2273 5270 cio.
2311 5218 2408 5271 Hic
2451 5221 2502 5271 in
2529 5234 2589 5271 ea
2625 5216 2951 5287 etymologia
2986 5212 3229 5268 suaviter
3261 5215 3477 5282 ludens,
3508 5213 3665 5287 innuit
3695 5212 3747 5287 in

2176 5288 2295 5355 ipso
2345 5283 2759 5341 Madianitarum
2791 5283 3036 5350 nonnae,
3085 5300 3243 5339 omen
3292 5301 3416 5340 esse
3468 5283 3659 5340 timoris
3692 5284 3752 5335 et

2176 5359 2567 5426 trepidationis.

2243 5422 2393 5497 (161)
2437 5426 2642 5482 Nobilis
2677 5438 2723 5481 et
2769 5427 2982 5481 urbaua'
3013 5426 3286 5496 elegantia:
3335 5425 3517 5481 Isaitc.
3552 5422 3748 5497 Vllausit

2175 5494 2288 5553 haec
2323 5494 2634 5553 'l‘hiofridus
2682 5513 2710 5550 a
2744 5506 2932 5552 sancto
2966 5494 3313 5567 Hieronymo.
3347 5496 3650 5551 l’nelatione
3686 5494 3743 5567 in

2172 5568 2362 5624 lSiliﬂlIl
2397 5584 2411 5622 :
2453 5568 2526 5621 De
2558 5567 2704 5622 Isaia
2729 5568 3017 5633 sciendum,
3048 5564 3221 5636 inquit
3253 5568 3343 5623 ille
3376 5569 3577 5631 doctor,
3608 5564 3749 5632 quod

2172 5640 2225 5692 in
2255 5655 2489 5693 sermone
2518 5655 2623 5710 suo,
2648 5637 2872 5692 disertus
2901 5641 2997 5710 sit;
3031 5640 3216 5708 quippe
3242 5639 3322 5693 rir
3355 5637 3561 5699 nobilis,
3582 5648 3623 5710 et
3645 5648 3745 5710 ως-

2172 5711 2322 5763 bana:
2366 5708 2704 5780 eloquentiat,
2754 5725 2845 5761 nec
2899 5703 3094 5762 habens
3123 5703 3420 5780 quidqtttyn
3460 5703 3746 5780 ineloquio

2173 5780 2478 5832 rusticitatis
2516 5777 2818 5831 admistum.
2862 5775 3195 5833 Crediderim
3243 5775 3295 5833 in
3342 5775 3609 5833 Tltiolrido
3640 5784 3745 5841 pm

2174 5849 2464 5919 elcgautiw,
2491 5850 2855 5917 reponendum
2887 5850 3212 5919 cloqueutiw.

3918 3038 3919 3061 l

3918 3184 3919 3213 l

3916 3478 3920 3519 l
