4034 6364
306 362 416 421 585

1168 346 1438 418 nones
1476 359 1820 417 EPlTAPllll
1858 358 2304 420 sancronuu.
2334 388 2404 405 --
2442 362 2572 419 un.
2615 364 2702 420 ιιι.

3474 370 3578 426 566

309 465 462 540 dum.
488 481 631 538 sicut
682 495 878 553 corpus
925 498 1083 541 suum
1129 484 1471 542 confractum
1522 486 1577 541 in
1624 487 1897 558 passionis
1927 494 1974 555 Α
2001 506 2106 545 non
2134 492 2387 579 [tabentes
2430 500 2611 548 tamen
2641 492 2896 558 perfectae
2924 494 3154 552 actionis
3184 503 3297 550 sua:
3327 488 3574 554 velamen.

305 575 523 642 dolore,
564 571 889 645 glorificavit
935 590 1032 646 per
1071 578 1486 635 resurrectionis
1526 578 1752 650 gloriam
1780 619 1795 644 ,
1837 579 1894 633 in

306 665 477 724 totius
522 664 744 721 humani
793 667 1011 737 generis
1053 677 1286 735 terrore;
1329 670 1410 726 sic
1454 670 1748 727 electorum
1799 672 1898 728 Dei

303 766 517 813 somata
543 797 557 822 ,
591 754 868 813 confracta
906 757 960 813 in
992 762 1175 816 carnis
1220 771 1276 816 et
1316 763 1511 817 animae
1554 761 1795 834 dijugio,
1842 772 1899 820 et

303 849 659 916 resolutione,
688 851 900 916 terrori,
932 860 988 907 et
1035 852 1380 911 admirationi
1407 856 1555 915 dedit
1577 871 1698 912 esse
1719 856 1895 912 omni-

303 942 409 1000 bus
439 944 494 999 in
540 945 926 1001 miraculorum
973 945 1217 1003 efﬁcacia
1241 989 1258 1015 ,
1288 956 1344 1002 et
1372 948 1783 1022 gloriﬁcatione.
1829 949 1899 1004 Et

302 1033 448 1089 doza
478 1036 535 1088 in
561 1034 835 1091 altissimis
879 1035 1013 1103 Deo,
1055 1039 1351 1094 secundum
1394 1038 1496 1096 Job
1524 1040 1759 1106 dictum,
1805 1041 1899 1110 qui

304 1125 360 1181 in
400 1126 614 1184 Domini
644 1129 771 1195 Dei,
824 1130 1025 1185 nostris
1053 1130 1331 1191 doloribus
1361 1131 1719 1199 condolentis,
1764 1146 1900 1203 pra:-

305 1217 473 1273 cessit
495 1225 700 1290 typum,
716 1234 906 1277 omnes
926 1222 1017 1291 qui
1037 1221 1289 1276 imbribus
1313 1221 1569 1276 montium
1590 1222 1896 1293 irrigantur,

304 1307 400 1377 qui
435 1316 751 1365 sanctorum
786 1309 1010 1365 Patrum
1047 1310 1309 1367 doctrinae
1349 1312 1564 1368 liuentis
1604 1313 1894 1379 satiantur,

2000 581 2198 654 lapides
2227 584 2616 657 amplexantur,
2643 601 2766 642 cum
2793 587 2859 644 de
2887 587 3031 643 nulla
3060 588 3142 645 sui
3168 582 3350 659 operis
3380 581 3578 637 virtute

2001 674 2356 744 confidentes,
2387 678 2456 734 ad
2484 688 2797 737 sanctorum
2840 678 3286 736 interventionem
3314 681 3577 739 currunt.

2002 775 2163 838 atque
2188 769 2255 822 ad
2293 784 2448 825 sacra
2477 785 2665 826 eorum
2694 786 2941 841 corpora,
2974 769 3185 826 fletibus
3223 769 3537 826 insistentes
3561 804 3577 829 ,

2000 859 2326 927 pavimenta,
2357 860 2627 930 capsulas,
2660 870 2714 917 et
2749 861 3054 927 mausolea,
3085 876 3293 917 summa
3337 873 3461 917 cum
3492 855 3583 914 de-

2002 948 2215 1003 votione
2248 958 2304 1004 et
2333 951 2515 1006 cordis
2541 950 2867 1008 contritione
2905 951 3320 1017 deosculantur;
3360 959 3416 1005 et
3455 963 3582 1019 pro-

2005 1041 2203 1096 mereri
2253 1056 2311 1098 se
2354 1043 2607 1107 veniam,
2654 1044 2758 1115 piis
2802 1043 3013 1099 illorum
3059 1040 3577 1105 intercessionibus,

2005 1120 2253 1190 obnixius
2273 1143 2329 1191 et
2354 1135 2628 1207 profusius
2654 1137 3032 1208 deprecantur,
3061 1151 3161 1192 nec
3187 1134 3581 1206 deprecationis

2005 1233 2060 1280 et
2085 1226 2400 1283 intentionis
2427 1244 2558 1294 suae,
2590 1244 2685 1300 spe
2711 1244 2775 1285 ac
2797 1227 2990 1285 ell'ectu
3016 1228 3338 1285 frustrantur

1598 1425 1828 1500 Explicit
1859 1427 1990 1482 liber
2016 1427 2293 1484 secundus.

326 1554 3557 1593 “WW—

1330 1644 1678 1704 lNClPlUNT
1713 1642 2057 1704 CAPITULA
2101 1642 2337 1701 TERTll
2377 1642 2579 1702 LlBRl.

376 1755 420 1814 Ι»
466 1756 546 1835 De
567 1768 871 1817 sanctorum
909 1763 1177 1818 nominum
1213 1762 1389 1834 gratia
1414 1773 1463 1818 et
1490 1763 1747 1833 potentia.

378 1855 445 1911 ll.
492 1855 568 1914 De
590 1858 815 1914 umbris.

376 1949 468 2006 Ill.
494 1950 572 2006 De
606 1951 763 2023 virgis
787 1960 837 2006 et
867 1949 1087 2006 baculis.

377 2043 470 2100 IV.
500 2044 579 2101 De
616 2044 968 2117 cujuscunque
992 2054 1212 2100 texturae
1234 2060 1296 2099 ac
1321 2044 1522 2114 generis
1553 2042 1775 2098 vestibus

383 2137 453 2193 ν.
493 2136 573 2192 De
605 2137 896 2209 liquoribus
922 2153 1097 2209 aqua',
1123 2146 1172 2192 et
1197 2138 1306 2193 vini
1339 2177 1355 2204 ,
1380 2145 1430 2192 et
1452 2136 1576 2203 olei,
1604 2146 1652 2191 et
1687 2135 1864 2191 tumba
1890 2131 2123 2190 Nicolai.

377 2229 472 2287 Vl.
509 2230 588 2287 De
614 2228 926 2303 Symmystte
947 2230 1174 2286 Joannis
1197 2228 1514 2302 polyandro.

377 2321 495 2383 VH.
532 2325 609 2380 De
637 2324 864 2380 vasculis
888 2333 939 2380 et
966 2323 1190 2380 lectulis.

1485 2390 1788 2463 Expliciunt
1812 2391 2043 2462 capitula
2073 2390 2194 2445 libri
2221 2381 2378 2446 tertii.

374 2552 2285 2579 NW

1190 2648 1665 2798 lNCIPIT
1735 2704 2097 2796 LIBER
2156 2703 2711 2795 TERTIUS.
2792 2779 2800 2789 .

731 3017 1128 3080 CAPITULUM
1166 3015 1462 3074 PRIMUM.

488 3114 566 3175 De
593 3125 893 3196 sanctorum
916 3114 1184 3169 nominum
1207 3114 1381 3181 gratia
1407 3116 1455 3162 et
1481 3104 1732 3177 potentia.

375 3211 482 3269 Sed
515 3194 637 3267 litvo
662 3228 727 3266 ea:
773 3218 921 3281 parte
943 3206 1086 3260 dicta
1124 3203 1328 3258 uiarum
1353 3198 1563 3253 Domini
1590 3194 1713 3261 (Job
1744 3198 1892 3257 xxvi,
1922 3228 1923 3237 η

301 3309 435 3378 Η),
487 3305 553 3361 de
594 3299 996 3376 gloriosissimis
1041 3304 1355 3353 sanctorum
1394 3287 1725 3352 somatibus,
1784 3284 1897 3356 glo-

300 3400 506 3455 riosius
555 3406 611 3452 et
653 3391 924 3450 miraculis
967 3390 1124 3460 longe
1181 3383 1646 3460 pmstantioribus
1701 3390 1898 3450 appro-

298 3490 426 3547 bari
451 3497 676 3561 possunt
709 3487 761 3542 in
791 3485 1044 3543 omnibus
1068 3497 1256 3539 eorum
1286 3478 1619 3551 appendicus
1653 3474 1896 3530 exterio-

299 3583 503 3638 ribus:
543 3581 777 3652 primum
824 3578 1077 3633 videlicet
1105 3575 1161 3630 in
1202 3571 1569 3629 sacrosanctis
1610 3568 1763 3641 (162)
1812 3567 1897 3621 in-

300 3672 592 3730 transitive
623 3670 922 3727 transitivis
961 3666 1302 3731 nominibus;
1339 3666 1392 3720 in
1421 3662 1676 3719 salvificis
1703 3673 1898 3730 corpo-

298 3783 426 3824 rum
454 3764 691 3830 umbris,
742 3762 797 3820 in
832 3761 1132 3835 virgis,-in
1158 3755 1388 3823 baculis,
1420 3756 1475 3812 in
1502 3755 1765 3820 cilicinis,
1810 3751 1897 3808 vel

298 3861 677 3931 cujuscunque
722 3865 948 3914 teXturae
973 3852 1244 3917 vestibus,
1289 3851 1344 3906 in
1373 3850 1519 3906 vasis
1542 3847 1893 3914 utensilibus,

298 3935 356 4010 in
406 3954 641 4010 diversis
701 3966 884 4021 aqum,
920 3947 1054 4013 vini,
1086 3955 1143 4003 et
1188 3945 1292 4000 olei
1332 3942 1661 4014 liquoribus,
1706 3955 1894 3995 eorum

299 4048 573 4106 contactis
611 4055 666 4103 et
698 4043 1034 4102 consecratis
1069 4038 1350 4105 manibus;
1393 4046 1669 4107 postremo
1699 4035 1751 4089 in
1778 4048 1895 4089 om-

299 4142 467 4197 nibus
497 4141 564 4194 ad
598 4138 856 4210 supplicia
890 4137 1126 4197 illorum.
1157 4149 1262 4188 non
1291 4142 1399 4186 tam
1435 4131 1691 4193 humana,
1731 4142 1894 4198 quam

299 4233 634 4289 dazmoniaca
662 4229 986 4287 crudelitate
1029 4224 1382 4297 echgitatis,
1425 4232 1481 4279 et
1516 4220 1755 4278 inventis
1784 4230 1894 4276 tor-

302 4333 610 4376 mentorum
641 4319 962 4390 generibus,
989 4315 1233 4381 catenis,
1277 4312 1470 4384 cippis,
1498 4311 1760 4377 fustibus,
1797 4323 1893 4365 ca-

1922 3018 1972 3078 Β
1999 3009 2128 3075 tiva,
2159 3009 2574 3080 participatione
2604 3022 2781 3069 tamen
2820 3023 2875 3071 et
2913 3016 3292 3074 communione
3322 3019 3577 3078 immuta-

1998 3098 2121 3155 bilis
2143 3108 2199 3155 ct
2234 3099 2590 3156 intransitivae
2625 3112 2853 3171 naturae,
2883 3105 2936 3160 in
2968 3106 3080 3177 ipsa
3110 3108 3346 3164 naturali
3380 3113 3576 3169 transi-

1999 3193 2146 3248 tione
2179 3207 2305 3260 sua,
2355 3202 2481 3249 sunt
2520 3193 2885 3264 inlransitiva,
2924 3207 2981 3254 et
3012 3214 3117 3254 non
3158 3203 3424 3258 manendo
3449 3219 3575 3274 per-

1999 3285 2294 3342 manentia.
2343 3284 2459 3342 Non
2503 3286 2648 3344 enim
2692 3299 2913 3345 manent
2949 3304 3046 3360 per
3088 3292 3392 3349 articulatm
3422 3297 3573 3351 vocis

1999 3377 2408 3434 irrevocabilem
2442 3377 2654 3450 fugam;
2683 3381 2775 3436 sed
2806 3396 2903 3451 per
2931 3382 3284 3448 immutabile,
3317 3400 3382 3440 ac
3409 3395 3571 3443 aeter-

1999 3469 2193 3525 naliter
2216 3485 2542 3540 permanens
2566 3488 2750 3527 nomen
2777 3474 3006 3542 Domini,
3037 3476 3179 3546 quod
3199 3484 3264 3531 de
3288 3476 3572 3549 longinquo

1997 3564 2132 3617 venit
2154 3561 2294 3634 (Isa.
2320 3579 2452 3629 xxx,
2482 3563 2596 3634 27),
2623 3574 2677 3620 et
2702 3582 2875 3623 servos
2903 3584 3025 3623 suos
3049 3571 3256 3625 nomine
3284 3570 3391 3625 alio
3416 3586 3577 3627 voca-

1995 3655 2067 3709 vit
2098 3653 2233 3725 (Isa.
2262 3670 2388 3723 va,
2419 3656 2507 3727 15)
2531 3657 2597 3712 ad
2637 3666 2807 3714 ratam
2845 3660 3086 3717 omnium
3119 3663 3454 3720 credentium
3484 3679 3575 3720 sa-

1995 3747 2194 3814 lutem,
2235 3763 2299 3804 ac
2325 3750 2665 3820 sospitatem;
2701 3763 3038 3821 permanent,
3070 3770 3135 3812 ac
3177 3756 3360 3828 vigent
3388 3758 3441 3812 in
3471 3757 3575 3813 im-

1995 3840 2376 3897 mutabilitatis
2400 3856 2649 3898 censura.
2679 3842 3003 3903 lmmutabili
3033 3849 3373 3918 sempiternae
3392 3850 3575 3918 provi-

1996 3931 2194 3987 dentia:
2240 3933 2494 4000 decreto,
2540 3934 2667 3989 dum
2696 3949 2792 4006 per
2831 3952 2926 3992 ora
2960 3938 3016 3993 in
3060 3939 3167 3996 lide
3201 3941 3575 4000 invocantium

1998 4032 2308 4091 transeunt,
2368 4026 2423 4081 in
2468 4024 2720 4083 effectum
2769 4029 3052 4096 sanitatis,
3097 4040 3155 4086 et
3204 4031 3571 4103 liberationis,
3600 4044 3617 4061 ’

1997 4116 2203 4186 absque
2237 4116 2322 4172 sui
2366 4118 2725 4174 mutabilitate
2779 4127 2837 4174 et
2888 4121 3209 4177 transitione
3248 4122 3575 4193 proficiunt,

1995 4220 2049 4265 et
2095 4212 2424 4267 transeundo
2468 4226 2573 4266 non
2605 4220 2912 4267 transeunt.
2955 4212 3060 4269 Per
3107 4214 3472 4274 immutabiles
3511 4233 3578 4275 ac

1995 4314 2376 4372 permanentes
2420 4304 2772 4362 multiformis
2813 4307 3002 4379 gratiae
3041 4308 3135 4364 Dei
3176 4307 3424 4376 divitias,
3476 4326 3577 4382 per

309 4412 495 4476 tastis,
545 4420 601 4466 et
642 4386 924 4475 crucibus,
951 4416 1007 4462 et
1044 4407 1279 4476 lapidum
1324 4403 1556 4471 ictibus,
1597 4402 1793 4472 quibus
1834 4400 1891 4454 in
1917 4386 1960 4445 C
1992 4404 2156 4451 certa:
2207 4397 2503 4454 curationis
2523 4406 2548 4465 ,‘
2591 4407 2647 4454 et
2706 4398 3021 4457 salvationis
3073 4400 3368 4460 ellicaciam
3395 4443 3411 4470 ,
3463 4420 3576 4460 non

303 4502 521 4570 fornace
549 4500 746 4566 ferrea,
775 4510 1028 4571 tanquam
1058 4513 1250 4552 aurum
1272 4496 1477 4566 probati
1508 4493 1663 4566 (Sap.
1696 4509 1780 4559 nt,
1810 4491 1888 4564 6),

300 4604 592 4666 postquam
621 4593 685 4646 de
712 4604 925 4661 corpore
960 4590 1140 4645 mortis
1178 4588 1335 4658 ltujus
1363 4587 1524 4643 soluti
1571 4585 1750 4654 (Rom.
1782 4600 1889 4650 vn,

299 4687 425 4759 24),
472 4685 704 4741 nexibus
732 4684 886 4740 liberi
928 4682 1312 4746 evolaverunt;
1355 4679 1510 4751 quasi
1551 4680 1618 4734 de
1648 4677 1892 4734 Tartarei

299 4776 544 4833 carceris
569 4775 923 4839 cruciatibus,
969 4773 1204 4827 uranicae
1231 4772 1394 4827 curim
1421 4767 1893 4826 inmstimabilibus

300 4867 494 4924 inserti
524 4876 581 4921 et
608 4865 795 4921 intexti
822 4873 947 4918 sunt
979 4864 1279 4919 ornatibus.
1315 4861 1541 4917 Nomina
1571 4862 1770 4933 quippe
1806 4875 1894 4917 eo-

298 4973 421 5012 rum
449 4957 647 5010 vivunt
688 4956 740 5009 in
770 4953 996 5019 saecula,
1020 4962 1077 5009 et
1118 4968 1215 5024 per
1259 4950 1485 5008 Verbum
1518 4953 1573 5006 in
1601 4950 1886 5022 principio,

298 5049 472 5105 Deum
501 5049 645 5117 apud
663 5047 830 5102 Deum
853 5045 1035 5115 (Joan.
1059 5062 1099 5115 ι,
1125 5047 1205 5116 1),
1230 5046 1321 5117 qui
1348 5045 1474 5100 tuba
1497 5046 1709 5101 intonat
1729 5034 1900 5100 evan?

297 5139 473 5211 gelica
500 5153 513 5192 :
545 5136 743 5193 Caelum
770 5148 816 5191 et
840 5147 981 5191 terra
1021 5137 1350 5201 transibunt,
1383 5135 1533 5191 verba
1561 5147 1735 5191 autem
1772 5151 1889 5190 mea

299 5245 407 5284 non
436 5229 693 5282 transient
725 5224 876 5298 (Luc.
904 5243 1032 5289 χχι,
1064 5227 1188 5298 35);
1233 5241 1329 5296 per
1360 5224 1625 5290 Verbum,
1669 5226 1886 5297 inquam

298 5320 491 5375 aeterni
547 5318 724 5373 Patris
766 5318 1120 5388 sapientiam,
1171 5318 1325 5388 cujus
1368 5331 1581 5379 sermo,
1638 5316 1729 5387 qui
1778 5331 1885 5372 non

299 5412 637 5467 transeundo
664 5411 887 5477 transit,
939 5410 1057 5465 sine
1104 5409 1466 5464 mutabilitate
1506 5417 1888 5480 permanentes

296 5502 561 5576 exprimit
592 5504 913 5573 sententias,
944 5502 1070 5558 licet
1098 5511 1288 5572 suapte
1315 5510 1510 5556 natura
1539 5502 1650 5559 sint
1688 5501 1887 5557 transi-

399 5659 524 5730 I62)
551 5658 893 5716 Intransitive
918 5659 1205 5715 transitivis
1228 5659 1544 5714 nominibus.
1574 5658 1886 5715 Transeunt

1994 4496 2306 4555 transeunt,
2344 4491 2453 4547 imo
2493 4502 2838 4563 permanent;
2887 4502 2943 4550 et
2996 4494 3153 4568 longe
3200 4496 3468 4552 diversam
3518 4498 3576 4554 in

1993 4595 2125 4637 voce
2160 4581 2565 4649 mutabilitatis,
2619 4584 2672 4638 in
2722 4586 3039 4656 operatione
3084 4587 3571 4655 immutabilitatis,

1992 4682 2241 4730 naturam
2283 4675 2558 4732 exhibent.
2590 4675 2698 4733 Ore
2741 4677 2955 4734 Domini
3001 4679 3276 4736 nominata
3317 4682 3573 4749 nomina,

1991 4779 2152 4830 nova,
2184 4765 2312 4831 lixa,
2339 4776 2394 4821 et
2419 4770 2538 4823 sine
2567 4767 2798 4824 transitu
2838 4771 2978 4841 apud
3007 4771 3195 4837 Deum,
3227 4772 3317 4841 qui
3361 4788 3575 4844 sponsa:

1992 4869 2103 4909 suae
2130 4853 2388 4911 Ecclesiae
2417 4858 2670 4927 promisit
2709 4877 2724 4916 :
2760 4859 2826 4913 Et
2851 4860 3228 4915 vocabiturtibi
3256 4877 3443 4917 nomen
3479 4879 3574 4918 na-

1991 4961 2131 5013 vum,
2157 4946 2297 5017 quod
2325 4963 2382 5001 os
2410 4947 2626 5004 Domini
2661 4950 2946 5005 nominavit
2976 4949 3113 5021 (Isa.
3138 4967 3269 5018 an,
3308 4951 3396 5024 2);
3435 4952 3568 5020 lixa,

1993 5036 2246 5106 inquam,
2289 5045 2346 5092 et
2383 5038 2500 5095 sine
2537 5040 2837 5095 mutatione
2866 5042 3170 5109 durabilia,
3199 5043 3268 5099 ad
3308 5046 3576 5100 arternita-

1991 5141 2129 5196 tem,
2171 5140 2315 5197 sunt,
2343 5140 2399 5187 et
2437 5140 2717 5198 tenentur;
2756 5133 2881 5204 quia
2908 5134 3028 5190 sine
3058 5135 3420 5192 mutabilitate
3459 5152 3576 5192 ma-

1990 5220 2204 5285 nentes,
2230 5225 2471 5279 omnium
2495 5225 2809 5291 sanitatum,
2842 5237 2897 5282 et
2925 5229 3219 5300 gratiarum
3251 5230 3534 5284 sententia!
3553 5267 3581 5291 ._

1988 5328 2086 5385 per
2114 5315 2223 5386 ipsa
2250 5316 2617 5372 decernuntur
2648 5333 2712 5374 ac
2741 5319 3075 5376 obtinentur.
3109 5321 3247 5387 Quid
3273 5322 3414 5376 enim
3446 5336 3571 5392 per-

1988 5422 2149 5479 agere
2198 5424 2303 5463 non
2350 5410 2715 5479 praevaleant,
2760 5428 2884 5468 cum
2922 5412 3069 5484 Rege
3118 5428 3300 5484 regum
3338 5428 3572 5486 regnan-

1991 5501 2123 5556 tium
2156 5502 2395 5570 nomina,
2419 5517 2541 5558 cum
2563 5503 2741 5561 adhuc
2764 5505 3226 5577 peregrinantium
3258 5520 3287 5559 a
3312 5504 3422 5560 Deo
3443 5519 3564 5561 ver-

1986 5660 2042 5715 in
2072 5660 2424 5716 benedictione
2449 5670 2543 5727 est,
2569 5671 2625 5717 et
2646 5671 2846 5716 manet.
2877 5660 3013 5716 Nam
3039 5677 3222 5717 nomen
3244 5677 3422 5715 eorum
3444 5663 3563 5717 vivit

296 5729 554 5810 videlicet
580 5733 796 5787 nomina
838 5747 960 5786 cum
1000 5733 1115 5801 ipso
1151 5747 1305 5793 sono,
1334 5746 1456 5810 cum
1488 5746 1654 5810 sonus
1697 5732 1882 5799 utique
1914 5743 1958 5802 υ
1985 5732 2038 5810 in
2089 5733 2476 5810 generationem
2516 5733 2987 5810 et_gen_erationem
3038 5729 3223 5810 (E_ccli.
3260 5747 3405 5810 xuv,
3450 5733 3564 5810 ti).

294 5800 427 5859 sint.
460 5800 570 5859 Nec
601 5811 783 5859 tamen
814 5811 1100 5859 transeunt
1154 5816 1260 5872 quo
1288 5802 1354 5858 ad
1393 5802 1724 5870 memoriam,
1766 5816 1884 5872 qua:

1992 5801 2212 5861 Mauens
2237 5811 2292 5859 et
2322 5803 2375 5858 in
2398 5803 2510 5860 suis
2535 5801 2760 5871 eaet-us,
2785 5804 2927 5874 quod
2954 5801 3076 5860 mox
3100 5803 3211 5875 ipse
3241 5803 3494 5874 explicat.
