4034 6364
296 404 405 462 569

1164 400 1435 457 FLOIlES
1473 400 1818 458 EPlTAPllll
1858 402 2302 460 SANCTORUM.
2335 433 2405 444 -—-
2436 402 2563 457 LIB.
2594 402 2658 458 Ill

3465 407 3580 461 170

296 517 562 590 quidquid
586 517 639 572 in
673 515 917 572 Ecclesia
939 516 1370 572 consecrandum
1395 527 1479 573 est
1502 517 1556 572 in
1587 517 1893 588 profectum
1926 527 1969 582 Α
1999 528 2156 584 eunt;
2179 521 2292 574 lucc
2317 520 2367 573 in
2391 520 2551 574 corda
2579 528 2634 574 et
2656 533 2748 573 ora
2774 520 3012 574 omnium
3051 534 3154 573 non
3186 520 3570 590 particulatim,

265 620 356 682 (et
407 608 638 665 salutem
687 606 1024 668 credentium
1061 623 1074 660 :
1108 607 1187 662 sic
1240 615 1296 661 et
1344 621 1442 676 per
1490 607 1886 662 invocationem

295 713 606 760 sanctorem
646 702 950 756 nominum.
992 700 1133 755 Ante
1179 700 1530 754 nominantur
1560 701 1802 765 nomina.
1833 710 1888 756 et

296 795 499 850 dehinc
536 794 743 850 sanctis
771 792 1074 863 Spiritibus,
1098 807 1328 863 quorum
1355 802 1481 848 sunt
1508 792 1886 864 signiﬁcaliva,

296 883 741 954 cooperantibus,
778 881 960 936 divina
1007 889 1062 935 et
1108 880 1474 938 ecclesiastica
1522 897 1619 951 per
1651 881 1890 936 salvifice

294 977 478 1034 crucis
506 975 846 1048 mysterium,
880 982 1213 1044 peraguntur
1251 973 1577 1028 ministeria.
1609 973 1679 1028 Et
1707 973 1889 1028 nescio

296 1085 411 1142 quo
443 1067 802 1125 inenarrabili
832 1067 1029 1122 divina:
1076 1067 1435 1137 providentiae
1475 1066 1655 1130 modo,
1685 1067 1762 1121 sic
1787 1065 1888 1120 sibi

294 1162 737 1220 conftederentur
765 1175 896 1214 crux
931 1158 1352 1230 pretiosissima,
1374 1167 1430 1214 et
1455 1170 1766 1215 sanctorum
1797 1171 1891 1212 uo-

295 1255 467 1317 mina,
492 1252 596 1308 nisi
645 1251 772 1322 quia
800 1250 1029 1305 tulerunt
1060 1267 1267 1305 crucem
1296 1267 1471 1316 suam,
1502 1260 1550 1305 et
1579 1251 1738 1304 secuti
1769 1258 1890 1303 sunt

295 1344 623 1414 Cruci/istim
641 1342 854 1416 (Matth.
882 1359 996 1407 xw,
1015 1342 1110 1414 2i)
1130 1342 1422 1414 gloriantes
1441 1345 1494 1398 in
1518 1343 1746 1398 Domino
1767 1358 1889 1398 cum

296 1437 733 1493 eminentissimo
784 1435 1067 1491 electionis
1091 1449 1220 1490 vase
1266 1434 1457 1499 Paulo,
1499 1433 1630 1488 Mihi
1664 1434 1890 1487 mundus

297 1528 586 1596 cruciﬁxus
623 1536 719 1594 est,
775 1537 824 1582 et
879 1542 971 1598 ego
1023 1525 1219 1580 mundo
1261 1524 1461 1595 (Calat.
1494 1541 1572 1589 vt,
1605 1523 1714 1595 14).
1744 1522 1890 1579 Crux

297 1621 582 1688 Dominica
615 1620 739 1676 dum
778 1621 1104 1684 nominatur,
1134 1619 1392 1673 Dominus
1422 1618 1479 1672 in
1525 1619 1693 1671 medio
1738 1628 1890 1672 terra:

296 1728 410 1775 stuc
429 1710 651 1765 salutem
679 1720 924 1781 operatur
964 1707 1140 1778 (Psal.
1167 1723 1360 1774 Lxxut,
1391 1707 1515 1777 12);
1545 1705 1891 1762 intransitiva

299 1803 491 1859 itidem
530 1813 845 1862 sanctorum
890 1801 1108 1858 nomina
1139 1801 1266 1855 dum
1315 1801 1682 1864 nominantur,
1709 1799 1890 1854 omnis

1991 613 2085 666 sed
2118 621 2228 666 tota
2258 613 2487 676 abeunt;
2521 621 2688 666 totum
2711 613 2976 675 auditum,
3003 621 3171 666 totum
3201 613 3422 683 implent
3451 615 3570 668 ani-

1991 720 2163 770 mum,
2195 719 2293 758 nec
2323 705 2389 757 ad
2422 704 2713 759 videndum
2744 717 2803 758 se
2832 705 3180 769 exteriorem,
3213 707 3304 760 sed
3346 707 3570 761 interio-

1992 807 2106 846 rem
2158 792 2368 847 admitti
2422 793 2718 861 dignantur
2744 793 2993 860 oculum;
3032 791 3229 865 ubique
3272 804 3394 850 sunt
3447 795 3568 852 ﬁdei

1991 883 2275 952 praesentia
2298 923 2312 948 ,
2343 898 2468 939 cum
2504 898 2732 953 corpora
2781 883 2938 953 longe
2973 885 3079 940 sint
3123 887 3387 942 absentia.
3427 887 3571 946 Nihil

1991 973 2212 1028 omnino
2260 974 2509 1044 estquod
2557 987 2655 1046 per
2682 988 2746 1026 ea
2790 973 2926 1030 fides
2969 990 3075 1030 non
3128 976 3408 1048 impetret;
3438 981 3574 1036 nihil

1992 1066 2132 1134 quod
2161 1065 2341 1120 divina
2381 1067 2556 1121 virtus
2601 1067 2930 1137 perﬁciendo
2979 1084 3085 1124 non
3140 1070 3394 1141 explicet.
3436 1073 3570 1128 Cum

1989 1158 2224 1229 pretiosa
2252 1158 2302 1212 in
2326 1173 2456 1228 pace
2483 1161 2833 1228 requiescunt
2857 1171 3088 1227 somata,
3107 1162 3157 1216 in
3183 1173 3401 1220 aeterna:
3422 1167 3573 1236 quie-

1994 1249 2064 1304 tis
2088 1264 2199 1304 sua:
2241 1250 2365 1304 sinu
2414 1265 2550 1319 quas
2578 1250 2948 1320 inquietantur
2982 1262 3038 1306 et
3068 1253 3416 1321 devocantur,
3445 1273 3572 1312 san-

1993 1349 2201 1393 ctorum
2223 1339 2437 1404 aninne,
2467 1356 2564 1410 per
2590 1341 2855 1407 invocata,
2874 1357 2996 1396 cum
3023 1341 3202 1398 cordis
3223 1345 3568 1409 contritione,

1992 1429 2231 1484 nomina.
2264 1429 2416 1486 Unde
2454 1431 2602 1502 (170)
2629 1432 2844 1486 cuidam
2890 1433 3106 1488 eximia:
3143 1437 3448 1492 sanctitatis
3495 1438 3572 1493 it}-

1995 1522 2222 1587 rarchze,
2268 1521 2320 1574 in
2347 1524 2595 1579 oratione
2642 1525 2987 1593 pernoctanti
3013 1541 3142 1580 cura
3175 1527 3436 1597 pervigili,
3475 1545 3572 1598 pro

1992 1613 2311 1668 liberatione
2339 1614 2442 1669 sibi
2479 1614 2671 1669 crediti
2699 1615 2878 1686 gregis
2900 1615 3190 1683 Dominici,
3218 1617 3420 1672 dicttun
3453 1628 3572 1674 tan-

1993 1704 2113 1757 dem
2153 1715 2242 1758 est
2271 1702 2560 1773 apostolica
2591 1719 2724 1759 voce
2759 1704 3028 1759 amicabili
3063 1724 3076 1759 :
3113 1725 3131 1757 ‹
3165 1707 3304 1774 Quid
3342 1723 3440 1762 nos
3484 1710 3564 1762 in-~

1994 1777 2226 1867 quietas,
2248 1796 2592 1851 sanctissime
2614 1796 2730 1850 vir?
2755 1796 3122 1866 Requiescunt
3143 1798 3386 1868 profecto
3410 1799 3569 1856 electi

298 1895 624 1959 Christianae
662 1895 938 1966 religionis
987 1893 1328 1948 consecratio
1375 1892 1752 1955 conﬁrmatur,
1783 1890 1880 1944 im-
1915 1888 1958 1948 Β
1987 1887 2104 1952 Dei,
2134 1887 2258 1942 dum
2287 1901 2476 1940 eorum
2501 1885 2846 1942 resolvuntur
2870 1901 3100 1956 corpora
3132 1906 3145 1940 :
3178 1890 3334 1957 quasi
3361 1890 3572 1960 inquie-

299 1986 516 2041 minens
555 1986 940 2055 undecunque;
979 1983 1279 2055 periculum
1332 1983 1622 2049 devitatur,
1663 1982 1883 2036 inimica

295 2077 540 2152 phalanx
591 2086 954 2147 expugnatur,
1004 2084 1304 2146 temporum
1349 2074 1700 2144 intemperies
1747 2081 1884 2127 tem-

297 2179 550 2241 peratur,
573 2169 928 2239 procellosum
982 2182 1132 2222 mare
1187 2165 1591 2236 tranquillatur,
1643 2164 1780 2220 vivis
1833 2173 1889 2218 et

297 2259 574 2322 defunctis
603 2259 900 2314 somatibus
943 2257 1090 2314 salus
1123 2258 1543 2327 redintegratur.
1586 2256 1653 2310 Et
1699 2270 1887 2310 revera

297 2353 344 2407 si
383 2366 448 2406 ea
480 2367 602 2422 qua:
645 2365 832 2405 assero
877 2349 1141 2419 exemplis
1167 2348 1360 2403 vellem
1403 2349 1635 2419 probare
1666 2356 1720 2402 et
1756 2362 1891 2401 enu-

297 2460 538 2514 merare,
575 2460 802 2516 quorum
856 2453 1164 2499 sanctorum
1218 2445 1273 2498 in
1313 2442 1558 2513 periculis
1586 2442 1885 2512 ﬂuminum,

296 2539 544 2610 periculis
567 2539 832 2592 latronum
871 2537 957 2607 (II
985 2535 1110 2592 Cor.
1146 2553 1208 2601 ιι,
1238 2535 1356 2606 26),
1380 2535 1637 2607 periculis
1682 2535 1736 2589 in
1767 2549 1890 2590 car-

298 2646 446 2696 cere,
507 2631 562 2686 in
610 2630 948 2700 captivitate,
993 2629 1046 2683 in
1101 2629 1326 2694 catenis,
1363 2628 1419 2683 in
1457 2627 1890 2696 desesperatione

297 2721 488 2776 salutis
534 2736 601 2777 ac
627 2722 770 2786 vitae,
805 2721 1053 2775 invocata
1096 2721 1338 2785 nomina,
1367 2718 1708 2788 praesentiam
1762 2731 1890 2772 san-

297 2829 508 2872 ctorum
539 2815 831 2886 spirituum
864 2813 1212 2875 exauditione
1245 2811 1761 2882 repraesentavcrint
1800 2825 1889 2864 su-

295 2907 443 2972 bita;
480 2923 582 2961 non
632 2906 761 2967 milii
801 2914 1006 2958 centum
1038 2903 1254 2974 lingute,
1308 2919 1408 2956 non
1436 2911 1640 2956 centum
1680 2899 1891 2955 sufﬁce-

301 3007 429 3053 rent
457 3013 574 3064 ora,
603 3012 710 3052 non
743 3012 843 3051 vox
887 2996 1077 3064 ferrea.
1109 2995 1208 3058 At,
1241 2993 1383 3064 quod
1432 2992 1660 3048 ﬁdenter
1688 2993 1890 3048 dictum

294 3090 402 3153 sit,
434 3087 586 3144 salva
636 3088 877 3142 omnium
909 3098 1220 3142 sanctorum
1248 3085 1442 3156 gratia,
1495 3083 1661 3138 multo
1691 3085 1888 3155 glorio-

295 3181 444 3238 siora
479 3189 604 3236 sunt
629 3187 819 3236 eorum
864 3179 1081 3235 nomina
1117 3194 1277 3249 quam
1307 3186 1533 3232 somata.
1582 3175 1716 3231 Nam
1760 3192 1882 3232 cunt

295 3274 416 3330 hate
439 3272 671 3329 naturali
713 3271 1041 3327 resolutione
1065 3238 1343 3334 deﬁciunt,
1367 3268 1458 3322 illa
1487 3268 1721 3324 ﬁdelium
1753 3284 1886 3323 con-
1911 3238 1956 3301 C

296 3369 449 3422 tinua
473 3365 812 3424 invocatione
837 3366 989 3434 quasi
1013 3363 1331 3434 proﬁciunt;
1358 3377 1479 3418 cum
1505 3363 1620 3418 liaac
1642 3363 1694 3416 in
1723 3361 1886 3416 unius

294 3461 508 3530 exigua
525 3458 788 3514 libitliiure
812 3457 1055 3527 angustia
1074 3455 1286 3511 arctissi
1301 3470 1386 3510 me
1411 3455 1774 3518 occultantur,
1792 3453 1884 3508 illa

298 3566 404 3622 per
430 3549 748 3608 universum
802 3548 1079 3611 mundum,
1136 3556 1277 3602 terra
1329 3548 1593 3616 marique,
1623 3545 1785 3601 corde
1819 3560 1883 3602 ac

294 3658 395 3700 ore
421 3643 664 3697 omnium
705 3640 1106 3700 ofﬁciosissime
1147 3641 1515 3696 celebrantur.
1558 3641 1692 3696 Cum
1737 3641 1882 3695 enim

295 3736 586 3791 innumera
617 3733 895 3790 hominum
936 3733 1127 3798 millia,
1159 3741 1472 3788 sanctorum
1499 3746 1710 3787 summa
1757 3746 1880 3787 cum

295 3829 586 3885 devotione
611 3828 866 3886 invocent
909 3837 964 3882 et
1004 3827 1310 3898 gloriﬁcent
1355 3827 1599 3892 nomina,
1633 3826 1886 3881 nesciunt

296 3920 388 3977 ubi
421 3921 663 3992 gentium
706 3919 986 3975 recondita
1017 3919 1127 3973 sint
1165 3917 1541 3974 sacratiSsima
1583 3932 1768 3972 eorum
1798 3917 1881 3986 pi-

295 4028 469 4084 gnora
499 4027 516 4067 :
553 4022 758 4068 etcum
789 4013 856 4067 ab
882 4013 969 4066 illa
1003 4010 1266 4081 refugium
1300 4012 1458 4082 longa
1496 4019 1763 4065 terrarum
1801 4011 1881 4065 in-

299 4103 606 4158 tercludant
657 4103 972 4168 intcrstitia,
1025 4119 1120 4174 per
1171 4103 1362 4157 horum
1401 4103 1794 4157 invocationem
1830 4101 1882 4156 in

298 4196 449 4250 omni
499 4210 794 4266 pressura,
850 4195 1262 4265 quibuseunqne
1307 4196 1524 4250 auxiliis
1572 4195 1798 4266 indiget,
1828 4203 1880 4249 et

297 4297 642 4359 promeretur
667 4288 912 4343 omnisin
934 4287 1038 4356 ﬁde
1065 4287 1193 4342 nihil
1223 4289 1468 4342 [imitans
1494 4287 1700 4357 (Iacob.
1733 4303 1774 4352 ι,
1805 4286 1880 4357 6),

299 4381 655 4450 consequitur
702 4382 904 4435 anima.
956 4379 1127 4436 Unum
1178 4389 1304 4436 sunt
1339 4396 1460 4434 cum
1489 4378 1666 4434 Verbo
1705 4380 1884 4434 incar-

298 4484 452 4537 nato,
486 4484 540 4527 et
569 4473 786 4527 nomine
805 4472 1018 4527 Domini
1052 4472 1286 4538 inﬁnito,
1319 4473 1550 4541 ideoque
1590 4471 1730 4527 sicut
1755 4469 1883 4526 illud

301 4565 503 4634 ubique
545 4574 713 4620 totum
741 4573 844 4628 est,
875 4573 930 4618 et
967 4579 1176 4619 summe
1208 4564 1448 4639 prodest,
1494 4563 1574 4619 sic
1629 4563 1718 4618 illa
1769 4571 1882 4618 tota

302 4659 502 4713 adsunt
527 4669 583 4712 et
604 4657 808 4712 allatim
835 4668 1082 4728 prosunt,
1113 4657 1548 4729 quandocunque
1576 4668 1632 4714 et
1658 4657 1886 4714 ubicun-

299 4767 428 4822 que,
477 4753 772 4807 secundum
824 4752 982 4808 fidem
1022 4752 1474 4822 promerentium,
1505 4767 1729 4810 necesse
1778 4762 1881 4808 est.

298 4843 421 4900 Non
465 4844 668 4914 ubique
696 4843 1006 4899 circumferi
1035 4843 1293 4914 prteclare
1318 4853 1542 4914 possunt
1568 4853 1624 4900 et
1653 4844 1883 4914 dignan-

301 4945 392 4988 tur
424 4935 694 5004 reliqnite;
722 4936 815 4990 sed
847 4937 1062 4997 nomina
1095 4936 1146 4990 in
1177 4935 1325 4998 omni
1364 4936 1565 5007 ubique
1588 4937 1884 4992 necessitu-

301 5026 454 5091 dine,
498 5025 638 5081 ultro
677 5027 996 5097 ingeruntur
1041 5027 1288 5092 contritae
1338 5042 1400 5083 ac
1428 5025 1638 5082 amicta:
1665 5026 1880 5080 animae.

299 5117 411 5175 Illa
438 5119 507 5173 de
551 5119 667 5178 loco
706 5119 773 5172 ad
828 5120 1024 5184 locum,
1050 5121 1154 5174 nisi
1207 5121 1533 5185 minutatim,
1571 5135 1677 5174 non
1707 5132 1884 5176 trans-

376 5237 524 5306 (~l70)
547 5236 768 5292 Cuitlum
793 5239 1044 5293 ivrare/uc
1064 5240 1118 5292 in
1145 5239 1381 5293 oratione
1401 5240 1744 5309 pernoctanti.
1758 5238 1884 5294 Fuit

301 5309 393 5380 hic
441 5321 660 5380 sanctus
705 5311 1015 5371 Servatius,
1065 5309 1400 5378 Tungrensis
1431 5311 1736 5380 episcopus,
1789 5311 1882 5379 qui

301 5379 488 5434 Koma:
524 5379 590 5432 ad
636 5381 938 5450 sepu'crnm
984 5380 1346 5450 apostolorum
1405 5379 1764 5450 pertractans,
1815 5381 1883 5435 ab

301 5451 826 5521 ipso-apostolorum
873 5453 1114 5521 prim-ipe.
1146 5454 1245 5505 hoc
1289 5465 1609 5520 responsum
1647 5452 1878 5516 accepit,

299 5521 445 5589 quod
473 5521 561 5576 hic
592 5521 757 5576 refrrt
786 5520 1116 5575 'l‘hiolridus.
1155 5522 1285 5576 Vide
1334 5521 1678 5590 Hnl'tgel'lllll,
1715 5522 1883 5578 abba-

302 5603 414 5646 tem
447 5591 789 5656 Lobieusem,
840 5594 892 5645 in
918 5593 976 5644 S.
1007 5594 1236 5662 Servalii
1277 5591 1426 5656 Vita,
1452 5593 1590 5662 apud
1637 5593 1882 5662 Cliapea-

301 5664 513 5786 :‘illum,
547 5670 673 5760 toug.
705 5663 749 5728 l,
775 5672 826 5717 et
856 5662 1017 5732 Grcg.
1037 5661 1428 5728 Turonensem,
1461 5661 1552 5717 lib.
1580 5677 1616 5716 ιι
1674 5662 1876 5718 llis'tor.

349 5748 521 5786 ναμε..
549 5748 597 5786 c.
625 5754 676 5786 .›.

349 5748 521 5792 1⁸2110..
549 5748 597 5786 ο.
625 5748 676 5786 ἒ).

375 5802 526 5873 (171)
553 5803 731 5874 Angeli
753 5821 870 5864 cum
893 5820 1092 5874 semper
1105 5805 1374 5865 assistant.
1389 5802 1521 5856 mitti
1543 5813 1713 5866 tamen
1732 5820 1876 5861 assc-

313 5885 530 5936 tnntur.
549 5873 684 5930 Vere
711 5873 1025 5948 mittuntur;
1055 5891 1227 5946 neque
1263 5876 1314 5932 id
1352 5883 1510 5947 negat
1538 5874 1872 5932 Thiol’ridUS’

1990 1981 2091 2034 tari
2123 1980 2390 2044 videntur,
2412 1979 2539 2033 dum
2573 1979 2626 2033 in
2654 1978 2911 2033 auxilium
2937 1990 3239 2050 opportune
3265 1982 3572 2052 importune

1988 2069 2309 2124 invocantur
2332 2084 2426 2140 per
2449 2068 2690 2124 nomina.
2718 2067 3114 2138 lnquietantur,
3135 2072 3274 2137 dico,
3297 2088 3404 2128 non
3430 2077 3572 2144 quod

1989 2163 2186 2232 quietis
2237 2178 2347 2217 sine
2377 2163 2480 2220 ulla
2519 2163 2714 2217 damna
2765 2165 3062 2233 patiantur,
3108 2167 3201 2220 sed
3233 2167 3399 2236 quod,
3434 2169 3574 2223 sicut

1991 2255 2161 2310 sancti
2186 2253 2332 2326 (l7l)
2386 2255 2586 2326 angeli,
2616 2271 2740 2309 cum
2774 2271 2990 2326 semper
3012 2258 3290 2323 assistant,
3319 2261 3457 2314 mitti
3487 2271 3572 2315 ta-

1991 2362 2114 2402 men
2149 2356 2500 2412 asseruntur;
2541 2348 2620 2403 sic
2664 2348 2764 2412 illi,
2807 2364 2930 2404 cum
2962 2359 3165 2404 teterna
3193 2354 3378 2422 requie
3403 2364 3458 2409 et
3485 2356 3568 2412 di-

1991 2440 2098 2494 vini
2135 2438 2311 2494 vultus
2360 2440 2812 2509 contemplatione
2841 2439 3191 2512 perfruantur
3215 2483 3230 2508 ,
3265 2444 3334 2498 ad
3382 2445 3571 2501 confe-

1991 2529 2157 2585 renda
2205 2530 2443 2585 exterius
2487 2531 2706 2596 auxilia,
2753 2532 3033 2588 nominum
3081 2550 3302 2590 suorum
3355 2536 3571 2594 invoca-

1992 2622 2137 2676 tione
2193 2622 2502 2680 eliciuntur.
2571 2623 2639 2684 Et
2691 2639 2798 2678 non
2854 2625 3026 2679 solum
3086 2642 3208 2682 cum
3259 2628 3314 2683 in
3357 2630 3570 2687 caelesti

1993 2722 2221 2785 regnant
2265 2723 2319 2768 et
2365 2714 2601 2785 jubilant
2645 2716 2876 2787 palatio,
2914 2718 3008 2773 sed
3045 2719 3207 2774 etiam
3234 2736 3358 2777 cum
3386 2723 3440 2778 in
3465 2724 3571 2781 hac

1992 2805 2318 2861 mortalitate
2333 2808 2778 2878 peregrinantum
2797 2808 3018 2866 Domino
3031 2810 3116 2880 (11
3131 2809 3254 2866 Cor.
3269 2829 3324 2880 γ,
3342 2812 3418 2885 6),
3435 2831 3572 2887 pra:-

1991 2900 2227 2955 sentiora
2249 2917 2410 2964 tinam
2438 2916 2690 2970 corpora,
2714 2913 2900 2958 sancta
2937 2914 3063 2959 sunt
3089 2906 3305 2961 nomina
3338 2907 3391 2961 in
3422 2911 3570 2964 omni

1995 2993 2291 3047 tentationc
2353 3006 2420 3046 ac
2475 2992 2736 3061 periculo.
2785 2993 3018 3051 Sanctus
3073 3008 3381 3052 sanctorum
3429 2999 3570 3055 Deus

1993 3090 2191 3135 :eterna
2215 3097 2312 3136 sua
2354 3083 2724 3151 providentia,
2743 3093 2869 3140 ante
2894 3086 3078 3141 mundi
3106 3089 3566 3158 constitutionem,

1994 3187 2058 3228 ac
2096 3183 2368 3238 ornatum,
2400 3175 2722 3231 immutabili
2764 3178 3147 3246 prreordiuavit
3198 3189 3254 3236 et
3305 3181 3571 3252 disposuit

1986 3267 2274 3331 sententia,
2306 3277 2386 3332 ut,
2418 3277 2620 3337 quanto
2650 3267 2856 3338 majora
2901 3271 3307 3339 praeelectorum
3346 3284 3402 3329 et
3429 3292 3570 3346 prae-

1985 3357 2374 3412 destinatorum
2454 3359 2696 3430 reliquias
2751 3375 2850 3430 per
2905 3361 3130 3430 spiritus
3174 3378 3300 3418 suos
3347 3375 3570 3434 possent

1984 3448 2198 3505 efﬁcere
2249 3452 2530 3516 miracula,
2561 3461 2712 3508 tanto
2738 3451 3081 3522 praeclariora
3109 3464 3485 3526 perpetrarent
3515 3468 3570 3514 et

1986 3544 2222 3608 nomina,
2248 3554 2300 3598 et
2317 3554 2694 3614 permanerent
2714 3561 2820 3602 non
2844 3548 3240 3618 permanentia,
3255 3557 3304 3605 et
3323 3549 3568 3606 absentia

1985 3636 2184 3706 ubique
2209 3647 2392 3692 essent
2417 3638 2724 3709 przesentia.
2781 3658 2800 3691 ι

2524 3751 2921 3811 CAPI'I'ULUM
2963 3753 3028 3811 ll.

2613 3843 2692 3898 De
2727 3846 2944 3900 umbris.

2057 3932 2189 3988 Cum
2214 3943 2390 3989 autem
2421 3937 2618 3992 divina:
2641 3937 2858 3992 virtutis
2880 3941 3195 3995 excellentia
3228 3943 3345 3998 sine
3387 3952 3563 3999 trans-

1991 4023 2160 4078 itione
2209 4028 2542 4082 transeuntia
2573 4028 2812 4088 nomina.
2847 4037 2991 4083 tanta
3029 4032 3226 4100 ubique
3261 4035 3568 4090 accumulet

1985 4123 2040 4168 ct
2093 4115 2381 4169 comitetur
2415 4116 2610 4184 gloria,
2671 4117 2923 4170 nimirum
2984 4119 3036 4172 in
3089 4120 3307 4175 umbras
3355 4137 3567 4192 quoque

1989 4219 2300 4272 corporum,
2334 4206 2427 4258 sed
2462 4205 2514 4258 in
2545 4203 2696 4258 uberi
2724 4205 3054 4261 transfundit
3083 4211 3478 4276 misericordia,
3513 4221 3568 4267 et

1987 4295 2188 4367 ingenti
2235 4305 2454 4369 stupore
2481 4298 2703 4352 attonita
2727 4297 2970 4368 percellit
2991 4301 3295 4360 mortalium
3321 4313 3563 4372 pectora.

1987 4386 2045 4442 ιιι
2092 4387 2287 4457 plateis
2335 4389 2534 4459 quippe
2573 4389 2703 4445 olim
2755 4391 3079 4460 ponebantur
3111 4393 3330 4462 inﬁrmi,
3377 4405 3432 4450 ut
3485 4413 3569 4451 ve-

1987 4479 2157 4534 niente
2203 4480 2556 4551 apostolorum
2598 4482 2852 4552 principe,
2877 4497 2941 4538 ac
2979 4483 3220 4554 quolibet
3259 4487 3568 4542 sanctitatis

1915 4587 1965 4648 ι)
1991 4570 2107 4640 ejus
2135 4585 2408 4641 compare,
2432 4571 2618 4626 saltem
2641 4573 2825 4628 umbra
2857 4573 3004 4630 illius
3031 4576 3360 4632 obumbrare:
3381 4595 3566 4649 quem-

1989 4677 2149 4733 quam
2184 4661 2420 4730 illorum,
2453 4672 2502 4716 et
2524 4661 2871 4718 liberarentur
2901 4665 2964 4719 ab
3011 4666 3403 4737 inﬁrmitatibus
3460 4670 3568 4724 suis

1991 4754 2130 4824 (Act.
2158 4769 2212 4819 ν,
2253 4754 2366 4826 15),
2410 4765 2465 4810 ιιι
2507 4755 2792 4827 gloriosior
2825 4767 2882 4813 et
2928 4759 3220 4814 mirabilior
3247 4762 3570 4830 praedicetur

1990 4845 2131 4898 Deus
2178 4846 2234 4898 in
2261 4846 2459 4900 sanctis
2483 4847 2594 4902 suis
2624 4847 2799 4917 (Psal.
2828 4863 2999 4914 van,
3031 4848 3146 4921 36).
3187 4849 3251 4906 Et
3279 4853 3408 4924 quid
3455 4864 3567 4908 tam

1989 4935 2309 5006 gloriosum,
2376 4936 2506 5008 quid
2569 4947 2675 4994 tam
2735 4940 3020 5006 mirabile,
3061 4958 3222 5013 quam
3263 4946 3405 5016 quod
3449 4963 3570 5002 um-

1986 5027 2103 5092 bra,
2153 5042 2268 5096 quae
2308 5043 2412 5086 non
2458 5040 2545 5084 est
2587 5031 3014 5089 substantialiter
3051 5035 3118 5090 de
3140 5050 3387 5106 corpore,
3417 5037 3570 5110 fugat

1986 5136 2200 5175 omnem
2257 5121 2538 5176 adversam
2586 5123 2949 5180 valetudinem
2993 5126 3060 5181 de
3106 5141 3336 5198 corpore
3385 5129 3572 5201 (I72)?

1986 5235 2078 5290 sed
2105 5237 2184 5290 sic
2206 5238 2352 5292 mitti
2373 5245 2551 5308 negat,
2573 5245 2630 5290 ιιι
2657 5253 2762 5292 non
2780 5240 3055 5296 assistant.
3077 5239 3192 5297 Hoc
3217 5246 3462 5298 assistere
3487 5254 3570 5298 est

1986 5308 2290 5383 quoddicit
2311 5316 2627 5383 angelorum
2641 5308 2924 5383 Dominus,
2943 5328 3145 5382 semper
3175 5314 3346 5367 uidere
3381 5314 3569 5383 faciem

1987 5377 2173 5450 Patris
2191 5377 2407 5450 (.llfattlt.
2447 5395 2603 5443 xvm,
2635 5381 2740 5450 l0).

2057 5448 2205 5517 (172)
2244 5448 2320 5502 De
2368 5459 2542 5503 monte
2586 5448 2849 5510 umbroso.
2895 5452 2951 5507 lu
3002 5452 3165 5508 nobili
3219 5453 3310 5508 illo
3352 5456 3567 5509 cantico

1986 5518 2213 5588 (llabac.
2256 5535 2337 5585 ιιι,
2362 5521 2417 5590 ’5)
2443 5521 2704 5590 scriptum
2732 5534 2841 5588 est;
2873 5522 3011 5576 Deus
3033 5524 3099 5576 ab
3142 5524 3335 5582 Austro
3384 5526 3566 5589 reniet,

1981 5601 2029 5644 et
2053 5602 2263 5644 sanctus
2291 5593 2353 5644 de
2391 5589 2563 5646 monte
2591 5589 2807 5646 Pharan
2827 5609 2952 5646 Lxx.
2983 5592 3154 5648 Grieci
3179 5593 3524 5649 reddiderunt
3553 5614 3568 5649 :

1993 5673 2050 5738 Ὀ
2079 5661 2220 5736 ἅγιος
2254 5661 2307 5726 ἐξ
2336 5659 2484 5738 ὅρους
2515 5669 2820 5738 κατασκίους
2847 5663 3050 5738 δασέος,
3095 5664 3153 5738 id
3199 5673 3301 5738 est,
3345 5666 3571 5738 ξαιισιιιε

1986 5735 2050 5786 de
2083 5733 2262 5807 mante
2286 5733 2553 5807 umbroso.
2583 5735 2860 5807 condenso.
2904 5737 2994 5807 S_tc
3033 5734 3198 5788 etiam
3250 5737 3316 5800 S.
3343 5735 3567 5807 Grcgor.

1989 5819 2185 5857 xxxnt.
2219 5802 2347 5873 Mor.
2378 5819 2424 5858 c.
2459 5805 2507 5856 l.
2539 5804 2593 5856 ld
2626 5805 2890 5873 signiﬁcat
2928 5803 3164 5870 Pharau,
3201 5807 3313 5861 sive
3338 5802 3574 5865 deducas

1989 5890 2019 5932 ει
2073 5874 2252 5930 radice
2300 5871 2479 5932 Pliura
2520 5875 2631 5933 sive
2670 5871 2699 5933 ai
2751 5873 2984 5941 I’bnrali,
3015 5893 3250 5947 quorum
3289 5889 3573 5950 utrumque
