3926 6454
502 402 613 462 575

1507 393 1851 459 TRIOFRIDI
1889 391 2180 450 ABBATIS
2210 386 2780 449 EFTERNACENSIS
3635 397 3722 456 376

503 532 554 578 et
583 520 806 590 desuper
831 523 1124 577 contextam
1148 528 1241 586 per
1263 522 1428 567 totum
1457 509 1638 581 (Joan.
1675 524 1791 577 xix,
1821 508 1915 581 24)
1957 523 2080 579 my-
2108 510 2156 570 Α
2182 515 2395 578 gentem
2450 522 2602 562 suam
2637 516 2785 562 tanto
2841 506 3096 563 thesauro
3153 507 3356 577 privari
3410 522 3473 563 ac
3521 510 3725 584 destitui,

505 614 665 675 stice,
699 626 730 667 a
754 625 861 682 quo
892 618 1001 666 toto
1022 604 1261 662 Ecclesia
1286 600 1550 659 catholica
1570 600 1761 669 Grzeco
1785 598 2086 671 appellatur

500 704 739 759 nomine.
765 702 831 756 Et
860 699 1038 756 tunica
1065 695 1506 761 inconsutilis,ne
1526 707 1763 762 unquam
1789 691 2081 755 dissuatur,

496 796 565 850 ad
596 807 762 849 unum
785 800 934 848 sorte
961 789 1156 845 divinae
1178 788 1366 861 gratiae
1396 785 1666 858 pervenit,
1694 783 1819 855 quia
1856 783 2087 837 charitas

498 887 616 950 Dei,
647 899 769 956 quae
791 899 886 955 per
930 883 1191 955 Spiritum
1235 889 1473 937 sanctum
1509 879 1708 955 di/fusa
1736 887 1812 932 est
1837 877 1892 930 in
1914 875 2087 930 cordi-

494 976 589 1029 bus
626 976 818 1030 nostris
869 972 1043 1047 (Rom.
1076 988 1131 1038 v,
1163 973 1247 1039 5),
1301 972 1357 1027 in
1399 985 1566 1026 unum
1613 983 1804 1025 omnes
1849 965 2084 1037 collegit.

492 1065 632 1132 Sed,
659 1080 693 1121 ο
725 1078 888 1136 quam
916 1064 1162 1136 impium,
1191 1078 1352 1135 quam
1379 1063 1587 1135 grande
1619 1070 1672 1116 et
1703 1060 1941 1114 immane
1967 1058 2086 1128 pia-

492 1154 704 1222 culum,
731 1155 875 1226 quod
893 1154 1294 1211 sanctissimam
1350 1161 1579 1216 vestem,
1631 1165 1795 1221 quam
1837 1148 2089 1204 scindere

492 1248 717 1303 reveriti
746 1254 877 1307 sunt
901 1246 1098 1301 milites
1136 1244 1404 1315 praesidis,
1434 1241 1654 1299 assidue
1682 1239 1882 1297 scindit
1922 1236 2085 1307 impia

495 1340 760 1407 haeresis;
799 1339 1017 1403 dissnit,
1041 1347 1096 1394 et
1120 1337 1302 1394 disicit
1349 1336 1661 1399 immanitas
1689 1332 1924 1390 exitialis
1977 1335 2083 1388 odii

500 1440 558 1487 et
586 1431 915 1489 sebismatis.
949 1429 1167 1486 Nullum
1218 1443 1408 1485 revera
1433 1443 1531 1484 cor
1559 1426 1628 1482 ad
1648 1424 2084 1496 excogitandum,

503 1521 654 1578 nulla
678 1521 875 1579 suﬁlcit
909 1521 1091 1592 lingua
1118 1521 1186 1576 ad
1222 1518 1611 1581 enarrandum,
1640 1524 1856 1588 quantae
1883 1515 2086 1571 sancti-

502 1614 635 1670 tatis
662 1613 1012 1671 exuberantia
1041 1613 1266 1683 przedita
1304 1613 1374 1669 sit
1395 1611 1484 1667 illa
1512 1608 1859 1666 inconsutilis
1884 1607 2083 1671 tunica,

424 1778 427 1783 η
496 1719 597 1776 per
643 1720 806 1778 quam
853 1704 1231 1777 prreﬁguratur
1278 1703 1554 1760 individua
1601 1703 1802 1767 unitas,
1845 1711 1921 1764 et,
1967 1715 2087 1769 qua:

496 1798 642 1855 Deus
673 1806 774 1865 est,
803 1798 1059 1861 charitas,
1091 1805 1147 1852 et
1166 1813 1295 1866 qua,
1322 1810 1488 1851 carne
1533 1795 1709 1851 velata
1751 1809 1811 1850 se
1844 1792 2088 1850 contexit

2188 598 2316 664 Sed,
2342 598 2468 657 Iesu
2490 600 2629 654 bone
2653 613 2717 653 ac
2752 597 3007 669 benigne,
3040 598 3182 667 quod
3214 613 3312 657 cor
3335 601 3612 672 excogitet,
3634 620 3728 676 qua

2185 688 2368 761 lingua
2404 689 2656 760 explicet,
2682 696 2885 761 quanta
2913 697 3041 744 tunc
3070 688 3136 744 de
3170 688 3304 745 tanti
3328 688 3621 748 inventione
3639 694 3729 752 the-

2188 784 2352 847 sauri,
2388 783 2627 840 uranica:
2650 781 2836 852 patriae
2862 780 3071 837 civibus
3089 779 3362 849 jubilatio,
3389 791 3581 852 quanta
3600 786 3729 843 obor-

2188 885 2242 931 ta
2294 874 2366 930 sit
2413 873 2539 929 ﬁliis
2593 871 2850 945 Ecclesiae
2886 870 3211 928 exsultatio?
3232 870 3428 927 Omnia
3468 888 3496 927 a
3521 875 3730 943 passione

2188 964 2785 1029 Dominica,!ransacta
2842 971 3102 1033 tempora,
3146 962 3301 1032 quasi
3354 961 3604 1044 infelicia,
3652 981 3728 1023 sua

2188 1057 2551 1129 praedicabant
2584 1055 2811 1110 nimium
2843 1053 3046 1121 felicia,
3094 1053 3148 1109 in
3170 1054 3368 1129 quibus
3416 1060 3608 1110 tantum
3636 1057 3728 1114 the-

2187 1166 2440 1215 saurum,
2486 1150 2669 1205 tandiu
2699 1148 3098 1214 absconditum,
3152 1146 3371 1203 tandem
3424 1148 3644 1205 revelare
3663 1150 3727 1206 di-

2187 1241 2311 1296 vina
2361 1242 2581 1313 dignata
2628 1248 2713 1296 est
2764 1237 3155 1295 muniﬁcentia.
3214 1237 3613 1299 Concurrebant
3652 1242 3730 1298 viri

2187 1336 2414 1390 summis
2476 1332 3106 1401 honoribus,.summis
3167 1331 3381 1403 praediti
3436 1331 3731 1402 virtutibus,

2187 1425 2482 1498 Gregorius
2511 1424 2823 1497 patriarcha
2854 1422 3245 1487 Antiochenus,
3298 1421 3539 1478 Thomas
3582 1422 3735 1481 Hiero.

2186 1517 2584 1589 solymitanus,
2637 1514 2875 1571 Joannes
2926 1512 3593 1586 Constantinopolitanus,
3637 1530 3731 1570 cum

2187 1607 2371 1665 multis
2427 1606 2548 1662 aliis
2577 1606 2809 1677 egregiis
2849 1605 3187 1676 praesulibus,
3218 1616 3274 1663 et
3326 1605 3557 1661 diversa:
3592 1607 3734 1663 aetatis

2186 1716 2251 1755 ac
2273 1714 2436 1755 sexus
2464 1707 2520 1753 et
2540 1698 2819 1768 dignitatis
2852 1696 3183 1763 hominibus,
3221 1714 3381 1768 super
3427 1696 3730 1757 inenarrabili

2185 1795 2323 1844 dono
2355 1786 2451 1843 Dei
2472 1784 2559 1858 (Il
2588 1786 2707 1856 Cor.
2739 1804 2816 1851 Ix,
2850 1784 2961 1857 15),
2994 1785 3417 1856 tripudiantibus
3444 1802 3458 1839 :
3489 1793 3543 1839 et
3568 1801 3628 1841 ne
3673 1794 3733 1850 tc-

495 1884 946 1958 Iuexeogitabilis,
981 1884 1264 1942 ineli‘abilis
1320 1881 1570 1952 Maiestas
1626 1891 1682 1939 et
1725 1882 1948 1947 Deitas;
1977 1881 2080 1938 sub
2113 1880 2155 1936 Β
2181 1880 2447 1937 meritatis
2475 1888 2796 1935 notarentur
2823 1877 3025 1946 elogio;
3055 1892 3122 1932 ne
3162 1876 3287 1932 ﬁdei
3316 1876 3622 1948 obsequium
3646 1891 3730 1938 non

498 1992 606 2046 qua
632 1993 848 2035 omnem
905 1979 1049 2034 aeris
1103 1987 1159 2033 et
1199 1987 1501 2049 temporum
1548 1976 1923 2046 intemperiem
1978 1974 2080 2030 sibi

495 2068 840 2140 temperavit,
871 2069 1162 2125 declinavit
1189 2068 1277 2122 illa
1305 2067 1716 2133 sublimissima,
1747 2067 1833 2122 illa
1871 2065 2082 2122 thronis

493 2168 551 2214 et
579 2159 1036 2216 dominationibus
1057 2162 1336 2217 tremenda
1368 2169 1424 2216 et
1456 2160 1729 2216 adoranda
1759 2158 2078 2215 sublimiias.

493 2247 658 2317 Nam,
691 2249 916 2305 sicutde
937 2249 1328 2321 incorruptibili
1353 2265 1514 2307 carne
1545 2249 1843 2315 Dominica,
1877 2248 1929 2303 in
1960 2264 2079 2303 om-

496 2354 623 2393 nem
645 2324 960 2394 sanctorum
999 2354 1218 2395 carnem
1269 2339 1711 2410 incorruptionis,
1761 2348 1817 2394 et
1842 2339 2083 2395 sanctiﬁ-

495 2431 728 2488 cationis
756 2431 1025 2489 transfusa
1054 2441 1137 2488 est
1162 2431 1369 2501 gratia,
1426 2433 1508 2488 sic
1560 2432 1627 2487 de
1682 2432 1940 2488 vestitura
1966 2430 2082 2498 ejus

495 2523 891 2593 dispensatoria
913 2532 969 2578 et
998 2522 1248 2594 mystica,
1296 2522 1351 2576 in
1390 2521 1574 2579 omnia
1623 2521 2081 2579 sanctiﬁcatormn

498 2625 812 2680 comatum,
875 2614 1269 2686 qualiacunque
1333 2615 1567 2688 tegmina
1605 2657 1620 2681 ,
1701 2613 2084 2670 inenarrabilis

499 2708 763 2764 translata
801 2716 886 2764 est
917 2708 1177 2765 virtutum
1221 2708 1515 2764 allluentia.
1553 2706 1598 2764 Ο
1641 2724 1804 2779 quam
1848 2707 2084 2778 pretiosa

499 2799 750 2859 staminis
775 2808 830 2855 ct
853 2799 1172 2856 subteminis
1225 2799 1335 2866 ﬁla,
1386 2800 1581 2871 quibus
1609 2808 1862 2856 contexta
1894 2808 1979 2854 est
1999 2813 2083 2853 sa-

499 2889 695 2946 lutaris
717 2892 922 2958 tunica,
948 2906 1070 2961 quae
1090 2905 1159 2946 ex
1189 2906 1352 2947 carne
1376 2890 1638 2948 calefacta
1665 2900 1749 2946 est
1771 2891 2080 2946 Dominica:

501 2999 624 3055 quae
646 2994 800 3041 artus
821 2984 1131 3041 Dominicos
1157 2983 1404 3053 calefeeit
1426 2985 1689 3043 relatione
1717 2985 1913 3040 vicaria
1946 3002 1960 3039 :
1984 2985 2085 3040 sub

497 3080 655 3150 cujus
682 3088 893 3157 textura
924 3080 1230 3137 inconsutili
1266 3090 1322 3137 et
1347 3082 1596 3152 mystica,
1628 3096 1689 3135 ea
1731 3096 1852 3150 qum
1884 3080 2081 3135 intrin-

500 3186 666 3228 secus
699 3171 890 3239 latent,
941 3173 1226 3229 abscondit
1254 3172 1353 3228 Dei
1380 3174 1658 3244 sapientia,
1682 3188 1801 3243 qua:
1825 3172 1890 3226 ab
1918 3171 2081 3227 oculis

487 3264 740 3319 omnium
768 3266 1047 3320 uiuentium
1072 3276 1147 3321 est
1168 3266 1473 3321 abscondita
1500 3264 1625 3337 (Job
1674 3280 1869 3328 xxvtn,
1896 3264 2011 3328 ﬁt).

582 3353 708 3411 Hae
726 3355 861 3424 tanti
883 3356 1138 3425 prteconii
1173 3356 1376 3419 tunica,
1412 3354 1481 3426 in!
1498 3355 1651 3423 cujus
1680 3366 1863 3427 typum
1884 3353 2082 3424 Joseph

500 3460 633 3501 usus
652 3455 735 3501 est
766 3446 919 3501 talari
948 3444 1111 3518 (Gen.
1141 3462 1353 3514 xxxv",
1380 3447 1458 3515 '5),
1493 3456 1548 3502 et
1573 3446 1853 3517 polymita,
1883 3455 2085 3515 quanta

500 3536 700 3592 debeat
723 3536 980 3607 amplecti
1016 3547 1070 3592 et
1094 3537 1350 3594 honorari
1402 3536 1509 3592 ﬁde
1536 3552 1602 3592 ac
1636 3537 1960 3601 reverentia,
1992 3535 2085 3595 Ju-

501 3626 672 3683 diicte
697 3628 934 3697 perﬁdiae
967 3628 1374 3699 vigilantissima
1412 3644 1509 3686 nos
1544 3630 1762 3686 edocuit
1789 3629 2084 3699 diligentia.

502 3715 746 3786 Denique
770 3725 877 3771 tam
907 3719 1127 3788 pretiosi
1161 3718 1398 3775 thesauri
1451 3719 1712 3797 custodia,
1757 3735 1853 3790 per
1874 3735 2087 3775 succes-

504 3807 693 3869 siones
725 3808 995 3880 legitimas
1021 3810 1292 3890 devoluta,
1326 3811 1537 3867 tandem
1583 3812 1708 3882 jure
1743 3813 2086 3868 lnereditario

505 3895 714 3959 Simoni
745 3901 956 3956 cuidam
989 3900 1098 3956 ﬁlio
1125 3901 1293 3958 Jacob
1328 3911 1413 3958 est
1438 3903 1670 3960 credita.
1722 3903 1818 3959 llic
1861 3904 2086 3959 cervicis

504 3991 808 4047 durissimae
837 3990 1076 4059 Judteus,
1108 3993 1257 4065 (187)
1294 4002 1538 4064 tempore
1580 3993 1815 4049 Manrbii
1850 3995 2085 4064 impera-

503 4082 657 4146 toris,
693 4083 927 4164 ingeiiita
951 4088 1052 4140 sibi
1082 4086 1301 4152 duritia,
1332 4101 1432 4158 per
1460 4086 1592 4142 duas
1621 4088 1951 4157 seplimanas
1988 4088 2088 4144 ἰιιι-

503 4176 682 4231 mania
706 4191 805 4248 pro
828 4177 1042 4234 silentio
1072 4194 1362 4249 perpessus
1387 4179 1673 4250 supplicia,
1707 4182 1921 4236 tandem
1962 4198 2087 4252 pro-

503 4268 640 4322 didit
666 4282 787 4324 eam
825 4270 879 4324 in
910 4271 1130 4348 civitate
1175 4273 1405 4343 Zaphat,
1440 4273 1583 4327 haud
1606 4273 1791 4343 procul
1848 4274 1917 4330 ab
1963 4274 2088 4331 Hie-

503 4360 793 4431 rosolyma,
815 4364 1150 4433 reconditam
1180 4378 1302 4420 esse
1337 4363 1389 4418 in
1420 4378 1547 4418 arca
1575 4378 1901 4418 marmorea.
1956 4364 2084 4420 Per-

503 4455 704 4523 pendat
727 4471 846 4519 oro,
877 4457 1190 4526 quicunque
1217 4474 1276 4513 se
1304 4455 1644 4527 recognoscit
1662 4472 1758 4512 vas
1782 4473 1903 4514 esse
1945 4458 2086 4515 ﬁcti-

2186 1982 2296 2028 tam
2326 1972 2609 2040 videretur
2631 1971 2867 2036 devotio,
2894 1985 3057 2040 quam
3096 1970 3451 2041 prmsumptio
3474 1987 3489 2036 ;
3512 1985 3594 2043 ne,
3615 1979 3665 2024 ut
3688 1971 3732 2028 iu

2182 2063 2537 2120 Bethsamitas
2562 2060 2615 2134 (Ι
2648 2058 2777 2133 Reg.
2803 2078 2879 2124 vt,
2915 2060 3030 2131 l9),
3049 2069 3103 2115 et
3124 2058 3294 2118 Ozam
3322 2058 3618 2131 LevitenUl
3633 2059 3732 2131 Reg.

2182 2172 2260 2223 vr,
2293 2155 2383 2227 7),
2409 2153 2593 2211 divina
2622 2154 2904 2221 desteviret
2924 2153 3055 2208 ultio
3079 2168 3092 2204 :
3127 2152 3382 2223 triduano
3405 2153 3552 2223 prius
3583 2152 3736 2222 expia:

2183 2256 2222 2312 ti
2251 2264 2307 2312 et
2330 2254 2656 2311 sanctiﬁcati
2678 2251 2908 2323 jejunio.
2938 2251 3291 2308 elevaverunt
3330 2266 3511 2304 arcam
3559 2247 3736 2325 Domini

2182 2349 2238 2401 in
2269 2347 2443 2418 jubilo
2471 2344 2556 2417 (11
2581 2343 2709 2415 Reg.
2741 2360 2818 2407 vt,
2846 2342 2957 2414 15),
2989 2342 3136 2398 nullo
3163 2341 3324 2399 modo
3357 2354 3572 2411 gravem
3600 2348 3735 2393 natu-

2184 2438 2282 2492 rali
2316 2436 2551 2508 pondere
2598 2450 2942 2498 marmoreo;
2978 2432 3074 2488 sed
3105 2430 3368 2487 divinitus
3419 2427 3736 2488 levissimam,

2187 2544 2444 2603 tanquam
2475 2547 2540 2585 ea:
2578 2530 2735 2600 lignis
2779 2528 2951 2592 selim,
2998 2535 3058 2580 ut
3097 2541 3221 2580 arca
3267 2523 3580 2587 testamenti,
3618 2536 3738 2587 com-3

2182 2637 2334 2698 pacta
2357 2624 2556 2697 (Exod.
2592 2638 2722 2688 xxv,
2760 2620 2853 2691 l0)
2890 2629 3037 2677 esset
3080 2633 3248 2689 opere
3277 2633 3343 2673 ac
3383 2617 3567 2672 labore
3592 2613 3741 2668 archi-

2186 2718 2457 2775 tectorio:
2499 2724 2556 2771 et
2592 2715 2862 2785 prosecuti
2889 2713 3047 2784 quasi
3083 2711 3306 2767 salutari
3334 2725 3434 2766 sua
3482 2707 3650 2763 tunica
3670 2705 3740 2761 ia-

2184 2811 2341 2875 duto,
2370 2819 2425 2864 et
2451 2807 2716 2878 praeeunti
2740 2805 2961 2862 Christo
3008 2804 3277 2869 Domino;
3314 2809 3607 2873 posuerunt
3640 2811 3739 2853 eam

2188 2902 2239 2955 in
2269 2900 2642 2969 opinatissima
2688 2897 2911 2952 civitate
2967 2894 3147 2964 Helia,
3209 2895 3263 2951 in
3304 2894 3426 2949 loco
3481 2889 3742 2947 Dominica‘.

2184 2991 2487 3055 Anastasis,
2517 2989 2757 3058 potentia
2780 2996 2835 3044 et
2863 2987 3035 3059 gloria
3062 2985 3449 3050 celeberrimo;
3479 2982 3567 3037 ubi
3586 2979 3741 3036 omni-

2184 3082 2285 3138 bus
2318 3060 2615 3153 etsingnlis
2647 3081 2903 3136 horarum
2954 3076 3261 3145 momentis,
3293 3086 3350 3132 et
3368 3075 3581 3137 atomis,
3621 3086 3743 3142 pra:-

2188 3176 2494 3233 svntissima
2523 3176 2589 3231 ad
2638 3174 2867 3230 salutem
2919 3174 3162 3228 omnium
3205 3170 3541 3229 credentium
3585 3167 3745 3224 divina

2113 3239 2158 3300 δ
2188 3268 2342 3323 adest
2362 3267 2601 3338 dignatio
2622 3274 2676 3321 et
2703 3265 3036 3336 prepitiatio.
3068 3263 3195 3320 Hzec
3234 3262 3491 3319 salutaris
3509 3270 3561 3317 et
3584 3259 3748 3317 incon-1

2193 3359 2371 3417 sutilis
2398 3359 2576 3414 tunica
2606 3358 2836 3428 mystice
2889 3356 3188 3411 nuditatem
3231 3353 3476 3409 omnium
3512 3348 3749 3428 cooperit,

2189 3469 2325 3522 quos
2351 3454 2538 3523 prima:
2567 3449 3016 3522 transgressionis
3040 3456 3226 3505 reatus
3276 3445 3414 3501 stola
3453 3439 3753 3499 immortali-

2189 3543 2317 3596 tatis
2365 3539 2609 3605 nudavit,
2656 3538 2849 3593 tunicis
2866 3537 3094 3608 pelliceis
3126 3532 3280 3607 (Gen.
3315 3550 3400 3598 ιιι,
3426 3533 3538 3603 2|),
3563 3528 3750 3586 obruit.

2191 3633 2249 3690 Si
2277 3633 2409 3688 mihi
2433 3640 2580 3688 esset
2619 3630 2785 3685 animi
2814 3630 3088 3696 evolvere,
3120 3644 3263 3699 quae,
3311 3638 3369 3683 et
3405 3639 3629 3697 quorum
3652 3622 3749 3677 ele-

2188 3736 2404 3784 ctorum
2449 3724 2545 3781 Dei
2593 3724 2899 3780 abditorum
2956 3722 3139 3783 carnis
3177 3735 3403 3777 carcere
3437 3718 3749 3780 indumenta,

2186 3817 2466 3888 stupendu-
2488 3815 2793 3871 sanctitatis
2815 3813 3115 3870 elIulserint
3165 3812 3517 3874 claritudine,
3561 3808 3752 3881 prolixo

2185 3922 2241 3968 et
2264 3908 2486 3965 tzedioso
2512 3923 2733 3983 operam
2757 3909 3085 3963 insumercm
3113 3922 3290 3980 syrma
3300 3916 3370 3961 te.
3394 3904 3601 3959 Idcirco
3621 3900 3755 3972 (188)

2185 4002 2547 4075 praetermitto
2591 4000 2837 4071 egregios
2877 3997 3116 4064 adell‘os,
3181 4005 3511 4070 symmystas
3561 3994 3652 4049 Dei
3691 3993 3758 4047 in-

2188 4099 2392 4168 signes,
2441 4109 2538 4151 ore
2597 4093 2761 4149 Verbi
2813 4090 3082 4147 incarnati
3131 4088 3440 4147 nominatos
3480 4083 3759 4152 Boauergcs

2189 4186 2383 4258 (Marc.
2412 4202 2497 4248 ιιι,
2546 4183 2674 4255 1Ἰ);
2708 4197 2938 4254 quorum
2984 4180 3211 4252 alterius,
3266 4177 3549 4234 sudarium
3608 4173 3757 4230 vincti

2188 4278 2383 4334 Phileti
2431 4277 2594 4334 solvit
2629 4274 2885 4341 vincula;
2913 4272 3139 4328 alterius
3184 4271 3368 4326 tunica
3411 4268 3624 4325 duobus
3650 4282 3761 4338 pro-

2191 4370 2429 4441 scriptis,
2462 4379 2517 4428 et
2545 4372 2740 4426 haustu
2768 4365 2960 4423 veneni
3004 4363 3288 4420 exstinctis
3307 4362 3435 4417 vita:
3489 4376 3557 4415 ac
3583 4358 3763 4415 salutis

2190 4458 2432 4528 pristinae
2477 4458 2704 4516 contulit
2754 4453 3042 4511 beneﬁcia.
3090 4450 3446 4508 Reticendum
3497 4448 3763 4509 arbitror.
3860 4450 3869 4459 ‘

511 4558 569 4605 e,
596 4559 663 4599 ac
686 4543 895 4613 fragile,
924 4562 1087 4615 quam
1117 4548 1350 4616 ingentis
1392 4547 1550 4617 pretii
1588 4547 1703 4601 visa
1744 4548 1815 4603 sit
1839 4550 2087 4605 humana:
2118 4588 2168 4648 υ
2193 4552 2337 4622 quod
2358 4550 2690 4624 Augustinus
2707 4549 2939 4604 altisono
2959 4544 3178 4609 disserit
3209 4542 3766 4610 ore,exanimatornut

503 4637 694 4705 menti,
726 4652 822 4708 pro
842 4652 948 4706 qua
978 4639 1210 4708 propria:
1237 4655 1342 4693 non
1369 4639 1609 4710 pepercit
1641 4639 1811 4702 carni,
1843 4655 1943 4709 pro
1979 4655 2087 4710 qua

503 4729 745 4784 omnium
800 4739 1192 4795 tormentorum
1223 4746 1421 4802 genera
1448 4731 1636 4787 maluit
1666 4732 1895 4802 perpeti,
1924 4746 2087 4802 quam

507 4910 521 4923 .
579 4842 726 4923 (18'!)
768 4841 1015 4923 Tempore
1042 4843 1292 4923 Mauricii
1322 4844 1918 4923 impera‘torisLFetnpe
1946 4862 2090 4923 anno

506 4911 716 4980 imperii
748 4911 866 4984 ejus
891 4911 1104 4979 Octavo,
1135 4916 1227 4984 qui
1266 4915 1368 4969 fuit
1393 4911 1601 4972 Christi
1635 4916 1761 4972 593.
1795 4911 1871 4972 lta
1905 4933 1973 4974 ex
2005 4918 2093 4973 Si~

502 4984 725 5052 geberto
752 4981 1035 5052 Duronius.
1152 4981 1168 4984 “
1374 5010 1381 5019 ·

578 5053 725 5127 (488)
766 5050 1116 5127 Pragtermiuo
1158 5059 1387 5127 egregios
1432 5057 1654 5127 adelfos.
1700 5058 1947 5114 Imitatur
1988 5059 2090 5115 Te-

504 5124 759 5188 rentium,
795 5121 890 5193 qui
925 5125 1029 5179 hoc
1068 5121 1564 5182 uein'en'Gra‘cum'
1595 5130 1836 5183 retinuit.
1880 5130 2088 5185 Iudicat

505 5204 683 5267 autem
726 5195 1097 5267 duos_iratres
1138 5197 1377 5251 Zrlretltei
1429 5197 1587 5259 ﬁlios,
1620 5215 1849 5267 quorum
1899 5200 2084 5255 Jacobi

504 5264 1086 5337 sudarimu;__Joannis
1136 5270 1335 5327 tunica.
1370 5284 1599 5337 quorum
1641 5264 1954 5326 Tltiol'rirlus
1999 5272 2087 5325 hic

504 5336 771 5410 meminit.
809 5335 1109 5410 Utramque
1140 5335 1418 5410 historiam
1447 5341 1496 5393 vi
1521 5346 1567 5393 le
1599 5343 1738 5410 apud
1761 5338 2087 5395 llibadenei-

500 5422 620 5465 rant
649 5406 702 5460 in
728 5407 1014 5476 utriusque
1039 5409 1176 5463 Vita.
1202 5408 1306 5479 sed
1330 5410 1453 5477 quia
1487 5427 1591 5464 non
1622 5406 1874 5465 munibus
1898 5426 2087 5465 oumes

502 5486 758 5537 auctores
786 5479 852 5532 ad
897 5495 1111 5533 manum
1149 5493 1266 5533 sunt
1286 5520 1301 5539 ,
1349 5482 1506 5549 paulo
1533 5480 1777 5549 pluribus
1809 5482 1992 5547 accipe
2023 5482 2089 5535 de

501 5549 740 5602 sitdario.
767 5548 910 5617 quod
934 5551 1089 5603 rincti
1118 5549 1307 5604 Phileti
1333 5548 1485 5605 solvit
1516 5548 1740 5604 uincula.
1774 5551 1905 5604 Cum
1932 5551 2091 5608 paulo

502 5636 625 5690 ante
662 5634 962 5673 murem!!!“
996 5622 1117 5675 vitte
1162 5631 1364 5684 actum,
1409 5622 1461 5674 in
1504 5621 1827 5690 pranlicandi
1855 5620 2085 5675 olﬁcium

514 5688 753 5742 ται-μὴιμ.
794 5709 839 5739 τέ
874 5708 992 5740 nam
1023 5692 1272 5749 maxime.
1299 5688 1650 5750 incumberet.
1686 5692 1738 5746 in
1767 5691 1936 5756 illttm,
1960 5706 2082 5745 cum

502 5774 537 5828 ῖς
564 5778 697 5810 ..μνη
730 5764 1195 5836 ,ἰπὶ-ζ*λέξιζιίιπμιτῖῃένῖι,
1232 5762 1404 5813 coorti
1445 5762 1548 5814 duo
1581 5762 1751 5836 magi.
1792 5761 2089 5829 Hermoge-

514 5845 533 5879 ‘:‘
684 5844 727 5877 (ξ’
786 5832 1045 5887 illitum,
1102 5848 1349 5900 fragium
1400 5846 1617 5883 ἶνιιξῑεέιιι
1668 5831 1863 5887 Hymn,
1914 5833 2087 5888 brutis

2193 4646 2550 4715 quorumdam
2577 4643 2887 4698 indumenta
2915 4640 3114 4706 delata,
3144 4638 3292 4709 (189)
3325 4638 3393 4693 ad
3424 4647 3621 4708 terque
3647 4649 3766 4706 qua-

2193 4746 2383 4805 terque
2432 4735 2573 4789 beati
2626 4732 3037 4803 protomartyris
3092 4729 3356 4802 Stephani
3415 4730 3763 4790 memoriam,

2192 4849 2384 4916 magne
2412 4846 2721 4900 i'nlminibds
2743 4854 2938 4912 parant
2975 4845 3233 4916 obruere.
3263 4843 3455 4916 Itaque
3479 4841 3768 4916 Philotam,

2192 4928 2254 4979 ut
2279 4911 2627 4986 discipulum,
2678 4911 3042 4986 Hermogenes
3078 4914 3288 4986 mittit,
3325 4911 3678 4986 jt‘tbetqueet
3702 4911 3772 4965 di-

2194 4982 2503 5055 sinttatione
2525 4989 2747 5050 victum,
2764 4982 3089 5055 muliitudini
3112 4984 3498 5054 despicabilem
3533 4982 3769 5055 reddere.

2198 5051 2254 5112 ei
2280 5058 2557 5113 Tartareis
2579 5058 2857 5128 spiritibus
2889 5054 3099 5128 tradere
3122 5051 3498 5128 eru'eiandum.
3529 5055 3615 5128 At
3630 5051 3773 5119 longe

2198 5131 2355 5190 aliter
2395 5128 2576 5184 cessit.
2610 5123 2758 5183 ‘Nam
2805 5126 3065 5192 Pbilctus,
3097 5126 3187 5194 qui
3237 5124 3530 5180 infeliciter
3564 5123 3773 5179 vincere

2196 5198 2501 5271 appetebat.
2539 5192 2994 5271 feliciterivictns,
3029 5192 3217 5252 Jacobi
3241 5196 3591 5271 Διιιιιι-(Ιίνίιιξε
3620 5196 3776 5271 ratius

2196 5265 2374 5330 nibus.
2403 5284 2515 5323 tum
2545 5270 2823 5338 stupendis
2850 5284 3031 5325 coram
3058 5268 3286 5335 patratis
3309 5266 3616 5338 miraculis,
3633 5265 3774 5338 ultro

2196 5357 2387 5413 manus
2412 5339 2592 5413 dedit,_l
2612 5336 2889 5413 sacrisque
2920 5339 3149 5413 pedibus
3168 5336 3475 5413 advolutus,
3497 5337 3603 5393 sibi
3629 5336 3772 5406 igno-

2202 5406 2295 5483 sci
2322 5408 2629 5483 postulavit.
2673 5400 3145 5483 Barcini-“rabiem
3190 5418 3345 5483 actus
3387 5400 3772 5483 llermogenes.
3806 5400 3819 5419 °

2194 5478 2456 5537 maleﬁcis
2475 5480 2702 5543 artibus,
2726 5479 2989 5534 Philetum
3015 5481 3085 5533 ita
3107 5478 3455 5547 constringit,
3481 5488 3541 5549 ut
3561 5492 3777 5549 prorsus

2191 5567 2251 5631 se
2282 5552 2399 5608 loco
2422 5552 2936 5631 nioverenequiret.
2972 5551 3041 5631 At
3067 5548 3364 5631 apostolus,
3403 5548 3774 5631 minimem-

2166 5624 2360 5681 -ritus.
2414 5623 2579 5677 misso
2626 5617 2887 5676 duntaxat
2929 5617 3224 5685 sudariolo,
3277 5633 3402 5673 mox
3451 5617 3777 5673 diabolicutn

2190 5692 2351 5748 solvit
2375 5692 2667 5746 vinculum.

2263 5763 2409 5831 (189)
2449 5763 2530 5815 Ad
2578 5759 2644 5814 B.
2693 5764 3095 5831 protomartyris
3146 5759 3394 5828 Stephani
3447 5760 3777 5831 memoriam.

2193 5830 2502 5911 Memoriam
2538 5847 2636 5905 pro
2669 5832 2904 5903 sepulcro
2931 5830 3025 5888 aut
3051 5832 3336 5909 conditorio
3372 5830 3499 5899 poni
3527 5830 3794 5911 oiiinibttq
