3926 6450
303 390 440 472 577

1228 406 1497 466 FLORES
1531 409 1870 470 EPITAPHII
1911 411 2362 474 SANCTORUM.
2402 447 2472 458 -
2501 416 2628 472 LIB.
2665 416 2750 472 lll.

3538 421 3648 479 578

337 515 510 573 eantze
534 507 886 572 salvationis
916 518 1192 589 accepisse
1223 523 1416 591 gratia,
1449 531 1508 577 ut
1529 523 1723 590 relata,
1769 535 1824 580 et
1870 541 1962 581 sn-
1989 532 2038 590 Λ
2064 527 2286 586 inolevit
2315 539 2369 586 et
2394 531 2446 586 iu
2473 529 2897 586 indissolubilem
2927 530 3378 586 consuetudinem
3407 533 3643 598 devenit,

348 618 444 684 per
472 605 834 663 exanimatos
879 621 1035 676 artus
1073 613 1245 683 posita
1293 616 1598 685 exstinctis,
1641 633 1706 672 ac
1751 619 1796 673 si
1833 619 1963 689 ipsis

364 707 533 765 essent
567 697 832 768 propria,
889 704 1146 759 amissam
1194 705 1882 776 redintegraverintvitam,
1909 718 1964 764 et

377 791 674 861 sospitatem
723 794 1026 867 integrann.
1083 796 1354 855 Praetereo
1398 799 1546 871 (190)
1602 799 1751 855 Pauli
1801 802 1960 872 primi

377 884 602 942 eremita:
632 887 885 944 tunicam
913 930 930 956 ,
964 905 1126 961 quam
1178 891 1229 946 in
1270 902 1575 963 sportarum
1630 894 1846 949 modum
1896 896 1965 952 de

379 974 664 1045 palmarum
693 975 845 1036 foliis
877 980 992 1050 ipse
1043 981 1320 1037 contexuit
1345 999 1360 1047 ;
1415 998 1522 1052 qua
1551 983 1741 1042 diebus
1767 985 1962 1040 solem-

378 1067 526 1123 nibus
562 1068 791 1126 Pascha:
837 1087 904 1128 ac
958 1073 1324 1140 Pentecostes,
1382 1075 1651 1131 Antonius
1699 1077 1958 1133 virtutum

377 1158 484 1225 ejus
508 1159 705 1227 haeres,
737 1177 839 1232 pro
870 1164 1267 1234 pretiosissima
1301 1175 1357 1220 et
1394 1167 1961 1224 celeberrimoornatu

377 1264 432 1308 se
463 1250 657 1319 induit,
686 1254 842 1324 cujus
881 1255 1076 1311 divinae
1109 1257 1398 1327 Srr'ptume
1425 1259 1776 1329 interpretum
1805 1274 1962 1316 coro-

376 1359 439 1397 na
476 1343 838 1416 Hieronymus
868 1350 948 1402 sic
975 1350 1218 1405 meminit
1248 1369 1262 1407 :
1297 1351 1357 1406 Si
1384 1350 1641 1406 Dominus
1663 1353 1792 1406 mihi
1822 1353 1956 1406 ado-

375 1436 598 1514 ptionem
646 1437 817 1504 daret,
850 1440 1017 1494 multo
1057 1444 1223 1513 magis
1243 1443 1486 1514 eligerem
1535 1441 1768 1502 tunicam
1798 1444 1960 1500 Pauli

377 1543 489 1580 cum
516 1528 638 1598 ejus
668 1530 888 1595 meritis,
921 1549 1078 1600 quam
1123 1550 1302 1603 regum
1359 1552 1619 1604 purpuras
1641 1552 1755 1589 cum
1786 1538 1960 1606 regnis

373 1620 498 1672 suis.
531 1618 652 1676 Non
698 1622 977 1690 dico,imo
1005 1633 1196 1688 taceo;
1244 1640 1406 1696 quam
1452 1627 1746 1696 pra-claris,
1792 1643 1956 1697 quam

371 1712 622 1783 pretiosis
648 1715 853 1785 egregii
899 1717 1182 1786 pontiﬁces
1214 1717 1360 1787 (191)
1419 1718 1679 1789 Serapion
1709 1727 1763 1774 et
1785 1719 1952 1775 Atha-

370 1806 560 1862 nasius
587 1806 802 1876 gloriati
835 1809 945 1865 sint
965 1825 1024 1866 se
1045 1811 1242 1867 ditatos
1272 1813 1605 1877 muneribus,
1645 1829 1766 1868 cum
1798 1813 1953 1870 alteri

2063 628 2234 690 utpro
2263 620 2504 691 reliquiis
2533 631 2866 682 sanctorum,
2895 619 3045 691 (196)
3087 624 3386 679 consecrati
3422 625 3646 681 brandei

2064 713 2379 784 rogantibus
2420 714 2664 769 ﬁdelibus
2697 716 3215 781 transmitterentur,
3272 726 3328 772 et
3378 717 3648 787 condigno

2063 803 2268 859 honore
2320 807 2579 861 reconditi
2614 806 3036 865 honorarentur.
3081 807 3325 878 Cumque
3366 811 3468 865 hoc
3495 827 3646 866 more

2061 897 2383 968 quibusdam
2454 897 2878 955 Occidentalium
2940 901 3158 973 legatis,
3210 912 3292 957 ter
3345 914 3649 974 quaterque

2062 987 2252 1042 beatus
2277 987 2593 1059 Gregorius,
2618 990 2671 1046 in
2695 991 2922 1062 singulis
2953 993 3223 1064 pixidibns
3273 996 3374 1049 sub
3411 997 3648 1050 nomini-

2060 1077 2162 1134 bus
2200 1080 2492 1150 petitorum
2547 1091 2844 1153 martyrum
2892 1084 3188 1138 brandcum
3237 1085 3534 1149 includens,
3592 1097 3650 1141 et

2063 1171 2358 1240 apostolico
2381 1172 2555 1243 sigillo
2579 1173 2942 1242 pnemunicns
2966 1175 3300 1238 tradidisset,
3326 1185 3381 1230 et
3411 1175 3644 1231 abeundi

2059 1263 2338 1321 licentiam
2385 1266 2661 1334 dedisset;
2704 1265 2779 1321 illi
2809 1276 2930 1337 post
2959 1282 3176 1322 emensa
3208 1267 3412 1336 aliquot
3438 1268 3648 1322 itineris

2060 1355 2254 1424 spatia,
2283 1356 2510 1411 obscura
2542 1358 2622 1411 usi
2652 1357 2956 1428 diligentia,
3006 1372 3104 1427 pro
3163 1367 3314 1411 certo
3370 1359 3511 1411 scire
3550 1374 3648 1411 eu-

2058 1447 2296 1517 pientes,
2327 1462 2446 1516 qute
2489 1463 2550 1502 ac
2581 1448 2758 1518 qualia
2808 1460 3120 1502 sanctorum
3176 1448 3532 1500 transferrent
3565 1447 3646 1514 pi-

2058 1554 2260 1610 gnora;
2286 1539 2588 1610 pontiﬁcale
2628 1540 2861 1610 sigillum
2903 1555 3038 1594 ausu
3088 1539 3643 1594 temerarioremovc-

2059 1639 2216 1698 runt;
2246 1639 2300 1685 et
2349 1646 2446 1701 pro
2489 1631 2753 1700 reliquiis,
2795 1631 3022 1686 traditas
3075 1632 3297 1685 hrandei
3349 1630 3646 1701 particulas

2059 1725 2397 1780 invenientes
2443 1725 2598 1794 quasi
2631 1725 2846 1780 delusus
2876 1741 2935 1779 se
2965 1740 3085 1779 esse
3126 1725 3498 1779 indolucrunt.
3535 1723 3644 1780 Nec

2062 1830 2236 1881 mora,
2260 1815 2428 1869 nimia
2451 1831 2574 1870 cum
2627 1816 2990 1887 indignatione
3037 1817 3224 1882 animi,
3254 1816 3305 1870 in
3333 1816 3520 1870 urbem
3552 1833 3642 1871 re-

369 1897 630 1953 melotem
667 1908 721 1954 et
770 1900 990 1970 pallium
1047 1903 1231 1957 tritum
1267 1903 1353 1959 cui
1404 1903 1754 1975 superjacuit,
1796 1904 1950 1961 alteri
1981 1908 2027 1968 Β
2056 1905 2215 1971 versi,
2251 1921 2372 1962 cum
2403 1907 2455 1960 in
2485 1907 2776 1978 lacrymas,
2814 1916 2926 1960 tum
2970 1907 3020 1960 in
3052 1907 3298 1961 convicia
3343 1906 3479 1960 tanti
3507 1922 3644 1979 pon-

371 1989 612 2044 alternm
641 1991 890 2048 melotem
917 1993 981 2048 de
1005 1994 1225 2051 fornace
1269 1995 1443 2052 ferrea
1473 1998 1728 2068 migrans,
1759 1997 1810 2052 in
1839 2013 1952 2054 me-

369 2082 611 2137 moriam
665 2083 745 2138 sui
774 2085 914 2138 idem
973 2086 1249 2142 distribuit
1288 2088 1574 2150 Antonius,
1623 2089 1869 2158 specialis
1899 2100 1952 2145 et

363 2171 688 2242 principalis
714 2176 862 2230 curia
893 2179 1064 2232 sancti
1097 2178 1351 2248 Spiritus.
1381 2181 1750 2237 Pr:ctermisso
1771 2191 1950 2236 autem

363 2267 606 2336 egregia;
648 2268 872 2340 virginis
914 2281 969 2325 et
1007 2274 1259 2343 martyris
1299 2273 1445 2343 (192)
1477 2275 1702 2344 Agatha:
1746 2275 1952 2346 galum-

361 2367 517 2415 male
547 2359 814 2432 (κάλυμμα
839 2362 1053 2430 velum),
1084 2365 1226 2432 quod
1257 2367 1488 2434 quoties,

437 2487 456 2504 .
505 2490 518 2502 .
563 2489 580 2504 .
619 2451 905 2521 Horriﬁcis
919 2455 1076 2523 juxta
1107 2466 1250 2509 tonat
1284 2457 1452 2510 Ᾱῖιηα
1483 2459 1648 2513 ruinis

437 2543 746 2616 Attollitque
772 2546 950 2615 globos
983 2550 1345 2617 ﬂammarum,
1377 2562 1422 2603 et
1451 2551 1621 2603 sidera
1641 2551 1843 2618 lambit,

439 2637 718 2692 Interdum
742 2639 982 2708 scopulos
1004 2641 1285 2706 avulsaque
1318 2643 1514 2696 viscera
1541 2643 1736 2697 montis
1758 2683 1774 2707 ,

356 2745 670 2800 expansum
700 2741 752 2785 et
777 2733 1085 2801 oppositum

437 2822 620 2892 Erigit
643 2834 884 2877 eructans
929 2824 1192 2894 fundoque
1212 2835 1463 2880 exmstuat
1489 2829 1617 2892 imo,

354 2914 415 2969 in
469 2917 863 2971 tantoturhine
890 2917 958 2970 ab
1001 2918 1234 2973 incendii
1272 2929 1325 2972 et
1370 2920 1953 2977 Iretnorisdiscrimine

355 3007 566 3070 liberat
595 3009 744 3080 (l95)
773 3009 1026 3080 populum
1070 3009 1386 3069 Trinacriae.
1442 3014 1522 3067 Ad
1571 3013 1871 3084 profectum
1899 3023 1951 3069 et

358 3099 597 3170 gloriam
637 3115 824 3170 regum
880 3109 936 3154 et
987 3100 1395 3170 imperatorum,
1449 3103 1578 3157 libet
1635 3105 1954 3172 compendio

358 3193 759 3264 perstringere,
816 3193 950 3262 quid
979 3203 1034 3249 et
1060 3206 1318 3264 quantum
1371 3195 1538 3266 (191).
1587 3195 1950 3252 Gunderamni

2057 1998 2214 2054 tiﬁcis
2252 2008 2632 2068 proruperunt,
2664 2008 2717 2054 et
2743 2014 2866 2053 cum
2905 1998 3054 2070 gravi
3085 1998 3503 2066 exprobratione
3544 2013 3643 2068 per

2053 2089 2360 2157 apostolica:
2383 2089 2528 2143 sedis
2553 2088 3014 2156 archidiaconum,
3060 2089 3260 2142 doumo
3317 2089 3638 2158 apostolico,

2054 2181 2340 2235 missarum
2371 2180 2632 2235 solemnia
2663 2180 2983 2245 celebranti,
3007 2179 3423 2242 mandaverunt,
3456 2181 3640 2235 Domi-

2054 2286 2153 2326 nos
2216 2285 2343 2326 suos
2393 2271 2799 2340 pretiosissimis
2839 2280 2894 2324 et
2929 2269 3311 2340 pulcherrimis
3359 2269 3639 2325 abundare

2055 2368 2256 2438 palliis,
2291 2383 2354 2423 ac
2382 2368 2752 2424 Romanorum
2803 2367 3078 2422 vilissimis
3110 2384 3216 2422 non
3269 2382 3427 2438 cgere
3474 2369 3639 2423 bran-

2055 2460 2190 2518 deis.
2220 2461 2611 2516 Lucidissimus
2650 2476 2780 2516 vero
2809 2458 3112 2530 Theologns
3160 2460 3457 2514 hrandeum
3503 2461 3640 2514 reci-

2053 2555 2226 2622 piens,
2256 2567 2420 2623 super
2462 2552 2633 2606 altare
2681 2552 2887 2621 posuit;
2941 2567 2999 2606 se
3055 2551 3106 2606 in
3151 2552 3455 2606 orationem
3515 2567 3638 2606 eum

2053 2646 2304 2701 omnibus
2339 2646 2639 2700 astantibus
2681 2644 2856 2710 dedit;
2909 2644 3196 2699 exauditus
3247 2644 3522 2707 surrexit;
3559 2645 3640 2697 in-

2055 2738 2304 2793 credulos
2333 2737 2540 2808 legatos
2567 2737 2788 2807 propius
2835 2746 2985 2790 stare
3025 2737 3217 2806 jussit;
3246 2735 3462 2791 cultello
3501 2753 3640 2806 pan-

2056 2844 2182 2883 nmn
2211 2829 2464 2898 pupugit;
2496 2839 2552 2882 et
2582 2828 2778 2882 mirum
2799 2827 2970 2888 dictu,
2993 2841 3091 2896 per
3119 2827 3360 2896 singulas
3392 2828 3642 2896 punctio—

2053 2934 2149 2974 nes
2177 2919 2404 2974 ubertim
2430 2919 2650 2989 sanguis
2686 2916 2915 2985 eﬁluxit,
2942 2927 2996 2972 et
3027 2917 3226 2984 ingenti
3274 2926 3492 2986 stupore
3521 2917 3611 2970 nni
3635 2949 3638 2952 η

2052 3027 2331 3067 versornm
2349 3011 2640 3065 astantium
2667 3019 2875 3064 mentes
2902 3007 3638 3064 concussit.Attonitiautem

2055 3117 2264 3165 omnes,
2294 3117 2414 3156 cum
2443 3100 2736 3170 apostolico
2791 3099 3046 3169 prostrati
3085 3098 3136 3151 in
3180 3107 3402 3162 terram,
3453 3097 3640 3150 tandiu

2057 3191 2434 3248 intentissima!
2455 3191 2719 3246 orationis
2739 3190 3158 3244 iimnolavcrunt
3185 3189 3413 3243 hostiam
3435 3205 3450 3254 ;
3469 3188 3643 3242 donec

357 3288 731 3357 potentissimi
777 3289 917 3356 regis
976 3289 1226 3343 meritum
1283 3290 1398 3359 ipso
1449 3291 1750 3359 ignorante,
1808 3291 1948 3360 apud
1981 3269 2024 3330 (ἶ
2057 3295 2264 3340 σιιιιοιίε
2293 3284 2514 3340 hrandei
2574 3292 2892 3354 pertusum,
2947 3299 3044 3354 per
3089 3284 3289 3337 divinae
3339 3283 3643 3352 majestatis

358 3378 606 3433 divinam
665 3379 1007 3449 majestatcm
1061 3381 1357 3434 obtinuerit
1405 3382 1591 3450 gratiae
1645 3390 1700 3436 et
1747 3381 1949 3451 gloriae.

359 3467 504 3523 Cum
527 3469 810 3540 cujusdam
856 3469 1186 3524 mulierculae
1237 3469 1378 3525 ﬁlius
1425 3480 1690 3541 quartano
1729 3481 1852 3542 typo
1897 3473 1950 3526 in

360 3569 589 3628 tantum
645 3570 960 3628 vexaretur,
1009 3570 1069 3616 ut
1113 3562 1179 3617 de
1224 3561 1339 3630 ejus
1387 3563 1495 3616 vita
1536 3565 1950 3632 desperaretur;

361 3664 546 3708 mater
569 3654 820 3709 orbitatis
852 3663 995 3709 metu
1024 3655 1202 3714 anxia,
1236 3657 1330 3710 sed
1358 3653 1590 3722 prtefatze
1633 3655 1953 3726 evangelica:

362 3757 772 3800 :cmmorrousae
825 3745 930 3801 ﬁde
991 3748 1235 3816 prmdita,
1283 3747 1656 3816 gloriosissimi
1712 3748 1854 3818 regis
1885 3749 1951 3802 ad

365 3837 655 3894 ecclesiam
683 3837 1026 3906 procedentis
1052 3848 1333 3908 prosecuta
1348 3847 1432 3891 est
1459 3837 1700 3908 vestigia,
1733 3849 1781 3891 et
1812 3839 1955 3893 inter

365 3927 806 3985 confertfsimas
831 3927 1149 3998 stipatorum
1181 3936 1447 3992 catervas,
1476 3927 1776 3982 clanculum
1799 3938 1953 3999 tergo

367 4018 489 4090 ejus
531 4021 781 4096 acclinis,
815 4021 906 4088 pio
929 4029 984 4075 et
1017 4019 1157 4075 ﬁdeli
1214 4020 1359 4074 furto
1409 4019 1606 4091 regalis
1654 4021 1951 4078 indumenti

370 4113 589 4185 abrupit
621 4113 924 4177 ﬁmbriam;
965 4122 1022 4166 et
1060 4113 1170 4167 voti
1213 4127 1436 4182 compos
1473 4128 1687 4168 reversa
1711 4115 1951 4177 domum,

370 4206 694 4260 medicinale
727 4204 874 4258 ﬁlum
913 4205 968 4258 in
995 4219 1188 4274 aquam
1218 4207 1416 4273 posuit,
1446 4204 1660 4274 ﬁlioque
1698 4220 1955 4274 prazmor-

374 4303 468 4351 tuo
497 4297 793 4366 potandum
821 4295 1034 4358 obtulit,
1057 4303 1109 4348 et
1133 4296 1474 4349 anhelantem
1512 4295 1714 4350 febrem
1757 4295 1955 4350 saluta-

376 4390 454 4444 ris
482 4389 663 4458 liquor
687 4386 976 4452 exstinxit,
1005 4401 1069 4444 ac
1098 4386 1321 4455 expulit.
1349 4385 1480 4452 Quis
1505 4402 1634 4440 vero
1664 4367 1952 4455 excogitet,

375 4483 494 4554 quis
523 4483 687 4552 digne
717 4480 973 4552 explicet,
1008 4495 1169 4550 quam
1208 4480 1278 4532 sit
1318 4478 1582 4541 mirabile,
1613 4489 1670 4535 et
1699 4495 1954 4533 memora-

375 4569 500 4641 ble,
562 4571 709 4641 quod
769 4581 1011 4639 tempore
1069 4569 1384 4627 lucidissimi
1424 4568 1677 4639 Theologi
1709 4569 1952 4638 Gregorii

380 4663 609 4732 contigit
632 4662 699 4716 ad
734 4660 946 4715 laudem
969 4670 1024 4716 et
1046 4660 1272 4731 gloriam
1297 4659 1491 4715 divina:
1513 4661 1956 4731 magnilieentim?

380 4753 524 4824 (195)
567 4753 626 4807 In
675 4760 862 4808 sancta
913 4751 1158 4820 Romana
1199 4750 1442 4806 Ecclesia
1497 4751 1794 4820 antiquitus
1842 4767 1958 4806 mos

382 4878 615 4930 constat.
646 4868 740 4938 qui
769 4881 951 4922 sacros
978 4876 1227 4925 auctores
1251 4866 1336 4920 vel
1371 4881 1401 4919 a
1429 4864 1612 4920 limine
1634 4864 1956 4938 salutat-unt.

381 4938 455 4994 De
498 4936 832 4994 indumentis
861 4953 925 4993 eo
951 4937 1166 5000 delatis,
1207 4946 1263 4992 et
1290 4938 1358 4989 ad
1388 4938 1722 4990 exanimatos
1753 4936 1954 4997 relatis,

380 5011 708 5078 eosdemque
741 5007 1228 5073 redaminantibus,
1261 5007 1378 5062 vide
1403 5007 1544 5076 apud
1583 5007 1640 5059 ὃ.
1670 5006 1956 5076 Augustin.

376 5079 470 5136 lib.
502 5095 614 5134 xxu
640 5079 718 5135 De
736 5079 910 5141 civit.,
936 5094 1057 5147 cap.
1081 5079 1134 5134 8.

451 5151 602 5218 (190)
645 5148 805 5203 Pauli
835 5145 1246 5220 primieremila:
1278 5147 1525 5220 tunicam.
1559 5145 1683 5201 llaec
1707 5145 1960 5204 distincte

383 5222 439 5276 S.
464 5217 913 5292 'Hieronytnus'in
949 5218 1258 5292 Vitaghujus
1281 5217 1451 5292 Pauli.

451 5292 602 5361 (191)
643 5285 898 5359 Serapion
923 5300 970 5345 et
992 5285 1332 5361 Athanasius.
1364 5288 1563 5361 Horum
1590 5285 1959 5361 Antoniiutnu-

383 5358 591 5418 nerum'
613 5358 910 5418 honoriﬁce
938 5361 1184 5415 meminit
1211 5359 1324 5430 ipse
1350 5359 1676 5413 Athanasius
1716 5361 1767 5411 in
1800 5358 1960 5422 illius,

381 5433 820 5506 quanrseripsit,
861 5431 1104 5506 historia.

455 5504 605 5573 (199.)
646 5497 866 5573 Agathe:
907 5501 1241 5573 galummate.
1286 5499 1441 5568 Tego,
1485 5497 1844 5573 ueﬁiaG‘ratcis
1876 5509 1962 5554 est

382 5568 624 5634 καλύπτω
649 5568 792 5628 unde
817 5568 1074 5642 κάλίδμμα,
1112 5572 1298 5644 velum.
1341 5574 1411 5625 At
1433 5569 1512 5644 vel
1539 5568 1848 5644 Thiol'ridus
1872 5586 1960 5644 eo—

381 5655 597 5716 gnatam
628 5645 867 5716 litteram
881 5639 991 5716 pro
1014 5639 1268 5711 germana
1296 5641 1544 5716 sumpsit,
1577 5639 1657 5691 vel
1684 5640 1962 5708 scriptoris

381 5710 538 5786 lapsu
572 5716 812 5786 irrepsit.
834 5710 966 5786 Nm
992 5710 1074 5786 est
1108 5721 1311 5767 tantum
1342 5710 1631 5784 piaculum,
1660 5721 1718 5764 ut
1745 5721 1959 5764 mutan-

380 5783 514 5844 d’jm
537 5783 716 5850 merit.
746 5783 906 5839 Malui
940 5783 1194 5850 indicare.

395 5860 399 5864 ’
454 5858 604 5933 (193)
647 5847 910 5928 Populum
942 5847 1246 5909 Trinacria.
1297 5855 1341 5909 Α
1381 5852 1552 5909 tribus
1583 5850 1964 5924 promontoriis

2055 3379 2553 3449 redintegrarentur
2602 3376 2919 3447 potentiam.
2989 3375 3056 3430 In
3105 3375 3327 3444 ﬁmbriis
3397 3374 3642 3445 profecto

2053 3473 2228 3526 aureis
2280 3469 2452 3541 (Psal.
2500 3485 2644 3533 κων,
2696 3469 2808 3540 11),
2859 3469 3028 3524 sancti
3066 3469 3155 3522 Dei
3187 3469 3239 3522 in
3271 3467 3510 3522 Ecclesia
3535 3484 3640 3521 non

2053 3568 2270 3620 habente
2298 3563 2560 3618 maculam
2599 3580 2760 3633 neque
2804 3578 2989 3632 rugam
3021 3560 3237 3631 (Epiros.
3272 3577 3324 3624 v,
3354 3559 3480 3629 ‘27);
3514 3574 3640 3627 pro-

2056 3667 2335 3714 cesserunt
2389 3657 2441 3711 in
2493 3664 2677 3710 sancta
2732 3665 3043 3709 sanctorum
3099 3668 3221 3708 cum
3271 3648 3639 3705 tintinnabulis

2055 3747 2240 3821 (Eccli.
2282 3762 2408 3811 va,
2452 3746 2572 3816 10),
2616 3747 2811 3799 circum
2856 3745 3033 3798 amicti
3077 3742 3415 3798 varietatibus
3461 3738 3636 3811 (Psal.

2055 3854 2202 3901 thv,
2233 3837 2343 3904 H),
2390 3836 2727 3891 diversarum
2757 3834 3009 3889 videlicet
3055 3833 3314 3886 virtutum
3362 3829 3640 3886 vocalibus

2055 3929 2403 3984 redimiculis.
2453 3927 2706 3997 Ideoque,
2754 3926 3012 3996 quidquid
3043 3939 3230 3979 eorum
3266 3925 3496 3978 vestium
3525 3933 3635 3986 est,

2054 4023 2423 4093 eujnscunqne
2470 4021 2717 4076 staminis
2767 4029 2822 4075 et
2850 4016 3186 4080 subteminis,
3211 4014 3336 4084 jure
3365 4031 3428 4069 ex
3461 4015 3638 4070 insitte

2054 4117 2156 4171 sibi
2183 4117 2375 4171 divina:
2409 4115 2624 4169 virtutis
2672 4113 2874 4176 calore,
2912 4127 3010 4182 pro
3049 4107 3438 4164 excellentibus
3475 4107 3639 4160 meri-

2055 4207 2146 4270 tis,
2174 4206 2399 4261 exsudat
2425 4204 2678 4269 salutem,
2706 4213 2760 4258 et
2789 4203 3102 4272 sospitatcm
3143 4199 3337 4253 anima:
3363 4206 3416 4252 et
3441 4211 3636 4266 corpo-

2056 4297 2164 4361 ris;
2219 4304 2273 4350 ct
2317 4295 2368 4348 in
2421 4294 2712 4359 siccitatis,
2769 4302 2820 4348 et
2877 4290 3244 4345 inundationis
3293 4287 3633 4357 intemperie,

2055 4388 2320 4443 elevatum
2377 4403 2444 4440 ex
2496 4386 2609 4440 suis
2658 4384 2954 4448 sacrariis,
3011 4391 3064 4436 et
3117 4391 3457 4452 exportatum
3511 4395 3634 4434 cum

2056 4495 2280 4536 summa:
2325 4478 2450 4534 ﬁdei
2499 4493 2562 4534 ac
2607 4474 2906 4532 devotionis
2955 4474 3177 4538 litauiis,
3232 4471 3362 4542 ipsis
3408 4471 3640 4541 imperat

2059 4573 2293 4627 motibus
2341 4571 2504 4634 aeris,
2553 4579 2607 4624 et
2654 4585 2798 4624 nunc
2845 4567 3033 4623 sudant
3076 4565 3449 4627 serenitatem,
3496 4578 3640 4618 nunc

2060 4666 2314 4737 pluviam,
2347 4673 2732 4733 congruentem
2769 4660 3098 4730 supplicibus
3134 4658 3376 4728 impertit
3411 4655 3641 4710 Christi-

2057 4758 2218 4824 colis;
2250 4767 2304 4811 ct
2331 4755 2752 4811 cvidcntissimis
2787 4754 3092 4809 declaratur
3118 4751 3354 4812 indiciis,
3391 4764 3553 4819 quam
3586 4749 3640 4802 in

2059 4869 2138 4924 sic
2162 4869 2360 4922 dicitur
2384 4867 2588 4926 Sicilia.
2611 4865 2883 4936 Pachyno,
2915 4863 3170 4936 Lilybaeo,
3193 4861 3409 4936 Peloro.

2133 4939 2282 5005 (194)
2324 4935 2700 4992 Gunderamui.
2735 4930 2966 4989 Sanctus
2996 4930 3082 4988 hic
3109 4932 3296 5005 Gallia:
3327 4949 3419 5005 rex
3445 4930 3651 4985 dicitur

2061 5019 2116 5062 et
2142 5001 2588 5071 Cuntlzeramuus,
2610 5015 2664 5061 et
2685 5005 3062 5060 Cumramuus.
3091 5004 3379 5057 llistoriam
3405 5001 3564 5063 hanc,
3595 5018 3642 5053 et

2065 5080 2218 5147 plura
2269 5080 2334 5132 de
2385 5079 2570 5133 eodem
2619 5077 2740 5130 vide
2791 5075 2926 5145 apud
2973 5074 3198 5143 Gregor.
3249 5073 3452 5128 Turon.
3503 5071 3646 5125 llist.

2063 5150 2257 5206 Franc.
2293 5149 2382 5202 lib.
2415 5165 2488 5212 ιχ,
2521 5163 2642 5216 cap.
2669 5147 2758 5200 21.

2136 5219 2283 5287 (195)
2322 5219 2388 5272 1η
2431 5213 2609 5272 sancta
2653 5216 2890 5270 Romana
2931 5213 3168 5268 Ecclesia
3205 5214 3491 5287 antiquitus
3531 5228 3642 5287 mos

2064 5282 2290 5344 inolevit.
2334 5291 2409 5344 De
2444 5290 2545 5344 hoc
2577 5302 2742 5348 more,
2771 5295 2830 5341 ut
2860 5295 3054 5349 vestes,
3085 5301 3202 5356 qua:
3243 5282 3344 5339 SS.
3387 5282 3642 5356 reliquias

2068 5363 2391 5431 attigissent,
2420 5375 2516 5428 pro
2549 5358 2789 5431 reliquiis
2818 5355 3168 5431 haberentur,
3187 5367 3384 5431 przeter
3413 5355 3512 5406 hoc
3541 5366 3638 5403 no-

2069 5426 2508 5498 hile'excmplum
2555 5426 2678 5483 tam’
2707 5429 2901 5482 illustri
2945 5426 3206 5498 miraculo
3241 5441 3271 5479 a
3310 5426 3416 5479 Deo
3449 5436 3642 5493 appro-

2069 5503 2286 5562 batum;
2319 5495 2438 5554 vide
2463 5499 2657 5553 liaron.
2689 5515 2830 5553 anno
2856 5499 2961 5553 519
2987 5507 3039 5552 et
3061 5495 3184 5550 560.

2141 5573 2286 5643 (196)
2327 5570 2623 5624 Consecrati
2668 5567 2915 5643 Brandei.
2969 5565 3107 5633 Quid
3147 5573 3290 5643 esset
3329 5562 3636 5643 gratuler“,

2070 5632 2180 5698 dixi
2210 5632 2408 5715 supra,
2428 5643 2522 5715 lib.
2564 5655 2604 5702 ι,
2628 5656 2746 5715 cap.
2860 5632 3046 5715 Porro,
3071 5651 3191 5715 qua:
3219 5635 3305 5714 hic
3329 5632 3639 5715 Thioft‘fdus

2070 5727 2254 5769 narrat
2278 5700 2346 5767 'de
2377 5700 2435 5766 S.
2470 5700 2728 5780 Gregorio
2765 5708 2971 5776 Magno,
3002 5700 3252 5780 invenies
3279 5705 3330 5759 in
3358 5702 3474 5772 ejus
3496 5700 3637 5766 Vita,

2069 5800 2096 5836 a
2128 5783 2281 5841 Joan.
2311 5785 2546 5840 Diacono
2579 5774 2802 5851 Scripta,
2831 5774 2922 5834 lib.
2949 5793 3010 5844 ιι,
3041 5791 3162 5850 cap.
3190 5774 3281 5830 12.
