4034 6364
493 409 598 469 579

1486 398 1835 457 TlllOFRlDl
1874 394 2164 452 ABBATIS
2198 391 2766 452 EFTEBNACENSIS

3645 384 3753 441 580

494 536 696 584 sanctis
719 524 830 580 suis
851 523 995 579 Deus
1019 521 1090 576 sit
1120 518 1361 590 dapsilis,
1423 517 1751 581 misericors,
1784 512 2063 586 praestabi-
2093 516 2137 573 Α
2169 511 2238 565 tis
2268 519 2478 581 typum;
2523 510 2665 580 quod
2693 506 2870 563 Patris
2905 503 3132 560 Verbum
3169 520 3294 558 caro
3327 503 3528 573 factum
3566 502 3758 573 (loqu.

495 618 584 683 lis,
617 626 671 672 et
701 615 981 671 mirabilis.
1008 611 1119 667 Nec
1153 611 1350 666 mirum
1379 617 1486 674 est,
1517 618 1828 664 sanctorum
1860 606 2068 673 intima,

495 719 550 764 et
577 707 776 763 extima
806 714 954 759 tanta
1000 701 1288 774 gloriﬁcari
1338 701 1596 755 virtutum
1647 697 2068 767 magniﬁcentia,

494 814 616 854 cum
640 798 706 853 de
739 796 818 852 eis
859 796 1137 850 incarnata
1180 793 1358 848 Patris
1387 798 1718 861 protestetur
1745 788 2020 859 Sapientia
2052 805 2069 841 :

495 890 685 945 Omnia
714 904 829 942 mea
875 896 968 952 tua
1014 895 1158 950 sunt,
1204 895 1249 938 et
1286 895 1377 937 tua
1411 899 1527 937 mea
1568 878 1749 950 (Joan.
1780 895 1913 945 xv",
1943 876 2065 947 40);

490 996 592 1036 nec
618 978 913 1035 secundum
944 975 1139 1047 aquilae
1166 974 1330 1029 altius
1361 972 1588 1027 volantis
1616 970 1899 1042 Augustini
1946 983 2072 1024 sen—

491 1071 737 1133 tentiam,
771 1069 853 1126 ias
879 1068 969 1127 sit.
1002 1075 1062 1121 ut
1091 1066 1264 1120 sancti
1302 1064 1620 1134 cujusquam
1658 1063 1787 1125 sint,
1820 1061 1924 1115 nisi
1954 1059 2073 1129 ejus

488 1179 522 1219 ιι
566 1177 677 1233 quo
719 1161 908 1225 creati,
956 1169 1011 1215 et
1055 1157 1378 1213 sanctilicati
1415 1165 1570 1221 sunt;
1605 1170 1669 1211 ac
1714 1171 1811 1224 per
1857 1155 1979 1211 hoc.
2017 1162 2072 1208 et

488 1256 695 1332 omnia,
738 1269 859 1324 qua:
902 1254 1143 1318 ipsorum
1187 1258 1314 1306 sunt
1355 1263 1579 1305 necesse
1604 1249 1779 1318 sit,ut
1820 1246 1939 1319 ejus
1965 1246 2074 1302 sint

488 1345 646 1416 cujus
671 1353 727 1400 et
757 1343 858 1420 ipsi
894 1343 1023 1409 sint.

1031 1459 1430 1535 carrruwu
1468 1459 1534 1515 v.

490 1600 575 1663 De
598 1597 889 1671 liquoribus
914 1612 1083 1669 aqum,
1109 1606 1153 1655 et
1179 1596 1309 1670 vini,
1334 1604 1382 1649 et
1410 1593 1530 1656 olei,
1561 1602 1610 1647 et
1634 1593 1811 1655 tumba
1839 1589 2073 1646 Nicolai.

561 1711 642 1767 Ne
683 1725 814 1765 vero
858 1709 1130 1765 fastidium
1175 1716 1397 1780 generet
1431 1706 1684 1762 iucultior
1723 1716 1779 1760 et
1815 1706 2075 1775 prolixior

490 1801 689 1868 oratio,
717 1801 915 1856 silentii
952 1800 1188 1855 clausula
1219 1800 1517 1869 supprime,
1547 1812 1707 1869 quam
1737 1798 1994 1868 stupenda
2019 1809 2074 1853 ct

2174 617 2218 668 ι,
2247 602 2357 675 li),
2384 601 2659 672 signorum
2688 614 2909 655 suorum
2938 597 3111 653 voluit
3133 610 3254 651 esse
3281 596 3515 659 initium,
3544 611 3672 650 cum
3704 597 3763 648 in

2173 692 2320 749 Caua
2342 691 2576 748 Galilww
2601 691 2728 747 illud
2755 690 3058 745 converterit
3087 689 3141 741 in
3166 688 3345 742 viuum
3369 685 3549 757 (Ioau.
3575 702 3638 756 tt,
3665 686 3757 756 9);

2171 785 2312 855 quod
2339 785 2392 839 in
2417 783 2863 853 redemptionem,
2894 790 2949 837 et
2979 778 3311 835 ablutionem
3354 778 3609 833 humanm
3636 795 3767 847 pro-

2169 878 2402 950 paginis,
2437 877 2504 931 de
2536 878 2700 931 latere
2738 892 2835 930 suo
2869 891 2986 928 cum
3015 875 3271 943 sanguine
3308 872 3548 940 profudit
3573 871 3763 943 (Joau.

2170 990 2288 1038 nx,
2319 972 2410 1044 54)
2437 972 2490 1027 in
2522 971 2777 1026 Ecclesiae
2808 983 2921 1024 suae
2951 966 3247 1038 sponsalia,
3276 974 3332 1020 et
3367 964 3561 1036 pignus
3589 964 3771 1019 haere-

2172 1062 2425 1118 ditarimn
2456 1079 2473 1117 :
2510 1060 2661 1133 quid,
2691 1061 2939 1129 inquam,
2961 1056 3287 1121 mirandum,
3320 1054 3373 1110 si
3396 1055 3625 1125 per-hoe
3647 1051 3769 1121 glo—

2173 1156 2405 1213 riiicavit
2439 1163 2685 1210 sanctum
2724 1169 2882 1209 suum
2909 1165 3136 1206 summae
3163 1147 3511 1219 perfectionis
3542 1149 3763 1209 virum;

2172 1260 2293 1301 cum
2317 1243 2462 1316 (200)
2475 1243 2576 1299 sub
2603 1242 2770 1298 nostri
2796 1255 3011 1312 quoque
3035 1238 3292 1309 temporis
3315 1237 3463 1304 faece,
3493 1235 3765 1292 lutulenta

2172 1339 2335 1394 etiam
2378 1353 2536 1407 aqua,
2567 1351 2687 1407 qua:
2732 1335 2858 1391 lotis
2896 1347 3177 1390 servorum
3211 1331 3305 1387 Dei
3352 1331 3605 1397 manibus
3632 1344 3769 1386 cum

2174 1432 2308 1504 ipsis
2333 1430 2658 1502 projicienda
2686 1437 2770 1486 est
2790 1427 3063 1496 sordibus,
3091 1425 3397 1483 clanculum
3420 1423 3690 1493 expetita,
3710 1434 3772 1477 et

2173 1536 2426 1577 concessa
2455 1535 2484 1574 a
2516 1518 2884 1583 cubiculariis,
2913 1519 3125 1572 diversa
3156 1515 3399 1570 eliminet
3430 1527 3649 1584 genera,
3683 1513 3769 1567 in-

2177 1612 2511 1678 llrmitatum,
2541 1619 2596 1666 et
2631 1610 2899 1680 impertiat
2930 1608 3160 1681 gratiam
3193 1606 3529 1662 sanitatum?
3570 1607 3763 1660 Sancti

2175 1719 2306 1760 sane
2328 1702 2442 1769 Dei,
2470 1702 2534 1757 de
2551 1717 2772 1773 quorum
2795 1712 2963 1756 uetttre
2979 1701 3342 1771 pro/luxerunt
3361 1697 3589 1768 ﬂumina
3606 1713 3767 1768 qua:

2174 1795 2301 1849 view
2324 1793 2508 1864 (Joan.
2541 1809 2635 1855 vn,
2670 1790 2784 1854 58),
2816 1790 3126 1862 spirituales
3166 1788 3410 1859 profecto
3445 1787 3666 1857 gratim,
3707 1798 3771 1843 et

489 1892 722 1966 jucunda
770 1890 1050 1958 miracula,
1099 1904 1196 1959 per
1226 1890 1488 1955 diversos,
1521 1903 1675 1957 aquae
1721 1888 1828 1942 vini
1872 1897 1927 1943 et
1967 1888 2070 1945 olei
2105 1893 2149 1948 B
2174 1885 2370 1941 ﬂuenta
2398 1885 2636 1941 caelestis
2661 1884 2943 1949 doctrinae,
2974 1899 3080 1938 non
3128 1882 3361 1937 biberunt
3386 1882 3442 1934 in
3473 1880 3558 1935 eia
3585 1878 3765 1952 xigy.

491 1984 728 2054 liquores
774 1981 986 2036 illorum
1036 1988 1383 2035 consecratos
1434 1978 1844 2044 benedictione,
1891 1979 2069 2033 divina

490 2085 708 2147 operata
736 2075 808 2130 sit
830 2073 1088 2146 dignatio.
1123 2072 1229 2129 Sed
1257 2087 1326 2129 ne
1361 2073 1536 2128 locum
1561 2070 1923 2126 calumniandi
1949 2071 2067 2125 dem

488 2167 682 2223 aemulo
735 2165 1156 2238 improperanti,
1224 2180 1287 2220 ea
1333 2180 1452 2235 qua:
1497 2163 1740 2234 profero,
1795 2178 1881 2218 me
1925 2162 2070 2218 nullo

490 2258 799 2315 authentico
828 2274 985 2330 posse
1027 2258 1259 2329 probare
1305 2257 1649 2321 testimonio;
1680 2257 1747 2311 de
1774 2271 1928 2325 aqum
1958 2256 2069 2311 ele-

491 2361 676 2407 mento
719 2349 942 2421 liquido,
973 2366 1139 2404 unmn
1186 2359 1294 2403 tam
1331 2349 1553 2405 evidens
1602 2345 1966 2403 testimoniqu
2016 2345 2069 2400 in

492 2444 729 2497 medium
761 2442 951 2511 aﬂ'ero,
983 2453 1041 2497 ut
1069 2443 1135 2498 de
1162 2442 1412 2497 omnibus
1438 2442 1559 2495 aliis
1587 2442 1763 2497 onmis
1793 2455 2074 2495 removea-

494 2543 583 2588 tur
608 2532 903 2599 dubitatio;
956 2547 1079 2588 cum
1123 2539 1335 2587 constet
1378 2532 1600 2601 liquido,
1648 2532 1781 2602 quid
1825 2533 1880 2587 in
1915 2530 2073 2587 seriis

492 2624 655 2679 rebus
682 2622 1013 2693 singulorum
1041 2620 1222 2678 valeat
1256 2622 1437 2678 meriti
1470 2621 1730 2687 ostensio,
1761 2637 1882 2676 cum
1909 2619 2071 2675 etiam

494 2715 549 2770 in
584 2715 739 2786 nugis
767 2713 925 2783 hujus
954 2713 1178 2785 liquoris
1208 2723 1414 2769 tantum
1460 2713 1725 2783 profuerit
1767 2712 2075 2769 sanctiﬁca-

496 2805 591 2860 tio.
642 2806 696 2860 ln
738 2805 996 2863 Gazeusis
1016 2804 1245 2874 emporii
1275 2803 1494 2874 oppido,
1524 2818 1646 2859 cum
1673 2801 1892 2872 quidam
1924 2800 2073 2871 (197)

491 2895 561 2950 ad
592 2894 871 2956 Circenses
899 2894 1052 2955 ludos
1068 2909 1236 2964 equos
1263 2892 1517 2958 nutriret,
1541 2908 1604 2946 ac
1637 2900 1940 2962 suspectum
1970 2889 2075 2944 sibi

493 2988 799 3044 malelicum
845 2988 1131 3060 quemdam
1178 2987 1413 3052 timeret,
1460 3002 1530 3041 ne
1573 2984 1916 3041 daamoniacis
1955 2982 2076 3053 qui-

491 3080 719 3135 busdam
769 3079 1243 3150 imprecationibus
1287 3093 1381 3135 eos
1427 3078 1741 3149 impediret;
1792 3092 1857 3133 ac
1901 3075 2075 3132 sancti

495 3173 730 3243 Spiritus
776 3173 1097 3228 archisterio
1145 3172 1418 3227 llilarione
1482 3170 1708 3226 nimium
1752 3169 2072 3232 reluctante,

2169 1979 2267 2049 pti,
2297 1976 2446 2049 (201)
2492 1994 2682 2048 aquam
2728 1974 2876 2031 Geon
2918 1974 3184 2029 turbidam
3231 1972 3363 2045 (Jer.
3410 1988 3470 2036 ιι,
3514 1970 3627 2043 18),
3662 1973 3763 2028 sed

2173 2084 2367 2139 aquam
2398 2069 2593 2123 divinae
2619 2067 2916 2137 Scriptura:
2946 2065 3401 2136 limpidissimam,
3430 2073 3488 2120 et
3512 2080 3617 2119 non
3645 2075 3763 2119 tur-

2172 2162 2417 2217 baverunt
2462 2161 2676 2231 pedibus
2723 2161 2834 2215 suis
2877 2159 3128 2230 reliquam
3159 2157 3376 2229 (Ezeclt.
3427 2173 3612 2222 sxxrv,
3662 2157 3757 2227 18)

2170 2270 2276 2325 qua
2302 2262 2549 2324 potarent
2576 2268 2704 2308 oves
2737 2253 3066 2308 Dominicas.
3096 2251 3222 2306 Ideo
3262 2267 3402 2321 aqua
3443 2253 3628 2307 usibus
3662 2266 3761 2308 eo-

2174 2360 2291 2400 rum
2335 2344 2819 2414 quomodocuuque
2851 2343 3113 2406 adhibita,
3150 2352 3357 2397 tantam
3392 2343 3586 2399 divina:
3624 2358 3763 2414 ope-

2174 2437 2402 2493 rationis
2447 2445 2733 2492 consecuta
2774 2444 2856 2491 est
2897 2435 3218 2490 eﬂicaciam.
3274 2434 3340 2489 Et
3366 2437 3490 2505 quis
3534 2435 3764 2491 modica:

2174 2528 2296 2584 lidei
2339 2529 2602 2597 requirat,
2640 2526 2770 2598 quid
2815 2525 2995 2581 valeat
3032 2525 3356 2583 sanctiﬂcati
3401 2526 3507 2581 olei
3541 2527 3765 2591 unctio;

2176 2620 2307 2690 quid
2334 2621 2538 2684 vinum,
2580 2619 2724 2689 quod
2762 2618 2815 2673 in
2859 2617 3177 2688 sanguinem
3211 2617 3550 2672 Dominicum
3580 2632 3769 2674 sacer-

2175 2711 2371 2768 dotalis
2404 2713 2457 2767 in
2484 2711 2649 2767 verbo
2680 2710 2891 2765 Domini
2927 2709 3091 2766 vertit
3127 2710 3469 2771 benedictio?
3506 2709 3613 2765 Per
3639 2726 3773 2767 coa-

2174 2813 2445 2857 secratum
2481 2803 2679 2873 quippe
2713 2800 3101 2857 misericordia;
3122 2799 3323 2865 oleum,
3361 2810 3647 2869 reparatur
3676 2820 3771 2857 sa-

2175 2892 2260 2948 lus
2299 2894 2600 2948 animarum
2643 2902 2701 2949 et
2736 2908 3061 2963 corporum;
3107 2907 3204 2963 per
3243 2893 3441 2959 vinum,
3474 2896 3618 2963 quoi
3656 2904 3772 2949 tam

2169 2984 2324 3056 juxta
2369 2987 2616 3040 humana:
2654 2985 3062 3043 consuetudinis
3101 2998 3295 3052 usum,
3345 3000 3509 3056 quam
3551 2986 3772 3043 intelle-

2177 3085 2322 3131 ctum
2366 3075 2679 3147 mysticum,
2728 3074 2961 3144 la’tiﬁcat
3004 3089 3096 3128 cor
3140 3073 3411 3128 hominum
3439 3073 3616 3145 (Psul.
3645 3092 3767 3141 CIII,

2178 3167 2290 3238 15),
2326 3168 2662 3237 sospitantur
2691 3167 2931 3224 membra
2963 3165 3334 3236 languentium
3368 3177 3425 3221 et
3456 3168 3772 3223 exhilaran-

493 3272 680 3333 utpote
709 3263 793 3318 cui
825 3264 1061 3335 ineptqu
1092 3264 1264 3318 visum
1293 3271 1377 3318 est
1406 3262 1459 3317 in
1504 3259 1872 3330 lmjusccmodi
1915 3259 2074 3329 nugis
2101 3255 2146 3318 C
2178 3268 2268 3314 tur
2295 3270 2503 3316 mentes
2538 3260 2904 3316 intereuntium.
2939 3258 3005 3314 Et
3034 3268 3092 3312 ut
3122 3258 3188 3314 de
3229 3258 3334 3314 olei
3378 3258 3593 3328 liquore
3617 3276 3771 3315 eom-

494 3356 797 3417 orationem
833 3357 1089 3426 perdere;
1126 3354 1271 3427 (198)
1301 3354 1560 3426 scyphum
1602 3352 1840 3418 lictilem,
1874 3352 1927 3406 in
1964 3366 2071 3420 quo

493 3446 684 3502 bibere
719 3449 999 3503 consuevit
1038 3447 1314 3517 impletum
1357 3462 1494 3517 aqua
1537 3445 1743 3515 accepit
1791 3453 1845 3500 et
1888 3443 2073 3503 stabu-

495 3537 631 3602 lum,
660 3552 848 3607 equos,
880 3547 937 3593 et
971 3538 1187 3605 aurigas
1215 3551 1362 3602 suos,
1392 3549 1782 3604 carcerumque
1822 3533 2073 3604 repagula

495 3629 553 3682 iu
579 3628 684 3697 ﬁde
707 3628 840 3682 nihil
866 3630 1114 3684 harsitans
1141 3627 1287 3703 (lat.
1310 3644 1350 3696 ι,
1375 3627 1433 3699 li)
1478 3626 1729 3698 aspersit.
1761 3624 1872 3681 Nec
1902 3640 2072 3691 mora,

496 3731 697 3779 statuta
727 3722 814 3777 die
856 3723 980 3778 dato
1009 3722 1183 3794 signa,
1233 3723 1289 3778 hi
1338 3721 1573 3787 avolant,
1618 3719 1913 3777 adversarii
1960 3720 2077 3790 ejus

499 3812 901 3885 praepediuntur
934 3830 948 3867 :
983 3813 1084 3868 sub
1115 3813 1305 3868 horum
1350 3828 1514 3869 curru
1557 3822 1689 3870 rotae
1737 3812 1969 3879 fervent,
2001 3811 2076 3867 illi

497 3890 989 3976 prmtervolantium
1038 3913 1186 3977 terga
1238 3907 1327 3965 vix
1386 3906 1609 3974 vident;
1657 3905 1745 3961 isti
1799 3921 1922 3961 cum
1990 3904 2078 3963 in-.

500 3996 644 4066 genti
674 3998 914 4052 omnium
938 3996 1143 4063 favore,
1173 3998 1407 4069 gloriosa
1432 3999 1663 4056 victoria
1683 3999 1977 4071 potiuntur,
2004 3996 2079 4052 illi

446 4130 459 4137 .
497 4106 691 4161 segnes
720 4099 775 4144 et
820 4090 1032 4161 inglorii
1077 4091 1424 4163 abjiciuntur.
1467 4093 1617 4163 Aqua
1666 4094 1883 4164 quippe,
1926 4091 2081 4147 melle

500 4180 817 4237 nieritorum
841 4181 1015 4238 sancti
1042 4182 1143 4238 viri
1186 4184 1427 4253 condita,
1457 4185 1620 4240 totius
1649 4183 1858 4249 fascini,
1885 4191 1938 4238 et
1968 4198 2082 4237 ma-

501 4275 634 4344 gica:
676 4276 811 4331 artis
855 4277 1002 4335 virus
1034 4279 1356 4340 exinanivit,
1399 4285 1452 4331 et
1506 4279 1570 4332 ab
1619 4278 1852 4333 ubertate
1894 4278 2081 4331 domus

501 4367 619 4435 Dei,
663 4368 727 4423 de
769 4380 997 4431 torrente
1029 4372 1305 4440 voluptatis
1352 4367 1525 4440 (Psal.
1554 4386 1716 4433 xxxv,
1753 4370 1829 4456 9L
1859 4371 2083 4425 interna:

502 4477 786 4528 omamms,
822 4473 878 4518 et
922 4462 1122 4533 lapides
1160 4474 1416 4517 excavatis
1461 4460 1603 4532 (Job.
1632 4477 1744 4525 :m',
1773 4463 1865 4531 19)
1890 4461 1942 4517 in
1973 4461 2084 4532 glo-

454 4548 461 4553 ’
500 4552 638 4606 riam
667 4551 760 4607 Dei
804 4551 952 4622 (199)
995 4551 1203 4622 lapidea
1236 4552 1576 4607 ethnicorum
1605 4553 1767 4606 corda
1798 4551 2079 4605 emollivit.

2174 3352 2431 3424 pendiosa
2475 3362 2597 3407 utar
2642 3351 2953 3415 traditione,
3009 3351 3138 3421 quid
3183 3350 3236 3404 in
3286 3359 3392 3405 tota
3442 3351 3613 3424 Lycia
3655 3362 3767 3408 tam

2176 3442 2439 3507 mirabile,
2476 3458 2637 3512 quam
2674 3442 2817 3512 quod
2844 3442 3022 3497 oleum
3053 3453 3275 3498 emanat
3303 3443 3371 3498 de
3406 3452 3601 3513 terque
3628 3458 3772 3515 qua-

2177 3541 2365 3602 terque
2405 3532 2546 3588 beati
2586 3532 2814 3599 Nieolai,
2855 3532 3191 3605 Myrensium,
3226 3532 3489 3601 Jerarhte,
3526 3535 3768 3605 pretioso

2178 3624 2374 3679 tumba:
2404 3639 2694 3690 marmore,
2729 3640 2793 3680 ac
2827 3625 3080 3683 unctione
3108 3640 3207 3680 sua
3247 3625 3537 3692 delibatos,
3572 3625 3772 3681 liberat

2177 3713 2245 3770 de
2291 3717 2438 3771 omni
2489 3715 2715 3773 adversa
2767 3715 3100 3773 valitudine?
3145 3716 3340 3772 Mirum
3393 3717 3644 3789 profecto
3684 3728 3771 3774 est

2178 3808 2539 3865 aestimatione
2587 3809 2889 3875 hominum,
2938 3809 3081 3867 unde
3115 3811 3207 3869 ille
3249 3812 3324 3868 sit
3362 3812 3561 3882 liquor,
3606 3827 3767 3883 quem

2179 3915 2285 3955 non
2313 3915 2409 3955 sua
2436 3901 2667 3956 exsudat
2692 3911 2747 3956 et
2776 3901 3002 3958 distillat
3044 3905 3227 3960 arbor.
3277 3903 3432 3960 Nulla
3476 3903 3550 3959 ibi
3601 3913 3769 3959 male.-

2180 3996 2331 4052 rialis
2350 3996 2493 4052 oliva
2532 4011 2597 4051 ex
2636 3997 2812 4053 radice
2854 3998 3104 4068 pullulat,
3133 4014 3249 4055 non.
3271 4013 3461 4057 ramos
3479 4000 3765 4068 expandit,

2179 4102 2286 4143 non
2312 4087 2606 4157 germinat,
2638 4102 2743 4142 non
2774 4087 3099 4155 l'ructiﬂcat,
3129 4100 3186 4146 et
3223 4099 3404 4145 tamen
3431 4098 3625 4145 contra
3648 4088 3770 4158 jura

2180 4186 2389 4234 naturae
2423 4178 2600 4234 oleum
2636 4181 2790 4251 quasi
2839 4181 2893 4235 in
2934 4181 3100 4251 praelo
3128 4197 3448 4253 expressum
3481 4180 3768 4237 exuberat.

2185 4269 2337 4326 Unde
2359 4286 2488 4342 ergo
2512 4271 2587 4327 ibi
2606 4271 2786 4327 oleum
2810 4274 3032 4328 inundat
3057 4274 3111 4329 in
3135 4275 3364 4329 salutem
3387 4273 3731 4329 credentium
3747 4274 3773 4327 ἓ

2181 4362 2263 4416 An
2291 4370 2375 4417 est
2413 4362 2592 4433 aliqua
2621 4362 2765 4419 illius
2795 4373 2953 4419 terrae
2980 4379 3133 4430 vena,
3162 4379 3229 4420 eo
3255 4364 3463 4435 liquore
3498 4364 3770 4420 naturali-

2187 4461 2269 4508 ter
2292 4453 2440 4508 dives
2474 4463 2528 4509 et
2558 4454 2799 4523 proﬂua?
2840 4470 2908 4508 an
2952 4455 3127 4524 potius
3161 4453 3381 4525 proﬂuit
3417 4469 3483 4510 ex
3522 4454 3783 4525 praeclari,

2185 4546 2442 4603 antistitis
2478 4562 2644 4603 carne
2687 4547 2936 4603 mortua?
2981 4548 3053 4602 At
3090 4548 3346 4603 extincta:
3385 4546 3570 4602 carnis
3608 4546 3775 4603 habet

501 4641 573 4698 Et
599 4643 728 4714 quid
772 4618 992 4709 mirum,
1023 4618 1067 4699 si
1091 4644 1269 4698 divina
1295 4643 1580 4698 clementia
1610 4658 1706 4712 per
1731 4643 2078 4707 elementum,
2115 4618 2158 4673 θ
2185 4648 2397 4703 natura,
2446 4647 2505 4694 ut
2549 4640 2729 4710 potius
2771 4639 2993 4696 fetidam
3032 4638 3207 4695 tabem
3239 4657 3305 4696 ex
3346 4655 3407 4695 se
3445 4649 3694 4711 generet,
3720 4649 3774 4695 ct

501 4751 659 4802 super
691 4736 830 4808 quod
862 4735 1091 4806 Spiritus
1128 4735 1281 4807 (Ceu.
1317 4751 1354 4797 ι,
1379 4734 1436 4804 2)
1467 4743 1686 4789 sanctus
1729 4743 1854 4786 ante
1900 4734 2082 4789 mumli

503 4838 781 4896 ornatum,
814 4844 1012 4885 numen
1039 4844 1196 4887 suum
1222 4826 1480 4898 expandit
1519 4827 1571 4880 in
1600 4824 1767 4894 futuri
1793 4824 2084 4895 baptisma-

576 5003 727 5076 (197)
766 5006 847 5060 Ad
878 5006 1129 5062 circenses
1165 5005 1336 5061 ludos.
1371 5003 1794 5076 Lepiflamhhanc
1830 5000 2087 5057 historio-

504 5073 612 5131 lam
665 5073 939 5145 mutuatus
983 5088 1066 5131 est
1107 5087 1290 5131 noster
1328 5073 1495 5130 abbas
1523 5090 1587 5129 ex
1637 5073 1695 5129 S.
1730 5073 2077 5145 Hieronymo,

504 5145 598 5217 qui
629 5145 689 5200 Β.
721 5144 1011 5217 Hilarionis
1034 5146 1210 5217 Vitam
1240 5144 1578 5216 conscripsit.

578 5217 728 5289 (198)
770 5216 1034 5289 Scyphum
1079 5215 1311 5283 ﬁctilem.
1362 5214 1467 5273 Sic'
1497 5216 1717 5289 reposui
1752 5231 1819 5271 ex
1863 5215 1981 5288 ipso
2027 5214 2087 5270 S.

503 5286 985 5416 gger’onypomtsi
1018 5296 1307 5356 utrumque
1331 5287 1605 5360 exemplar
1630 5288 1811 5358 inepte
1838 5286 2094 5357 suggere-

582 5369 600 5414 t
651 5370 746 5414 ertt
771 5375 875 5416 em.
1991 5375 1994 5379 ’

582 5369 600 5414 t
629 5361 875 5416 fertilem.
920 5362 925 5367 ⁷
1991 5375 1994 5379 ‘

580 5359 998 5501 ἱίξὸςήῗιῖὖῑάεα
1042 5430 1367 5501 ethnicorum
1411 5429 1573 5501 corda
1619 5428 1887 5484 emollivit.
1940 5425 2090 5483 Multi

506 5504 656 5557 enim
685 5499 753 5557 eo
779 5499 1068 5571 conspecto
1099 5500 1378 5565 miraculo,
1408 5501 1474 5554 ad
1504 5499 2091 5571 Christianumnomen

507 5583 882 5639 accesserunt,
914 5568 1169 5627 damnata
1202 5571 1424 5626 deorum
1457 5586 1675 5639 suorum
1704 5568 2087 5639 imbecillitate.

582 5643 733 5714 (9.00)
772 5638 880 5699 Sub
912 5645 1092 5714 nostri
1110 5657 1312 5713 quoque
1335 5642 1576 5711 temporis
1606 5638 1752 5711 fcere.
1777 5638 2093 5714 Smpiusiu-

511 5709 655 5767 dicat
697 5709 880 5770 nosmr
908 5709 1241 5777 Thiofridus,
1284 5709 1501 5768 sanctas
1540 5709 1640 5782 suo
1681 5720 1921 5782 tempore
1949 5709 2093 5773 viros

515 5785 741 5855 vixisse,
760 5796 923 5855 atque
945 5784 1424 5855 etiam_quosdam,
1452 5797 1587 5851 quos
1621 5781 1960 5855 familiar.ter
1996 5796 2092 5855 no-

511 5851 668 5908 verit.
704 5848 850 5913 Vide
870 5853 1064 5912 Vitam.
1100 5848 1181 5933 De
1210 5848 1610 5926 quibus'autem
1654 5852 1740 5911 hic
1770 5868 1834 5925 pr
1855 5850 1983 5923 q‘ric
2013 5848 2087 5904 lo-

2183 4730 2486 4797 putredinis
2506 4740 2776 4800 putorem,
2798 4746 2959 4800 quam
2984 4731 3151 4786 ullum
3171 4731 3457 4787 suavitatis
3478 4730 3772 4801 liquorem.

2185 4819 2392 4891 llumus
2416 4832 2597 4878 autem
2629 4823 2865 4879 civitatis
2894 4822 3304 4893 ejusdemmulla
3334 4824 3409 4878 ita
3438 4823 3608 4880 divite
3636 4838 3775 4879 vena

2183 5009 2402 5070 «piatur,
2432 5014 2517 5054 me
2549 4998 2697 5053 latet.

2262 5069 2410 5141 (20-l)
2462 5071 2665 5141 Aquam
2733 5067 2877 5141 (ἕρσῃ
2914 5070 3239 5141 turbidam.
3277 5067 3430 5141 Quod
3501 5068 3775 5125 Jeremias

2195 5138 2281 5210 tu,
2313 5138 2423 5210 18),
2449 5138 2584 5194 (Ιίιιῖι
2607 5154 2802 5210 aquam
2833 5138 3107 5203 Schichor,
3140 5138 3325 5195 noSter
3350 5140 3621 5210 interpres
3651 5154 3775 5195 ver-

2195 5209 2279 5275 tit,
2333 5210 2631 5277 turbidam;
2660 5209 2917 5281 Vatahlus
2944 5220 3000 5265 et
3055 5209 3532 5281 PagninusLNili;
3570 5209 3774 5279 Septu’

2194 5281 2372 5353 agiuta
2396 5296 2571 5345 senes,
2600 5289 2753 5353 γηῷν.
2781 5280 2974 5336 Notum
2995 5292 3099 5345 est,
3119 5279 3332 5336 veteres
3352 5279 3565 5353 Patres,
3592 5281 3771 5353 saepe,

2193 5350 2397 5406 oinisso
2424 5360 2569 5405 textu
2599 5350 2854 5415 Hebraeo,
2887 5353 3165 5407 adhaerere
3197 5351 3420 5407 Grecis.
3455 5350 3771 5407 Thiofridus

2198 5433 2383 5476 noster
2415 5422 2556 5492 idem
2581 5421 2868 5492 aliquoties
2898 5421 3044 5476 fecit.
3079 5422 3191 5476 lloc
3218 5432 3395 5475 tamen
3424 5420 3650 5492 loro,_et
3672 5420 3772 5475 La-

2198 5493 2365 5547 tinam
2387 5490 2687 5547 versioneui
2710 5493 2918 5561 integre
2950 5493 3372 5561 repraesentavit,
3396 5503 3451 5545 et
3468 5507 3537 5545 ex
3556 5490 3769 5551 Graeca,

2196 5562 2572 5634 explicationis
2625 5578 2808 5628 causa,
2869 5563 3073 5617 addidit
3107 5561 3271 5619 Geou.
3307 5561 3777 5634 pretermnunibil

2196 5631 2496 5705 pugnat,_et
2527 5633 2810 5705 Hebraeum
2858 5634 3098 5688 schichor
3136 5647 3273 5705 esse,
3298 5632 3517 5687 ﬂuvium
3566 5631 3773 5694 Nilum,

2196 5701 2357 5775 quem
2405 5703 2580 5760 Graeci
2638 5701 2782 5760 Germ
2835 5713 3066 5775 vocent)
3121 5714 3178 5758 et
3227 5701 3347 5773 ejus
3404 5718 3604 5773 aquam
3653 5718 3776 5775 esse

2200 5773 2506 5900 (nihildum,
2547 5776 2690 5846 quod
2751 5775 2983 5830 maxime
3034 5773 3257 5831 Latinus
3318 5776 3529 5830 censuit
3590 5773 3775 5843 expue»

2200 5862 2464 5900 uicinum.

2192 5862 2464 5902 ωριιιιιιιιι.
