3926 6472
485 398 592 458 385

1475 397 1819 454 TIIIOI’RIDI
1861 394 2150 450 ABBATIS
2187 393 2750 450 EFTERNACENSIS
3604 400 3687 459 ιδι

486 523 544 568 et
586 529 651 568 ea;
697 513 879 569 vicinis
906 514 1140 583 prastita
1159 553 1172 574 ,
1202 526 1370 580 usque
1397 511 1462 564 ad
1493 526 1761 564 summum
1818 508 2064 577 infunde-
2095 512 2140 568 Α
2167 510 2410 579 gnando,
2437 510 2530 565 sed
2558 510 2836 565 moriendo
2865 509 3129 565 vicerunt.
3161 509 3232 564 In
3272 510 3468 565 camino
3506 514 3692 570 tributa-

489 617 672 661 rcntur
690 604 910 668 doliola,
939 614 993 658 et
1017 603 1313 659 avidissimi
1363 603 1632 656 creditoris
1684 603 2068 670 demergeretur

487 698 714 751 avaritia
740 693 847 765 (IV
884 693 1014 764 Reg.
1065 710 1138 758 tv,
1165 694 1242 764 5).
1276 693 1450 748 Silere
1479 693 1672 748 melius
1723 703 1869 763 puto,
1904 708 2066 762 quam

487 803 677 856 parum
700 787 904 852 dicere,
933 786 1027 856 qui
1076 786 1233 842 electi
1266 786 1391 852 Dei,
1426 786 1690 840 Duminici
1725 785 1915 839 altaris
1943 801 2071 840 aro-

486 889 694 934 matum
743 879 902 942 Iiaiaa,
932 895 998 934 ex
1033 879 1244 934 itineris
1297 881 1377 934 sui
1431 877 1662 934 vasculis
1692 879 1962 934 contextis
1986 879 2068 933 vi-

486 975 656 1036 mine.
677 980 732 1028 et
757 973 1078 1043 capacitatis
1100 973 1485 1033 modicael207)
1510 973 1800 1027 maximam
1836 972 2063 1026 satiave-

488 1068 597 1121 rint
626 1066 1048 1131 multitudinem,
1078 1078 1130 1120 et
1161 1067 1432 1136 principes
1459 1067 1718 1120 adversus
1751 1064 2066 1134 reipublicae

486 1157 670 1212 hostes
697 1157 990 1226 profectos,
1021 1156 1204 1212 tandiu
1263 1157 1693 1214 exhilaraverint
1755 1172 1923 1225 parvo
1973 1156 2069 1211 sed

488 1249 814 1304 inexhausta
859 1265 922 1302 ac
959 1249 1072 1318 jugi
1123 1247 1486 1315 abundantia,
1532 1249 1870 1303 exuberante
1922 1247 2066 1318 Lyaei

489 1339 669 1402 latice,
693 1341 866 1395 donec
891 1341 1040 1409 potiti
1079 1340 1452 1410 essentpalma
1481 1340 1740 1394 victoriae.
1787 1340 1924 1406 Quid
1955 1340 2068 1392 elo-

491 1444 630 1499 quar
654 1431 721 1485 de
760 1430 990 1496 lectulis,
1020 1447 1245 1486 summa:
1279 1431 1586 1488 sanctitatis
1613 1429 1779 1500 gloria
1808 1428 2068 1499 praeditis,

489 1522 607 1590 qui,
651 1538 748 1592 per
785 1533 914 1592 quot
957 1524 1177 1592 phoenix
1209 1523 1344 1576 vivit
1368 1522 1561 1577 smcula
1589 1521 1733 1576 omni
1763 1529 1947 1576 carent
1973 1536 2068 1575 ca-

491 1612 610 1678 rie;
639 1627 866 1682 quorum
893 1613 1143 1682 quznlibel
1167 1613 1459 1675 stramina,
1485 1623 1541 1668 et
1579 1612 1787 1676 astulae,
1816 1612 1885 1665 ab
1919 1625 2071 1667 acer-

490 1705 717 1762 bissimo
739 1708 981 1762 dentiqu
1010 1707 1215 1773 dolore,
1241 1717 1295 1760 et
1325 1706 1549 1760 lmtifera
1583 1705 1809 1760 febrium
1837 1704 2070 1758 liberant

491 1797 887 1853 amaritudine?
917 1798 1093 1868 Atque
1112 1801 1179 1852 de
1218 1799 1339 1853 aliis
1368 1798 1620 1853 omnibus
1642 1813 1830 1852 eorum
1861 1796 2068 1851 utensi-

2170 605 2326 657 tionis
2353 603 2550 657 excocti
2575 616 2692 656 sunt
2724 603 2792 656 ad
2815 618 3026 672 purum,
3055 602 3190 655 mira
3223 601 3494 671 patientia,
3528 614 3575 656 et
3597 607 3690 663 ideo

2171 696 2223 750 in
2279 696 2442 750 tantis
2474 695 2768 760 miraculis,
2797 704 2946 750 tanta
2997 710 3090 750 eos
3131 703 3188 748 et
3231 695 3411 750 omnia
3456 696 3517 751 ad
3542 712 3691 756 eorum

2171 804 2298 843 usus
2351 789 2660 852 attinentia,
2698 797 2846 843 tanta
2878 788 2980 843 ista
3006 787 3351 858 prosequitur
3374 789 3607 857 potentia.
3629 793 3692 848 Ad

2171 883 2368 936 nullius
2388 891 2565 936 tamen
2589 880 2916 946 mortalium,
2937 890 2994 934 ut
3019 881 3354 951 Augustinus
3375 880 3426 934 in
3449 897 3552 936 uit
3588 884 3696 941 libro

2172 974 2248 1029 De
2272 975 2490 1029 civitate
2521 975 2615 1028 Dei
2667 983 3022 1044 protestatur,
3063 982 3244 1044 potest
3277 975 3548 1044 pervenire
3588 980 3696 1031 noti-

2172 1068 2326 1132 tiam,
2370 1077 2550 1120 utrnm
2607 1066 2748 1121 Deus
2800 1066 2912 1134 ipse
2939 1079 3036 1134 per
3081 1065 3341 1134 seipsum,
3369 1078 3435 1117 an
3465 1078 3553 1130 per
3577 1067 3698 1120 mini-

2171 1170 2315 1215 stros
2342 1176 2469 1215 suos
2494 1170 2641 1214 tanta
2664 1170 2917 1230 operetur
2945 1159 3237 1222 mirabilia,
3267 1160 3381 1212 sive
3403 1158 3572 1212 eadem
3591 1159 3698 1228 ipsa,

2173 1271 2292 1323 qua:
2341 1254 2573 1324 explicat
2601 1269 2697 1324 per
2743 1253 3074 1315 ministeria,
3112 1251 3362 1322 quoniam
3397 1249 3550 1305 faciat
3571 1253 3699 1306 etiam

2173 1363 2270 1418 per
2291 1357 2603 1401 sanctorum
2635 1345 2880 1416 spiritus,
2908 1346 2958 1399 in
2993 1342 3292 1411 maiestatis
3328 1357 3437 1396 sum
3463 1342 3702 1411 jnbilantes

2174 1437 2492 1506 prtesentia;
2519 1438 2658 1492 sicut
2694 1452 2791 1506 per
2830 1435 3078 1493 homines
3124 1443 3278 1488 extra
3302 1433 3543 1509 homines
3567 1435 3705 1490 adhuc

2176 1531 2229 1585 in
2261 1529 2444 1583 carnis
2479 1543 2782 1582 an'umnosa
2835 1526 3164 1582 constrictos
3210 1523 3482 1589 custodia,
3511 1524 3608 1579 sive
3633 1541 3704 1594 per

2175 1621 2418 1690 angelos,
2447 1621 2645 1690 quibus
2688 1618 3049 1683 invisibiliter,
3096 1615 3706 1686 incorporaliter,immn-

2176 1714 2434 1776 tabiliter,
2462 1714 2713 1782 imperat,
2759 1721 2984 1782 peragat
3009 1712 3189 1766 omnia
3243 1711 3397 1776 talia,
3434 1719 3488 1764 ut
3512 1725 3614 1780 qua
3632 1727 3707 1780 per

2174 1816 2393 1862 sanctos
2419 1807 2533 1861 lieri
2559 1807 2832 1870 dicuntur,
2866 1806 2946 1861 eis
2983 1805 3264 1860 orantibus
3303 1812 3529 1869 tantum,
3565 1804 3707 1857 etim-

495 1889 660 1954 lihns,
693 1890 818 1948 dum
847 1891 1242 1960 compendiosa:
1276 1891 1526 1946 brevitati
1559 1893 1767 1957 studeo,
1792 1891 1921 1962 quid
1971 1905 2067 1946 ca-
2100 1896 2142 1951 Β
2169 1897 2532 1967 pen-antibus,
2581 1912 2688 1952 non
2733 1898 2898 1952 etiam
2951 1894 3301 1967 operantibus
3341 1893 3496 1956 ﬁant,
3539 1894 3708 1948 ratione

492 1995 691 2036 raxare
743 1997 961 2052 possum
1009 1983 1076 2037 de
1132 1983 1357 2054 singulis
1417 1984 1741 2054 specialius?
1787 1984 1920 2038 Cum
1960 1999 2066 2042 una

490 2069 789 2138 eademque
812 2071 1006 2126 divina:
1038 2072 1255 2126 virtutis
1290 2073 1554 2142 operatio,
1577 2087 1730 2143 teque
1767 2087 1864 2142 per
1885 2073 2068 2128 omnia

489 2162 834 2231 dispensatur
885 2165 936 2218 in
990 2165 1276 2219 onmibns?
1331 2165 1584 2220 Mnndnm
1636 2166 2066 2220 inimicissimum

487 2263 544 2308 et
591 2255 1026 2312 crudelissimum
1083 2257 1458 2328 pertulerunt,
1487 2273 1718 2326 eumque
1768 2274 1874 2312 non
1908 2272 2066 2328 repu-

562 2392 708 2457 (207)
742 2391 1031 2448 Maximam
1092 2395 1390 2448 satiarerint
1437 2394 1849 2448 multitudinem.
1911 2393 2069 2448 Suili-

490 2461 640 2533 ciant
666 2463 772 2518 duo
803 2465 1044 2533 exempla
1076 2463 1305 2525 Domini,
1339 2465 1469 2518 Mar.
1511 2481 1585 2523 vt,
1617 2465 1709 2529 41,
1737 2477 1790 2518 et
1812 2465 1970 2519 Joan.
1992 2481 2066 2526 vt,

498 2532 590 2598 II,
612 2542 668 2588 et
698 2533 833 2590 Mar.
859 2532 976 2599 vni,
1019 2538 1075 2600 6,
1097 2546 1151 2590 ct
1171 2551 1335 2590 unum
1360 2538 1524 2602 servi,
1543 2537 1724 2602 Elisei,
1749 2533 2070 2606 inquam,lV

2175 1988 2272 2044 soli
2311 1989 2651 2058 sempiternae
2680 1987 2951 2044 divinitati
2999 1986 3240 2056 cognita.
3280 1982 3388 2039 Sed
3429 1983 3710 2052 quibuscun-

2174 2098 2279 2151 que
2324 2083 2500 2136 modis
2546 2078 3191 2150 incomprehensibilihus
3259 2074 3592 2138 efﬁciantur,
3639 2072 3709 2126 Dei

2175 2173 2400 2244 gloriam
2425 2182 2479 2228 et
2499 2172 2798 2228 electorum
2824 2171 2942 2242 ejus
2970 2170 3164 2225 merita
3187 2174 3516 2224 attestantur

2177 2395 2308 2519 Reg.
2338 2411 2410 2477 tv,
2443 2394 2529 2448 ιδ.
2563 2393 2679 2450 Alia
2708 2392 2947 2465 reperies
2973 2392 3023 2447 in
3051 2391 3190 2449 Vitis
3219 2387 3559 2456 PP.aliisque
3576 2383 3714 2440 sacris

2199 2477 2442 2519 nstorns.
2907 2482 2914 2490 '

2199 2477 2442 2520 liSlOI‘IIS.
2907 2482 2914 2490 ’

1805 2666 2039 2736 Explicit
2077 2663 2206 2719 liber
2243 2665 2443 2717 tertius.

495 2829 3715 2872 ,___________________________________________________.

1626 2956 1969 3016 l‘NCIPIUN‘T
2009 2953 2350 3012 CAPITULA
2395 2954 2577 3010 LIBRI
2616 2951 2898 3021 QUARTI.

567 3055 607 3109 I.
652 3053 726 3110 De
750 3055 890 3125 ligno
909 3058 1372 3126 prwraricationis.

572 3146 633 3200 Ii.
661 3145 742 3200 De
771 3146 913 3217 ligno
939 3150 1304 3217 reparationis.

571 3236 662 3290 III.
697 3237 771 3290 De
792 3237 950 3293 clavis
979 3238 1288 3303 Dominicis,
1315 3250 1361 3293 ct
1391 3239 1574 3293 lancea
1601 3238 1808 3293 militis.

569 3329 658 3384 IV.
692 3330 844 3395 Quod
866 3347 930 3385 ea:
965 3329 1188 3384 salutari
1217 3332 1387 3384 crucis
1421 3329 1678 3400 patibulo,
1711 3330 1768 3382 in
1803 3343 1955 3382 omne
1976 3335 2276 3380 sanctorum
2307 3324 2616 3394 supplicium
2641 3321 2908 3391 transfusa
2933 3323 2999 3374 sit
3033 3319 3410 3386 sanctiﬁcatio.

573 3421 638 3475 γ.
683 3423 836 3488 Quod
860 3422 994 3477 nihil
1023 3425 1078 3478 in
1099 3425 1295 3478 mundo
1324 3424 1610 3494 pretiosum
1639 3431 1972 3492 comparetur
1993 3421 2236 3474 crucibus
2265 3417 2411 3472 Petri
2431 3427 2479 3472 et
2502 3417 2747 3482 Andrcte,
2781 3431 2843 3468 ac
2875 3413 3034 3468 Pauli
3064 3423 3283 3467 calente.

580 3514 668 3568 VI.
695 3514 772 3568 De
792 3514 1054 3585 lapidibus
1076 3517 1477 3587 protomartyris
1500 3515 1755 3585 Stephani
1783 3524 1828 3568 et
1863 3511 2120 3568 craticula
2151 3510 2444 3566 Laurentii.

571 3605 684 3660 γιι.
712 3606 829 3672 Qua
853 3606 1056 3661 illectus
1100 3607 1342 3678 cupidine
1389 3607 1611 3677 scriptor
1639 3605 1802 3660 libelli
1852 3605 2014 3675 hujus
2059 3602 2377 3673 diﬂicillima:
2407 3603 2640 3656 matertei
2681 3599 3070 3673 pra'sumpscrit
3110 3598 3362 3670 ingenioli
3411 3600 3495 3652 sui
3557 3614 3738 3651 meum

499 3698 750 3752 inserere.

1639 3785 1943 3857 Expliciunt
1983 3784 2214 3856 capitula
2253 3785 2372 3838 libri
2409 3786 2603 3856 quarti.

509 3985 3743 4020 .______________.__________________.._____.

1333 4061 1796 4152 INCIPIT
1886 4059 2245 4146 LIBER
2338 4058 2925 4160 QUARTUS.

1940 4249 2301 4264 *ι*

929 4337 1331 4398 CAPITULUM
1371 4336 1658 4392 PRIMUM.

918 4433 996 4486 De
1022 4431 1163 4502 ligno
1192 4427 1659 4499 prrevaricationis.

576 4523 734 4582 Nunc
761 4524 1090 4580 necessitate
1136 4520 1451 4590 compellor,
1493 4520 1645 4590 quasi
1683 4519 1821 4572 inter
1855 4533 1983 4572 saxa
2030 4525 2086 4571 et

508 4617 781 4689 scopulos,
806 4615 1122 4670 imminente
1152 4611 1454 4680 naufragio,
1493 4611 1729 4663 dictatus
1766 4609 1868 4662 mei
1901 4608 2078 4661 navim

505 4709 745 4774 ﬂectere,
769 4717 910 4763 etne
936 4705 1116 4760 subito
1142 4703 1419 4772 impingat,
1453 4702 1752 4755 attendere.
1783 4700 1860 4754 Ex
1889 4699 2087 4754 diliiei-

509 4799 652 4856 libus
699 4799 842 4854 enim
883 4807 1101 4852 transeo
1133 4797 1198 4848 ad
1241 4793 1582 4857 diliicillima;
1619 4810 1685 4848 ex
1715 4794 1798 4848 his
1845 4793 2087 4864 profecto

507 4908 630 4962 qua:
651 4891 928 4946 hominum
956 4889 1198 4951 utilitati,
1223 4887 1610 4944 ctrecreatinni
1639 4897 1764 4942 sunt
1784 4887 2083 4958 aptissima,

511 4993 569 5038 et
605 4981 812 5046 dulcia;
843 4980 910 5034 ad
968 4995 1059 5044 ea,
1104 4995 1225 5049 qua:
1284 4977 1638 5032 imbecillitati
1692 4979 1940 5033 lmmana:
1964 4987 2088 5032 sunt

511 5073 734 5129 omnino
763 5073 1058 5138 contraria,
1098 5081 1152 5126 et
1201 5071 1538 5125 amarissima
1575 5089 1588 5124 :
1618 5071 1686 5125 ad
1714 5070 1926 5126 diversa
1975 5079 2086 5124 tor-

514 5173 819 5220 mentorum
846 5180 1063 5235 genera.
1091 5165 1200 5220 Sed
1235 5166 1409 5220 sancti
1439 5165 1674 5234 Spiritus
1705 5165 1905 5234 aspirct
1931 5179 2085 5226 aura,

477 5278 482 5290 ο
511 5265 570 5313 et
591 5257 706 5312 vela
741 5257 1006 5323 intendat,
1029 5268 1083 5316 et
1099 5273 1184 5313 me
1214 5258 1354 5314 inter
1375 5259 1680 5328 spirituales
1696 5259 1965 5328 epibatas,
1983 5257 2089 5310 uti-

511 5364 640 5404 nam
673 5348 757 5405 vel
786 5349 1053 5417 ultimum,
1080 5351 1133 5404 in
1160 5351 1629 5422 tranquilliportus
1648 5351 1824 5405 sinum
1845 5359 2089 5416 transpo-

510 5451 625 5497 nat.
647 5441 1112 5514 Inprotopareutis
1127 5444 1468 5513 igiturnostri
1488 5441 1872 5498 irremeiliabili
1887 5455 2090 5508 praeva-

514 5532 792 5598 ricatione,
805 5534 1010 5603 scriptte
1024 5543 1151 5589 sunt
1163 5551 1332 5604 ungue
1348 5532 1688 5586 adamantina
1703 5529 1835 5599 (Jer.
1862 5545 1997 5591 xvtt,
2016 5529 2088 5596 Ι),

511 5634 693 5682 contra
720 5643 814 5682 nos
839 5628 1220 5682 amaritudines
1246 5625 1365 5692 (Job
1402 5623 1648 5692 “11.26),
1687 5622 1876 5676 mortis
1906 5621 2088 5676 chiro-

584 5763 732 5830 (208)
766 5761 1094 5833 Exi-agitata:
1120 5770 1240 5815 sunt
1271 5775 1466 5833 cruces,
1497 5773 1686 5825 scapo).
1718 5758 1792 5811 De
1813 5757 1905 5833 his
1929 5756 2078 5810 aliis-

515 5847 621 5912 que
643 5828 933 5904 pthuaruui
951 5832 1345 5894 instrumentis,
1370 5828 1583 5898 elegans
1609 5829 1860 5882 tractatio
1887 5836 1937 5882 et
1961 5845 2080 5883 (‘l‘ti-

2117 5685 2166 5746 ι)

2181 5759 2291 5813 dita
2326 5766 2501 5813 exstat
2537 5755 2749 5814 Antonii
2785 5753 3034 5820 Gallonii,
3074 5752 3525 5824 congregationis
3549 5744 3772 5809 Oratorii

2113 4335 2158 4396 C
2192 4333 2621 4405 grapbnm,jura
2651 4342 2704 4386 et
2730 4331 2902 4402 leges;
2945 4342 2999 4386 et
3045 4332 3245 4403 repleta
3277 4341 3332 4387 et
3387 4335 3648 4389 inebriata
3685 4340 3751 4386 est

2188 4426 2472 4497 ahsynthio
2498 4425 2675 4478 onmis
2704 4426 2988 4495 posthuma
3026 4427 3223 4494 proles.
3265 4427 3332 4480 Et
3389 4429 3519 4498 quia
3567 4440 3749 4496 prmva'

2190 4517 2466 4573 ricatinnis
2525 4516 2744 4587 lignum,
2826 4517 3127 4585 pulchrum,
3181 4527 3236 4572 et
3280 4519 3592 4573 delectabile
3633 4502 3754 4570 'risu

2189 4608 2342 4677 (Cen.
2376 4625 2456 4670 III,
2487 4608 2562 4678 6),
2590 4617 2644 4661 et
2681 4617 2839 4677 gustu
2873 4624 3040 4664 snave
3089 4625 3185 4679 per
3223 4620 3416 4681 guttur
3458 4607 3754 4681 protoplasti

2188 4701 2503 4765 demissum,
2538 4699 2603 4753 ad
2648 4701 2854 4755 viscera
2903 4700 3068 4755 totius
3121 4701 3469 4772 posteritatis
3505 4699 3753 4756 transivit.

2189 4806 2248 4849 ut
2275 4793 2624 4848 acutissimus
2643 4793 2872 4864 gladius.
2901 4803 2956 4847 ct
2982 4793 3280 4849 insanabile
3317 4793 3524 4849 inﬂixit
3551 4792 3754 4852 vulnus;

2188 4889 2245 4942 in
2274 4887 2500 4942 summis
2546 4887 2985 4940 amaritudinibus
3031 4897 3222 4949 noster,
3256 4901 3356 4955 pro
3389 4885 3580 4942 doloc!
3608 4900 3759 4938 mora-

2191 4991 2278 5035 tur
2315 4978 2497 5034 oculus
2556 4979 2680 5044 (Job
2738 4995 2872 5040 xv",
2901 4977 2980 5046 9.).
3031 4977 3262 5048 Ltgnnm
3307 4973 3767 5048 prmvaricationis.

2191 5073 2471 5144 primaria,
2529 5072 2750 5143 ipsaque
2780 5070 3021 5127 elﬁciens
3072 5086 3238 5126 causa
3263 5080 3370 5133 est,
3408 5087 3542 5126 cum
3569 5079 3764 5124 aeterna:

2191 5165 2574 5230 damnationis,
2599 5174 2709 5220 tum
2737 5165 2915 5219 omnis
2937 5162 3180 5233 supplicii
3208 5172 3264 5217 et
3284 5162 3529 5227 doloris;
3554 5171 3607 5215 ct
3629 5172 3763 5212 exor-

2192 5259 2337 5314 dium
2364 5267 2419 5313 et
2453 5259 2622 5312 fomes
2653 5257 2818 5312 totius
2841 5257 3095 5311 nunroris
3122 5264 3177 5309 et
3203 5255 3601 5309 tribulationis.
3631 5248 3766 5307 Unde

2191 5351 2428 5405 hominis
2454 5351 2633 5420 prima
2665 5349 2854 5403 oborta
2880 5357 2962 5404 est
2991 5347 3251 5416 perditio;
3297 5347 3426 5400 inde
3473 5347 3766 5400 innumera-

2195 5442 2332 5496 biles
2363 5455 2668 5512 pmnarum,
2699 5439 2928 5507 species,
2962 5437 3213 5491 humana!
3256 5436 3607 5489 crudelitatis
3638 5447 3765 5486 com-

2195 5543 2378 5590 menta
2432 5540 2516 5586 est
2555 5528 2892 5595 adinventio.
2921 5527 3068 5597 (9.08)
3107 5526 3447 5596 Excogitatze
3492 5533 3621 5580 sunt
3661 5519 3770 5575 inde

2194 5638 2397 5686 cruces.
2433 5637 2617 5694 scopae.
2639 5622 2803 5679 cutim
2831 5627 3144 5684 exarantes,
3178 5617 3368 5673 nodosi
3403 5617 3608 5684 fustes,
3639 5611 3768 5684 cippi

2186 5829 2506 5904 presbyteri.
