3926 6448
177 421 270 479 583

988 395 1262 465 FLORES
1299 391 1633 462 EPITAPHII
1678 403 2129 461 SANCTORUM.
2190 436 2222 445 -
2263 403 2389 460 LIB.
2426 400 2491 458 ΙΥ

3295 407 3405 466 586

173 547 222 593 et
245 535 399 591 clavae
421 526 805 585 exanimantes.
838 520 903 575 Et
922 520 1047 591 quia
1097 519 1303 588 lignum
1335 517 1571 572 exedunt
1605 525 1714 571 ter-
1743 522 1788 579 Α
1815 513 2100 578 visibilem,
2127 529 2314 584 prima:
2339 515 2507 568 ruime
2531 527 2878 584 repararetur
2908 521 3165 574 damnum
3194 519 3408 590 ἱνα-ιιι..

173 630 354 693 mines,
381 633 430 679 et
452 619 716 676 consumit
737 615 938 678 caries,
969 614 1020 667 in
1049 613 1290 667 omnium
1321 619 1714 666 tormentorum

169 720 360 793 species
385 727 614 785 procusa
644 718 724 763 est
760 705 886 761 l'erri
925 703 1266 758 metallorum
1293 701 1572 758 durissimi
1594 717 1719 754 -ma-

171 813 346 874 teries;
378 816 430 861 et
472 800 784 875 procuditur
822 797 937 852 dies
965 809 1029 850 ac
1085 799 1292 858 noctes,
1325 802 1384 846 ut
1433 805 1715 862 pinnarum

165 905 340 959 forma!
389 899 497 953 sint
541 892 829 954 durabiles,
889 897 949 943 ut
987 887 1283 943 crudelitas
1312 885 1562 940 absumat
1589 898 1714 938 ossa

165 1007 210 1053 et
236 1005 440 1054 carnes,
472 995 530 1042 ut
551 985 693 1040 nulla
749 981 1025 1044 mollities,
1069 977 1214 1034 nulla
1243 977 1508 1033 obsistere
1536 973 1712 1044 possit

165 1089 389 1146 durities.
420 1084 475 1138 In
509 1078 738 1137 noxialis
759 1077 901 1131 enim
934 1074 1064 1145 ligni
1090 1087 1273 1145 pomo,
1304 1079 1632 1141 przesumpta
1664 1075 1718 1122 et

165 1180 376 1252 appetita
405 1173 705 1231 dulcedine.
737 1184 799 1224 ae
835 1183 930 1239 per
971 1166 1180 1222 viscera
1212 1161 1632 1234 protoparentis,
1660 1161 1714 1214 in

163 1247 353 1324 omnem
385 1263 756 1336 posteritatem
784 1254 1054 1312 transfusa
1093 1252 1475 1315 amaritudine,
1517 1247 1717 1302 amari-

163 1373 289 1416 catns
309 1367 378 1412 est
405 1365 579 1410 vettter
602 1351 780 1424 (Apoc.
811 1365 868 1412 x,
899 1348 1010 1415 lO),
1038 1345 1296 1403 omnium.
1323 1352 1376 1396 et
1401 1341 1588 1395 nescio
1610 1353 1716 1408 quo

163 1450 466 1508 dwmoniaco
518 1453 848 1503 commento,
880 1439 1074 1494 exinde
1127 1435 1400 1490 fastiditur
1436 1431 1712 1504 gaudium,

163 1544 379 1615 diligitur
406 1539 694 1610 plusquam
723 1533 916 1603 patria,
943 1532 1096 1584 triste
1117 1527 1360 1590 exilium,
1393 1534 1447 1579 et
1473 1540 1570 1594 pro
1595 1523 1716 1575 vita:

165 1614 371 1698 deliciis,
396 1631 716 1702 propinatur
745 1636 800 1680 et
837 1622 1159 1679 exhauritur
1204 1619 1392 1672 mortis
1434 1614 1711 1685 poculum.

169 1725 493 1785 Delectationi
526 1732 611 1777 est
634 1717 958 1778 amaritudo,
1011 1715 1064 1768 in
1098 1711 1312 1766 fastidio
1347 1718 1431 1763 est
1464 1707 1712 1761 dulcedo.

161 1823 290 1876 Inter
323 1826 580 1874 tormenta
609 1814 768 1866 homo
799 1825 891 1864 vas
921 1805 1104 1870 ﬁctile,
1127 1814 1181 1858 et
1203 1801 1572 1872 ﬁ-agillimum,
1603 1798 1712 1851 risu

1824 605 2026 670 rabile;
2051 617 2106 660 et
2128 607 2310 668 homo,-
2330 604 2615 663 Leviathau
2633 611 2789 665 homo
2810 623 2992 682 captus
3009 612 3130 682 (Job
3176 630 3264 677 xt.,
3287 614 3409 685 20),

1823 712 1926 751 non
1942 698 2330 764 absolveretur,
2349 700 2448 754 nisi
2466 717 2562 772 per
2575 702 2806 759 similem
2823 703 2994 760 forma
3006 747 3021 773 ,
3041 720 3146 761 non
3162 719 3408 778 peccato,

1819 787 2093 844 hominem
2133 807 2146 854 ;
2214 792 2294 845 sie
2342 793 2519 846 divina
2571 809 2785 865 quoque
2831 799 3254 867 praeordinatum
3322 808 3410 854 est

1823 881 2250 950 dispensatione,
2283 892 2340 936 ut
2376 899 2563 938 ornnes
2587 884 2713 955 ligni
2749 888 3202 958 transgressionis
3253 904 3408 943 ama-

1826 973 2093 1028 ritudiues
2133 974 2388 1029 salutaris
2439 974 2570 1046 ligni
2599 977 2826 1032 dulcedo
2862 979 3197 1045 eliminaret;
3231 997 3295 1034 ac
3321 981 3403 1034 vi-

1821 1066 2013 1140 tiatum
2072 1067 2125 1120 in
2193 1068 2376 1122 radice
2442 1069 2755 1135 termitem,
2816 1069 2963 1142 (209)
3039 1075 3410 1129 sanetilicntus

1820 1159 2060 1227 pondere
2101 1175 2199 1214 suo
2249 1169 2450 1215 termes
2499 1161 2767 1231 expiaret,
2809 1177 2873 1217 ac
2899 1165 3285 1221 sanetiﬁearet.
3314 1165 3407 1220 l\'io

1820 1251 2017 1304 mirum
2041 1253 2184 1320 quod
2209 1251 2394 1320 prima:
2420 1253 2868 1322 transgressionis
2896 1264 3097 1321 reatus,
3132 1272 3405 1312 sumnmm

1819 1355 1874 1400 et
1908 1347 2276 1416 turpissimum
2303 1348 2496 1402 mortis
2524 1347 2670 1402 dedit
2715 1362 2838 1402 esse
2885 1350 3231 1418 supplicium,
3260 1351 3404 1406 unde

1820 1435 1948 1489 illud
1992 1437 2296 1490 universale
2344 1435 2476 1504 legis
2521 1437 2726 1506 prodiit
2776 1436 3032 1508 elogium,
3080 1439 3398 1494 Maledicta:

1820 1529 1987 1580 omnis
2004 1528 2289 1597 quipeudet
2314 1526 2368 1581 in
2392 1526 2532 1598 ligno
2555 1527 2737 1598 (Deut.
2765 1543 2882 1594 xxt,
2910 1529 3014 1594 9.5;
3039 1527 3158 1604 Gal.
3180 1546 3264 1593 tu,
3293 1533 3404 1600 15):

1820 1621 1923 1674 hoc
1950 1621 2088 1674 idem
2119 1620 2423 1689 reparatrix
2463 1620 2638 1690 gratia
2690 1621 2940 1675 humanm
2983 1623 3408 1678 restaurationis

1818 1715 2470 1785 proposuitmysterium;
2515 1724 2574 1769 ut
2601 1716 2741 1770 unde
2771 1716 2930 1771 homo
2977 1717 3209 1786 primum
3231 1717 3413 1772 infan-

1819 1811 1916 1860 dos
1947 1805 2142 1860 meruit
2184 1805 2482 1869 cruciatos,
2515 1805 2640 1860 inde
2671 1806 2904 1874 primum
2959 1806 3188 1861 miriﬁce
3221 1806 3293 1862 sit
3316 1817 3409 1861 re-

160 1909 405 1970 exsultat;
430 1914 483 1961 et
505 1901 842 1972 obstupenda
873 1895 1222 1962 mirandaque
1245 1890 1427 1944 lmtitia
1453 1897 1715 1943 tortorum

1819 1892 2060 1964 paratus,
2088 1903 2142 1949 et
2168 1895 2235 1949 ab
2263 1895 2483 1950 aeternis
2504 1895 2836 1951 cruciatibus
2886 1895 3146 1950 liberatus
3178 1908 3232 1951 et
3262 1896 3407 1952 unde

161 1996 445 2056 crudelitati
486 1992 732 2050 insultat.
786 1988 992 2043 Bellum
1071 1982 1350 2038 ardentius
1395 1995 1556 2052 quam
1602 1993 1709 2049 pax

159 2090 437 2161 appetitur;
483 2085 835 2139 siextraueus
861 2078 1032 2140 deest,
1061 2074 1204 2128 domi
1233 2071 1406 2129 hostis
1425 2069 1707 2142 quaeritur.

160 2181 312 2236 Dulce
338 2165 629 2233 crudelitati
683 2180 788 2234 est,
849 2167 1016 2222 ell‘usa
1047 2165 1230 2219 videre.
1258 2163 1464 2217 viscera
1494 2168 1548 2215 et
1584 2175 1710 2214 san-

157 2274 303 2344 guine
337 2267 657 2330 deeolorari,
686 2274 742 2320 et
783 2263 849 2316 ad
880 2259 1284 2315 inumlationem
1331 2253 1552 2326 propelli
1607 2252 1708 2306 llu-

160 2367 304 2420 mina.
332 2363 500 2418 Suave
554 2369 661 2426 est,
696 2356 884 2411 audire
915 2353 1200 2407 stridorem
1259 2347 1502 2402 dentium
1535 2355 1590 2398 et
1616 2361 1708 2413 ge-

157 2460 325 2510 mitum
379 2456 426 2508 in
480 2463 662 2507 morte
705 2445 1192 2520 procumbentium.
1224 2441 1284 2494 Et
1313 2442 1466 2492 homo
1511 2437 1710 2490 homini

155 2563 346 2602 terrens
374 2545 496 2598 iram
527 2541 729 2613 (Eccli.
769 2553 960 2602 xxvm,
992 2538 1071 2605 5),
1105 2551 1209 2588 non
1239 2551 1295 2587 se
1324 2530 1706 2585 circumdatum

154 2642 437 2710 inﬁrmitate
489 2635 686 2708 (Hebr.
735 2649 790 2696 v,
821 2632 896 2701 Ξ),
938 2647 1042 2684 non
1074 2644 1131 2683 se
1171 2625 1401 2680 attemlit
1444 2638 1565 2706 esse
1615 2637 1710 2674 vas

159 2744 462 2795 testaceum;
494 2728 597 2784 sed
622 2729 786 2783 etiam
819 2725 862 2779 si
901 2725 1016 2794 ipse
1043 2719 1466 2790 comprehensus
1496 2713 1705 2781 eﬁ‘uge-

157 2835 229 2880 ret
253 2825 502 2888 crudeles,
530 2837 737 2877 manus
784 2815 1169 2886 torquentium,
1221 2810 1387 2865 multo
1435 2806 1710 2863 crudelius

156 2934 181 2972 e
205 2916 412 2986 vestigio
431 2913 715 2985 excogitat
754 2908 1094 2980 supplicium.
1125 2902 1292 2971 Quasi
1322 2900 1464 2956 escis
1505 2897 1708 2953 delica-

159 3011 215 3064 tis
229 3018 276 3063 et
303 3005 742 3078 exquisitissimis
763 3002 1019 3071 dapibus;
1053 2999 1130 3052 sic
1155 2995 1287 3050 diris
1315 3003 1369 3048 et
1395 2989 1710 3062 asperrimis

160 3103 347 3158 incubat
371 3111 421 3156 et
451 3099 759 3155 delectatur
786 3107 1068 3166 pmnarum
1099 3089 1252 3144 novis
1283 3084 1703 3140 inventionibus.

159 3196 348 3251 Summa
391 3193 642 3264 pascitur
685 3198 740 3243 et
788 3182 1135 3242 exhilarescit
1167 3177 1549 3239 amaritudine,
1606 3173 1704 3242 qui

1812 1988 1912 2042 sub
1925 1987 2056 2058 legis
2082 2002 2330 2051 censura,
2346 1986 2632 2043 horrendae
2651 1987 3043 2043 maledictiouis
3059 1987 3402 2058 promulgata

1810 2088 1893 2133 est
1927 2077 2195 2150 generalis
2239 2079 2532 2146 sententia,
2588 2078 2713 2134 inde
2753 2079 2804 2134 in
2861 2079 3018 2134 initio
3063 2081 3272 2152 gratim,
3307 2097 3408 2149 per

1812 2183 1934 2222 eum
1960 2169 2049 2238 qui
2073 2185 2167 2238 pro
2185 2167 2333 2223 nobis
2355 2169 2526 2238 factus
2548 2180 2622 2224 est
2639 2170 2973 2225 maledictum
2998 2171 3144 2244 (Gal.
3177 2189 3258 2238 tu,
3289 2174 3404 2246 15),

1813 2262 1977 2316 totius
2003 2262 2397 2318 benedictionis
2423 2272 2704 2319 emanaret
2742 2279 2805 2320 ac
2849 2267 3180 2322 exulieraret
3223 2268 3402 2340 cepia.

1811 2354 2265 2425 ludignissimum,
2306 2365 2362 2411 et
2387 2356 2752 2411 miserrimum
2805 2357 2930 2412 olim
2971 2359 3162 2413 mortis
3195 2343 3428 2431 suppli-'

1811 2446 1974 2510 cium,
2002 2463 2096 2516 per
2117 2447 2454 2501 mutationem
2495 2448 2721 2502 dexterre
2747 2447 2956 2502 Επειδὶ
2987 2449 3161 2520 (Psal.
3215 2467 3400 2519 Lxxvt,

1811 2539 1922 2608 1|),
1975 2555 2115 2592 nunc
2162 2549 2246 2592 est
2301 2554 2510 2594 smnma
2577 2541 2724 2596 salus
2772 2557 2984 2596 summa
3016 2541 3280 2609 suavitas,
3339 2553 3399 2598 et

1811 2646 2083 2684 smnmum
2109 2631 2229 2685 vita:
2254 2632 2573 2685 remedium.
2598 2632 2756 2698 Nam,
2783 2632 2906 2704 quia
2933 2632 2984 2686 in
3007 2647 3071 2686 eo
3093 2631 3402 2688 dulcissima

1810 2722 1933 2775 vitm
1958 2722 2211 2792 pependit
2243 2721 2492 2788 dulcedo,
2544 2738 2648 2776 non
2680 2723 2839 2777 modo
2889 2721 2954 2776 ad
2991 2731 3190 2776 tactum
3224 2723 3404 2777 tuitio—

1813 2812 2034 2866 tissimae
2083 2813 2271 2867 astuhe
2311 2817 2448 2886 ejus,
2525 2814 2619 2867 sed
2670 2815 2833 2867 etiam
2881 2813 2948 2866 ad
3008 2813 3402 2870 invocationem

1811 2903 2047 2957 nominis
2073 2902 2211 2970 ejus,
2242 2915 2297 2959 et
2343 2907 2554 2975 signum
2606 2905 2792 2974 ﬁgura:
2849 2905 2988 2978 ejus,
3051 2906 3236 2976 digitis
3271 2907 3400 2961 lidei

1809 3009 2149 3064 expressum,
2184 2997 2412 3050 solvitur
2459 3007 2512 3052 et
2548 2996 2857 3052 excluditur
2895 3008 3154 3070 congesta
3194 3015 3262 3055 ex
3292 3016 3397 3054 an-

1809 3086 1941 3154 tiqui
1997 3088 2260 3155 serpentis
2303 3089 2560 3153 versutia,
2595 3089 2644 3141 in
2675 3104 2844 3159 genus
2886 3090 3182 3146 humanum
3243 3107 3396 3146 ama-

1811 3179 2020 3234 rissima
2041 3179 2371 3246 tnaledictio;
2399 3191 2455 3236 et
2482 3182 2532 3235 in
2553 3198 2765 3238 omnem
2787 3193 3092 3240 creaturam
3117 3184 3399 3239 transfun-

159 3255 500 3344 couditus.est
543 3283 622 3337 ad
656 3275 1085 3348 iuexcogitabilis
1124 3281 1176 3326 et
1216 3265 1505 3324 ineﬁ‘ahilis
1534 3263 1710 3318 suavi-
1739 3255 1784 3318 C
1816 3273 1961 3328 ditur
1987 3272 2237 3330 dulcium
2288 3275 2592 3330 benedictio
2639 3285 2694 3329 ει
2739 3278 3099 3332 consecratio.
3144 3277 3296 3344 Quod
3343 3279 3396 3333 ει,

159 3380 266 3434 tatis
287 3379 663 3439 dulcedinem;
724 3380 783 3425 ut
811 3368 1012 3424 nullam
1057 3363 1277 3419 omnino
1329 3357 1582 3421 sentiret,
1625 3353 1709 3408 vel

159 3472 296 3528 sciret
328 3471 548 3534 doloris,
595 3477 650 3522 et
683 3461 954 3520 tumstitia:
994 3454 1440 3517 amaritudinem;
1474 3459 1533 3503 ut
1574 3447 1711 3502 nihil

161 3565 276 3619 aliud
307 3565 595 3632 cogitaret,
651 3557 785 3612 nihil
841 3555 1068 3618 videret,
1128 3548 1263 3604 nihil
1319 3544 1552 3608 audiret,
1607 3541 1708 3595 nisi

157 3659 462 3729 sempiterme
491 3653 704 3710 laetitia:
729 3648 957 3721 jubilum
985 3654 1038 3700 et
1084 3640 1491 3698 beatitudinem.
1522 3635 1710 3688 Tantm

159 3727 447 3807 calamitatis
460 3759 516 3805 et
538 3745 784 3804 miseria:
800 3739 1188 3796 humanissimo
1209 3733 1467 3806 pondere,
1484 3727 1710 3798 captivze

159 3847 294 3902 totius
318 3847 565 3900 humana:
597 3837 906 3912 propaginis
953 3833 1219 3889 cervicem
1255 3822 1620 3898 prmgravavit
1647 3820 1709 3874 li-

157 3956 291 4008 gnum
311 3934 788 4008 coneupiseentiae,
814 3939 867 3986 et
897 3922 1326 3996 concupiscenda
1355 3935 1459 3974 non
1483 3930 1706 3986 cupere,

157 4039 200 4083 et
225 4047 312 4086 non
334 4025 772 4098 concupiscenda
815 4019 1229 4090 concupiscere;
1260 4028 1325 4067 ac
1355 4009 1560 4064 malum
1604 4022 1705 4078 pro

159 4123 292 4188 bono,
321 4138 414 4192 pro
433 4120 587 4175 dulei
610 4130 854 4172 amarum
877 4107 1214 4168 consuel'ecit
1247 4109 1527 4174 appetere.

663 4201 1060 4265 CAPITULUM
1096 4200 1160 4255 ιι.
1247 4260 1254 4269 ,

603 4303 678 4358 De
702 4301 842 4370 ligno
869 4294 1234 4369 reparationis.

213 4399 326 4463 Sed,
341 4400 480 4454 sicut
495 4390 895 4466 dispensatorie
915 4382 1337 4444 ineommutahili
1358 4382 1709 4451 impermuta-

155 4490 259 4546 bilis
279 4491 468 4546 divinae
507 4486 838 4556 dispositum
865 4489 954 4536 est
993 4479 1212 4532 decreto
1248 4471 1622 4535 Providentiae,
1649 4476 1709 4522 ut

156 4597 240 4637 non
259 4599 346 4654 per
359 4584 520 4638 aliam
545 4575 848 4650 quamlibet
875 4565 1484 4633 ereaturam,visibilem
1507 4570 1602 4617 aut
1625 4561 1705 4616 in-

211 4762 342 4832 (209)
372 4760 750 4830 Sanctiﬁcatus
797 4757 1023 4832 pondere
1051 4770 1146 4832 atto
1182 4747 1583 4832 TermesaCrux
1609 4753 1700 4832 est

154 4820 224 4887 ille
253 4820 457 4890 termes.
498 4820 669 4902 cujus
700 4820 1123 4902 pondus,__qu_od_
1168 4823 1322 4902 aliud.
1355 4828 1439 4875 est
1467 4820 1570 4902 nisi
1597 4831 1705 4886 quo

152 4918 260 4958 crux
301 4917 489 4961 onusta
545 4893 881 4958 l'ftitTNemo
925 4896 1266 4953 Christianus
1310 4893 1541 4961 ignorat,
1581 4902 1707 4944 eum

152 4988 250 5030 esse
274 4976 570 5032 Christum.
622 4971 827 5026 Nobilis
851 4968 1108 5024 Ecclesia:
1138 4968 1367 5036 hymnus
1408 4975 1425 5018 :

594 5085 756 5142 Dulce
784 5084 984 5152 pondus
1008 5081 1247 5136 sustinet.

207 5179 342 5252 (210)
383 5181 528 5248 Quid
584 5180 725 5252 enim
773 5177 883 5231 sine
929 5175 1042 5252 ejus
1083 5170 1325 5252 mysterio
1380 5167 1705 5252 baptismatis

147 5238 340 5318 ’πιέειὶσᾶ
379 5238 605 5305 ἶωιιιὶο.
657 5251 732 5303 De
765 5262 925 5302 cruce
950 5238 1226 5318 'loquithr,
1257 5242 1484 5318 deﬂua,
1515 5238 1703 5318 eadem

150 5309 308 5387 mente
358 5323 763 5377 illustrissimus
804 5326 1006 5387 martyr
1041 5309 1234 5387 Cypri.
1288 5309 1389 5370 (De
1442 5310 1698 5387 baptismo

150 5385 340 5451 Christi)
387 5395 560 5446 crucis
588 5395 749 5447 virtus
781 5379 957 5441 omnia
988 5379 1182 5454 peragit
1209 5389 1556 5454 sacramenta,
1590 5379 1701 5454 sine

148 5475 236 5525 quo
253 5449 392 5532 signo
435 5463 568 5516 nihil
590 5472 662 5516 est
686 5471 945 5520 sanctum,
971 5449 1131 5526 imque
1165 5452 1344 5522 aliqua
1379 5449 1698 5503 consecratio

149 5543 354 5603 meretur
373 5535 637 5603 effectum.

208 5601 282 5670 (il
299 5605 344 5670 ι)
376 5589 441 5657 1}}
465 5603 725 5673 tympanis
752 5613 1045 5673 corporum.
1068 5593 1284 5664 Origcni
1303 5593 1465 5671 (Itoni.
1492 5589 1524 5641 6
1546 5603 1702 5673 super

152 5661 339 5741 Ex‘od.)
380 5661 687 5743 tympanum
731 5661 1315 5743 expelle-mortunpnm
1362 5661 1694 5743 animalium,

150 5732 780 5812 camis'mo'rtiiicationem
802 5732 1087 5812 signiﬁcat.
1110 5738 1168 5812 l‘lt
1192 5732 1484 5812 Catholicis
1507 5739 1691 5784 notmn

151 5821 236 5873 est.
278 5813 416 5868 inter
463 5805 563 5868 alia
604 5814 803 5873 crucis,
855 5805 969 5862 sive
1013 5805 1442 5861 tuortilicationis
1491 5816 1688 5870 genera

153 5880 248 5950 (hic
272 5897 448 5941 mente
504 5887 599 5940 hoc
653 5872 1126 5938 locoThiolridus
1176 5892 1388 5933 crucem
1423 5872 1686 5941 noniuat)

1816 3363 2264 3433 praevaricatione
2299 3363 2456 3434 primi
2489 3364 2618 3419 Adae
2666 3366 2848 3420 intulit
2879 3377 3140 3431 mortem;
3183 3369 3234 3422 in
3267 3384 3398 3422 eon-

1816 3453 2050 3510 fessione
2082 3470 2226 3510 verae
2259 3454 2381 3508 ﬁdei
2405 3455 2626 3510 secundi
2649 3455 2778 3510 Adae
2805 3457 3045 3523 damnat,
3064 3456 3319 3521 excludit,
3341 3466 3399 3513 et

1809 3544 2105 3600 muniﬁcat
2179 3555 2410 3600 mortem
2493 3545 2662 3616 (210).
2713 3546 2850 3614 Quid
2900 3549 3042 3602 enim
3098 3549 3215 3603 sine
3276 3548 3396 3618 ejus

1812 3637 2069 3709 mysterio
2096 3637 2435 3708 baptismatis
2466 3639 2690 3708 mystica
2741 3639 2981 3694 ahlutio?
3008 3640 3146 3706 Quid
3176 3656 3391 3697 summa

1813 3727 2127 3784 chrismatis
2173 3729 2550 3784 consecratio?
2579 3728 2719 3796 Quid
2768 3730 3092 3786 sanetiﬁcati
3132 3733 3235 3786 olei
3267 3747 3395 3803 pro-

1811 3822 1928 3878 dest
1945 3822 2159 3878 unctio?
2183 3821 2239 3877 Si
2261 3822 2390 3892 ligni
2413 3822 2607 3876 viviﬁci
2631 3823 2945 3894 mysterium
2969 3823 3035 3879 ad
3057 3825 3393 3895 spiritualem

1807 3923 2008 3984 petram
2040 3929 2150 3968 non
2197 3914 2519 3979 accesserit;
2554 3929 2692 3982 aqua
2725 3923 2941 3968 aeternae
2988 3913 3304 3971 refectionis
3335 3927 3394 3972 et

1799 4004 2072 4059 satietatis
2094 4020 2199 4061 non
2218 4005 2432 4075 pro/luit
2463 4003 2651 4075 (Num.
2680 4019 2774 4067 xx,
2814 4005 2935 4074 ll);
2967 4015 3025 4060 et
3057 4007 3293 4076 egressis
3321 4009 3390 4063 de

1802 4094 2063 4168 JEgypto,
2088 4105 2143 4151 et
2165 4098 2232 4151 ad
2265 4095 2431 4150 Rubri
2464 4095 2628 4149 maris
2655 4096 2894 4166 gurgites
2917 4097 3277 4161 venientibus,
3329 4110 3388 4153 et

1806 4189 2148 4246 Pharaonem
2171 4205 2295 4246 eum
2324 4205 2424 4244 suo
2454 4190 2696 4243 exercitu
2731 4196 3050 4257 pereuntem
3076 4190 3390 4246 videntibus

1808 4293 2004 4338 etcum
2033 4281 2202 4337 Maria
2248 4280 2601 4351 prmcinente,
2633 4279 2782 4350 (ill)
2812 4281 2863 4333 in
2893 4280 3167 4350 tympanis
3191 4296 3391 4352 corpo-

1809 4390 1928 4431 rum
1961 4373 2342 4430 resonantibus
2393 4371 2636 4426 carmina
2687 4370 3308 4440 triumphantiumJous
3338 4376 3388 4428 in

1808 4464 2038 4530 Maratb,
2072 4464 2353 4519 abundans
2381 4462 2594 4531 quidem
2622 4477 2758 4531 aqua
2778 4461 2976 4532 (Exod.
3013 4476 3124 4529 xlv,
3151 4461 3268 4529 l5),
3293 4465 3387 4518 sed

1809 4561 2090 4618 dulcedine
2136 4559 2299 4624 nulla,
2363 4557 2742 4612 amaritudinis
2800 4571 2912 4612 sure
2961 4565 3213 4612 naturam
3270 4573 3382 4614 non

1807 4739 1940 4797 illud
1976 4751 2189 4810 (proque
2213 4749 2358 4798 esse,
2394 4749 2500 4810 quo
2525 4731 2749 4810 ﬂagellis
2774 4747 2972 4803 corpus
3008 4733 3284 4810 atteritur,
3317 4747 3383 4788 ac

1811 4801 2055 4883 tympani
2102 4801 2292 4883 instar,
2325 4801 2585 4883 pulsatur.
2601 4801 2664 4858 ’Τ
2667 4804 2768 4883 alis
2795 4801 3120 4883 tympanista
3245 4801 3384 4858 Pau-

1814 4874 2039 4951 lusfqui
2075 4874 2460 4951 cas}ig_nt,isive
2482 4877 2793 4951 ῥτξῳπ-ιᾲζει.
2825 4874 3387 4951 liridumreddithcor-

1819 4968 1914 5023 pus
1941 4945 2097 5006 suum
2123 4945 2333 5023 ({‘Cor.
2388 4963 2462 5023 ut.
2493 4947 2603 5004 27).
2631 4945 2748 4999 Hoc
2777 4945 2891 5023 vult
2917 4962 2929 4998 :
2959 4945 3059 4998 nisi
3091 4945 3386 5023 mortiﬁtze-

1820 5015 1941 5078 inor
1986 5015 2374 5078 eum‘Christo.
2424 5016 2538 5070 fore
2589 5026 2647 5069 ut
2681 5031 2788 5069 non
2839 5018 3080 5069 vivamus
3105 5029 3227 5070 cum
3273 5015 3382 5082 illo,

1822 5107 1997 5162 neque
2023 5091 2138 5160 ejus
2164 5089 2441 5143 dulcedine
2475 5087 2733 5162 frimniur.
2761 5085 2994 5162 Maxime
3022 5101 3146 5162 eum
3175 5101 3239 5162 vix
3270 5087 3386 5156 ipso

1809 5153 2251 5231 Christov(quem
2316 5174 2437 5212 eum
2483 5155 2760 5231 Apostolo,
2809 5155 3134 5231 spiritualem
3173 5153 3383 5210 Petram

1807 5234 2008 5304 vocat),
2032 5227 2169 5304 aqua
2196 5240 2413 5304 aeterna:
2437 5227 2743 5304 refectionis
2765 5227 3030 5304 proﬁuere
3056 5241 3159 5304 non
3192 5234 3382 5304 (intue-

1808 5307 1921 5368 rit,
1965 5295 2097 5358 'nisi'
2126 5301 2304 5355 crucis
2369 5301 2704 5370 mysterium
2736 5295 3072 5370 amtlei'et._
3098 5295 3377 5370 Catholiaa

1803 5366 2025 5429 omnino
2048 5372 2290 5428 doctrina
2314 5366 2542 5432 estfetsi
2567 5367 2797 5436 cuipiam
2824 5368 2958 5420 mira
2990 5366 3155 5419 videri
3187 5376 3371 5432 qm-at.

1805 5444 2025 5500 Poterat
2073 5444 2257 5512 utique
2294 5440 2452 5504 Deus,
2486 5439 2646 5512 etiam
2677 5439 2793 5492 sine
2822 5437 2942 5492 Filii
2972 5437 3052 5490 sui
3101 5436 3371 5512 passione,

1805 5532 1904 5571 nos
1935 5504 2187 5570 reﬁcere:
2223 5511 2328 5567 Sed
2373 5512 2454 5565 sic
2504 5511 2840 5573 decreverat,
2884 5517 2940 5560 ut
2997 5504 3110 5560 non
3149 5504 3248 5558 uisi
3278 5520 3376 5573 per

1805 5588 2110 5656 passionem
2167 5582 2341 5636 ﬁeret.
2378 5582 2567 5656 itaque
2604 5595 2669 5633 ex
2722 5576 2905 5656 divino
2945 5577 3168 5656 decreto
3208 5574 3374 5656 aliter

1806 5645 1920 5712 ﬁeri
1972 5672 2076 5710 non
2114 5661 2343 5724 poterat.
2378 5650 2448 5707 Ut
2481 5645 2660 5724 'totam
2724 5649 2862 5702 hanc
2909 5645 3373 5724 elegantissimum

1807 5717 2128 5797 allegoriam
2169 5723 2454 5797 intelligas,
2487 5719 2731 5797 _omnino
2759 5733 2889 5797 mon
2951 5717 3127 5797 pigeat
3167 5725 3376 5797 attente

1811 5786 1986 5872 l'rgeurc
2020 5797 2184 5854 Exodi
2210 5795 2320 5851 loca
2342 5786 2464 5864 qua-
2487 5793 2536 5846 in
2565 5788 2977 5862 parenthesibus
3004 5786 3374 5848 includuntur.
