3926 6462
529 335 637 398 337

1528 322 1874 392 TlllOFRlDl
1911 327 2203 394 ABBATIS
2243 334 2809 398 EFTERNACENSIS

3651 350 3744 410 588

531 460 756 526 amittit,
806 466 981 526 neque
1028 448 1194 509 ullum
1228 450 1424 517 reiicit,
1448 450 1492 505 si
1522 451 1628 504 dux
1673 453 1853 522 populi
1887 453 1978 508 Dei
2008 453 2112 505 Sa-
2146 462 2189 515 Α
2220 450 2332 506 lloc
2373 453 2424 507 in
2458 452 2765 523 ltaphidim,
2793 470 2887 524 per
2913 455 3262 510 extensionem
3285 473 3528 511 manuum
3563 457 3747 529 legisla-

534 550 729 605 cerdos
770 545 1159 602 confessionem
1196 542 1373 597 crucis
1407 550 1462 595 ct
1496 542 1767 612 passionis
1821 543 2116 597 Dominica:

536 648 881 696 sacramenta
917 652 1020 690 non
1054 634 1358 689 inmiserit.
1424 633 1706 691 Viviﬁcum
1764 650 1896 706 ergo
1935 634 2118 689 saluti-

542 732 673 786 fera:
706 729 883 784 crucis
913 727 1140 798 lignum,
1173 725 1361 795 prima:
1384 728 1854 795 praevaricationis
1878 727 2119 796 expiavit

544 835 598 878 et
630 820 931 877 cxinanivit
963 819 1168 889 lignum
1199 835 1212 871 :
1242 817 1309 872 Et
1357 817 1479 887 quia
1511 819 1563 873 in
1592 834 1659 873 eo
1681 818 1859 873 Patris
1885 818 2118 873 Victima

543 913 801 968 salutaris
823 912 887 965 de
913 910 1257 965 amarissimo
1284 909 1410 962 bibit
1444 920 1671 965 torrente
1698 906 1871 981 (Psul.
1901 925 2011 976 eis,
2039 910 2116 979 7),

529 1006 785 1059 humana:
838 1002 1220 1068 mortalitatis,
1298 1003 1644 1071 conscriptam
1720 1000 1971 1056 adversus
2025 1017 2120 1055 nos

527 1106 750 1151 aeternae
807 1095 1194 1158 damnationis,
1241 1102 1295 1149 et
1337 1095 1656 1164 perditionis
1708 1094 2120 1148 amaritudinem

530 1188 654 1259 (Job
704 1202 831 1250 xm,
865 1185 994 1257 26),
1022 1185 1073 1239 in
1108 1185 1453 1253 sempiterna:
1476 1182 1792 1239 salvationis
1816 1184 1978 1237 vertit
2003 1182 2122 1238 dul-

531 1279 811 1334 cedincm.
844 1277 957 1331 Nisi
1000 1275 1252 1330 salvilicce
1275 1275 1453 1330 crucis
1490 1275 1895 1330 intercessisset
1924 1283 2123 1345 myste-

535 1374 712 1437 rium;
746 1371 910 1424 totius
960 1367 1181 1423 humani
1216 1366 1430 1438 generis
1458 1365 1785 1422 universitas
1827 1376 2120 1421 tartareum

537 1464 685 1519 nullo
736 1462 899 1517 modo
944 1461 1209 1516 evasisset
1272 1458 1611 1529 supplicium.
1660 1457 1743 1512 Ad
1798 1458 2121 1529 supplicium

537 1555 904 1628 prtedcstinati
933 1563 1224 1624 antequam
1274 1551 1407 1616 nati,
1440 1549 1595 1621 longe
1640 1551 2003 1621 prtcstantiori
2036 1565 2123 1605 re-

537 1649 828 1719 paratricis
875 1646 1065 1716 gratia:
1116 1643 1613 1715 prmdestinatione,
1652 1658 1680 1696 a
1718 1642 1982 1712 supplicio
2026 1656 2124 1712 per

539 1737 861 1808 supplicium
910 1750 1099 1790 sumus
1158 1732 1395 1788 liberati.
1437 1732 1544 1787 Per
1595 1731 1918 1802 supplicium
1972 1730 2127 1787 inde-

2218 545 2346 597 toris
2387 543 2557 616 Moysi
2588 558 2769 600 contra
2806 545 3019 600 Amalec
3051 546 3246 615 (Exod.
3280 564 3415 613 xvn,
3452 550 3556 621 11).
3581 545 3681 608 Hoc
3709 555 3754 611 in

2226 645 2471 691 torrente
2501 630 2667 702 bo'tri,
2698 639 3085 709 prtcsignatum
3109 648 3192 694 est
3211 656 3303 709 per
3328 652 3535 708 uectem,
3565 661 3657 713 quo
3671 636 3756 701 duo

2220 727 2321 779 viri
2361 728 2595 781 duorum
2628 728 2944 798 populorum
2979 728 3109 799 typi,
3162 746 3318 782 uvam
3350 729 3635 786 detulerunt
3662 748 3756 790 cum

2219 816 2433 886 palmite
2460 810 2649 888 (Num.
2696 817 2934 888 ‘xnt,24)
2981 819 3031 872 in
3078 827 3261 890 typum
3308 820 3599 876 divinitatis
3621 825 3758 880 ethu-

2222 905 2501 962 manitatis
2535 906 2848 961 Dominicaz.
2878 906 2990 963 Hoc
3020 908 3071 962 in
3101 907 3353 963 Salmona
3385 909 3554 980 (Nam
3600 912 3757 983 xxxtit,

2220 994 2338 1067 41),
2382 996 2667 1052 mansione
2724 996 2962 1052 ﬁliorum
3008 997 3190 1062 Israel,
3221 1014 3374 1063 χιιι,
3405 999 3762 1073 qua:(2u)in-

2225 1095 2458 1156 terprela
2470 1098 2558 1143 tur
2578 1089 2940 1159 im'aguncula,
2963 1100 3326 1160 prterogatum
3352 1101 3439 1147 est
3461 1107 3553 1163 per
3573 1088 3758 1166 lignum,

2224 1178 2277 1233 in
2307 1194 2414 1249 quo
2438 1178 2544 1234 dux
2575 1181 2755 1251 populi
2811 1181 2927 1248 Dei,
2957 1182 3012 1237 in
3056 1185 3247 1239 mortis
3269 1183 3565 1241 Dominica:
3591 1182 3756 1260 m'yste-

2224 1272 2365 1327 rium
2404 1272 2654 1328 eataltavit
2719 1283 3008 1344 serpentem
3060 1292 3284 1343 a'neum,
3335 1285 3392 1332 et
3436 1276 3759 1349 absorpli,ac

2223 1364 2397 1419 sa‘nati
2430 1375 2559 1420 sunt
2598 1364 2839 1421 lmthales
2894 1382 3110 1423 morsus
3158 1369 3449 1439 ignitorum
3486 1370 3759 1438 s'erpetuiuu‘t

2224 1453 2413 1525 (Nunt.
2442 1460 2551 1517 xxi,
2586 1454 2664 1527 9).
2696 1454 2808 1511 Hoc
2837 1456 2965 1512 item
2994 1458 3047 1511 in
3078 1458 3282 1512 duobus
3317 1458 3477 1528 lignis
3503 1457 3759 1529 Sareptena

2224 1542 2394 1601 viduae
2422 1544 2540 1618 (ιιι
2573 1544 2700 1618 Reg.
2733 1564 2868 1614 xvu,
2896 1549 3007 1619 12),
3042 1549 3230 1620 ligurze
3272 1550 3469 1605 matris
3500 1551 3756 1609 Ecclesia:

2227 1636 2329 1691 hoc
2372 1648 2856 1707 prtemonstratum
2907 1650 2989 1695 est
3032 1655 3129 1711 per
3157 1641 3388 1712 lignum,
3441 1658 3548 1712 quo
3577 1632 3756 1712 ferrum,

2226 1726 2370 1796 quod
2417 1727 2663 1798 elapsum
2720 1728 2787 1783 de
2834 1728 3140 1790 manubrio,
3171 1731 3357 1784 cecidit
3398 1728 3511 1799 ﬁlio
3543 1736 3762 1804 propheta

540 1800 740 1896 hilum,
799 1826 1122 1897 supplicium
1148 1825 1423 1880 evasimus
1447 1800 1732 1885 debitum;
1765 1830 1838 1887 et,
1874 1823 2021 1892 quod
2053 1821 2122 1876 ad
2155 1800 2278 1888 Bill
2296 1814 2337 1870 V
2390 1813 2521 1888 Reg.
2549 1834 2624 1883 Vt,
2658 1815 2745 1890 6).
2788 1816 3059 1889 Propheta
3100 1818 3334 1885 Eliseus,
3369 1800 3592 1891 duplicis
3625 1800 3762 1880 lactes

535 1931 863 1993 perpetuum
933 1918 1229 1973 meruimus
1274 1916 1521 1982 exitium,
1576 1915 1629 1970 in
1670 1923 1945 1986 perpetuae
2001 1914 2127 1968 vitae

539 2013 860 2069 translatum
906 2020 991 2065 est
1039 2008 1456 2079 inexcogitabile
1504 2008 1825 2063 remedium.
1867 2006 1924 2061 In
1962 2021 2127 2061 cruce

540 2120 690 2159 mors
717 2102 839 2157 Filii
873 2100 989 2167 Dei,
1024 2098 1163 2156 facta
1211 2107 1296 2154 est
1336 2112 1486 2153 merx
1518 2098 1769 2154 mortium
1799 2096 2038 2159 omnium
2072 2095 2127 2151 in

543 2207 688 2251 terra
745 2192 975 2247 liliorum
1021 2189 1153 2253 Dei;
1213 2189 1265 2243 in
1317 2203 1480 2244 cruce
1531 2187 1736 2259 grande
1784 2185 1989 2242 factum
2040 2194 2126 2241 est

540 2286 955 2351 commercium,
1022 2282 1148 2338 dum
1209 2281 1513 2336 mediatoris
1586 2280 1683 2335 Dei
1752 2290 1799 2335 et
1853 2279 2124 2333 hominum

540 2378 592 2450 (Ι
682 2377 817 2433 Tim.
898 2392 959 2442 ll,
1017 2374 1092 2446 5),
1164 2370 1305 2428 latus
1349 2373 1533 2429 lancea
1580 2372 1762 2427 militis
1822 2378 2126 2444 percussum

541 2470 726 2542 (Joan.
762 2484 876 2534 xix,
899 2466 1013 2538 54).
1043 2464 1216 2522 Solvit
1241 2464 1629 2535 redemptionis
1661 2464 1915 2519 humana:
1936 2478 2127 2518 saccno

541 2562 677 2627 lum,
701 2570 756 2617 et
783 2559 1057 2616 emanavit
1111 2558 1235 2614 inde
1274 2560 1443 2615 totius
1467 2557 1655 2613 mundi
1688 2556 1920 2627 pretium
1950 2555 2122 2627 (212).

547 2654 633 2708 lbi
660 2652 828 2717 enim,
885 2650 1015 2705 licet
1047 2649 1352 2703 abscondita
1388 2647 1454 2703 sit
1483 2648 1744 2718 fortitudo
1795 2646 1908 2716 ejus
1938 2646 2012 2701 ibi
2045 2656 2124 2701 ta-

549 2758 675 2799 men
717 2753 836 2796 ante
880 2740 1066 2811 faciem
1092 2739 1207 2809 ejus
1236 2738 1325 2792 ivit
1347 2737 1581 2809 (Habac.
1615 2752 1700 2802 ut,
1727 2735 1783 2808 4)
1806 2745 1854 2791 et
1879 2737 1931 2789 in
1960 2736 2124 2791 uicto-

544 2833 681 2885 riam
724 2829 971 2898 absorpta
1022 2837 1096 2882 est
1152 2843 1291 2882 mors
1342 2826 1394 2899 (l
1418 2824 1543 2880 Cor.
1582 2841 1673 2891 xv,
1698 2825 1813 2896 54).
1852 2825 1927 2881 lbi
1959 2826 2124 2897 empti

547 2933 679 2980 sunt
721 2937 911 2978 omnes
940 2920 1144 2983 ﬁdeles,
1178 2920 1341 2990 empti
1376 2928 1713 2975 suntomnes
1742 2928 2009 2993 martyres
2032 2935 2127 2975 no-

547 3015 718 3079 mine,
742 3024 795 3069 et
827 3013 1055 3085 prodigo
1094 3010 1358 3083 sanguine
1389 3026 1507 3077 suo,
1531 3010 1797 3067 Dominiei
1821 3012 2122 3081 sanguinis,

545 3108 708 3178 pretii
742 3106 1046 3162 communis
1098 3105 1266 3161 totius
1296 3105 1522 3161 humani
1565 3104 1801 3176 generis,
1832 3106 2035 3178 egregii
2068 3114 2120 3163 et
2150 3147 2194 3210 Ο

548 3197 889 3253 invictissimi
939 3207 1135 3264 testes;
1173 3205 1229 3253 et
1275 3197 1555 3255 debellatae
1608 3214 1672 3255 ac
1701 3207 2022 3271 expugnatae
2070 3208 2125 3254 et

542 3291 791 3347 contrita:
812 3300 938 3347 sunt
962 3290 1123 3345 aeriae
1147 3291 1311 3347 acies.
1336 3290 1451 3347 Hoc
1472 3291 1677 3363 lignum
1701 3291 1846 3358 vitae,
1872 3292 1926 3346 in
1951 3288 2127 3362 typico

545 3384 840 3455 clysmale,
872 3398 969 3453 per
1007 3399 1187 3436 arcam
1219 3379 1355 3450 Noe,
1378 3393 1632 3438 trecentos
1686 3383 1887 3439 cubitos
1920 3384 2127 3439 haben-

543 3486 653 3533 tem
683 3478 736 3530 in
762 3468 1088 3546 longitudine
1111 3473 1265 3545 (Gen.
1301 3490 1380 3540 vt,
1408 3475 1529 3544 15);
1561 3475 1654 3547 qui
1692 3490 1950 3531 numerus
1975 3475 2125 3548 (213)

544 3568 794 3638 signatur
818 3566 944 3619 thau
968 3564 1308 3632 charactere)
1339 3565 1441 3620 hoc
1469 3565 1697 3636 mystice
1722 3565 2122 3638 pnellguratum

543 3666 628 3712 est
657 3657 711 3710 in
742 3654 1056 3710 cancellatis
1087 3655 1332 3710 manibus
1361 3654 1527 3710 Iacob
1552 3657 1888 3727 patriarchrc,
1911 3658 2125 3711 dextera

542 3746 792 3800 videlicet
820 3761 976 3814 super
1010 3754 1163 3813 caput
1195 3742 1448 3815 Ephraim
1480 3746 1571 3801 lilii
1617 3745 1879 3816 iunioris;
1910 3742 2123 3803 sinistra

543 3838 601 3892 in
630 3836 915 3892 Manassen
957 3829 1110 3909 (Gen.
1143 3854 1330 3904 xcvm,
1358 3838 1446 3912 14)
1470 3841 1743 3895 seniorem
1775 3842 2037 3897 translata
2067 3843 2122 3897 in

545 3930 724 3985 crucis
771 3926 1201 3985 similitudinem.
1285 3930 1451 4002 Cujus
1517 3935 1882 3999 sacramento,
1950 3934 2125 4004 major

542 4018 796 4091 populus,
878 4019 971 4088 qui
1050 4018 1238 4074 oblitus
1299 4030 1375 4074 est
1446 4019 1661 4075 Domini
1696 4017 1966 4077 Creatoris
2039 4024 2123 4077 sui

544 4109 726 4181 (Deut.
771 4124 945 4171 χχιιι,
977 4104 1089 4178 18),
1120 4109 1277 4164 seruit
1323 4112 1517 4165 minori
1548 4110 1702 4181 (Gen.
1730 4128 1855 4180 xxv,
1877 4109 2003 4186 25);
2029 4114 2121 4184 qui

535 4203 593 4256 in
633 4200 990 4255 misericordia
1018 4200 1163 4255 uberi
1190 4198 1362 4272 (Psal.
1395 4218 1505 4271 XCI,
1539 4203 1655 4275 11),
1689 4201 2011 4259 fecundatus
2039 4212 2124 4259 est

536 4312 635 4369 per
660 4295 842 4351 mundi
870 4293 1232 4350 latitudinem.
1255 4294 1367 4351 Hoc
1382 4296 1438 4349 in
1458 4295 1698 4362 Marath,
1715 4295 1767 4351 in
1791 4296 2121 4352 dulcedinem

533 4387 896 4460 Spiritualem,
918 4401 1073 4442 versa
1104 4387 1239 4458 legis
1267 4388 1619 4442 amaritudine
1648 4387 1852 4458 (Exod.
1881 4405 1982 4452 xv,
2009 4388 2117 4461 25)

2228 1908 2454 1977 spiritus
2491 1907 2645 1973 Elim,
2694 1909 2925 1965 elevavit
2950 1910 3018 1965 de
3059 1911 3291 1981 gurgite.
3326 1911 3383 1966 In
3417 1922 3524 1967 tam
3552 1910 3762 1971 salutaris

2225 1992 2378 2067 ligni,
2408 2006 2464 2053 et
2489 1998 2781 2069 pastoralis
2802 1997 2986 2067 ollicii,
3015 2011 3069 2055 et
3095 2002 3572 2059 condescensionis
3597 2013 3761 2076 typum.

2229 2088 2369 2143 idem
2419 2099 2573 2146 vates
2618 2106 2677 2145 os
2721 2091 2821 2157 ori,
2854 2107 3042 2145 manus
3066 2091 3314 2163 imposuit
3344 2094 3580 2149 manibus
3600 2098 3766 2149 exami-

2228 2179 2340 2234 nati
2364 2178 2466 2249 filii
2496 2178 2789 2236 Sanamitis
2828 2181 3002 2238 vidua:
3019 2180 3073 2252 (Ι
3092 2180 3130 2235 γ
3159 2182 3286 2254 Reg.
3340 2199 3419 2250 tv,
3443 2184 3560 2253 54);
3591 2201 3646 2241 ac
3667 2202 3767 2242 eum

2229 2271 2467 2326 restituit
2497 2273 2622 2327 vita:
2649 2281 2704 2328 et
2728 2274 2948 2329 sanitati
2994 2274 3262 2345 pristinae.
3302 2275 3358 2331 In
3406 2285 3518 2332 tam
3555 2278 3769 2335 salutaris

2228 2352 2356 2434 ligni
2383 2365 2739 2435 praeconium,
2788 2366 3026 2438 Spiritus
3053 2378 3277 2426 sanctus
3304 2386 3404 2440 per
3445 2371 3768 2439 Ezechielem,

2226 2456 2319 2525 qui
2350 2456 2744 2527 interpretatur
2763 2457 3024 2527 fortitudo
3052 2459 3170 2527 Dei,
3202 2460 3360 2532 longe
3395 2472 3523 2519 ante
3550 2465 3770 2520 incarna-

2230 2546 2392 2602 tionis
2414 2546 2756 2618 mysterium,
2783 2547 2892 2602 tale
2913 2549 3199 2605 coutexuit
3226 2551 3547 2607 vaticinium
3577 2570 3592 2608 :
3615 2552 3772 2608 Transi

2228 2657 2319 2711 per
2343 2642 2567 2696 mediam
2587 2642 2842 2698 civitatem
2856 2643 2910 2698 in
2929 2643 3099 2699 medio
3116 2644 3434 2709 Jerusalem,
3458 2640 3507 2702 rt
3520 2649 3772 2719 signatltau

2226 2750 2381 2804 super
2413 2734 2611 2804 frontes
2638 2735 2870 2790 uirorum
2907 2736 3221 2806 gementium
3253 2748 3301 2791 et
3340 2739 3622 2793 dolentium
3644 2756 3773 2810 super

2226 2826 2425 2880 cunctis
2474 2827 2948 2882 abominationibus
3006 2843 3125 2899 quae
3167 2829 3300 2899 fiunt
3350 2831 3408 2885 in
3470 2832 3630 2886 medio
3676 2831 3772 2902 ejus

2227 2915 2444 2988 (Ezech.
2471 2932 2548 2979 ιι,
2575 2916 2653 2987 4).
2686 2916 2769 2983 Et,
2794 2933 2829 2973 ο
2849 2933 3008 2988 quam
3034 2920 3226 2976 beatus
3251 2931 3355 2987 est,
3375 2922 3471 2991 qui
3503 2922 3643 2979 honre
3667 2937 3775 2994 ope-

2226 3008 2472 3073 rationis,
2519 3016 2574 3061 et
2626 3007 2906 3064 latissimae
2954 3009 3242 3066 charitatis
3293 3013 3691 3082 perfectionem.
3730 3015 3775 3069 in

2224 3099 2481 3157 Salvilicte
2510 3102 2690 3155 crucis
2737 3099 3107 3167 latitudinem;
3147 3104 3606 3171 perseverantiam
3633 3119 3777 3175 usque

2232 3194 2284 3249 in
2309 3194 2466 3249 linem
2491 3193 2543 3248 in
2567 3192 2931 3264 longitudine;
2963 3184 3256 3266 supeinum
3279 3196 3466 3264 linem,
3489 3214 3592 3270 quo
3612 3210 3777 3255 cuncta

2228 3300 2390 3356 opera
2426 3284 2563 3340 bene
2592 3299 2657 3339 ac
2680 3295 3089 3355 perseveranter
3142 3300 3362 3357 peracta
3395 3289 3709 3355 referuntur,
3734 3291 3776 3346 in

2229 3374 2553 3440 altitudine;
2586 3373 2728 3429 bona
2774 3374 2956 3429 omnia
2987 3374 3053 3429 de
3075 3376 3347 3446 profundo
3375 3379 3573 3434 divina:
3595 3382 3776 3451 gratiae,

2229 3481 2350 3535 qua:
2404 3464 2792 3536 comprehendi
2825 3480 2889 3519 ac
2923 3464 3206 3535 diiudicari
3253 3484 3361 3523 nun
3392 3479 3589 3539 potest,
3614 3484 3780 3541 proce-

2228 3556 2429 3623 dentia,
2449 3566 2663 3628 pensat,
2686 3566 2742 3611 et
2766 3557 3009 3611 imitatur
3035 3558 3087 3612 in
3111 3556 3501 3629 profunditatis
3535 3563 3776 3632 margine.

2230 3648 2357 3717 Sed,
2384 3657 2443 3703 ut
2467 3649 2534 3703 de
2560 3648 2673 3719 ipsa
2708 3647 2921 3702 viviﬁca
2954 3657 3160 3704 taceam
3204 3664 3388 3716 cruce,
3427 3667 3547 3722 quae
3574 3652 3711 3725 (215)
3735 3654 3780 3707 in

2226 3756 2455 3812 corpore
2481 3740 2684 3796 Christi
2719 3739 2986 3805 dedicata,
3019 3749 3074 3795 et
3114 3757 3180 3797 ex
3213 3745 3479 3801 membris
3507 3743 3622 3816 ejus
3673 3755 3780 3799 tan-

2226 3847 2387 3902 quam
2420 3832 2728 3901 margaritis
2754 3847 2839 3889 eSt
2872 3843 3101 3903 ornata;
3144 3851 3263 3906 quae
3295 3836 3445 3908 (216)
3502 3837 3774 3893 secundum

2225 3924 2584 3995 Augustinum
2614 3923 2716 3977 luit
2742 3925 3000 3992 tribunal,
3030 3927 3085 3982 in
3114 3936 3244 3997 quo,
3270 3930 3574 3985 constituto
3593 3927 3783 3989 iudice.

2227 4018 2281 4073 in
2324 4016 2501 4072 medio
2541 4016 2595 4071 in
2625 4015 3036 4073 similitudinem
3077 4020 3292 4075 venturi
3329 4018 3521 4088 iudicii
3569 4021 3696 4075 alter
3719 4018 3784 4074 laa

2230 4122 2334 4177 tro,
2353 4111 2445 4181 qui
2498 4109 2730 4166 credidit
2772 4112 3067 4177 liberatus;
3098 4111 3239 4167 alter
3265 4114 3359 4183 qui
3399 4112 3692 4175 insnltavit.
3714 4120 3785 4167 est

2225 4201 2550 4258 damnatus:
2583 4212 2638 4259 et
2665 4204 2756 4273 qui
2793 4203 3155 4274 indicabatur,
3182 4203 3292 4274 iam
3329 4203 3591 4272 indicium
3629 4204 3785 4261 mina-

2223 4294 2405 4352 batur.
2444 4295 2511 4352 Ut
2543 4296 2611 4351 de
2653 4296 2790 4367 ipso,
2824 4297 3067 4367 inquam,
3100 4296 3253 4351 vitali
3294 4298 3506 4353 taceam
3555 4298 3712 4370 ligno,
3741 4297 3785 4350 in

2225 4386 2379 4457 cuius
2420 4388 2773 4459 praeconium,
2814 4387 2963 4460 (217)
3011 4388 3255 4460 Sibylla},
3307 4403 3419 4444 non
3467 4387 3785 4460 Theruphila

611 4522 761 4594 (2l2)
795 4519 899 4594 Ibi,
928 4518 1057 4594 iicet
1074 4518 1381 4594 abscondita
1431 4518 1782 4594 sitfortitudo
1822 4519 1953 4594 ejus.
1983 4518 2118 4575 Nam
2152 4495 2201 4555 θ
2226 4523 2369 4577 drere
2392 4522 2638 4590 apostoli,
2670 4523 2738 4577 ad
2767 4538 2981 4594 crucem
3017 4520 3345 4587 anhelantis,
3376 4530 3438 4577 ut
3465 4524 3783 4594 scripserunt

542 4595 597 4649 in
623 4589 816 4655 'cruCc,
866 4590 1152 4662 iulirmitas
1189 4591 1371 4643 carnis
1413 4589 1594 4658 potius
1638 4591 1909 4659 apparuit,
1956 4607 2121 4662 quam

542 4662 802 4719 lortitudo
840 4659 1164 4714 Divinitatis.

614 4731 762 4805 (2t3)
794 4729 1045 4805 Signatur
1079 4738 1172 4781 tau
1200 4727 1519 4783 charactere.
1552 4728 1966 4805 Dehocgeodem
1992 4730 2123 4805 cha-

544 4800 754 4859 ractere
785 4810 840 4855 et
871 4800 1099 4870 mystico
1126 4813 1349 4870 numero
1377 4814 1540 4870 supra
1566 4800 1695 4870 egit,
1722 4801 1812 4855 ubi
1842 4802 1908 4856 de
1939 4801 2124 4855 militi-

542 4875 645 4928 bus
674 4868 1016 4926 cheonicis.
1049 4869 1181 4923 Vide
1211 4868 1302 4922 lih.
1334 4884 1396 4933 tt,
1423 4868 1541 4938 cap.
1569 4868 1621 4923 7.

622 4942 770 5011 (2H)
801 4942 1201 5015 _lntcrp_ret_at_ur
1229 4940 1600 5015 _imaguncula.
1653 4941 1731 5015 ita
1763 4941 1823 5015 S.
1854 4940 2122 5015 Hierony-

545 5008 687 5077 mus,
730 5008 888 5079 epist.
949 5008 1019 5081 ad
1059 5008 1362 5081 Fabiolam,
1412 5012 1476 5063 de
1521 5013 1872 5081 quadraginta
1914 5008 2122 5067 duabus

546 5080 923 5136 mansionibus.
994 5080 1189 5134 Reddit
1246 5095 1475 5149 (quoque
1535 5080 1662 5149 eius
1709 5080 2122 5149 signiﬁcationis

547 5152 812 5208 rationem
845 5151 949 5222 illis
979 5148 1460 5222 vct°bis_;_Uitde’et
1488 5148 1847 5222 imaguncuta,
1878 5170 2008 5207 vera:
2032 5170 2123 5208 ex-

544 5236 834 5295 pressaeque
864 5221 1106 5295 imaginis
1137 5219 1263 5295 Filii
1296 5219 1391 5274 Dei
1404 5219 1720 5295 “passionem
1760 5225 1875 5293 ejus
1897 5223 2121 5289 intuens,

547 5290 902 5349 conseruatur.
945 5291 1011 5345 Et
1040 5290 1184 5346 clare
1232 5292 1343 5360 ipse
1379 5291 1643 5362 Christus
1681 5290 2122 5362 per'serpeutem

545 5367 881 5434 designatus,
909 5362 960 5415 id
990 5362 1057 5414 de
1086 5369 1339 5434 serpente
1358 5361 1516 5418 docet
1547 5361 1729 5433 (Joau.
1754 5378 1840 5426 ιιι,
1876 5364 1982 5434 lli).
2013 5366 2121 5419 Sed

544 5432 687 5505 quod
748 5433 1058 5486 Salmonam
1097 5432 1433 5505 mansionem
1478 5432 1612 5487 xm
1642 5432 2118 5501 ThiolriduSdicit,

547 5502 649 5559 nisi
679 5519 834 5558 error
869 5512 952 5574 est
1002 5502 1353 5574 exscriptoris
1384 5505 1437 5557 in
1478 5519 1725 5570 numero,
1778 5506 1964 5574 lapsus
2009 5522 2119 5560 me-

548 5575 732 5629 tneriu:
765 5581 849 5628 est
907 5573 1072 5643 ipsius
1114 5573 1369 5628 auctoris.
1409 5573 1502 5628 Est
1554 5575 1699 5628 enim
1733 5573 1942 5629 mansio
1976 5589 2122 5628 xxxv

550 5644 783 5715 quodsi
833 5643 1189 5715 Hieronymus
1228 5659 1334 5699 non
1375 5646 1702 5713 scripsisset,
1741 5645 1895 5699 nobis
1939 5660 2123 5715 prom-

549 5724 698 5784 pttnn
731 5714 828 5769 l'uit
860 5714 1166 5769 numerare.

621 5784 768 5857 (215)
819 5784 881 5838 In
918 5801 1129 5856 corpore
1155 5784 1350 5840 Christi
1393 5785 1651 5840 dedicata.
1698 5785 1870 5841 Verba
1917 5785 1974 5839 S.
2013 5784 2121 5839 An-

2225 4594 2527 4662 preshyteri
2558 4602 2612 4646 et
2651 4594 2861 4648 diaconi
2890 4593 3128 4647 Achaiae.

2295 4663 2444 4731 (216)
2497 4663 2797 4718 Secundum
2832 4664 3183 4732 Augustinum
3232 4663 3333 4733 fuit
3373 4663 3624 4717 tribunal.
3658 4663 3788 4719 εει-1ο

2222 4733 2329 4815 psit
2351 4734 2452 4815 hoc
2479 4734 2820 4815 :Augnstinus
2858 4742 3185 4815 truc-taxum
3219 4732 3273 4788 in
3307 4732 3466 4790 Jo’an.
3499 4733 3626 4805 Ipsa
3648 4750 3784 4798 crux,

2225 4803 2418 4870 inquit,
2446 4804 2491 4857 si
2508 4803 2782 4873 attendas.
2805 4803 3036 4857 tribunal
3068 4804 3190 4873 fuit.

2296 4874 2444 4944 (2l7)
2492 4871 2726 4944 Sibyllw.
2763 4874 2836 4928 De
2872 4871 3082 4943 sibyllis
3122 4874 3275 4930 nntlti
3328 4885 3578 4931 auctores
3614 4874 3785 4939 multa,

2224 4954 2279 4999 et
2306 4945 2441 4999 varii
2471 4946 2640 5015 varia.
2676 4945 2753 5015 Ex
2780 4944 3020 5014 antiquis
3046 4944 3233 5006 Varro.
3264 4960 3330 5000 ex
3356 4962 3465 5015 quo
3492 4945 3673 5015 plures
3702 4946 3784 4997 alii

2226 5016 2475 5069 hausere.
2527 5013 2658 5068 Vide
2705 5013 3037 5071 Clementem
3069 5015 3335 5071 Alexand.
3375 5013 3512 5070 libro
3542 5032 3559 5070 ι
3591 5016 3784 5069 Slrom.

2223 5085 2582 5156 Lactantium,
2643 5086 2737 5140 lib.
2778 5086 2988 5140 tdiviu.
3033 5086 3185 5149 lnst.,
3227 5099 3325 5156 cap
3378 5089 3430 5149 6,
3482 5094 3539 5142 et
3595 5086 3671 5140 De
3716 5086 3786 5137 ira

2226 5155 2341 5221 Dei,
2384 5170 2504 5225 cap.
2534 5156 2631 5219 22;
2684 5158 2871 5211 Sauct.
2920 5157 3202 5225 Augustin.
3248 5155 3372 5211 libr.
3422 5166 3557 5211 Xvnt
3609 5156 3782 5217 Civit.,

2224 5241 2345 5296 cap.
2378 5225 2478 5290 25;
2507 5226 2751 5294 Suidam,
2782 5226 2835 5281 in
2872 5226 3086 5290 Lexico,
3118 5235 3174 5281 et
3212 5227 3368 5281 alios.
3407 5228 3452 5281 E
3483 5226 3788 5282 recentiori-

2226 5298 2325 5352 bus
2390 5311 2517 5351 vero
2559 5298 2873 5366 diligentius
2934 5298 3036 5352 hoc
3103 5306 3481 5366 argumentum
3541 5306 3787 5351 tracutsse

2224 5368 2476 5421 videntur
2544 5365 2855 5437 Onuphrius
2903 5368 3121 5436 proprio
3170 5365 3485 5437 libellotet
3541 5366 3783 5421 Ludovic.

2226 5437 2385 5492 Vives
2426 5440 2476 5491 in
2527 5436 2701 5492 locum
2748 5439 3030 5492 Augustini
3076 5438 3325 5492 citatum.
3377 5436 3585 5492 Omitto
3633 5437 3785 5491 multa

2224 5523 2343 5574 qua:
2371 5509 2502 5562 nihil
2546 5509 2613 5562 ad
2658 5524 2792 5563 rem.
2840 5508 2913 5562 De
2955 5522 3202 5567 numero.
3252 5508 3487 5574 plurima
3513 5508 3694 5577 opinio
3713 5514 3787 5560 est

2224 5579 2407 5632 decem
2466 5578 2649 5633 luisse.
2700 5576 3011 5633 Thiol‘ridus
3058 5593 3156 5632 suo
3193 5578 3431 5646 loquenti
3479 5576 3640 5633 modo
3663 5577 3788 5631 satis

2226 5657 2412 5715 aperte
2440 5649 2679 5703 insinuat
2711 5665 2769 5704 se
2816 5647 3136 5702 Martialium
3177 5646 3450 5717 Capellam
3495 5650 3649 5718 sequi
3698 5661 3786 5699 au-

2224 5730 2448 5780 ctorem,
2501 5721 2590 5789 qui
2637 5721 2773 5775 duas
2820 5727 3026 5774 tantum
3074 5719 3243 5789 ponit,
3291 5728 3456 5787 atque
3495 5734 3623 5789 eas,
3665 5729 3790 5786 quas

2225 5799 2410 5844 noster
2435 5787 2533 5845 hic
2552 5792 2790 5846 nominat
2818 5807 2833 5858 ;
2864 5790 2964 5843 nisi
2986 5789 3130 5859 quod
3158 5788 3358 5842 librarii
3381 5802 3571 5844 errore
3596 5787 3790 5844 factum
