3926 6462
188 368 286 444 38’)

1043 370 1310 446 nones
1340 366 1678 444 EPITAPHII
1717 379 2168 450 sancron'uu.
2198 424 2262 435 -
2293 392 2421 451 me.
2464 393 2553 450 tv.

3354 400 3464 460 390

189 502 426 573 Troiana:
451 501 769 569 Marmensi,
797 504 889 559 sed
917 502 1181 576 Erythrim
1211 504 1613 577 Symmachium
1640 501 1769 573 llip-
1796 506 1843 563 A
1869 507 1922 561 in
1952 508 2164 574 animo;
2196 507 2444 566 Christus
2482 510 2763 577 Deminus,
2804 520 2867 567 ut
2903 527 3026 567 cum
3067 511 3269 570 faceret
3304 513 3465 571 Chri-

190 595 423 665 potensis
451 594 595 659 illia),
627 610 751 664 qua:
791 595 1174 663 interpretatur
1208 594 1359 664 quasi
1393 592 1681 665 syosbulze,
1714 592 1769 647 id

186 694 272 739 est
314 682 602 738 consilium
650 684 773 748 Dei,
822 683 905 737 vel
955 684 1046 738 Dei
1102 683 1409 748 sententia,
1468 684 1769 738 veridicum

184 776 589 847 promulgatum
637 785 724 831 est
772 775 1105 831 vaticinium.
1144 776 1292 847 (218)
1348 773 1392 831 0
1436 787 1516 831 ter
1560 776 1769 831 beatum

184 872 404 940 lignum,
446 871 502 924 in
540 886 644 941 quo
677 869 818 924 Deus
863 880 1106 925 extensus
1144 881 1252 933 est;
1293 869 1358 924 ad
1390 869 1616 939 figuram
1652 867 1770 937 ejus

182 963 264 1018 rel
308 963 363 1018 in
400 961 644 1033 qualibet
692 962 916 1016 materia
964 961 1252 1032 depictam,
1295 959 1581 1030 sculptam,
1627 958 1769 1014 iniu-'-

185 1070 316 1119 sam,
358 1054 639 1118 incusam,
683 1052 768 1107 rel
806 1053 858 1106 in
896 1050 1074 1108 fronte
1113 1061 1167 1107 et
1202 1061 1421 1122 pectore
1457 1042 1638 1121 di'gitis
1674 1066 1769 1105 ex-

183 1156 457 1217 pressam;
491 1160 683 1202 omnes
728 1152 1021 1214 potestates
1051 1144 1233 1208 aeriae,
1272 1153 1327 1199 et
1366 1144 1418 1199 in
1455 1142 1770 1198 coelestibus

186 1239 486 1307 spiritualia
553 1237 809 1307 nequitia:
875 1236 1270 1301 extabcscunt,
1320 1244 1376 1291 et
1421 1235 1592 1289 instar
1637 1234 1769 1289 fumi

188 1337 536 1384 evanescunt.
579 1327 634 1381 ln
674 1341 801 1382 acre
840 1334 1026 1380 contra
1065 1338 1124 1380 se
1164 1326 1373 1380 duobus
1412 1325 1651 1395 digitnl‘s
1688 1325 1768 1379 in-

191 1430 419 1492 gestum,
462 1418 597 1474 aerii
635 1418 906 1488 principes
936 1418 1109 1489 magis
1142 1419 1562 1488 perhorrescunt
1590 1417 1770 1474 crucis

190 1509 552 1582 signaculum,
610 1524 772 1578 quam
830 1508 1239 1579 inextingulbile
1295 1522 1361 1563 ex
1402 1507 1769 1562 flammivoma

198 1607 385 1661 inferni
432 1603 662 1659 fornace
707 1603 967 1658 ebulliens
1018 1604 1344 1657 incendium.
1397 1602 1467 1656 Et
1503 1601 1629 1657 licet
1668 1602 1769 1656 hoc

196 1708 344 1754 noctu
391 1705 447 1751 et
485 1695 717 1750 interdiu
767 1695 879 1766 ipsa
918 1695 987 1749 sit
1027 1692 1359 1764 experientia
1400 1691 1767 1757 notissimum,

197 1790 255 1845 ad
296 1787 753 1844 honorificentius
802 1795 981 1843 tamen
1051 1785 1461 1856 gloriﬁcandum
1525 1785 1769 1841 mirificze

1875 604 2018 652 stum
2065 613 2262 664 suum,
2312 601 2548 656 resoluto
2594 602 2648 657 in
2698 617 2946 658 somnum
2996 605 3289 675 apparuit,
3340 622 3464 661 eum

1875 689 2063 744 eodem
2109 691 2264 761 signo
2311 693 2526 747 ctelitus
2573 693 2626 747 in
2670 694 2757 749 die
2802 704 3041 762 ostenso,
3087 694 3358 766 jussitque
3403 707 3465 752 ut

1874 794 2098 835 summm
2123 781 2424 838 devotionis
2462 784 2662 849 studio,
2694 783 2812 854 ejus
2842 787 3234 857 produceretur
3259 787 3461 858 figura-

1875 871 1967 929 tio.
1984 887 2103 941 qua;
2120 872 2171 927 in
2189 874 2331 928 omni
2359 874 2741 944 congressione
2755 877 3080 946 praeliorum,
3095 877 3293 933 invicta
3306 893 3464 935 exer-

1874 962 2012 1016 citus
2041 962 2135 1015 Dei
2179 961 2320 1018 foret
2360 962 2631 1030 liberatio,
2670 973 2725 1019 et
2762 966 3195 1037 inexpugnabilis
3222 968 3460 1024 hostium

1874 1053 2220 1126 expugnatio.
2276 1054 2387 1110 Nec
2439 1070 2625 1121 mora,
2673 1056 2809 1112 dira:
2853 1059 3130 1113 memoriae
3163 1059 3459 1129 Augustus,

1873 1154 2062 1199 exorto
2088 1144 2217 1200 solis
2235 1143 2455 1212 jnbare,
2483 1156 2809 1201 convocatos
2834 1148 2901 1202 ad
2930 1163 2989 1202 se
3010 1148 3155 1203 viros
3174 1150 3457 1215 virtutum,

1872 1237 2116 1306 egregios
2156 1246 2466 1299 stemmate,
2506 1245 2563 1291 et
2597 1236 2944 1308 pontificatus
2987 1239 3199 1295 functos
3245 1242 3455 1306 ordine.

1873 1329 2148 1385 consuluit
2193 1326 2259 1384 de
2287 1329 2612 1385 Christiana:
2660 1330 2938 1401 religionis
2989 1332 3288 1402 dogmate:
3330 1334 3460 1389 edo-

1873 1432 2101 1492 ctusque
2131 1423 2199 1476 ab
2221 1422 2322 1486 eis,
2344 1423 2775 1478 demonstratum
2802 1423 3059 1480 divinitus
3087 1425 3323 1495 signum,
3350 1436 3460 1480 tros

1873 1515 2071 1584 pbeum
2104 1528 2224 1569 esse
2268 1515 2433 1570 totius
2476 1514 2732 1570 salutaris
2758 1514 3031 1581 victoriae;
3064 1516 3213 1588 (221)
3243 1518 3456 1587 signum

1871 1604 2142 1671 bellicum,
2176 1605 2437 1661 vocabulo
2478 1591 2740 1670 Iuliarum,
2771 1606 2913 1676 quod
2946 1607 3087 1663 inter
3117 1607 3219 1661 alia
3252 1610 3461 1677 pretio.

1872 1696 2010 1759 sius,
2053 1704 2105 1751 et
2150 1695 2504 1751 excellentius
2553 1706 2678 1753 ante
2723 1698 3103 1769 imperatorem
3151 1699 3353 1770 gestari
3399 1707 3459 1755 et

1872 1787 2087 1842 adorari
2123 1787 2291 1842 moris
2320 1797 2439 1842 erat
2467 1787 2724 1843 Romamn
2754 1788 2988 1851 militize,
3029 1804 3126 1858 per
3153 1789 3460 1846 eruditissi-

196 1884 368 1940 crncis
405 1881 675 1945 labarum,
718 1879 1006 1950 singulare,
1044 1893 1109 1933 ex
1141 1878 1406 1949 supplicio
1443 1877 1763 1933 translatum
1797 1859 1840 1920 Β
1871 1895 1989 1935 mos
2026 1879 2297 1945 aurifices,
2339 1895 2409 1935 ex
2449 1895 2582 1936 auro
2622 1880 2933 1952 purissimo,
2964 1890 3017 1937 et
3046 1880 3459 1952 pretiosissimis

198 1978 440 2031 humanae
462 1973 650 2030 salutis
675 1973 903 2043 pretium
927 1980 983 2027 et
1010 1971 1327 2037 remedium,
1355 1979 1411 2026 et
1435 1970 1763 2027 tutissiInum

193 2078 382 2124 contra
420 2081 552 2122 sarva
591 2064 934 2119 inimicorum
971 2060 1153 2129 jacula
1182 2060 1523 2117 obstaculum
1552 2076 1565 2113 :
1601 2060 1767 2116 colle-

187 2162 293 2217 "etis
339 2160 493 2230 quasi
541 2156 836 2213 odoriferis
886 2154 1130 2221 floribus,
1179 2154 1245 2209 de
1291 2154 1549 2225 paradiso
1596 2168 1765 2209 sacrm

183 2253 482 2322 Scriptura:
506 2249 847 2313 testimoniis,
873 2247 1196 2302 fastidientis
1219 2246 1437 2301 lectoris
1461 2258 1764 2300 recreemns

182 2347 445 2402 animum.
483 2343 561 2399 Ac
588 2342 823 2414 primum
864 2339 1212 2395 exordiantur
1246 2338 1385 2392 facili
1423 2336 1761 2407 compendio,

180 2448 383 2513 quanta
430 2438 696 2491 virtutum
744 2432 1005 2497 efficacia,
1045 2432 1177 2486 tanti
1232 2432 1372 2502 signi
1425 2432 1478 2485 in
1528 2430 1767 2500 qualibet

178 2530 415 2586 materia
464 2526 688 2598 pnedita
738 2524 812 2579 sit
859 2522 1128 2595 flguratio.
1182 2521 1317 2577 Cum
1373 2521 1765 2577 Constantinus

180 2623 536 2685 monarcbus,
574 2628 697 2690 post
738 2617 1048 2688 Philippum
1097 2615 1355 2687 primum.
1382 2615 1623 2670 omnium
1655 2613 1764 2668 Ro-

180 2718 472 2769 manorum
510 2712 914 2782 imperatorum,
942 2708 1007 2763 ad
1046 2709 1150 2764 hoc
1181 2717 1387 2762 tantum
1414 2707 1594 2761 divina
1626 2721 1764 2776 prm-

180 2806 566 2870 destinatione,
603 2804 747 2860 sacri
785 2801 1125 2873 baptismatis
1172 2800 1314 2855 unda
1363 2808 1762 2869 regeneratum,

179 2907 238 2952 ut
276 2897 382 2952 sub
405 2896 719 2952 Christiano
755 2894 1101 2962 imperatore,
1140 2891 1373 2945 mundus
1404 2889 1552 2960 (219)
1590 2889 1763 2944 mille-

183 2992 374 3046 simum
416 3006 447 3044 a
476 2989 808 3053 conditione,
857 2985 1240 3057 appellatione.
1272 2992 1327 3039 et
1358 2999 1536 3038 rerum
1567 2981 1761 3054 gloria,

182 3089 234 3138 'et
277 3081 563 3151 dignitate,
618 3077 850 3134 excelsze
898 3085 953 3130 et
998 3074 1335 3129 admirabilis
1366 3072 1574 3138 Romm,
1605 3072 1760 3142 quasi

186 3172 411 3227 natalem
457 3169 759 3225 celebraret
801 3182 1024 3222 annum.
1061 3164 1469 3229 Constantinus,
1517 3162 1757 3233 inquam,

191 3266 242 3319 in
265 3263 578 3320 Christiana
607 3260 865 3330 religione
892 3258 1175 3316 secundus.
1214 3258 1265 3310 in
1297 3256 1557 3326 Catalogo
1581 3256 1761 3325 Angu-

194 3362 406 3419 storum,
448 3353 518 3406 ab
555 3351 800 3420 Augusto
840 3345 1055 3401 χχχιι]
1087 3344 1234 3416 (220)
1276 3345 1450 3414 primo
1489 3344 1763 3398 ducentis-

193 3446 333 3501 simze
374 3445 562 3516 prima:
599 3439 938 3514 Olympiadis,
977 3440 1273 3495 secundum
1305 3438 1628 3509 tripartitam
1673 3437 1763 3493 lli~

197 3538 427 3603 storiam,
457 3552 622 3602 anno,
654 3535 939 3590 ordinatus
968 3533 1284 3602 imperator,
1318 3530 1513 3586 bellum
1546 3541 1764 3601 pararet

202 3631 442 3685 adversus
476 3626 811 3683 Maxentium
854 3623 1069 3680 llerculi
1104 3622 1413 3677 Maximiani
1454 3621 1661 3687 filium;
1708 3631 1764 3676 et

196 3723 640 3787 intumescens,et
662 3718 928 3773 inundans
955 3731 1207 3772 curarum
1234 3713 1451 3785 pelagus
1479 3713 1532 3766 in
1551 3713 1760 3767 diversa

202 3811 531 3869 fluctuantem
598 3811 718 3881 ejus
771 3817 1012 3880 raptaret
1060 3806 1329 3869 animum;
1390 3812 1448 3857 ut
1490 3801 1761 3858 Cornelius

203 3908 414 3961 centurio
448 3915 578 3961 ante
615 3904 918 3975 baptisma,
950 3915 1046 3955 vas
1080 3897 1364 3954 electionis
1392 3895 1759 3950 eminentissi-

201 4013 353 4066 mum,
403 4000 534 4053 hora
586 4012 724 4050 nona
771 3992 1051 4061 manifesta
1097 3988 1293 4043 uisione
1337 3986 1471 4041 lucis
1518 3985 1761 4054 angelum

201 4088 325 4157 (Act.
352 4105 404 4154 x,
428 4089 485 4159 5)
512 4105 526 4141 :
553 4089 634 4142 sic
667 4085 895 4140 necdum
934 4080 1134 4136 divinis
1178 4080 1425 4135 initiatus
1467 4076 1758 4149 mysteriis,

208 4180 342 4234 circa
371 4178 670 4243 meridiem,
707 4175 976 4231 declinato
1011 4171 1125 4243 jam
1158 4171 1303 4237 sole,
1339 4186 1406 4225 ex
1443 4169 1646 4224 lumine
1682 4166 1762 4222 fa-

199 4282 334 4328 ctum
368 4274 419 4329 in
456 4272 596 4330 ccelo
634 4268 1095 4326 victoriosissimze
1127 4266 1310 4322 crucis
1351 4262 1485 4319 vidit
1513 4263 1762 4334 signacu-

198 4362 325 4417 lum.
376 4365 620 4433 Dumque
680 4370 844 4416 tantze
901 4358 1129 4413 visionis
1181 4356 1442 4412 attonitus
1491 4354 1756 4426 prodigio,

197 4455 316 4523 quid
344 4465 502 4522 esset,
530 4452 661 4526 quid
687 4450 1055 4524 portenderet,
1085 4463 1184 4520 per
1211 4455 1425 4503 noctem
1458 4446 1760 4503 revolveret

199 4630 408 4698 videtur.
446 4641 503 4686 ut
557 4629 883 4698 Theropliilm
927 4626 1303 4698 scriptum_sit
1334 4640 1433 4695 pro
1464 4621 1752 4693 ErOphilw,

198 4700 273 4752 Vel
304 4694 609 4769 Heron/tilla,
634 4712 688 4755 et
719 4694 1006 4769 Narniensi
1040 4694 1137 4767 pro
1159 4694 1436 4769 Marmesi.

266 4772 401 4837 (218)
428 4764 472 4827 0
499 4785 577 4826 ter
597 4764 808 4824 beatum
850 4764 1068 4838 lignum:
1111 4767 1211 4821 Alii
1245 4782 1458 4821 versum
1479 4764 1752 4832 Griecum,

203 4840 294 4896 hoc
313 4842 492 4899 Latino
518 4842 785 4897 versiculo
807 4841 1121 4909 exprimunt
1146 4856 1160 4891 :

334 4954 375 5009 Ο
402 4956 595 5026 lignum
636 4954 779 5024 felix,
816 4954 868 5006 in
893 4969 994 5019 quo
1031 4950 1168 5005 Deus
1201 4952 1308 5020 ipse
1341 4952 1599 5021 pependit.

263 5046 397 5117 (219)
429 5047 765 5101 Hillesimum
806 5043 1242 5117 Ronttekannum.
1285 5042 1436 5117 Quod
1475 5045 1615 5098 hunc
1660 5059 1757 5117 att-

197 5114 315 5171 num
344 5114 414 5173 ait
452 5119 784 5173 celebratum
820 5115 920 5169 sub
959 5114 1268 5170 Christiano
1312 5116 1655 5183 imperatore,
1689 5116 1755 5168 de

196 5187 426 5258 Philippo
479 5188 725 5257 intelligi,
783 5202 888 5239 nou
943 5187 1011 5258 de
1050 5183 1614 5258 Constantino._Nam
1668 5186 1754 5241 ille

195 5254 518 5314 Christianus
561 5254 737 5313 facins
768 5271 909 5310 anno
955 5256 1157 5310 Christi
1206 5255 1332 5310 240.
1375 5255 1526 5309 Adde
1557 5254 1639 5309 his
1684 5261 1753 5310 ab

196 5327 257 5381 N.
298 5330 357 5384 C.
386 5345 554 5401 usque
598 5329 668 5401 ad
720 5328 1003 5401 Chnstum
1039 5326 1192 5401 15!,“
1216 5340 1507 5401 exsurgere
1544 5327 1750 5401 videbis

197 5396 480 5455 rotundum’
536 5398 918 5454 millenarium.
972 5397 1076 5449 Sed
1141 5397 1267 5450 illud
1298 5397 1491 5449 mirum
1540 5396 1751 5451 videtur

192 5473 326 5538 quod
353 5473 426 5525 ait
446 5469 751 5538 Philippum
777 5468 890 5522 ideo
922 5478 1120 5520 tantum
1142 5466 1509 5538 Christianum
1529 5466 1747 5538 factum,

198 5535 247 5592 ut
275 5542 487 5595 mundus
510 5535 846 5595 millesimum
880 5537 1102 5591 condin
1137 5537 1311 5596 Urbis,
1331 5536 1424 5589 sub
1448 5535 1749 5592 Christiano

197 5609 489 5678 imperatore
536 5610 822 5666 celebraret
882 5607 1127 5661 natalem.
1184 5608 1432 5661 Arbitror
1480 5607 1751 5678 ideoihoc

199 5677 447 5742 aSerere.
494 5682 638 5751 quod
679 5678 977 5751 Philippus,
1027 5680 1385 5751 quadricuno,
1434 5691 1541 5744 quo
1596 5677 1749 5751 Chri-

199 5751 390 5806 stianus
435 5748 740 5823 imperavit,
767 5749 924 5823 Διιιιιὶι
963 5749 1267 5823 quidquam
1290 5757 1475 5823 contra
1521 5748 1749 5823 gentiles

199 5836 473 5894 eorumque
498 5816 938 5893 superstitionem
971 5816 1215 5873 moverit.
1245 5816 1391 5873 Adeo
1415 5827 1472 5871 ut
1499 5819 1567 5873 ab
1620 5818 1747 5888 ipsis

1869 1971 2118 2043 gemmis,
2145 1972 2366 2041 procudi
2407 1980 2461 2026 et
2495 1970 2869 2026 transformari
2911 1971 3073 2042 jussit
3116 1973 3167 2027 in
3199 1973 3455 2030 vexillum

1870 2060 2047 2117 crucis
2090 2061 2333 2117 \‘ivillcm.
2403 2062 2682 2133 Deputatis
2742 2063 2864 2117 dein
2922 2063 2975 2117 id
3028 2062 3191 2119 ollleii
3257 2064 3454 2119 indixit

1867 2151 2185 2219 vexillariis,
2220 2161 2279 2208 ut
2312 2160 2437 2207 ante
2487 2153 2767 2207 universos
2802 2153 3020 2207 ordines
3066 2154 3169 2209 hoc
3215 2154 3455 2210 viciSsém

1866 2242 2129 2297 veherent
2169 2243 2222 2297 in
2267 2243 2530 2307 humeris,
2564 2254 2620 2297 et
2650 2244 2904 2298 adessent
2933 2244 3306 2315 phalangibus,
3335 2263 3452 2301 ma-

1866 2333 2012 2389 xime
2069 2332 2442 2391 laborantibus
2485 2335 2539 2389 in
2575 2334 2792 2404 praeliis.
2833 2335 3076 2406 Cumque
3126 2337 3181 2390 id
3230 2338 3475 2407 quidaml

1866 2440 1975 2480 non
2026 2425 2180 2481 miles
2228 2426 2515 2493 dicendus,
2564 2436 2749 2497 utpote
2807 2427 2924 2483 sine
2980 2436 3199 2496 pectore
3252 2444 3452 2500 corpus

1866 2519 2067 2587 ferens,
2100 2520 2333 2575 hostium
2383 2521 2583 2590 impetu
2635 2523 2927 2577 exterritus
2954 2522 3108 2577 alteri
3136 2525 3446 2580 vehendum

1867 2613 2217 2676 tradidisset,
2268 2629 2332 2668 ac
2375 2614 2532 2684 quasi
2583 2615 2707 2669 vita:
2755 2630 2867 2670 sum
2916 2616 3224 2671 consultum
3280 2628 3447 2683 ratus,

1863 2718 2056 2773 pugna:
2082 2717 2141 2757 se
2167 2702 2542 2770 subtraxisset,
2572 2720 2635 2759 ac
2655 2704 2833 2775 jacula
2867 2706 3143 2763 declinare
3168 2708 3448 2776 voluisset;

1864 2793 1991 2847 dum
2021 2793 2141 2847 \itze
2174 2793 2471 2862 tropbauun
2523 2809 2552 2848 a
2603 2810 2662 2849 se
2714 2796 2768 2850 iu
2818 2796 3051 2851 alterum
3094 2800 3451 2868 transposuit,

1866 2883 2015 2963 (222)
2046 2884 2194 2938 illum
2242 2885 2294 2937 in
2323 2884 2515 2949 vitam,
2543 2900 2602 2941 se
2643 2886 2696 2939 in
2730 2897 2958 2942 mortem
2989 2889 3258 2959 deposuit.
3311 2889 3450 2945 Nam

1864 2977 2146 3047 evestigio
2189 2976 2316 3030 dum
2366 2976 2575 3048 fugiens
2628 2987 2881 3045 mortem,
2921 2978 3059 3050 fugit
3108 2981 3160 3034 in
3195 2990 3449 3046 inertem,

1866 3069 2197 3127 transfossus
2247 3071 2509 3141 oppetiit;
2562 3070 2761 3125 vivifici
2803 3085 2936 3126 vero
2983 3072 3163 3125 vexilli
3216 3072 3450 3143 :mjulus,

1866 3162 2164 3220 innumeris
2191 3165 2244 3219 iu
2274 3180 2333 3220 se
2362 3164 2559 3236 jaculis
2595 3165 2881 3229 contortis,
2912 3165 3006 3220 sed
3036 3165 3218 3220 divina
3250 3167 3451 3223 virtute

1866 3258 2109 3321 retortis,
2151 3256 2372 3321 illmsus,
2412 3265 2471 3309 ut
2501 3256 2675 3311 victor
2724 3272 2845 3312 cum
2879 3257 3036 3327 signo
3064 3257 3309 3312 victoriae
3348 3257 3449 3311 do-

1863 3364 2011 3402 mum
2056 3349 2232 3404 rediit.
2278 3348 2464 3417 Neque
2504 3365 2741 3420 unquam
2784 3359 2972 3421 postea
3020 3350 3162 3406 ullus
3210 3352 3262 3406 in
3306 3351 3449 3408 bello

1863 3448 1956 3493 ant
2005 3438 2226 3493 vulnere
2278 3439 2510 3506 interiit,
2561 3450 2654 3493 aut
2702 3441 3033 3511 captivitatis
3083 3440 3447 3498 calamitatem

1862 3530 2104 3600 pertulit,
2142 3531 2234 3599 qui
2280 3531 2520 3601 ejusdem
2567 3531 2821 3586 salvificee
2860 3532 3038 3586 crucis
3084 3531 3326 3588 labarum
3355 3547 3449 3602 ge-

1861 3631 2004 3677 stare
2058 3622 2274 3677 meruit.
2328 3622 2384 3676 ιιι
2438 3622 2639 3694 palatio
2688 3622 2929 3692 ejusdem
2984 3622 3121 3678 diva:
3170 3623 3448 3680 memoriae

1860 3715 2083 3785 Augusti
2114 3715 2454 3770 Constantini
2490 3715 2640 3787 (225)
2693 3717 2897 3786 primas
2946 3717 3190 3787 quidam,
3225 3716 3451 3773 Probia-

1862 3820 1963 3859 nus
1992 3806 2232 3867 nomine.
2260 3806 2345 3859 vir
2375 3822 2597 3861 summa:
2629 3808 2915 3877 probitatis
2941 3817 2995 3864 et
3025 3808 3325 3875 industriae,
3363 3810 3448 3865 in-

1862 3895 2087 3949 sanabili
2115 3896 2362 3966 podagra:
2390 3897 2629 3968 elanguit
2658 3898 2903 3965 vulnere,
2933 3906 2999 3953 ac
3025 3898 3171 3953 nullo
3197 3899 3448 3956 humana:

1862 3988 1996 4041 artis
2036 3988 2209 4056 potuit
2250 3988 2432 4043 curari
2484 3990 2883 4054 medicamine.
2931 3991 3057 4060 quia
3118 4006 3185 4045 ex
3235 4007 3447 4063 pagano

1864 4078 2036 4132 factus
2056 4076 2419 4145 Christianus,
2446 4080 2758 4149 primariam
2788 4081 2953 4136 totius
2980 4079 3172 4136 salutis
3199 4094 3444 4151 causam,

1863 4168 2157 4224 salutifera:
2196 4172 2376 4226 crucis
2400 4171 2688 4237 virtutem,
2718 4172 2890 4226 noluit
2915 4189 3242 4244 agnoscere;
3291 4170 3346 4229 et
3371 4176 3444 4240 ei,

1862 4274 1956 4331 per
1983 4276 2144 4331 quam
2173 4262 2226 4315 in
2257 4262 2465 4316 nomine
2488 4261 2618 4316 Jesu
2649 4279 2801 4317 omne
2822 4281 2952 4334 genu
2972 4267 3199 4337 ﬂectitur
3221 4268 3444 4339 (Philip.

1861 4369 1925 4419 ιι,
1953 4353 2066 4425 10),
2107 4354 2313 4426 respuit
2355 4355 2542 4410 duram
2589 4355 2859 4412 cervicem
2896 4372 2961 4413 ac
2998 4372 3173 4429 genua
3204 4357 3442 4416 flectere.

1860 4444 2104 4517 Cumque
2138 4447 2343 4503 diutius
2372 4448 2554 4503 divino
2593 4449 2812 4504 attritus
2843 4449 3091 4515 verbere,
3131 4451 3286 4521 quasi
3329 4449 3444 4520 jam

1860 4625 2169 4747 gentilliblus,
2223 4633 2361 4682 teste
2406 4625 2686 4697 Eutropio,
2715 4642 2821 4682 una
2854 4642 2975 4684 cum
3022 4627 3153 4692 filio,
3187 4628 3240 4683 in
3286 4628 3443 4684 divos

1860 4712 1903 4747 SI
1960 4712 2019 4747 re
2041 4711 2070 4747 a
2101 4713 2181 4747 IIS.

1859 4705 1927 4750 stt
1960 4705 2181 4750 relatus.

1932 4766 2082 4840 (220)
2124 4765 2306 4820 Primo
2327 4767 2695 4840 ducentesima
2714 4770 2899 4839 prima:
2929 4769 3241 4840 Olympiadis
3280 4786 3442 4826 anno.

1861 4836 2115 4891 Immanis
2146 4839 2655 4910 Aparacﬁhrouisnuis,
2691 4836 2741 4893 id
2774 4850 2858 4894 est
2900 4836 3142 4894 err'or'in
3179 4850 3441 4910 tempore,

1861 4923 2021 4979 quem
2051 4908 2234 4962 malim
2263 4909 2500 4963 tribuere
2522 4910 2773 4978 scriptori
2797 4925 2955 4979 quam
2979 4911 3208 4965 auctori.
3237 4908 3445 4966 Dcsunt

1861 4977 2005 5050 enim
2059 4986 2179 5032 totze
2200 4980 2547 5050 septuaginta
2579 4977 2932 5050 olympiades,
2976 4982 3026 5035 id
3066 4992 3149 5035 est
3176 4982 3300 5036 anni
3346 4984 3445 5035 du-

1866 5048 2007 5102 centi
2035 5049 2327 5118 octoginta.
2369 5048 2496 5103 Vide
2527 5048 2814 5105 Barouium
2843 5066 2985 5104 anno
3009 5052 3209 5106 Christi
3237 5052 3363 5115 “506,
3386 5062 3444 5106 et

1866 5132 1931 5193 ex
1967 5118 2055 5171 illo
2080 5118 2304 5193 ejusque
2349 5121 2661 5174 auctoribus
2697 5121 2784 5176 hic
2828 5122 3087 5187 rescribe,
3129 5122 3441 5193 Olympiadis

1865 5190 2255 5260 (lucentesintw,
2289 5194 2679 5259 septuagesima!
2697 5194 2900 5260 primm.

1935 5260 2085 5329 (221)
2126 5258 2349 5329 Signum
2384 5261 2620 5314 bellicum
2653 5258 2901 5316 vocabulo
2937 5262 3199 5316 labarum.
3231 5262 3306 5315 De
3362 5262 3441 5316 la-

1862 5328 1995 5385 baro
2026 5330 2249 5400 ejusque
2272 5328 2445 5401 efligie
2470 5346 2556 5385 res
2576 5334 2923 5387 estomuibus
2952 5333 3061 5386 fere
3084 5332 3439 5401 scriptoribus

1863 5409 2319 5507 tractatabcmlue
2350 5400 2651 5456 notissima.
2690 5401 2819 5457 Vide
2843 5405 3092 5457 eumdem
3123 5400 3436 5463 Βιιιόιιίιιιιι,

1863 5487 2004 5507 ςιηηη
2033 5489 2064 5507 η

1860 5487 2004 5526 anno
2031 5472 2158 5525 512.
2716 5508 2722 5520 .

1931 5542 2080 5611 (222)
2118 5541 2277 5596 Illum
2321 5542 2375 5595 in
2423 5544 2600 5605 vitam,
2645 5559 2699 5596 se
2742 5544 2795 5595 in
2826 5551 3043 5595 mortem
3088 5539 3345 5610 deposuit.
3381 5538 3436 5593 ltf

1852 5614 2087 5683 contigit
2116 5629 2258 5683 anno
2293 5613 2495 5668 Christi
2535 5612 2839 5683 5l7._ldem
2881 5611 3077 5664 Barou.

1855 5682 2310 5810 C‘lgﬁ‘djnfbrinm
2356 5684 2589 5756 quidam,
2653 5681 2951 5736 Probiauns
2998 5679 3221 5734 nomine.
3280 5678 3437 5735 Anno

1920 5771 2013 5810 ms
2044 5773 2055 5809 ι
2083 5774 2151 5809 oo
2192 5794 2207 5808 .

1920 5771 2055 5810 ll'lSll
2083 5771 2207 5810 ι’)ῡυ.
