4106 6356
255 371 361 427 595

258 488 405 547 nica,
436 490 569 536 ruta
598 482 840 536 coccinea
868 476 1049 554 (Cant.
1082 494 1154 538 tv.
1181 481 1237 550 5)
1268 479 1355 535 cui
1378 480 1430 534 in
1467 479 1618 550 (252)
1651 478 1852 533 Sirasi-
1885 484 1931 541 Α

258 576 365 632 rint
407 588 613 643 sponsa:
664 569 1035 626 assimilantur
1078 568 1220 625 labia
1272 570 1483 643 (ibid);
1523 569 1651 639 quia
1681 569 1859 623 omnis

260 666 512 724 doctrina
555 662 866 736 evangelica
896 671 953 719 et
981 664 1297 718 authentica
1328 661 1621 717 Dominicae
1651 660 1860 727 passio-

1122 365 1392 424 FLORES
1440 363 1788 423 EPITAPIIII
1827 361 2271 422 SANCTORUM.
2317 394 2392 407 --
2428 364 2557 422 LIB.
2589 364 2676 422 IV.

3431 371 3539 428 59!

2490 475 2891 536 CAPITULUM
2929 476 3011 534 111.

2202 567 2281 622 De
2310 568 2471 623 clavis
2499 567 2787 624 Dominicis
2815 579 2862 624 et
2899 569 3081 625 lancea
3119 571 3320 625 militis.

2034 658 2140 714 Sed
2169 659 2296 730 quid
2327 661 2657 715 censendum
2689 669 2771 714 est
2809 659 2877 715 de
2912 661 3322 733 pretiosissimis
3351 661 3542 731 clavis,

262 756 349 814 nis
387 754 735 818 auctoritate,
776 753 930 823 quasi
981 768 1177 808 cruore
1224 751 1463 823 proﬂuo,
1509 759 1593 806 est
1629 750 1760 805 illita
1804 757 1860 802 et
1958 764 2059 820 per
2094 765 2286 804 manus
2313 757 2368 804 et
2398 750 2563 819 pedes
2595 750 2925 817 Dominicos,
2969 752 3021 806 in
3051 766 3269 809 crucem
3297 763 3543 810 sanctam

261 847 495 919 praedita
526 864 539 900 :
571 854 626 901 et
657 846 783 901 dum
820 845 968 901 noxii
1001 847 1274 917 cogitatus
1302 860 1370 901 ex
1402 844 1739 899 immissione
1767 842 1862 896 ad-

265 939 508 995 versaria
536 937 830 993 volvuntur
868 946 1048 992 mente
1092 938 1280 997 tacita.
1325 938 1370 990 si
1404 937 1601 990 divinae
1637 935 1864 990 misera-

266 1029 435 1085 tionis
468 1037 716 1101 respectu
758 1027 1037 1083 ﬂuctuanti
1072 1027 1277 1098 pectori
1324 1027 1473 1095 (233)
1523 1025 1862 1081 medicinalis

264 1137 367 1197 per
410 1122 608 1193 digitos
656 1121 988 1193 imprimitur
1034 1120 1239 1187 fascia,
1295 1119 1557 1190 quidquid
1616 1117 1861 1173 illicitum

264 1224 323 1268 et
353 1213 619 1268 nefarium
670 1220 961 1275 tractatur,
1006 1219 1066 1266 ut
1108 1210 1311 1266 lctltale
1349 1210 1499 1264 virus
1534 1209 1862 1287 extrahitur,

267 1315 324 1360 et
350 1304 603 1376 abjicitur
628 1303 807 1358 vitalis
834 1302 974 1374 signi
996 1302 1257 1368 victoria,
1287 1311 1342 1357 et
1370 1300 1518 1373 (9.54)
1553 1315 1862 1371 compressa

271 1397 420 1452 ﬂuxa
478 1406 533 1451 ct
586 1396 896 1452 inordinata
947 1395 1361 1466 cogitationum,
1410 1394 1565 1464 quasi
1608 1393 1862 1456 crinium,

269 1486 659 1555 exuberantia,
724 1488 891 1543 menti
963 1488 1198 1553 animae,
1257 1488 1421 1559 capiti
1481 1487 1747 1543 naturalis
1811 1494 1866 1539 et

273 1578 539 1634 divinitus
569 1579 715 1633 insiti
747 1581 982 1644 decoris,
1012 1587 1297 1649 reparatur
1324 1577 1645 1649 compositio
1672 1578 1870 1634 decens

271 1678 330 1723 et
353 1684 613 1742 congrua.
643 1668 801 1725 Omni
833 1680 1097 1725 creatura:
1123 1669 1456 1727 dominatur.
1480 1669 1657 1723 omnis
1688 1683 1866 1722 rerum

273 1771 474 1816 natura
517 1761 642 1828 jure
689 1761 738 1815 ei
780 1761 1131 1815 famulantur.
1186 1760 1243 1815 ln
1290 1769 1524 1831 quatuor
1577 1760 1865 1816 elementis

1964 837 2281 909 trausﬂxis,?
2324 838 2453 909 quid
2499 840 2566 894 de
2613 840 2853 895 salvilica
2910 842 3106 898 militis
3152 843 3376 900 lancea?
3425 861 3547 917 qua:

1966 930 2227 987 Dominici
2259 932 2562 1004 sanguinis.
2590 943 2647 987 et
2684 932 2827 988 sacri
2864 932 3234 1003 Baptismatis,
3274 936 3340 992 de
3377 936 3548 994 latere

1975 1022 2233 1079 Cruciﬂxi
2276 1024 2488 1080 Domini
2531 1024 2718 1080 elicuit
2765 1035 2821 1080 et
2871 1029 3126 1096 produxit
3170 1033 3460 1102 mysteria?
3501 1032 3548 1091 0

1965 1130 2129 1185 quam
2159 1118 2420 1189 prteclara
2452 1118 2855 1174 Dominicorum
2886 1119 3182 1189 clavorum,
3208 1132 3264 1178 et
3297 1125 3552 1183 salutaris

1967 1206 2171 1264 lancea:
2201 1209 2451 1276 specialis
2502 1210 2780 1275 materies,
2812 1225 2933 1281 qua:
2966 1213 3083 1266 auri
3135 1222 3190 1268 et
3231 1218 3440 1286 argenti
3485 1232 3551 1277 ac

1966 1296 2209 1350 omnium
2246 1298 2588 1353 metallorum
2621 1298 2777 1371 longe
2798 1300 3016 1357 excellit
3050 1303 3281 1372 species,
3309 1320 3416 1376 qua
3443 1322 3548 1365 non

1966 1403 2065 1457 per
2092 1388 2416 1444 discordiam
2464 1390 2517 1443 iu
2562 1391 2860 1461 perniciem
2903 1389 3146 1448 mutuam
3200 1398 3417 1464 armati,
3454 1401 3551 1455 sed

1970 1480 2181 1534 interna
2233 1481 2544 1541 concordia.
2578 1498 2674 1550 per
2720 1498 2907 1552 pacem
2949 1485 3105 1540 bona:
3134 1486 3431 1545 voluntatis
3456 1506 3555 1545 an-

1969 1574 2104 1643 gelis
2154 1574 2507 1629 confmtlerati
2559 1585 2687 1630 sunt
2739 1576 3025 1633 homines!
3075 1577 3120 1634 Ο
3150 1594 3311 1648 quam
3341 1593 3551 1646 saneta,

1970 1679 2131 1733 quam
2160 1665 2601 1736 pretiosa,qnam
2634 1667 2828 1731 dulcis,
2862 1684 3027 1739 quam
3054 1670 3304 1727 amabilis
3324 1681 3380 1728 et
3406 1674 3555 1727 deleo

1971 1756 2187 1833 ctaboilis
2222 1757 2350 1811 ferri
2398 1758 2653 1819 materia,
2699 1760 2842 1815 unde
2882 1760 3019 1815 clavi
3068 1766 3121 1816 in
3153 1777 3315 1818 carne
3355 1767 3553 1822 conﬁxi

274 1861 334 1906 ct
369 1853 634 1907 omnibus
666 1866 788 1921 qua:
824 1859 1076 1907 constant
1116 1864 1185 1906 ex
1232 1851 1313 1906 eis
1337 1850 1558 1904 virtutis
1602 1865 1715 1905 suae
1752 1866 1869 1903 ma-
1902 1832 1943 1891 Β
1975 1832 2276 1914 Dominica,
2316 1850 2459 1904 unde
2510 1849 2768 1906 salutaris
2797 1865 3027 1921 procusa
3073 1862 3157 1907 est
3204 1852 3414 1920 lancea,
3460 1872 3556 1928 per

270 1940 647 2010 gniticentiam
678 1941 874 2003 exerit,
899 1939 1026 1995 dum
1053 1938 1238 2012 digitis
1268 1940 1321 1993 in
1350 1952 1479 1994 aere
1523 1953 1864 2008 expressum,

270 2043 566 2087 ventorum
621 2030 925 2087 collisiones
949 2039 1005 2087 et
1032 2029 1302 2104 fulgurum
1327 2030 1731 2087 coruscationes
1758 2029 1871 2085 dis-

269 2122 397 2191 iicit
439 2131 496 2178 et
537 2124 763 2188 adimit;
816 2122 926 2191 igni
985 2122 1287 2194 ingestum,
1337 2120 1764 2187 sanctificatumf,
1816 2130 1872 2176 et

273 2216 431 2287 (255)
460 2215 809 2286 paschalibus
836 2215 1048 2285 gaudiis
1071 2215 1293 2286 dignum
1326 2212 1518 2279 efficit;
1560 2213 1871 2269 incendium

274 2319 374 2364 aut
409 2308 732 2377 exstinguit,
761 2315 856 2362 aut
883 2307 1083 2378 abigit;
1130 2307 1185 2362 in
1228 2321 1430 2378 aquam
1458 2306 1687 2369 editum,
1711 2320 1871 2376 rege-

274 2399 577 2455 nerationis
606 2398 837 2468 gratiam
866 2406 923 2453 et
946 2397 1095 2469 (256)
1124 2405 1334 2452 natura:
1362 2396 1871 2452 trausmutationem

274 2489 510 2560 perlicit,
543 2498 600 2544 et
625 2488 779 2559 (257)
830 2488 1209 2544 inundantiam
1256 2487 1562 2553 ﬂuminum,
1606 2496 1663 2543 et
1691 2487 1872 2543 eleva-

273 2582 458 2637 tiones
485 2589 543 2637 et
573 2589 787 2636 montes
833 2579 1099 2636 ﬂuctuum
1139 2582 1461 2650 compescit,
1506 2595 1573 2636 ae
1612 2581 1668 2636 in
1694 2580 1876 2636 alveos

274 2674 483 2744 dejieit,
511 2689 575 2730 ac
601 2673 755 2743 quasi
788 2672 1064 2728 insolubili
1100 2672 1317 2741 objecta
1341 2674 1519 2737 obice,
1548 2673 1691 2729 intra
1730 2673 1877 2742 ripas

273 2775 331 2822 et
358 2767 542 2822 littora
569 2756 851 2822 concludit
877 2775 933 2822 et
961 2764 1238 2821 imminuit
1269 2782 1283 2819 :
1316 2774 1475 2821 terra:
1521 2764 1878 2834 inaequalitati

274 2860 611 2930 oppositum,
646 2858 992 2915 sterilitatem
1020 2872 1277 2928 agrorum
1321 2858 1602 2921 fecundat,
1634 2865 1690 2913 et
1720 2857 1874 2913 uberi

276 2954 438 3025 copia
499 2952 696 3008 reﬁcit.
758 2952 1046 3008 Postremo
1103 2968 1321 3009 omnem
1380 2952 1756 3023 intemperiem
1808 2951 1876 3007 ad

275 3045 600 3116 temperiem
637 3044 858 3116 redigit,
907 3054 963 3101 et
1008 3044 1160 3116 (238)
1191 3045 1477 3100 arboream
1522 3043 1604 3099 vel
1654 3058 1875 3099 saxeam

273 3138 478 3195 molem
532 3138 802 3192 ruituram
833 3177 849 3203 ,
913 3145 1010 3192 aut
1065 3136 1421 3193 immobiliter
1468 3136 1523 3191 in
1576 3137 1693 3208 ipso
1740 3150 1871 3192 casu

1969 1953 2133 2008 quam
2162 1936 2410 1993 ﬂammea
2462 1939 2699 2009 paradisi
2748 1950 2954 1996 remota
2994 1952 3079 1997 est
3119 1945 3373 2014 romphea
3400 1944 3555 2014 (Gen.

1971 2048 2053 2097 tu,
2083 2032 2201 2096 ἑὸ),
2231 2041 2283 2087 et
2320 2032 2521 2087 inimici
2546 2032 2848 2103 defecerunt
2874 2034 3091 2104 fremere
3117 2038 3172 2090 in
3195 2036 3354 2106 ﬁnem
3381 2037 3556 2109 (Psal.

1972 2137 2049 2184 ις,
2076 2122 2154 2190 7),
2199 2120 2536 2176 diversorum
2573 2120 2818 2191 profecto
2859 2138 3106 2179 errorum
3148 2136 3206 2180 et
3244 2128 3557 2199 opinionum

1972 2213 2202 2283 spicula,
2243 2213 2443 2282 quibus
2487 2219 2743 2283 tanquam
2790 2212 3081 2270 hostilibus
3122 2216 3319 2287 gladiis
3370 2218 3557 2277 infelix

1971 2305 2259 2375 perimitur
2287 2305 2497 2369 anima;
2529 2307 2597 2361 arl
2629 2321 2751 2376 quae
2777 2307 3169 2374 convincenda,
3214 2318 3271 2364 et
3294 2312 3362 2366 ad
3390 2311 3557 2369 linem

1972 2395 2217 2452 defectus
2245 2397 2609 2467 perducenda,
2660 2407 2719 2454 et
2761 2398 2830 2453 ad
2879 2400 3115 2455 civitates
3156 2402 3558 2475 principatuum

1975 2486 2119 2541 aeris
2159 2485 2319 2557 hujus
2347 2487 2664 2541 destruenda
2706 2487 2905 2558 (ibid.),
2936 2487 3021 2543 bis
3048 2500 3226 2557 acuta,
3258 2495 3435 2562 primo
3463 2496 3562 2551 ade

1974 2585 2137 2632 ventu
2182 2577 2235 2632 in
2264 2578 2454 2649 vagina
2496 2578 2822 2635 humilitatis
2849 2581 3189 2649 abscondita,
3220 2583 3275 2639 in
3321 2588 3560 2645 secundo

1975 2667 2296 2733 adveniens,
2347 2668 2401 2722 in
2433 2668 2721 2725 manifesto
2756 2671 3024 2727 claritatis
3052 2689 3164 2729 sua:
3190 2675 3477 2746 splendore
3497 2697 3563 2736 ac

1981 2760 2217 2813 terroris
2240 2758 2954 2824 coruscatione,vibrabitnr
2966 2762 3190 2827 framea.
3215 2767 3270 2822 in
3295 2772 3557 2837 secundo.

1977 2853 2220 2925 inquam,
2264 2856 2520 2931 adventu,
2548 2870 2673 2911 cum
2703 2857 3000 2912 secundum
3044 2858 3284 2915 veridica
3313 2865 3561 2936 egregio-

1977 2965 2099 3007 rum
2145 2959 2332 3005 vatum
2380 2950 2548 3006 Amos
2587 2959 2644 3006 et
2673 2948 2966 3021 Sophonize
2992 2951 3274 3016 vaticinia,
3305 2955 3359 3009 in
3379 2956 3558 3026 gladio

1976 3042 2266 3097 morientur
2294 3059 2470 3098 omnes
2513 3053 2811 3113 peccatores
2855 3045 3038 3117 (Amos
3065 3061 3140 3109 Ix,
3170 3045 3261 3118 10)
3297 3058 3482 3115 terrae.
3502 3061 3559 3107 et

1979 3134 2105 3190 tetri
2128 3133 2328 3190 coloris
2361 3133 2639 3206 ίΕιΙιὶορρε
2664 3133 2920 3206 (Sophon.
2949 3152 3014 3200 ιι,
3047 3137 3136 3209 12)
3165 3137 3557 3199 interticientur

275 3230 588 3302 suspendit,
623 3229 756 3302 ligat
782 3240 836 3287 et
866 3231 1212 3301 comprimit;
1259 3239 1354 3286 aut
1383 3230 1502 3286 sine
1531 3203 1678 3285 omni
1725 3230 1869 3300 peri-
1900 3203 1947 3266 (ἶ
1976 3226 2223 3282 districta
2263 3234 2319 3281 et
2353 3203 2706 3281 amarissima
2739 3203 2795 3283 et
2830 3203 3168 3286 irrevocabili
3202 3230 3405 3289 ultima:
3443 3234 3558 3289 dis-

274 3324 405 3382 cnlo
431 3339 644 3380 summa
679 3339 803 3379 cum
837 3324 1202 3379 admiratione
1248 3322 1613 3393 spectantium
1661 3322 1880 3395 dejicit.

276 3414 348 3471 Et
378 3415 511 3485 quid
543 3413 776 3483 amplius
806 3413 939 3469 mibi
985 3414 1410 3479 immorandum,
1436 3414 1566 3485 quid
1596 3412 1872 3485 profusius

276 3505 698 3574 eloquendum?
760 3504 954 3561 Omnia
1009 3504 1353 3571 caelestium,
1404 3505 1760 3562 'terrestrium
1817 3515 1874 3561 et

278 3600 626 3655 infernorum
674 3612 881 3670 regna,
936 3598 1119 3654 crucis
1174 3597 1404 3653 vivitieze
1450 3596 1695 3669 subjecta
1748 3609 1875 3654 sunt

280 3691 568 3755 Dominio,
608 3705 703 3760 per
738 3705 905 3751 eum,
964 3690 1117 3757 cujus
1178 3690 1384 3745 carnali
1444 3699 1691 3760 reparata
1750 3701 1876 3747 sunt

279 3783 619 3838 commercio
663 3800 677 3835 :
723 3783 814 3851 qui
882 3790 1130 3837 mortuos
1196 3782 1667 3852 przevarieationis
1729 3782 1875 3855 ligno

284 3872 441 3947 (Gen.
476 3891 542 3938 ιι,
571 3873 678 3945 l7),
724 3874 1042 3935 viviﬂcavit,
1072 3882 1128 3929 et
1154 3874 1504 3929 resuscitavit
1551 3874 1878 3946 redemptio-

285 3971 376 4023 nis
402 3967 581 4038 ligno;
626 3967 718 4037 qui
766 3975 999 4021 mortem
1045 3974 1292 4020 exortam
1340 3973 1396 4021 et
1439 3964 1738 4037 ingressam
1782 3981 1880 4037 per

289 4058 677 4115 inobedientia:
690 4058 965 4121 arborem,
986 4070 1082 4127 per
1102 4071 1245 4112 verae
1268 4056 1592 4113 obedientiae
1618 4057 1882 4113 exstinxit

285 4160 346 4207 et
390 4149 625 4207 exclusit
690 4151 982 4216 arborem;
1030 4149 1123 4220 qui
1190 4158 1631 4206 momentaneum
1698 4153 1882 4206 carnis

288 4250 588 4312 assumpta:
651 4241 978 4311 supplicium
1015 4282 1031 4306 ,
1096 4250 1425 4297 aeternorum
1491 4241 1878 4314 suppliciorum

291 4332 629 4404 singularem
678 4333 829 4388 dedit
875 4347 997 4388 esse
1046 4333 1393 4397 medicinam,
1440 4331 1784 4406 refrigerium
1817 4350 1882 4391 ac

292 4425 700 4481 exterminium.

358 4582 517 4653 (252)
582 4583 878 4641 Sirasirim.
942 4587 1226 4643 Canticum
1275 4589 1610 4646 canticorum
1666 4591 1874 4647 llebrati

289 4652 503 4710 diennt'
530 4652 622 4735 Sir
675 4657 917 4735 trusit-im.
963 4657 1134 4717 Unam
1169 4675 1355 4715 vocem
1385 4670 1589 4729 noster,
1632 4671 1727 4717 aut
1760 4664 1880 4735 ejus

290 4725 664 4789 amauuensis,
692 4725 837 4782 fecit.

364 4795 518 4866 (εδδ)
558 4795 893 4874 Medicinalis
938 4815 1031 4869 per
1093 4799 1285 4874 digitos
1324 4801 1646 4874 imprimitur
1687 4802 1877 4874 fascia.

292 4865 526 4946 crucem
596 4871 809 4946 pee_tori_
854 4865 1175 4940 impressam
1242 4871 1465 4942 fasciam
1542 4865 1724 4940 vocat,
1772 4892 1878 4946 qua

294 4938 414 5007 ejus
451 4935 729 5007 ﬂuctuatio
766 4935 1010 4995 sistatur.

366 5007 520 5085 (234)
561 5006 869 5085 Compressu
892 5011 1062 5085 ﬂuxa,
1088 5021 1137 5085 et
1157 5011 1480 5085 inordinata,
1504 5015 1878 5085 cogitationum

294 5080 752 5156 quasi__crinium,
804 5080 1165 5156 exuberantia.
1209 5081 1480 5156 Respicit,
1522 5080 1665 5154 quod
1719 5086 1882 5156 p‘tlllt)

297 5148 426 5204 ante
448 5148 603 5209 dixit.
627 5166 842 5207 crucem
870 5153 1202 5211 Dominicam
1230 5148 1875 5212 essevittam'coccineam.

292 5219 432 5273 Nam
461 5220 641 5288 capilli
671 5221 799 5277 vitta
826 5234 1165 5279 coercentur.

370 5290 521 5359 (255)
564 5290 909 5368 Pascltalibus
956 5294 1163 5368 gaudiis
1207 5294 1423 5368 dignum
1458 5295 1628 5368 efficit.
1656 5296 1883 5368 Manife-

297 5370 383 5415 ste
422 5370 635 5431 spectat
663 5361 916 5418 Ecclesiae
945 5361 1223 5437 antiquum
1243 5361 1445 5437 jritum,
1478 5361 1602 5437 quo.
1643 5367 1882 5424 Sabbato

299 5441 555 5508 saneto._
569 5446 761 5508 recens
782 5449 1044 5489 excussus
1077 5450 1109 5488 e
1136 5435 1288 5491 silice
1327 5436 1467 5508 ignis
1500 5435 1877 5508 'benciticitnr,

301 5517 480 5571 eoque
517 5500 796 5559 Paschalis
823 5520 1014 5561 cereus
1040 5500 1375 5561 accenditur:
1405 5506 1740 5565 Erubeseant
1772 5500 1879 5566 hac;

302 5572 485 5636 retiei,
520 5574 607 5628 vix
636 5574 1025 5631 nudiustertius
1064 5577 1196 5630 uati.

344 5642 548 5720 1:256)
570 5643 797 5720 Natura:
850 5648 1338 5720 transmutationem
1372 5648 1594 5720 perﬁcit.
1633 5648 1766 5705 Cum
1792 5650 1881 5707 hic

301 5711 675 5788 debaptismo
726 5716 1001 5788 loquatur,
1027 5732 1135 5773 non
1165 5718 1269 5772 alia
1305 5711 1680 5776 transmutatio
1718 5720 1878 5777 intel—

298 5780 395 5859 ligi
423 5780 607 5857 potest
630 5780 1145 5859 quam'spiritualis.
1174 5789 1311 5845 tium
1340 5789 1484 5847 enim
1519 5807 1749 5848 essemus
1784 5810 1879 5848 na-

561 5880 832 5942 Pnnoc.
864 5878 1104 5944 CLVII.

1974 3317 2248 3373 cussionis
2297 3332 2359 3373 ac
2393 3318 2661 3374 examinis
2690 3320 2981 3374 sententia.
3017 3320 3071 3376 In
3101 3332 3210 3377 tam
3236 3323 3554 3381 salutarium
3612 3307 3621 3316 ’

1972 3410 2272 3473 clavorum,
2322 3417 2379 3465 et
2424 3409 2718 3466 Dominica:
2764 3409 2969 3467 lanceae
3015 3415 3368 3482 pmonium,
3404 3415 3561 3489 longe

1974 3513 2103 3559 ante
2131 3501 2460 3557 vaticinatus
2487 3511 2566 3558 est
2594 3501 2831 3573 Spiritus
2857 3514 3082 3559 sanctus
3104 3518 3204 3574 per
3232 3505 3554 3562 Zachariam

1975 3595 2320 3667 prophetam,
2354 3610 2620 3667 organum
2656 3612 2850 3652 suum:
2888 3597 3155 3668 Aspicicnt
3194 3599 3266 3654 ad
3302 3616 3385 3654 me
3405 3616 3559 3669 quens

1974 3690 2304 3759 eonﬁaerunt
2329 3687 2577 3761 (Zachar.
2606 3706 2705 3753 xu.
2731 3689 2825 3755 10;
2849 3690 3010 3747 Joau.
3034 3707 3147 3754 xix.
3174 3694 3265 3757 37)
3287 3710 3302 3756 ;
3323 3701 3379 3749 et
3399 3694 3563 3763 patilo

1978 3780 2204 3838 inferius
2254 3800 2268 3836 :
2306 3779 2534 3837 Frantca
2579 3784 2835 3838 suscitare
2881 3801 3040 3853 super
3076 3794 3349 3856 pauorem-
3387 3800 3560 3844 meum

1979 3871 2234 3946 (Zachar.
2270 3888 2396 3941 xm,
2426 3874 2505 3947 7).
2545 3875 2613 3930 Et
2639 3890 2759 3945 quin
2788 3877 3079 3947 pretiosior
3104 3880 3344 3936 omnium
3372 3882 3564 3936 metal-

1974 3970 2157 4027 lorum
2194 3972 2444 4035 materia,
2484 3986 2647 4041 quam
2701 3972 2815 4036 illa,
2853 3974 2939 4029 cui
2968 3974 3129 4030 Pater
3171 3991 3271 4046 per
3298 3974 3560 4047 Spiritum

1981 4071 2225 4117 sanciunt
2275 4061 2561 4132 imperavit
2586 4063 2839 4118 suscitari
2881 4078 3045 4134 super
3081 4075 3351 4134 pastorem
3383 4081 3565 4129 suum,

1981 4161 2037 4207 et
2091 4161 2363 4222 percutere
2415 4162 2676 4222 pastorem
2728 4153 2934 4224 (ibid.),
2980 4155 3223 4210 omnium
3263 4156 3562 4227 principem

1982 4242 2320 4314 unigenitum
2357 4244 2550 4299 suum?
2596 4242 2723 4300 Haec
2766 4245 2901 4300 tanti
2948 4248 3108 4317 pretii
3161 4246 3389 4314 framea,
3420 4266 3564 4305 anno

1980 4339 2246 4410 progeniti
2277 4340 2439 4397 Verbi
2466 4340 2630 4413 (9.39)
2657 4341 2945 4398 millesimo
2966 4345 3316 4418 nonagesimo
3345 4356 3561 4414 octavo,

1987 4433 2166 4487 divina
2220 4432 2547 4490 revelatione
2598 4435 2895 4492 Antiochiae
2928 4448 3140 4508 reperta
3174 4438 3227 4493 in
3256 4454 3384 4495 arca
3416 4455 3563 4495 mar-

1915 4591 1958 4626 '-'
1983 4602 2102 4646 tura
2127 4591 2227 4673 Elii
2257 4592 2368 4673 ira:
2390 4591 2606 4665 (Ephes.
2650 4611 2713 4661 ιι,
2740 4595 2819 4669 3),
2854 4613 2951 4669 per
2974 4598 3298 4673 baptismum
3325 4598 3452 4657 facti
3475 4615 3567 4657 su-

2058 4681 2071 4717 l
2134 4664 2225 4718 lili'
2257 4663 2300 4718 D
2338 4663 2408 4720 i.‘
2462 4663 2469 4665 ”
2630 4714 2634 4718 .
2777 4663 2788 4669 ⁷
2854 4663 2870 4669 ’
3043 4664 3061 4673 ⁸

1984 4679 2252 4809 imissa];
2302 4681 2685 4793 inundantium
2760 4738 3060 4809 ﬂuminum.
3129 4739 3564 4799 Illustrissimum

1983 4805 2143 4873 hujus
2178 4805 2776 4882 miraculiexemplnm
2804 4820 2889 4866 est
2926 4811 2980 4882 in
3031 4811 3150 4882 Vita
3202 4813 3261 4867 S.
3289 4811 3564 4882 Gregorii.

1984 4884 2342 4945 cognomento
2392 4875 2801 4951 Thauma’turgi,
2854 4879 3008 4951 cujus
3051 4881 3277 4941 baculus
3311 4882 3377 4938 ad
3404 4875 3563 4955 'Lyci

1984 4944 2129 4998 ﬂuvii
2165 4946 2337 4998 rinam
2381 4948 2608 4998 deﬁxus-
2641 4961 2695 4998 et
2731 4948 2844 4998 eius
2874 4952 3081 4998 rabiam
3124 4955 3475 4998 onmnnmniL
3505 4962 3563 4998 at

2024 4948 2129 4999 nvii
2165 4948 2337 5027 ripam
2381 4948 2609 5027 defixus,
2641 4961 2695 5006 et
2729 4948 2844 5027 ejus
2874 4948 3082 5008 rabiem
3124 4948 3489 5027 compescuit,
3505 4962 3565 5008 et

1939 5041 1945 5047 α
1985 5026 2259 5071 momento
2288 5018 2340 5071 in
2369 5019 2633 5077 virentem
2664 5018 2913 5077 arborem
2945 5026 3207 5081 excrevit.

2055 5084 2204 5147 (2'58)
2240 5086 2526 5143 Arboream
2567 5090 2752 5146 molem
2798 5093 3079 5148 ruituram.
3125 5094 3259 5152 Vide
3297 5095 3562 5153 Severum

1985 5155 2362 5234 Sulpiciuuriu
2392 5157 2510 5212 Vita
2548 5158 2606 5215 S.
2640 5160 2853 5234 Martini
2878 5180 2892 5218 :
2917 5164 3006 5234 qui
3035 5166 3088 5220 id
3115 5161 3560 5224 enm'multornm
3598 5169 3607 5179 ‘

1985 5237 2203 5296 stupore
2225 5228 2478 5296 primum,
2513 5238 2624 5285 tum
2654 5233 2815 5287 etiam
2839 5228 3033 5298 salute.
3064 5238 3391 5294 exanimatis
3414 5246 3559 5292 metu

1986 5298 2469 5370 suis.iintrepidns
2504 5300 2618 5370 ipse
2664 5304 2931 5367 exhibuit,
2967 5307 3051 5362 cui
3104 5308 3203 5364 soli
3253 5317 3559 5363 extremum

1986 5369 2276 5424 discrimen
2306 5369 2587 5425 imminere
2617 5371 2916 5428 videbatur.
2948 5376 3024 5431 De
3052 5392 3212 5435 saxea
3238 5376 3403 5434 mole.
3431 5392 3560 5430 cru-

1985 5440 2316 5565 Bislvirtute
2364 5455 2647 5564 suitspensa,
2700 5443 2761 5498 D.
2802 5442 3027 5517 Gregor.
3080 5444 3327 5519 Magnus,
3391 5444 3487 5502 lib.
3541 5459 3564 5500 ι

2033 5525 2363 5565 rana..ean.
2431 5549 2444 5563 .

2033 5525 2216 5576 tatog.,
2244 5525 2363 5575 can.
2394 5525 2415 5564 ‘l
2431 5549 2444 5563 .

2055 5581 2206 5657 (259)
2268 5579 2550 5657 Millesimo
2611 5585 2945 5657 nonagesimo
3014 5596 3216 5641 octavo.
3286 5584 3566 5657 Baronins

1984 5650 2313 5729 enryclicam
2371 5651 2438 5729 de
2500 5654 2601 5709 hac
2672 5650 2997 5729 inventione
3048 5658 3332 5727 epistolam
3402 5655 3562 5729 ponit

1984 5721 2129 5799 anno
2196 5721 2480 5799 millesimo
2525 5721 2843 5799 centesimo.
2886 5726 3001 5799 ASed
3065 5721 3168 5799 par
3202 5721 3563 5799 echrédero

1984 5793 2243 5865 scriptam
2275 5793 2492 5851 biennio
2517 5805 2647 5868 post
2698 5793 3085 5855 inventionem;
3118 5796 3251 5855 Nam
3277 5796 3562 5856 'l'hiofrido

3084 5893 3160 5955 13
