4106 6356
552 393 660 450 595

1528 340 1877 435 TliiOFRlDl
1911 376 2201 434 seems
2244 373 2807 433 EFTERNACENSIS

3712 369 3838 427 396

554 521 777 573 mores,
817 511 870 557 et
911 499 1115 555 vexillo
1156 499 1373 569 prteﬁxa
1398 539 1412 564 ,
1459 500 1743 552 innumera
1793 494 2138 550 etlmicorum
2169 498 2217 555 Α
2246 493 2423 546 dinem
2455 491 2741 546 lrausl‘udil
2780 488 3039 545 inmunia
3088 489 3442 545 acerbissima
3504 488 3846 550 Sanctorum

556 606 624 660 ad
672 599 1093 657 intemecionem
1147 592 1444 664 prostravit
1497 590 1687 655 millia,
1724 586 2138 643 etCltristiano-

552 712 676 753 rum
700 691 1016 764 phalangas,
1040 694 1167 741 ante
1197 684 1342 740 onmi
1369 682 1668 739 obsidionis
1691 689 1746 734 et
1768 677 1929 733 fatuis
1947 677 2140 731 adver—

556 788 719 843 sitate
746 780 994 844 alliictas,
1026 778 1147 832 lana
1192 784 1247 832 et
1296 775 1582 830 incruenta
1628 767 1951 843 gloritieavit
1973 766 2143 821 victo-

551 877 658 933 ria.
692 875 757 929 Et
780 872 908 943 quid
933 868 1192 926 Crueiﬁsi
1240 865 1456 921 Domini
1499 863 1667 918 clavis
1721 860 1981 923 sanctius,
2010 855 2142 927 quid

554 965 887 1024 eminentius
910 962 936 1016 Ἰ
970 960 1240 1015 Nimirum
1273 958 1413 1013 sicut
1463 955 1764 1026 plasmator
1802 966 1982 1006 rerum
2023 964 2142 1003 om-

551 1062 704 1116 nium
765 1055 916 1125 (240)
980 1055 1048 1110 de
1105 1049 1427 1122 protoplasti
1478 1046 1664 1103 dolens
1702 1044 1883 1108 ruina,
1929 1039 2142 1111 quando

547 1153 699 1227 pomi
758 1147 993 1204 noxialis
1043 1159 1228 1201 morsu
1277 1143 1333 1198 in
1364 1140 1554 1196 mortis
1594 1136 1801 1193 corruit
1846 1133 2138 1197 ollieinatn,

554 1225 948 1312 redemptionis
982 1237 1209 1307 lignum,
1255 1248 1362 1304 quo
1418 1231 1618 1286 damna
1650 1229 1778 1300 ligni
1817 1225 2143 1297 prmvariea-

553 1337 721 1393 tionis
740 1334 993 1395 solveret,
1024 1328 1346 1401 prrenotavit
1382 1343 1397 1391 ;
1427 1325 1507 1380 sic
1534 1323 1817 1379 materiem
1841 1321 2140 1383 clavorum,

492 1463 497 1467 ο
554 1426 753 1496 quibus
783 1434 973 1476 manus
1029 1414 1387 1486 redemptoris
1435 1411 1690 1478 hominis,
1745 1425 1842 1480 pro
1897 1408 2144 1463 manibus

553 1512 993 1589 praevaricatoris
1065 1508 1322 1567 hominis.
1404 1504 1805 1559 incontinenter
1879 1501 2140 1565 extensis,

554 1610 755 1679 quibus
788 1605 952 1676 pedes
980 1618 1082 1674 pro
1108 1601 1353 1672 pedibus,
1391 1599 1458 1653 ad
1500 1597 1700 1651 vetitos
1746 1592 2140 1663 concupiscen-

555 1703 647 1758 tize
671 1715 874 1765 ramos,
899 1696 1076 1753 callidi
1106 1693 1375 1764 serpentis
1398 1689 1737 1744 astutissima
1769 1685 2141 1757 persuasione,

552 1792 711 1864 (ΞΗ)
753 1788 1189 1846 inrevocabiliter
1256 1783 1576 1855 progressis,
1633 1782 1684 1835 in
1735 1781 1931 1834 arhore
1990 1787 2141 1848 stay-

554 1902 648 1943 ros
698 1882 1119 1954 conﬁgerentur,
1167 1876 1573 1932 ordinatissima
1628 1872 1983 1944 providentia“:
2033 1886 2144 1925 sum

557 1979 931 2053 dispositione,
961 1977 1102 2033 inter
1126 1975 1238 2044 ipsa
1276 1971 1459 2027 mundi
1489 1969 1708 2025 exordia
1744 1966 2144 2038 praeordinavit.

1089 2061 1486 2123 CAPITULUM
1535 2058 1621 2116 lV.

556 2164 714 2232 Quod
733 2180 798 2219 ea:
817 2161 1041 2218 salutari
1086 2159 1256 2213 crucis
1280 2151 1537 2232 patibulo,
1564 2154 1617 2208 in
1645 2168 1796 2232 omne
1841 2161 2145 2232 sanctorum

807 2232 1124 2304 supplicium
1153 2222 1423 2297 transfusa
1457 2225 1525 2279 sit
1547 2222 1914 2292 sanctiﬁcatio.

617 2329 733 2386 Sed
763 2337 822 2381 ut
846 2324 914 2379 de
946 2322 1209 2379 altissima
1255 2319 1515 2374 salutaris
1564 2316 1692 2387 ligni
1752 2314 2060 2384 altitudine,
2088 2316 2142 2371 in

545 2422 710 2493 cujus
745 2417 1062 2488 mysterium
1106 2428 1341 2484 sponsus
1386 2412 1535 2466 canit
1581 2409 1808 2481 mystice
1835 2410 1889 2464 in
1941 2409 2144 2465 amoris

553 2510 832 2567 carmine:
864 2508 988 2562 Dixi
1012 2522 1031 2562 :
1057 2505 1348 2559 Ascendam
1381 2505 1435 2557 in
1457 2502 1707 2573 palmam,
1760 2500 2145 2571 apprehendam

550 2604 760 2675 fructus
810 2601 923 2670 ejus
975 2596 1151 2667 (Cant.
1197 2612 1295 2662 vn,
1348 2594 1425 2664 8),
1479 2603 1532 2648 et
1579 2593 1709 2647 item
1747 2610 1761 2646 :
1796 2589 1906 2646 Sub
1957 2591 2145 2645 arbore

550 2694 683 2747 mali
708 2690 949 2747 suscitari
973 2700 1021 2743 te
1047 2685 1224 2758 (Cant.
1257 2701 1378 2749 vui,
1406 2685 1460 2753 5)
1491 2702 1505 2737 :
1546 2692 1626 2747 ut,
1670 2684 1910 2752 inquam,
1938 2684 2005 2737 de
2033 2690 2142 2737 tam

550 2783 779 2855 pretiosi
834 2779 967 2851 ligni
1001 2777 1286 2832 altitudine
1337 2773 1663 2844 pedetentim
1719 2772 2055 2836 descendam,
2086 2771 2143 2826 in

551 2876 760 2930 hortum
804 2889 1018 2938 nucum,
1048 2880 1103 2925 ut
1126 2870 1327 2925 videam
1374 2867 1600 2938 mystica
1629 2881 1786 2937 poma
1821 2864 2141 2921 convallium

547 2966 732 3039 (Cant.
752 2982 832 3030 vi,
859 2966 970 3035 i0),
1004 2964 1055 3017 iu
1080 2976 1307 3032 quorum
1332 2977 1428 3034 per
1457 2959 1685 3014 amicam
1715 2959 1894 3014 amico
1937 2958 2140 3014 decas-

547 3071 704 3116 tatur
738 3068 946 3131 typum,
979 3055 1117 3109 dabo
1158 3053 1251 3106 tibi
1282 3051 1528 3121 poculum
1574 3066 1640 3105 ea:
1672 3051 1791 3104 vino
1821 3048 2048 3112 condito,
2092 3058 2139 3102 et

552 3162 783 3204 onustum
831 3146 1088 3202 malorum
1121 3142 1441 3197 Punicorum
1472 3138 1649 3211 (Cant.
1675 3139 1871 3211 vm,‘2)
1902 3157 1917 3194 :
1957 3148 2139 3210 prote-

2242 582 2629 653 cnjuscumque
2654 580 2901 652 supplicii
2925 595 3148 650 genera,
3177 590 3234 636 et
3258 582 3442 637 carnis
3469 597 3566 652 per
3594 581 3845 638 illustra-

2245 674 2449 730 tionem
2529 675 2755 744 spiritus
2830 673 3206 737 sanctiﬁcata,
3278 683 3723 743 quantacumque
3770 690 3845 729 ac

2243 766 2662 836 qttaliaenmtpte
2696 764 2981 836 supplicia,
3016 765 3068 819 in
3096 780 3386 834 corpormn
3428 774 3484 820 et
3526 766 3840 821 animarum

2243 858 2562 913 suavissima
2609 867 2666 913 et
2712 857 3070 912 saluberrima
3120 856 3394 912 transtulit
3426 856 3837 912 oblectamenta

2243 961 2298 1007 ct
2338 950 2622 1015 remedia;
2675 959 2732 1004 ut
2764 948 2921 1020 quasi
2981 947 3270 1002 immutate
3316 957 3371 1003 et
3417 962 3686 1003 converso
3737 964 3831 1002 na.

2248 1053 2384 1098 tura:
2450 1040 2664 1105 ordine,
2701 1055 2896 1096 omnes
2950 1040 3289 1095 cruciatuum
3338 1040 3584 1096 materia:
3632 1039 3829 1096 electo.

2247 1148 2366 1185 rum
2426 1129 2745 1200 corporibus
2806 1127 3063 1184 adhibitae
3142 1128 3427 1183 ardentius
3507 1136 3833 1199 appetantni

2246 1238 2409 1292 quam
2441 1220 2884 1293 exquisitissimae
2931 1219 3127 1289 cpulre,
3195 1234 3359 1289 quam
3399 1217 3837 1289 opulentissima

2248 1315 2415 1369 totius
2468 1312 2655 1368 mundi
2705 1311 3129 1376 delicim;etin
3166 1325 3357 1366 earnm
3415 1309 3837 1380 acquisitionem

2244 1422 2312 1462 ac
2334 1405 2760 1469 venerationem,
2790 1402 2940 1475 (242)
2964 1402 3191 1475 prodige
3215 1402 3606 1473 dispensentur
3637 1402 3833 1473 aequi-

2246 1498 2363 1552 sita:
2414 1510 2630 1550 summo
2679 1510 2804 1550 eum
2850 1493 3036 1549 labore
3084 1509 3151 1550 ac
3188 1493 3439 1565 periculo
3486 1494 3753 1566 periturae
3772 1494 3830 1551 in

2252 1595 2525 1642 momento
2559 1584 2781 1641 divitias.

2783 1675 2984 1732 CAPIT
2994 1675 3187 1733 ULUM
3216 1677 3280 1732 Υ.

2248 1769 2402 1836 Quod
2424 1767 2556 1822 nihil
2580 1768 2634 1821 in
2665 1768 2861 1821 mundo
2906 1768 3191 1837 pretiosum
3222 1776 3557 1837 comparetur
3584 1768 3835 1823 crucibus

2505 1836 2667 1901 Petri,
2702 1847 2752 1891 et
2777 1838 3022 1901 Andrew,
3052 1853 3115 1891 ac
3138 1836 3300 1891 Pauli
3328 1836 3549 1892 catena’.

2320 1930 2454 1997 Quis
2503 1930 2648 1984 enim
2709 1930 3018 1995 thesaurus,
3049 1930 3174 2001 quis
3213 1929 3349 2001 lapis
3393 1931 3691 2001 pretiosus,
3715 1947 3838 2000 qua

2247 2038 2492 2092 operosae
2528 2032 2753 2077 texturae
2800 2023 2986 2090 vestis,
3015 2034 3365 2093 comparetur
3410 2034 3618 2078 saneta:
3658 2027 3833 2091 cruci,

2247 2124 2302 2167 et
2330 2112 2562 2168 vinculis
2587 2110 2846 2182 principis
2892 2112 3172 2182 apostolici
3215 2113 3424 2169 ordinis
3451 2113 3621 2176 Petri,
3653 2116 3832 2170 inver-

2247 2205 2325 2258 sis
2356 2203 2659 2258 humilitate
2685 2203 3093 2272 ineomparahili
3120 2204 3346 2274 pedibus
3377 2206 3623 2261 cruciﬁxi
3654 2207 3678 2260 2
3706 2223 3837 2277 qua:

2248 2299 2376 2353 item
2418 2297 2601 2352 mundi
2659 2298 2990 2353 transeuntis
3040 2298 3247 2352 divitize
3290 2298 3637 2354 conferantur
3685 2281 3837 2370 pati-

2248 2392 2373 2447 hnlo
2431 2393 2611 2447 crucis
2664 2392 2907 2462 germani
2952 2390 3068 2460 ejus
3110 2392 3330 2446 nomine
3355 2403 3410 2446 ct
3434 2395 3601 2463 gratia
3646 2393 3837 2452 virilis

2245 2488 2518 2542 Androm?
2560 2488 2704 2558 quod
2753 2486 2939 2543 eximii
2996 2487 3197 2543 metalli
3243 2504 3415 2558 genus
3463 2490 3837 2559 a‘quiparetur

2244 2577 2483 2632 doctoris
2520 2588 2573 2631 et
2609 2578 2852 2648 magistri
2899 2564 3330 2649 gentitim‘l‘auli
3391 2589 3621 2645 cateiae,
3676 2584 3835 2652 cujus

2242 2667 2595 2737 praeconium,
2639 2665 2954 2738 Gregorius,
3001 2667 3369 2723 lueidissimus
3425 2680 3481 2724 et
3528 2671 3834 2741 vigilantis-

2244 2757 2412 2811 simus
2439 2757 2736 2828 expositor,
2769 2767 2822 2813 et
2851 2758 3245 2828 contemplator
3271 2761 3511 2828 theorim,
3542 2763 3835 2834 descripsit

2243 2848 2528 2920 religiosae,
2573 2866 2638 2904 ac
2705 2848 2940 2919 ejusdem
2988 2849 3138 2920 (243)
3183 2850 3507 2922 spermologi
3578 2855 3830 2909 amatrici

2243 2941 2634 2995 ardentissima:
2701 2939 2851 3011 (ΞΜ)
2907 2941 3241 3009 imporatrici
3311 2942 3700 2998 Constantine:
3757 2944 3833 2999 De

2241 3031 2459 3097 catenis,
2501 3029 2702 3100 inquit,
2737 3046 2869 3101 quas
2909 3031 3016 3100 ipse
3046 3043 3259 3085 sanctus
3301 3031 3507 3087 Paulus
3530 3034 3585 3087 in
3613 3034 3751 3088 collo
3780 3047 3830 3089 et

2239 3122 2483 3177 manibus
2513 3122 2748 3195 gestavit,
2771 3124 3044 3193 exquibus
3078 3123 3242 3177 multa
3271 3124 3529 3179 miracula
3552 3128 3609 3179 in
3637 3128 3832 3195 papula

550 3242 691 3297 stari
722 3238 872 3296 salva
914 3237 1020 3293 ﬁde
1055 3251 1345 3309 przesumo,
1389 3232 1584 3288 ﬁducia
1636 3241 1857 3304 accepta
1890 3245 1987 3301 per
2013 3229 2136 3301 Spi-
2160 3197 2210 3258 Ο
2240 3217 2685 3280 άεοηοηδῖναηηινο
2727 3227 2931 3285 Partem
2995 3216 3138 3270 υθθίδ
3177 3217 3408 3286 "mlum"
3471 3221 3832 3298 lfammllefe

551 3335 721 3388 ritum
770 3338 1044 3392 sanetum,
1106 3324 1250 3397 quod
1290 3339 1357 3378 ex
1396 3323 1611 3379 viviﬁco
1662 3330 1717 3377 et
1745 3320 1969 3376 salutari
2012 3335 2137 3375 cru-

547 3426 636 3480 ris
668 3421 938 3494 patibulo,
968 3434 1076 3489 quo
1138 3418 1327 3490 prima:
1374 3411 1841 3485 praevaricationis
1889 3409 2137 3466 vindiea-

551 3528 670 3571 tum
703 3528 757 3571 et
784 3515 1062 3584 expiatum
1110 3517 1195 3565 est
1244 3517 1524 3579 peccatum
1565 3513 1621 3559 et
1669 3505 1863 3559 mortis
1901 3504 2135 3560 solutum

548 3608 996 3679 chirographum,
1042 3603 1268 3658 salvatio
1290 3610 1344 3657 et
1369 3598 1725 3655 sanctiﬁcatio
1751 3595 2023 3653 transfusa
2052 3605 2138 3652 est

554 3705 611 3758 in
650 3716 811 3757 omne
837 3698 1181 3770 supplicium,
1221 3710 1329 3765 quo
1386 3694 1561 3748 sancti
1590 3700 1645 3747 et
1678 3690 1836 3746 electi
1868 3690 1982 3757 Dei,
2011 3706 2134 3744 cru-

554 3795 820 3864 ciﬁgentes
867 3806 1073 3845 carnem
1100 3800 1391 3843 suamcunt
1438 3784 1576 3839 vitiis
1613 3793 1662 3838 et
1707 3783 2136 3851 concupiscentiis

558 3884 703 3954 (Cal.
733 3901 787 3948 ν,
816 3883 930 3955 is),
968 3878 1299 3951 acecptahile
1326 3886 1381 3933 et
1411 3873 1760 3931 medullatum
1809 3873 1935 3929 Jesu
1973 3874 2134 3929 Chri-

554 3990 643 4034 Sto
667 3975 929 4031 cruciﬁxo
981 3977 1298 4026 meruerunt
1327 3970 1377 4021 in
1420 3967 1645 4021 odorem
1701 3964 1987 4020 suavitatis
2015 3976 2137 4018 esse

548 4065 906 4122 sacriﬁcium.
932 4059 1261 4131 Uuigeuitus
1289 4058 1434 4113 enim
1465 4055 1645 4110 Patris
1687 4055 1777 4124 qui
1835 4056 2134 4108 secundum

548 4179 653 4218 vas
683 4160 963 4218 electionis
1012 4156 1259 4221 Paulum,
1286 4162 1371 4208 est
1400 4161 1555 4223 caput
1579 4149 1815 4220 corporis
1863 4145 2133 4213 Ecclesiw,

554 4273 619 4310 ac
645 4253 984 4325 principium,
1038 4247 1412 4318 primogenitus
1455 4260 1519 4298 ea:
1561 4243 1805 4306 mortuis,
1851 4239 2135 4309 paciﬁcans

552 4362 648 4415 per
680 4341 984 4412 sanguinem
1026 4338 1197 4392 crucis
1240 4335 1375 4404 ejus,
1415 4333 1519 4387 sive
1560 4348 1679 4403 qua:
1727 4334 1783 4384 in
1830 4330 2004 4395 terris,
2032 4330 2136 4384 sive

553 4452 675 4507 qua:
704 4437 758 4488 in
790 4432 931 4487 caelis
969 4438 1089 4484 sunt
1121 4425 1258 4497 (Col.
1294 4442 1332 4492 t,
1377 4424 1567 4490 18-20)
1598 4441 1611 4489 ;
1664 4423 1996 4494 unigenitus,
2049 4422 2134 4476 in-

557 4544 743 4600 quam,
782 4524 982 4588 Patris,
1007 4521 1096 4592 qui
1151 4519 1356 4572 donans
1415 4515 1563 4570 nobis
1617 4516 1793 4570 omnia
1837 4515 2051 4580 delicta,
2087 4525 2135 4569 et

554 4622 734 4678 delens
754 4620 892 4690 quod
915 4615 1189 4669 adversum
1217 4627 1309 4664 nos
1335 4617 1445 4663 erat
1481 4606 1886 4675 chirographum
1918 4605 2135 4671 decreti,

550 4712 707 4769 nobis
753 4707 966 4763 omnino
1010 4699 1280 4763 contrarii,
1311 4699 1480 4768 ipsum
1525 4695 1644 4750 tulit
1674 4695 1738 4749 de
1767 4694 1937 4748 medio
1957 4734 1971 4757 ,
2008 4693 2136 4766 ami-

558 4820 683 4877 gens
713 4801 846 4855 illud
893 4794 1038 4852 cruci
1091 4790 1227 4864 (Col.
1274 4787 1490 4855 41,“),
1541 4786 1610 4842 de
1654 4785 2007 4877 amaritudine
2040 4800 2137 4840 sua

559 4875 894 4948 amarissima
933 4885 1069 4958 (lsa.
1115 4896 1345 4947 xxxvu—t,
1375 4879 1488 4951 l7),
1533 4876 1903 4933 dulcissimam
1954 4875 2133 4932 dulce.

560 5059 658 5100 sua
682 5042 815 5098 ﬁdes
848 5042 949 5097 hac
974 5039 1027 5093 in
1054 5054 1114 5094 re
1141 5016 1409 5093 constare.
1448 5033 1631 5096 debet.
1658 5033 1753 5103 qui
1781 5047 1848 5088 eo
1892 5040 2137 5103 tempore

556 5117 907 5255 Ποξξῗδζουε
939 5177 1254 5255 protoplasti
1292 5177 1471 5255 dolens
1522 5175 1696 5255 ruina.
1753 5172 1907 5255 llunc
1957 5172 2133 5255 locum

559 5244 846 5326 descripsit
895 5244 962 5308 ei
999 5244 1160 5304 noliili
1214 5246 1466 5304 Ecclesia:
1525 5247 1749 5318 hymno,
1810 5244 1968 5313 cuius
2006 5244 2135 5322 .ini-

557 5334 693 5385 tium
727 5345 742 5381 :

1730 5416 1755 5443 ι,

630 5473 834 5543 I’ange.
872 5471 1074 5541 lingua,
1099 5465 1312 5543 gloriosi

630 5540 886 5598 Pro-lium
914 5540 1235 5603 certaminis,

556 5677 717 5748 cujus
743 5683 933 5748 auctor
958 5665 1648 5748 Yenan_tiu§‘l"ortnnatus,
1678 5665 1766 5735 qui
1798 5663 1851 5719 in
1885 5662 2135 5720 numanis

552 5739 773 5818 agebat
791 5742 931 5818 anno
952 5743 1156 5818 Christi
1189 5739 1316 5818 579.

563 5805 785 5883 $1231)
810 5812 1245 5870 lrrevocabiiiter.
1273 5808 1404 5864 Nam
1437 5820 1692 5863 revocare
1717 5808 1940 5878 gradum
1974 5805 2134 5861 homo

2241 3309 2527 3379 festinabo,
2540 3308 2589 3361 si
2627 3317 2801 3362 tamen
2820 3308 2958 3361 hanc
2981 3307 3162 3361 tollere
3181 3307 3421 3363 limen-lo
3440 3295 3675 3375 voluero,
3704 3313 3829 3383 quia

2236 3399 2365 3453 dum
2396 3399 2692 3469 frequenter
2715 3414 2781 3452 ea:
2805 3398 3005 3452 catenis
3034 3397 3281 3466 ejusdem
3316 3398 3467 3452 multi
3511 3400 3827 3454 benedictio-

2235 3504 2354 3542 nem
2382 3497 2561 3558 petant
2589 3505 2605 3551 ;
2630 3496 2688 3540 ut
2718 3502 2907 3557 parum
2953 3487 3079 3557 quid
3126 3503 3194 3541 ea:
3223 3487 3475 3541 limatum
3514 3489 3826 3558 percipiant.

2238 3580 2435 3634 assistit
2483 3579 2730 3634 sacerdos
2759 3594 2877 3632 cum
2910 3577 3057 3644 lima,
3088 3588 3137 3631 et
3159 3577 3419 3648 aliquibus
3441 3581 3734 3648 petentibus
3754 3581 3828 3632 itu

2239 3675 2437 3728 concite
2482 3672 2685 3745 aliquid
2724 3672 2849 3726 inde
2885 3672 3171 3739 excutitur,
3225 3682 3284 3725 ut
3333 3686 3482 3725 mora
3528 3672 3679 3726 nulla
3715 3673 3827 3727 sit:

2236 3764 2550 3836 quibusdam
2601 3779 2718 3818 vero
2776 3761 3099 3834 rogantibus,
3149 3760 3241 3815 diu
3279 3776 3373 3831 per
3419 3770 3634 3815 catenas
3687 3763 3827 3831 ipsas

2238 3856 2367 3910 lima
2388 3856 2623 3921 ducitur,
2654 3865 2702 3909 et
2723 3864 2900 3908 tamen
2927 3863 2983 3908 ut
3011 3853 3213 3924 aliquid
3242 3854 3363 3907 inde
3383 3864 3533 3908 exeat
3562 3871 3670 3909 non
3702 3856 3809 3909 obti

2240 3961 2412 4004 netur.
2461 3948 2507 4005 Ο
2547 3964 2709 4019 quam
2768 3947 3116 4018 praclarum,
3181 3962 3345 4017 quam
3401 3944 3677 4001 excellens
3731 3962 3822 4016 per

2237 4040 2513 4111 egregium
2542 4038 2921 4109 apostolicum,
2974 4037 3206 4109 speciale
3232 4037 3495 4108 paraeleti
3530 4053 3823 4108 organum,

2238 4129 2522 4201 aposwlici
2571 4128 2825 4199 supplicii
2883 4128 3238 4198 praeconium,
3279 4143 3388 4198 quo
3426 4127 3825 4183 excellentissi-

2238 4237 2385 4276 mum
2415 4231 2467 4275 et
2495 4221 2767 4292 magniﬁci
2803 4221 3028 4291 spiritus
3067 4228 3122 4274 et
3146 4220 3392 4289 corporis
3434 4217 3555 4286 ejus
3583 4218 3827 4274 declara-

2241 4322 2330 4366 tur
2368 4311 2662 4367 meritum!
2692 4310 2787 4366 Est
2838 4309 3079 4383 profecto
3127 4323 3339 4365 summa
3386 4307 3744 4363 veneratione
3768 4317 3825 4362 et

2238 4400 2595 4455 admiratione
2624 4401 2864 4471 dignum,
2891 4400 3033 4470 quod
3057 4400 3182 4453 lima
3211 4396 3417 4453 ferrum
3442 4396 3512 4451 ad
3540 4398 3827 4465 excutieno

2240 4490 2365 4545 dum
2388 4498 2444 4545 et
2472 4489 2767 4545 limandum
2796 4489 2977 4545 suhtili
3028 4498 3146 4543 arte
3176 4489 3410 4543 lmmana
3449 4486 3823 4556 excogitatum

2239 4580 2784 4648 ettransl'ormatum,
2838 4590 3053 4636 astante
3111 4592 3322 4636 summa
3370 4594 3495 4633 cum
3544 4578 3824 4649 supplica-

2241 4676 2387 4732 tione
2411 4688 2467 4733 et
2492 4676 2651 4747 digna
2695 4676 2917 4730 elimato
2944 4675 3012 4729 ad
3042 4687 3276 4745 unguem
3303 4680 3360 4728 et
3384 4672 3825 4730 eminentissimo

2239 4769 2522 4825 electionis
2557 4782 2682 4823 vase
2704 4767 3008 4824 reverentia
3031 4765 3125 4822 Dei
3156 4767 3442 4821 sacerdote
3488 4778 3616 4820 eum
3642 4766 3824 4821 cccle-

2240 4864 2462 4919 siastieo
2483 4861 2677 4917 ordine
2697 4860 2831 4916 nihil
2857 4869 3037 4932 potest
3063 4867 3341 4924 excutere,
3368 4857 3470 4913 nisi
3495 4860 3739 4928 quando,
3772 4870 3826 4916 et

2239 5025 2423 5097 lapsus
2447 5039 2554 5079 non
2588 5031 2823 5095 poterat,
2864 5021 2966 5076 nisi
3018 5035 3142 5076 eum
3191 5015 3399 5074 Christi
3457 5030 3594 5071 crux
3612 5026 3671 5072 et
3702 5032 3827 5089 pss-

2240 5096 2321 5153 sio
2342 5096 2595 5153 erigeret.

2312 5112 2735 5236 igigc'ﬁihdige
2776 5163 3165 5236 dispensantur.
3211 5158 3417 5236 Plente‘
3445 5165 3572 5212 sunt
3633 5172 3826 5236 omines

2239 5225 2483 5293 historia)
2547 5225 2882 5300 hoc'cnltu',
2927 5234 3030 5288 hoc
3073 5231 3173 5286 SS.
3225 5229 3581 5299 reliquiarum
3618 5230 3821 5284 studio.

2240 5307 2556 5376 Exemplum
2613 5310 2763 5374 cape,
2817 5314 2872 5359 et
2930 5318 2997 5358 ex
3047 5303 3222 5373 capite
3270 5302 3488 5373 quinto,
3530 5300 3680 5370 quod
3709 5301 3825 5370 jam

2238 5379 2498 5448 sequitur.

2307 5438 2455 5520 (255)
2477 5444 2821 5520 Spermologi.
2839 5444 2896 5520 _S.
2922 5443 3148 5520 Paulum
3171 5440 3470 5520 apostolum
3492 5438 3729 5495 Athenis
3744 5441 3826 5520 sic

2238 5512 2850 5587 vocaba'nt'philoso—phi
2881 5534 2894 5571 :
2928 5516 3070 5586 quod
3116 5523 3274 5570 vetus
3315 5512 3590 5580 interpres
3630 5513 3822 5575 vertit,

2236 5590 2624 5645 sentiuiverbins
2661 5590 2775 5642 Act.
2812 5603 2944 5652 xvn,
2974 5587 3061 5641 l8.

2309 5661 2476 5733 (2“)
2502 5732 2507 5733 γ
2548 5658 2879 5733 Imperatr-iri
2897 5730 2909 5733 Α
2932 5649 2939 5652 ⁷
2962 5654 3383 5733 Constantium.“
3398 5649 3822 5733 commendant,

2237 5720 2602 5802 Constantim,_
2621 5720 2702 5802 Sex
2731 5730 2846 5802 ipso
2897 5730 3017 5787 loco
3047 5729 3108 5783 D.
3138 5725 3405 5797 Gregorii.
3453 5720 3619 5776 lih.'tt
3657 5720 3824 5794 Regi-

2238 5802 2359 5869 stri,
2383 5800 2541 5871 epist.
2575 5798 2666 5855 '50.
