4106 6356
298 404 408 463 397

1158 412 1429 469 Η,οῆΕὸ
1471 412 1813 470 EPlTAPHlI
1855 413 2298 472 SANCTORUM.
2335 448 2399 459 —-
2442 420 2569 478 LIB.
2598 419 2663 473 IV

3455 433 3560 490 598

296 528 588 592 quantum,
611 537 675 578 ac
692 523 889 593 quibus
907 526 1237 581 concesserit
1264 527 1594 597 imlulgeutia
1613 541 1668 585 et
1686 531 1887 602 proﬂua
1926 543 1963 593 .t
1998 532 2190 587 horum
2221 535 2375 604 quasi
2405 534 2632 589 imbrem
2686 537 2944 607 lapidum,
3005 542 3191 599 collisa
3249 545 3493 613 durities,
3516 558 3572 607 et

294 612 477 683 pietas
488 612 814 682 dignationis
825 617 1375 688 almstolicaeﬂqnam
1394 618 1550 693 longe
1561 638 1694 678 auro
1704 624 1892 680 obrizo

298 705 594 773 pretiosior
627 718 709 760 est
735 717 926 764 eatena
954 712 1267 781 apostolica,
1308 731 1403 785 per
1439 732 1601 785 quant
1648 715 1887 788 alligata,

295 804 354 850 et
384 796 450 849 ad
485 795 696 852 Domini
735 800 826 853 Dei
858 801 1132 857 Sabbaoth
1166 804 1411 860 notitiam
1444 815 1701 868 attracta,
1731 819 1785 861 et
1838 808 1890 861 in

296 888 408 943 title
438 890 704 947 catholica
757 892 987 948 solidata
1039 906 1125 951 est
1178 895 1355 952 ferrea
1386 903 1624 970 gentium
1667 901 1889 956 duritia.

832 1003 1231 1065 CAPITULUM
1262 1011 1348 1065 VI.

294 1093 377 1149 De
414 1095 676 1166 lapidibus
736 1103 1138 1222 protomtirtyris
1190 1099 1477 1184 βίορΙιαιη,
1528 1116 1574 1157 ct
1626 1106 1881 1160 craticula

994 1183 1242 1222 auream.

994 1183 1242 1226 aurenttt.

369 1260 443 1314 At
490 1259 622 1331 quid
690 1259 1086 1328 conjiciendum
1143 1264 1211 1320 de
1274 1267 1532 1322 torrentis
1593 1267 1883 1336 lapidibus,

293 1350 497 1420 quibus
577 1361 947 1424 protomartyr
1018 1353 1327 1426 Stephanus
1382 1374 1482 1430 pro
1529 1362 1760 1416 nominis
1799 1365 1883 1419 sui

295 1455 498 1495 corona
540 1449 625 1495 est
670 1440 899 1497 obrutus
924 1443 947 1497 ?
975 1442 1114 1511 Quid
1162 1449 1494 1507 censendum
1522 1450 1590 1507 de
1626 1453 1887 1508 craticula

292 1531 500 1598 ferrea,
556 1547 720 1604 super
749 1548 914 1605 quam
981 1535 1209 1591 adustus
1256 1548 1443 1594 estex
1495 1540 1889 1612 gloriosissima

294 1632 483 1687 taurea
518 1625 745 1682 sortitus
779 1643 977 1682 nomen
1021 1627 1399 1686 Laurentius?
1430 1631 1724 1705 Utriusque
1764 1649 1895 1705 sup-

296 1715 520 1785 plicium
574 1717 630 1772 in
683 1719 846 1774 totius
881 1720 1065 1774 mtmdi
1116 1735 1332 1776 versum
1379 1732 1463 1778 est
1511 1724 1812 1780 remedium
1839 1736 1896 1781 et

296 1808 580 1873 solatium,
607 1818 662 1864 et
689 1811 755 1866 de
779 1810 1047 1881 supplicio
1078 1812 1271 1868 liberat
1307 1829 1537 1884 corpora
1577 1825 1634 1871 et
1660 1818 1891 1879 animas,

1996 624 2265 694 complnta
2297 635 2381 681 est
2421 628 2572 683 arida
2607 639 2751 685 terra
2803 633 3045 689 cordium
3073 653 3086 689 :
3121 646 3173 691 et
3197 637 3344 709 (246)
3373 640 3569 697 Saulus

1996 710 2179 782 lupina
2213 715 2362 771 rabie
2387 731 2545 771 mane
2595 720 2864 784 involans,
2898 732 2953 775 et
3007 726 3293 783 comedens
3332 732 3570 799 przedam

1996 804 2154 872 (Gen.
2215 822 2364 872 XLIX,
2420 807 2562 878 27);
2610 820 2919 880 prostratus
2984 819 3212 873 mutavit
3276 836 3469 878 nomen
3520 835 3577 882 et

1994 899 2246 952 meritum
2281 916 2296 964 ;
2329 910 2384 955 et
2412 914 2630 958 erectus
2678 903 2877 962 Paulus
2902 922 2995 963 vas
3022 909 3322 978 electionis,
3350 931 3571 989 vespere

1997 988 2184 1044 dividit
2228 992 2399 1061 spolia
2437 996 2762 1067 evangelica:
2799 1001 3202 1068 prmdicaliouis
3252 1007 3307 1061 in
3355 988 3574 1065 univer-

1996 1076 2212 1135 sitatem
2235 1084 2477 1152 gentium
2500 1099 2517 1141 :
2543 1096 2599 1141 et
2625 1097 2705 1141 ter
2727 1090 2881 1161 virgis
2904 1107 3091 1159 ca'sus,
3126 1096 3285 1150 semel
3305 1097 3573 1169 lapidatus

1996 1167 2084 1235 (II
2113 1169 2235 1225 Cor.
2274 1189 2349 1238 χι,
2404 1174 2519 1248 25),
2576 1194 2640 1234 ac
2684 1182 2938 1239 omnibus
2978 1186 3225 1242 humanae
3276 1167 3580 1254 amictiouis

1995 1261 2252 1330 periculis
2307 1275 2453 1323 terra
2499 1272 2744 1342 marique
2797 1277 3177 1349 periclitatus;
3236 1297 3289 1342 ct
3342 1291 3575 1346 amaris-

1995 1351 2132 1406 sime
2153 1368 2319 1409 senex
2355 1355 2530 1425 luens,
2557 1363 2700 1431 quod
2725 1365 3042 1424 adolescens
3078 1382 3280 1430 temere
3319 1379 3577 1437 observa-

1995 1443 2395 1503 vitsarcinnlas
2423 1452 2671 1518 vestium,
2702 1465 2757 1510 et
2781 1471 2969 1515 omnes
3014 1478 3227 1522 exertos
3275 1472 3576 1538 reddendo,

1997 1534 2182 1636 (.247)
2244 1556 2376 1596 saxa
2426 1543 2610 1614 injecit
2660 1562 2759 1618 per
2811 1554 3050 1610 onmimu
3097 1575 3287 1617 manus
3338 1534 3580 1636 lapidan;

1998 1628 2152 1694 tium,
2185 1632 2501 1691 innumeros
2538 1636 2740 1708 lapides
2782 1644 2920 1699 vivos
2945 1646 3006 1716 (Ι
3032 1645 3179 1704 Patr.
3218 1668 3280 1717 ιι,
3331 1628 3409 1726 4),
3462 1659 3579 1725 spi-

1999 1721 2241 1786 rituales,
2278 1727 2565 1794 pretiosos,
2602 1730 2655 1783 in
2702 1730 3074 1804 fundamento,
3106 1745 3249 1811 quod
3294 1721 3381 1801 est
3419 1721 3576 1805 Citrio

1998 1821 2115 1868 Slus
2158 1813 2336 1884 .Iesus,
2385 1818 2659 1885 fundatos,
2708 1825 2761 1878 in
2813 1831 3051 1886 uranica:
3106 1836 3271 1890 curia-
3322 1855 3574 1911 eompor~

290 1897 492 1953 intimo
516 1899 681 1955 corde
705 1909 763 1955 et
787 1901 943 1956 ﬁrma
974 1901 1078 1957 [ille
1099 1903 1539 1974 supplicantium.
1566 1906 1672 1962 Par
1694 1907 1898 1965 utrius-
1930 1897 1971 1950 Β
2001 1915 2081 1960 lat
2116 1917 2173 1961 et
2211 1914 2838 1980 transponitwtlilicium.
2864 1920 3128 1979 Nimirum
3160 1944 3371 1986 sununa
3410 1897 3575 1991 die“)-

292 2005 404 2058 qne
480 1991 734 2047 meritum
796 1994 912 2065 pari
980 1994 1177 2050 divina:
1227 1997 1649 2067 dispensationis
1713 2002 1891 2071 gratia

290 2080 649 2137 distributum
688 2094 772 2139 est
824 2086 877 2140 in
916 2085 1412 2159 disparntrinsqne
1456 2091 1802 2160 supplicium,
1837 2104 1896 2148 et

292 2172 583 2229 dissimilis
609 2191 781 2244 ptetta‘.
817 2176 1234 2234 instrumentum
1259 2179 1459 2235 factum
1495 2192 1581 2237 est
1601 2184 1783 2239 mundi
1820 2186 1894 2240 si-

293 2264 425 2319 mile
449 2282 516 2321 ac
541 2282 639 2336 per
660 2267 1105 2334 emolumentmu,
1127 2281 1182 2326 et
1202 2272 1391 2342 ingens
1416 2272 1621 2344 angelis
1640 2284 1693 2330 et
1724 2275 1894 2332 homi-

296 2357 462 2411 nibus
486 2358 797 2428 tripudiant.
832 2359 887 2415 In
917 2371 1146 2432 utroque
1201 2378 1428 2419 summa:
1474 2366 1894 2435 pulchritudinis

292 2459 348 2501 et
376 2450 685 2506 sanctitatis
718 2455 962 2508 membro
985 2469 1104 2516 suo,
1137 2464 1299 2525 caput
1319 2455 1618 2512 electorum
1645 2457 1893 2515 Christus

288 2541 556 2598 Dominus
577 2552 662 2600 est
678 2559 897 2615 passus;
926 2547 977 2600 iu
1000 2547 1195 2612 altero,
1215 2563 1271 2604 sa
1281 2564 1375 2603 sea
1396 2549 1534 2605 mole
1550 2561 1887 2622 prostratus;

293 2634 350 2687 in
373 2635 567 2701 altero,
598 2636 786 2706 prunis
808 2641 1205 2709 superpositus,
1248 2641 1398 2708 (sta)
1424 2643 1590 2713 piscis
1618 2644 1891 2713 paschalis

293 2737 546 2793 assatns;
572 2738 625 2782 et
649 2727 772 2784 ideo
786 2730 926 2785 sicut
946 2730 1200 2787 salvitierc
1222 2734 1401 2789 crucis
1428 2749 1539 2789 sua:
1560 2736 1887 2806 patibulum,

290 2818 372 2871 sic
404 2820 687 2888 utriusque
712 2822 780 2877 de
808 2824 1179 2880 sacratissimo
1200 2826 1468 2895 passionis
1492 2843 1603 2884 suae
1619 2829 1810 2896 calice,
1825 2833 1889 2886 de

291 2912 411 2964 riuo
465 2912 673 2967 cmulito
712 2924 758 2968 et
791 2926 962 2970 musto
1001 2916 1261 2973 malorum
1309 2932 1652 2990 granatorum
1705 2920 1884 2990 (Cant.

289 3016 413 3068 vm,
430 3003 488 3075 2)
509 3003 756 3060 incbriati
779 3008 1126 3078 supplicium,
1155 3010 1317 3066 modo
1341 3012 1739 3083 dispensatorio
1764 3031 1889 3086 pro-

289 3095 449 3161 vidit,
486 3099 815 3167 procuravit.
857 3111 912 3156 et
947 3106 1288 3159 consecravit
1310 3104 1362 3159 in
1379 3105 1608 3161 salutem
1644 3108 1884 3163 onmium

289 3189 747 3253 promerentium.
769 3189 834 3244 Et
856 3191 978 3261 quis
999 3207 1105 3247 non
1133 3192 1289 3265 longe
1318 3195 1717 3254 excellentioris
1732 3200 1883 3255 aesti-

286 3286 407 3331 met
439 3280 605 3347 pretii
653 3281 1031 3354 qualecunque
1096 3284 1341 3358 fragnten
1366 3303 1433 3343 ex
1483 3290 1883 3363 rigidislapidi-

288 3371 400 3426 bus
460 3372 641 3438 tactis,
689 3383 744 3427 et
784 3375 1018 3440 iniectis,
1075 3377 1184 3433 into
1231 3382 1571 3438 consecratis
1616 3387 1883 3456 sanguine

286 3466 709 3536 protomartyris
745 3465 1003 3537 Stephani
1035 3486 1051 3533 ;
1082 3486 1243 3539 quam
1265 3473 1422 3543 juxta
1457 3490 1675 3531 sensum
1704 3478 1881 3533 histo-

288 3554 488 3619 ricum,
515 3556 912 3624 operimentum,
945 3569 1002 3614 et
1039 3571 1422 3618 ornamentum
1467 3567 1718 3638 principis
1750 3567 1877 3639 Tyri

286 3643 514 3712 (κατὰ.
548 3660 740 3711 smn,
775 3647 884 3713 13),
921 3648 1297 3709 duodenarum
1342 3654 1594 3711 videlicet
1641 3655 1880 3727 lapidum

287 3736 396 3790 sub
425 3734 543 3806 lege
584 3753 681 3806 per
719 3750 955 3810 quatuor
998 3743 1242 3808 ordines,
1287 3745 1342 3800 itt
1394 3747 1643 3803 rationali
1681 3752 1879 3805 summi

287 3824 590 3895 pontiﬁcis,
648 3828 876 3898 mystica
933 3831 1145 3886 ratione
1208 3833 1595 3906 dispositorum
1640 3838 1876 3896 nitorem

285 3914 749 3983 perstringentem
780 3928 838 3975 et
865 3931 1232 3979 esca-cantem
1255 3925 1444 3982 oculos
1493 3929 1881 3999 concupiscen-

290 4002 362 4057 tis
417 4003 635 4059 animi?
680 4006 883 4077 (Exod.
933 4025 1121 4076 xxxix,
1152 4012 1186 4068 8
1218 4015 1398 4088 seqq.)
1449 4016 1588 4074 Sunt
1635 4018 1881 4088 profecto

290 4094 368 4149 illi
426 4094 635 4167 lapides
687 4100 934 4170 pretiosi,
1000 4103 1360 4163 instrumenta
1418 4118 1474 4165 et
1526 4110 1878 4168 incitamenta

291 4185 538 4243 itetilcra:
594 4193 883 4248 avaritiae:
941 4206 1070 4252 sunt
1132 4199 1218 4254 isti
1285 4215 1473 4257 revera
1508 4203 1576 4258 de
1642 4212 1881 4261 torrente

290 4283 527 4352 accepti,
572 4286 908 4342 inanimenta
945 4298 1002 4344 et
1036 4292 1440 4363 propugnacula
1482 4303 1672 4350 contra
1720 4296 1880 4366 spiri-

292 4375 461 4430 tualia
497 4378 777 4448 nequitiae,
814 4391 868 4435 et
898 4381 1143 4438 victricia
1166 4383 1345 4455 jacula
1393 4380 1663 4443 Davidicze
1710 4390 1878 4444 victo.

289 4469 388 4524 riae
432 4467 484 4537 (l
516 4469 640 4540 Reg.
670 4486 802 4536 xvn,
842 4472 958 4545 40).
984 4474 1198 4531 Illorum
1240 4477 1418 4550 fulgor
1457 4482 1656 4537 mentis
1704 4483 1876 4540 aciem

2000 1997 2145 2052 tione
2171 2004 2478 2057 veneranda
2502 2015 2558 2059 et
2580 2013 2879 2077 appetenda
2902 2025 2988 2069 est
3011 2024 3284 2076 tantorum
3335 2023 3577 2096 lapidum

1997 2092 2244 2157 materia,
2269 2111 2389 2164 qua:
2410 2097 2583 2166 ipsum
2608 2110 3085 2177 protomartyrem,
3141 2111 3308 2184 lapidi
3363 2092 3569 2176 summa

1996 2183 2335 2276 angulari_(l
2376 2185 2613 2255 Pelusi,
2644 2190 2699 2263 ϐ)
2742 2193 3067 2255 familia-rius
3108 2183 3571 2276 compaginatum.

1995 2271 2212 2328 Christo
2246 2272 2393 2339 Jesu,
2425 2286 2481 2331 et
2514 2293 2611 2347 per
2646 2281 2763 2351 ejus
2812 2287 3071 2354 praeclara
3103 2271 3347 2364 exeuntia
3378 2309 3434 2354 et
3459 2318 3573 2357 me-

1997 2360 2122 2424 rita,
2151 2361 2567 2420 innumerabilia
2591 2378 2888 2441 martyrum
2913 2377 3102 2444 millia,
3132 2360 3338 2451 lapides
3360 2388 3575 2446 dolatus
3630 2446 3635 2451 ,

1996 2450 2327 2506 instructnra
2363 2455 2501 2509 mttri
2531 2457 2770 2516 cmlestis
2795 2461 3093 2523 Jerusalem
3122 2450 3240 2541 qua:
3267 2477 3573 2546 wdiﬁcatar

1993 2551 2049 2593 ut
2077 2542 2259 2597 civitas
2287 2544 2462 2614 (l’sal.
2491 2562 2641 2617 cut,
2664 2553 2742 2623 5),
2774 2556 2862 2610 ubi
2889 2574 2991 2613 non
3022 2563 3237 2617 auditur
3281 2542 3479 2625 securis
3527 2586 3576 2629 et

1994 2632 2211 2733 malleus
2235 2634 2357 2703 (111
2397 2638 2523 2709 lteg.
2552 2658 2624 2707 γε,
2658 2645 2711 2716 7)
2737 2663 2751 2699 :
2777 2649 3195 2710 adversitatibus
3220 2666 3273 2711 ct
3294 2660 3573 2733 disciplina

1992 2724 2238 2782 veritatis
2265 2731 2613 2799 exercitatos,
2640 2744 2694 2790 et
2726 2739 2793 2791 ad
2821 2755 3050 2811 unguem
3098 2724 3446 2814 perfectionis
3477 2769 3577 2809 ex-

1991 2813 2207 2883 politos,
2237 2817 2586 2888 dispositione
2638 2827 3039 2887 ordinatissima
3092 2813 3424 2908 transposuit
3480 2859 3578 2914 per

1990 2903 2106 2959 loca
2126 2907 2337 2963 meritis
2361 2910 2696 2981 singulorum
2728 2932 2986 2988 congrua.
3036 2922 3103 2977 Et
3125 2903 3260 2995 quid
3279 2930 3438 2998 piscis
3467 2903 3576 2990 (issi

1989 3013 2107 3051 cum
2134 2997 2253 3066 favo
2273 3001 2441 3056 mellis
2469 3002 2622 3073 (Luc.
2654 3019 2802 3073 sxw,
2835 3012 2950 3085 ὀὶ),
3002 2997 3412 3088 exquisitiSsitui
3466 3028 3575 3085 cibi

1990 3093 2258 3162 paschalis
2281 3097 2417 3166 Λειιί
2437 3097 2657 3167 Christi,
2682 3107 2938 3160 craticula
2960 3107 3253 3180 Laurentii,
3300 3115 3451 3186 quid,
3487 3118 3573 3174 in-

1990 3199 2176 3254 quam,
2199 3203 2295 3257 per
2319 3191 2570 3246 meritum
2621 3198 2876 3268 martyris
2919 3204 3145 3274 egregii,
3201 3206 3255 3260 in
3298 3224 3357 3264 se
3409 3212 3575 3268 habnt

1987 3278 2182 3345 pretii?
2212 3277 2372 3345 Quid,
2407 3282 2647 3352 inquam,
2676 3287 2955 3343 inateriale
2980 3292 3264 3361 quisquam
3294 3297 3343 3351 ei
3391 3312 3571 3369 potest

1984 3370 2338 3439 comparare?
2360 3371 2493 3426 Nam
2541 3373 2740 3445 ipsum,
2784 3379 2851 3432 de
2898 3397 3005 3450 quo
3048 3387 3388 3456 magniﬁcum
3442 3392 3572 3449 illud

1984 3458 2250 3526 prolatunt
2295 3471 2379 3518 est
2432 3469 2760 3534 praeconium
2812 3490 2823 3523 :
2885 3472 3055 3537 Quam
3110 3478 3360 3535 abscondi
3402 3495 3568 3553 potest

1988 3546 2179 3615 Roma,
2207 3562 2313 3606 tam
2341 3556 2592 3611 abscondi
2641 3571 2805 3628 potest
2837 3560 3104 3621 Laurentii
3125 3585 3339 3637 corona,
3369 3575 3566 3645 ipsum,

1983 3637 2223 3710 inquam,
2256 3653 2515 3715 tanquam
2549 3663 2740 3704 aurmn
2766 3651 2888 3723 igne
2915 3668 3222 3725 excoctum,
3265 3637 3567 3737 prob-amnt,

1980 3741 2573 3808 purgatumseptuplum
2625 3739 2796 3812 (I’sal.
2832 3762 2907 3813 xt,
2939 3747 3015 3819 7),
3074 3760 3127 3806 et
3183 3754 3234 3809 in
3282 3772 3565 3817 numerum

1982 3823 2100 3894 ejus
2131 3826 2489 3884 inaestimabili
2513 3835 2760 3903 exemplo
2808 3853 3176 3909 provocatum,
3232 3858 3289 3902 et
3335 3847 3566 3910 ﬂammis

1982 3914 2309 3971 ardentior-is
2334 3917 2455 3975 ﬁdei
2510 3931 2566 3976 et
2613 3925 2896 3982 charitatis
2947 3945 3233 3989 accensum
3282 3941 3565 4013 utriusque

1980 4021 2144 4062 sexus
2179 4009 2455 4080 p0pulum,
2504 4014 2818 4073 thesaurum
2852 4021 3321 4093 incontiparabilem
3352 4048 3416 4087 ae
3442 4009 3565 4104 pre-

1982 4097 2329 4155 tiosissitnum
2355 4102 2407 4156 in
2432 4101 2593 4175 Regis
2623 4123 2805 4177 regum
2842 4114 3081 4168 omnium
3104 4126 3157 4170 et
3207 4118 3417 4177 Domini
3442 4097 3564 4181 -do-

1982 4190 2303 4247 minantium
2330 4196 2629 4251 transmisit
2654 4201 3120 4272 gazophylacium.
3180 4207 3354 4267 Unum
3384 4216 3564 4285 profe-

1980 4289 2069 4334 cto
2107 4290 2269 4337 tanta:
2288 4285 2455 4340 cratis
2482 4284 2676 4343 ferrea:
2701 4306 2882 4360 segnia
2913 4293 3349 4365 minutissinnnn,
3380 4306 3557 4380 longe,

1982 4370 2090 4426 into
2120 4371 2617 4445 incomparabiliter
2641 4381 2901 4449 praecellit
2923 4401 3102 4456 onnie,
3134 4393 3276 4461 quod
3336 4395 3388 4450 in
3413 4370 3562 4456 oble;

1980 4467 2215 4524 ctatione
2242 4485 2420 4536 rerum
2468 4474 2830 4530 materialium
2871 4491 2957 4535 est
2998 4483 3320 4543 avidissinue
3364 4495 3558 4549 tuentis

288 4562 642 4629 obtenehrat,
699 4564 752 4619 in
812 4577 1057 4622 mutuam
1113 4569 1316 4625 caedem
1365 4569 1607 4627 fraterna
1646 4583 1702 4628 et
1740 4578 1878 4631 ami-

1987 4559 2230 4617 humame
2255 4564 2609 4636 pra-stigium.
2637 4567 2701 4623 Et
2725 4571 2866 4627 unde
2922 4573 3034 4630 haec
3073 4574 3316 4646 largiﬂna
3371 4597 3556 4652 super-

287 4655 513 4710 cissima
558 4657 724 4710 corda
774 4659 1061 4725 concitat;
1121 4661 1346 4716 istorum
1405 4664 1552 4731 rigor
1602 4680 1712 4721 uno
1763 4667 1873 4731 ictu

289 4748 526 4818 mystico
569 4745 779 4804 Goliam
814 4748 1027 4805 hostem
1083 4753 1397 4820 immanem,
1449 4754 1755 4825 robustum,
1785 4775 1875 4813 ar-

288 4839 397 4893 mis
433 4838 769 4895 terribilibus
817 4842 1081 4897 munitum
1102 4853 1417 4914 exsuperat,
1463 4855 1685 4918 totaque
1729 4849 1875 4905 Allo-

286 4930 579 5001 phylorum
626 4931 916 4986 contrariae
974 4932 1229 4988 videlicet
1286 4933 1617 4993 fortitudinis
1693 4951 1871 4995 castra

286 5021 603 5088 conturbat,
631 5022 805 5093 lingat,
830 5024 1113 5094 proculcat
1140 5041 1193 5082 et
1225 5028 1744 5099 extermittat(ibid.,
1774 5032 1872 5086 49-

287 5114 429 5185 55):
471 5129 536 5169 ac
588 5114 808 5171 inimica
846 5117 1009 5172 corda
1081 5118 1228 5174 omni
1284 5118 1534 5189 propulsa
1584 5120 1873 5187 discordia,

290 5205 619 5261 aretissimis
673 5206 930 5262 amicitiae
968 5224 1033 5263 ac
1060 5208 1348 5264 charitatis
1402 5209 1632 5265 vinculis
1665 5211 1869 5283 alligat,

287 5306 344 5350 et
371 5295 521 5353 danti
544 5311 734 5369 pacem
784 5314 948 5370 super
983 5315 1169 5370 pacem
1201 5300 1310 5356 Deo
1388 5301 1722 5356 reconciliet.
1773 5303 1874 5359 Per

363 5428 514 5496 (2&5)
548 5429 715 5486 Piscis
738 5429 1020 5502 paschalis.
1080 5430 1288 5502 Alludit
1328 5433 1396 5488 ad
1433 5430 1634 5502 piscem
1689 5434 1874 5499 prunis

288 5502 713 5570 superpositum,
733 5499 897 5555 Joan.
931 5515 1045 5563 xxi,
1071 5501 1153 5556 l9.
1180 5501 1285 5556 Per
1312 5499 1446 5557 eum
1478 5502 1592 5556 vult
1637 5501 1877 5560 Thiol‘ri-

1980 4653 2221 4709 abundat
2243 4656 2444 4725 gratia,
2473 4658 2613 4713 unde
2642 4670 2789 4717 tanta
2819 4668 3081 4724 exuberat
3106 4672 3307 4742 gloria;
3359 4677 3459 4735 nisi
3492 4681 3560 4733 de

1978 4747 2374 4818 inexcogitabili
2419 4758 2474 4804 et
2528 4750 2779 4809 iueliabill
2818 4757 2967 4829 (248)
3009 4763 3306 4824 conditoris
3358 4767 3473 4839 yles
3505 4785 3560 4827 ct

1978 4837 2200 4908 aplanes
2242 4839 2645 4896 tnunilicenlia?
2686 4843 2818 4900 Nam
2862 4850 2953 4918 qui
2999 4863 3244 4920 operatur
3288 4837 3464 4913 omnia
3502 4864 3557 4917 in

1976 4927 2213 4981 ontnibus
2247 4927 2298 5000 (1
2325 4928 2444 4983 Cor.
2473 4947 2569 4998 stt,
2600 4933 2675 5006 6),
2719 4937 2812 5006 qui
2842 4950 3039 4996 statua
3088 4946 3413 5006 comlitionis
3463 4953 3558 5011 hu.

1954 5034 2167 5083 amante,
2194 5035 2291 5090 per
2310 5035 2373 5076 os
2402 5021 2656 5092 dolentis,
2682 5040 2736 5083 et
2766 5032 3168 5102 ingemiscentis
3187 5040 3289 5097 Job
3329 5047 3557 5118 mystice

1974 5134 2039 5174 ac
2070 5121 2418 5193 tropol‘ogice,
2474 5135 2756 5196 comparat
2805 5130 3020 5184 navibus
3046 5149 3201 5201 poma
3228 5139 3553 5204 portantibus

1976 5212 2099 5282 (Job
2128 5212 2338 5286 αλδ).
2379 5217 2431 5271 in
2484 5218 2725 5273 onmium
2774 5218 3064 5279 electorum
3122 5240 3363 5294 suorum,
3414 5228 3552 5298 (qui,

1975 5308 2101 5363 dum
2130 5308 2480 5381 adingenita
2536 5322 2744 5367 natura:
2798 5297 2967 5380 bona;
3010 5331 3107 5387 per
3150 5297 3556 5388 gloriosissimas

1975 5438 2285 5529 aligpﬂaT
2320 5456 2387 5495 ne
2410 5443 2674 5525 tepigeat
2692 5443 2889 5528 legere,
2917 5461 3083 5501 serm.
3111 5447 3196 5511 li,
3218 5447 3284 5529 de
3312 5449 3544 5529 sanctis.

2044 5511 2192 5590 (247)
2233 5511 2380 5568 Saxa
2404 5511 2579 5585 injecit
2605 5532 2696 5586 per
2721 5511 2953 5570 omnium
2981 5534 3184 5572 manus.
3215 5518 3557 5590 Augustinus

290 5573 393 5645 dus
419 5572 697 5627 Christum
717 5573 1084 5645 desigttatuttt,
1138 5584 1357 5627 secutus
1397 5572 1580 5645 plures
1621 5575 1872 5645 antiquos
1968 5572 2101 5639 ibid.

288 5641 1407 5718 Patres,p_tAugustinum,'l‘ractatmxxttt
1419 5641 1637 5718 inJoan.
1663 5660 1678 5709 ;
1704 5641 1868 5718 (ἦνθε.

286 5714 441 5783 hom.
460 5750 479 5778 ,
502 5712 608 5777 εις
643 5711 769 5766 item
788 5712 1019 5783 (Hieron.
1045 5729 1060 5778 ;
1089 5711 1305 5783 Origen.
1323 5753 1338 5777 ,
1363 5712 1587 5769 Tertull.

358 5782 512 5852 (256)
552 5783 750 5837 Saulus
776 5782 958 5852 lupina
983 5783 1123 5838 rabie
1145 5782 1295 5839 mane
1332 5785 1592 5839 involatu.
1633 5784 1712 5840 Ex
1765 5787 1876 5840 Au-

288 5855 505 5931 gustino
526 5854 641 5911 haec
676 5853 909 5928 sumpsit
949 5871 961 5907 :
997 5854 1138 5927 apud
1178 5869 1340 5926 quem
1377 5854 1682 5928 elegantem
1733 5855 1871 5913 hanc

2041 5652 2192 5722 (248)
2230 5652 2526 5731 Conditoris
2551 5656 2658 5727 yles
2684 5667 2732 5712 et
2761 5655 2994 5731 aplanes.
3025 5657 3228 5731 Graecis
3259 5657 3548 5731 away»),

1970 5734 2053 5779 est
2073 5727 2335 5800 materia;
2352 5725 2565 5800 aptanei
2595 5743 2745 5800 vero,
2797 5728 3041 5800 ἀπλανὴς.
3095 5725 3548 5800 εοείωπέιειιὲῖδξ

1974 5811 2109 5849 rum.
2143 5795 2530 5857 Maerob.libr.
2563 5815 2580 5861 ι
2631 5796 2705 5863 De
2732 5815 2906 5861 somn.
2936 5799 3104 5871 Scip.,
3149 5801 3312 5873 capit.
3346 5802 3379 5858 li
3408 5795 3549 5867 et'tt.
