  <div class='ocr_page' id='page_1' title='image "/cluster/home/n/w/nwhite01/storage/ocr_20150623/157/hvd.32044010248185/205.png"; bbox 0 0 3926 6460; ppageno 0'>
   <div class='ocr_carea' id='block_1_1' title="bbox 490 411 591 464">
    <p class='ocr_par' dir='ltr' id='par_1_1' title="bbox 490 411 591 464">
     <span class='ocr_line' id='line_1_1' title="bbox 490 411 591 464; baseline -0.01 0"><span class='ocrx_word' id='word_1_1' title='bbox 490 411 591 464; x_wconf 75' lang='lat'><strong>599</strong></span> 
     </span>
    </p>
   </div>
   <div class='ocr_carea' id='block_1_2' title="bbox 1443 394 3697 456">
    <p class='ocr_par' dir='ltr' id='par_1_2' title="bbox 1443 394 3697 456">
     <span class='ocr_line' id='line_1_2' title="bbox 1443 394 3697 456; baseline -0 -1"><span class='ocrx_word' id='word_1_2' title='bbox 1443 401 1785 456; x_wconf 79' lang='lat' dir='ltr'><strong>TlllllFRIDl</strong></span> <span class='ocrx_word' id='word_1_3' title='bbox 1825 397 2121 453; x_wconf 66' lang='lat' dir='ltr'><strong>ABBATIS</strong></span> <span class='ocrx_word' id='word_1_4' title='bbox 2153 394 2714 451; x_wconf 68' lang='lat' dir='ltr'><strong>EFTI‘IRNACENSIS</strong></span> <span class='ocrx_word' id='word_1_5' title='bbox 3614 401 3697 455; x_wconf 55' lang='lat' dir='ltr'><strong>lito</strong></span> 
     </span>
    </p>
   </div>
   <div class='ocr_carea' id='block_1_3' title="bbox 486 505 3698 592">
    <p class='ocr_par' dir='ltr' id='par_1_3' title="bbox 486 505 3698 592">
     <span class='ocr_line' id='line_1_3' title="bbox 486 505 3698 592; baseline 0.004 -39"><span class='ocrx_word' id='word_1_6' title='bbox 486 526 671 580; x_wconf 57' lang='lat' dir='ltr'><strong>crucis</strong></span> <span class='ocrx_word' id='word_1_7' title='bbox 696 525 1087 592; x_wconf 51' lang='lat' dir='ltr'><strong>restringunt“,-</strong></span> <span class='ocrx_word' id='word_1_8' title='bbox 1116 515 1452 587; x_wconf 74' lang='lat' dir='ltr'><strong>mysterium,</strong></span> <span class='ocrx_word' id='word_1_9' title='bbox 1481 515 1634 582; x_wconf 91' lang='lat' dir='ltr'><strong>quasi</strong></span> <span class='ocrx_word' id='word_1_10' title='bbox 1659 530 1813 582; x_wconf 85' lang='lat' dir='ltr'><strong>poma</strong></span> <span class='ocrx_word' id='word_1_11' title='bbox 1850 522 2063 583; x_wconf 89' lang='lat' dir='ltr'><strong>portant</strong></span> <span class='ocrx_word' id='word_1_12' title='bbox 2097 521 2137 572; x_wconf 77' lang='grc' dir='ltr'><strong>Α</strong></span> <span class='ocrx_word' id='word_1_13' title='bbox 2172 509 2330 562; x_wconf 87' lang='lat' dir='ltr'><strong>linem</strong></span> <span class='ocrx_word' id='word_1_14' title='bbox 2357 507 2630 575; x_wconf 89' lang='lat' dir='ltr'><strong>imponere</strong></span> <span class='ocrx_word' id='word_1_15' title='bbox 2661 505 2790 559; x_wconf 91' lang='lat' dir='ltr'><strong>mihi</strong></span> <span class='ocrx_word' id='word_1_16' title='bbox 2822 515 2903 560; x_wconf 87' lang='lat' dir='ltr'><strong>cst</strong></span> <span class='ocrx_word' id='word_1_17' title='bbox 2930 507 3159 562; x_wconf 90' lang='lat' dir='ltr'><strong>animus.</strong></span> <span class='ocrx_word' id='word_1_18' title='bbox 3205 506 3341 560; x_wconf 78' lang='lat' dir='ltr'><strong>Ante</strong></span> <span class='ocrx_word' id='word_1_19' title='bbox 3368 515 3534 562; x_wconf 87' lang='lat' dir='ltr'><strong>tamen</strong></span> <span class='ocrx_word' id='word_1_20' title='bbox 3570 526 3698 578; x_wconf 83' lang='lat' dir='ltr'><strong>quam</strong></span> 
     </span>
    </p>
   </div>
   <div class='ocr_carea' id='block_1_4' title="bbox 486 606 2061 686">
    <p class='ocr_par' dir='ltr' id='par_1_4' title="bbox 486 606 2061 686">
     <span class='ocr_line' id='line_1_4' title="bbox 486 606 2061 686; baseline -0.008 -16"><span class='ocrx_word' id='word_1_21' title='bbox 486 631 584 685; x_wconf 89' lang='lat' dir='ltr'><strong>per</strong></span> <span class='ocrx_word' id='word_1_22' title='bbox 605 617 829 686; x_wconf 83' lang='lat' dir='ltr'><strong>lignum)</strong></span> <span class='ocrx_word' id='word_1_23' title='bbox 859 616 910 667; x_wconf 93' lang='lat' dir='ltr'><strong>in</strong></span> <span class='ocrx_word' id='word_1_24' title='bbox 931 613 1244 670; x_wconf 88' lang='lat' dir='ltr'><strong>electorum,</strong></span> <span class='ocrx_word' id='word_1_25' title='bbox 1272 609 1512 676; x_wconf 90' lang='lat' dir='ltr'><strong>inquam,</strong></span> <span class='ocrx_word' id='word_1_26' title='bbox 1540 606 1915 675; x_wconf 90' lang='lat' dir='ltr'><strong>qualecunque</strong></span> <span class='ocrx_word' id='word_1_27' title='bbox 1943 621 2061 660; x_wconf 79' lang='lat' dir='ltr'><strong>ma-</strong></span> 
     </span>
    </p>
   </div>
   <div class='ocr_carea' id='block_1_5' title="bbox 487 697 2061 773">
    <p class='ocr_par' dir='ltr' id='par_1_5' title="bbox 487 697 2061 773">
     <span class='ocr_line' id='line_1_5' title="bbox 487 697 2061 773; baseline -0.007 -13"><span class='ocrx_word' id='word_1_28' title='bbox 487 707 676 761; x_wconf 87' lang='lat' dir='ltr'><strong>teriale</strong></span> <span class='ocrx_word' id='word_1_29' title='bbox 703 703 1038 773; x_wconf 85' lang='lat' dir='ltr'><strong>supplicium,</strong></span> <span class='ocrx_word' id='word_1_30' title='bbox 1072 709 1132 752; x_wconf 90' lang='lat' dir='ltr'><strong>ut</strong></span> <span class='ocrx_word' id='word_1_31' title='bbox 1163 697 1322 767; x_wconf 90' lang='lat' dir='ltr'><strong>paulo</strong></span> <span class='ocrx_word' id='word_1_32' title='bbox 1345 698 1606 766; x_wconf 74' lang='lat' dir='ltr'><strong>superius</strong></span> <span class='ocrx_word' id='word_1_33' title='bbox 1641 697 2061 767; x_wconf 69' lang='lat' dir='ltr'><strong>prmlibavimus,</strong></span> 
     </span>
    </p>
   </div>
   <div class='ocr_carea' id='block_1_6' title="bbox 483 791 2062 864">
    <p class='ocr_par' dir='ltr' id='par_1_6' title="bbox 483 791 2062 864">
     <span class='ocr_line' id='line_1_6' title="bbox 483 791 2062 864; baseline -0.004 -13"><span class='ocrx_word' id='word_1_34' title='bbox 483 813 548 850; x_wconf 75' lang='lat' dir='ltr'><strong>ex</strong></span> <span class='ocrx_word' id='word_1_35' title='bbox 581 796 817 864; x_wconf 86' lang='lat' dir='ltr'><strong>ejusdem</strong></span> <span class='ocrx_word' id='word_1_36' title='bbox 849 793 1223 863; x_wconf 89' lang='lat' dir='ltr'><strong>pretiosissimi</strong></span> <span class='ocrx_word' id='word_1_37' title='bbox 1245 791 1373 862; x_wconf 73' lang='lat' dir='ltr'><strong>ligni</strong></span> <span class='ocrx_word' id='word_1_38' title='bbox 1406 800 1622 862; x_wconf 90' lang='lat' dir='ltr'><strong>stayros</strong></span> <span class='ocrx_word' id='word_1_39' title='bbox 1667 792 1863 851; x_wconf 88' lang='lat' dir='ltr'><strong>radice,</strong></span> <span class='ocrx_word' id='word_1_40' title='bbox 1909 791 2062 860; x_wconf 87' lang='lat' dir='ltr'><strong>quasi</strong></span> 
     </span>
    </p>
   </div>
   <div class='ocr_carea' id='block_1_7' title="bbox 481 880 2066 956">
    <p class='ocr_par' dir='ltr' id='par_1_7' title="bbox 481 880 2066 956">
     <span class='ocr_line' id='line_1_7' title="bbox 481 880 2066 956; baseline -0.003 -17"><span class='ocrx_word' id='word_1_41' title='bbox 481 901 580 956; x_wconf 90' lang='lat' dir='ltr'><strong>per</strong></span> <span class='ocrx_word' id='word_1_42' title='bbox 606 883 940 939; x_wconf 89' lang='lat' dir='ltr'><strong>fructiferum</strong></span> <span class='ocrx_word' id='word_1_43' title='bbox 969 883 1233 953; x_wconf 87' lang='lat' dir='ltr'><strong>stipitem,</strong></span> <span class='ocrx_word' id='word_1_44' title='bbox 1275 884 1325 936; x_wconf 92' lang='lat' dir='ltr'><strong>in</strong></span> <span class='ocrx_word' id='word_1_45' title='bbox 1360 897 1541 936; x_wconf 89' lang='lat' dir='ltr'><strong>ramos</strong></span> <span class='ocrx_word' id='word_1_46' title='bbox 1591 897 1812 936; x_wconf 91' lang='lat' dir='ltr'><strong>succum</strong></span> <span class='ocrx_word' id='word_1_47' title='bbox 1855 891 1911 936; x_wconf 90' lang='lat' dir='ltr'><strong>et</strong></span> <span class='ocrx_word' id='word_1_48' title='bbox 1953 880 2066 934; x_wconf 88' lang='lat' dir='ltr'><strong>fru-</strong></span> 
     </span>
    </p>
   </div>
   <div class='ocr_carea' id='block_1_8' title="bbox 482 975 2064 1044">
    <p class='ocr_par' dir='ltr' id='par_1_8' title="bbox 482 975 2064 1044">
     <span class='ocr_line' id='line_1_8' title="bbox 482 975 2064 1044; baseline -0.004 -8"><span class='ocrx_word' id='word_1_49' title='bbox 482 990 627 1037; x_wconf 89' lang='lat' dir='ltr'><strong>ctum</strong></span> <span class='ocrx_word' id='word_1_50' title='bbox 656 979 732 1034; x_wconf 89' lang='lat' dir='ltr'><strong>sic</strong></span> <span class='ocrx_word' id='word_1_51' title='bbox 763 975 1049 1032; x_wconf 86' lang='lat' dir='ltr'><strong>transfodit</strong></span> <span class='ocrx_word' id='word_1_52' title='bbox 1075 975 1264 1030; x_wconf 88' lang='lat' dir='ltr'><strong>salutis</strong></span> <span class='ocrx_word' id='word_1_53' title='bbox 1295 976 1542 1028; x_wconf 69' lang='lat' dir='ltr'><strong>humana:</strong></span> <span class='ocrx_word' id='word_1_54' title='bbox 1563 975 1826 1044; x_wconf 86' lang='lat' dir='ltr'><strong>pretium;</strong></span> <span class='ocrx_word' id='word_1_55' title='bbox 1853 984 1933 1040; x_wconf 98' lang='grc' dir='ltr'>ιιι,</span> <span class='ocrx_word' id='word_1_56' title='bbox 1958 975 2064 1030; x_wconf 84' lang='lat' dir='ltr'><strong>sic-</strong></span> 
     </span>
    </p>
   </div>
   <div class='ocr_carea' id='block_1_9' title="bbox 481 1067 2065 1138">
    <p class='ocr_par' dir='ltr' id='par_1_9' title="bbox 481 1067 2065 1138">
     <span class='ocr_line' id='line_1_9' title="bbox 481 1067 2065 1138; baseline -0.004 -12"><span class='ocrx_word' id='word_1_57' title='bbox 481 1081 541 1126; x_wconf 91' lang='lat' dir='ltr'><strong>ut</strong></span> <span class='ocrx_word' id='word_1_58' title='bbox 581 1081 732 1125; x_wconf 80' lang='lat' dir='ltr'><strong>tanto</strong></span> <span class='ocrx_word' id='word_1_59' title='bbox 761 1069 879 1137; x_wconf 86' lang='lat' dir='ltr'><strong>ejus</strong></span> <span class='ocrx_word' id='word_1_60' title='bbox 917 1068 1156 1138; x_wconf 89' lang='lat' dir='ltr'><strong>patibulo</strong></span> <span class='ocrx_word' id='word_1_61' title='bbox 1210 1067 1340 1122; x_wconf 92' lang='lat' dir='ltr'><strong>nihil</strong></span> <span class='ocrx_word' id='word_1_62' title='bbox 1389 1067 1711 1137; x_wconf 79' lang='lat' dir='ltr'><strong>:cquiparari</strong></span> <span class='ocrx_word' id='word_1_63' title='bbox 1764 1075 1940 1136; x_wconf 92' lang='lat' dir='ltr'><strong>potest</strong></span> <span class='ocrx_word' id='word_1_64' title='bbox 2012 1067 2065 1120; x_wconf 94' lang='lat' dir='ltr'><strong>in</strong></span> 
     </span>
    </p>
   </div>
   <div class='ocr_carea' id='block_1_10' title="bbox 481 1157 2067 1228">
    <p class='ocr_par' dir='ltr' id='par_1_10' title="bbox 481 1157 2067 1228">
     <span class='ocr_line' id='line_1_10' title="bbox 481 1157 2067 1228; baseline -0.006 -8"><span class='ocrx_word' id='word_1_65' title='bbox 481 1175 674 1220; x_wconf 80' lang='lat' dir='ltr'><strong>natura</strong></span> <span class='ocrx_word' id='word_1_66' title='bbox 704 1162 1184 1224; x_wconf 85' lang='lat' dir='ltr'><strong>rerumomnium;</strong></span> <span class='ocrx_word' id='word_1_67' title='bbox 1238 1161 1317 1216; x_wconf 91' lang='lat' dir='ltr'><strong>sic</strong></span> <span class='ocrx_word' id='word_1_68' title='bbox 1359 1159 1491 1214; x_wconf 87' lang='lat' dir='ltr'><strong>nihil</strong></span> <span class='ocrx_word' id='word_1_69' title='bbox 1539 1158 1857 1228; x_wconf 67' lang='lat' dir='ltr'><strong>aequiparari</strong></span> <span class='ocrx_word' id='word_1_70' title='bbox 1898 1157 2067 1226; x_wconf 91' lang='lat' dir='ltr'><strong>possit</strong></span> 
     </span>
    </p>
   </div>
   <div class='ocr_carea' id='block_1_11' title="bbox 484 1248 2067 1328">
    <p class='ocr_par' dir='ltr' id='par_1_11' title="bbox 484 1248 2067 1328">
     <span class='ocr_line' id='line_1_11' title="bbox 484 1248 2067 1328; baseline -0.005 -18"><span class='ocrx_word' id='word_1_71' title='bbox 484 1255 763 1328; x_wconf 88' lang='lat' dir='ltr'><strong>suppliciis</strong></span> <span class='ocrx_word' id='word_1_72' title='bbox 807 1269 996 1308; x_wconf 88' lang='lat' dir='ltr'><strong>eorum</strong></span> <span class='ocrx_word' id='word_1_73' title='bbox 1029 1253 1119 1322; x_wconf 91' lang='lat' dir='ltr'><strong>qui</strong></span> <span class='ocrx_word' id='word_1_74' title='bbox 1151 1253 1397 1320; x_wconf 75' lang='lat' dir='ltr'><strong>stigmata</strong></span> <span class='ocrx_word' id='word_1_75' title='bbox 1440 1248 1569 1303; x_wconf 82' lang='lat' dir='ltr'><strong>Jesu</strong></span> <span class='ocrx_word' id='word_1_76' title='bbox 1613 1251 1666 1303; x_wconf 89' lang='lat' dir='ltr'><strong>in</strong></span> <span class='ocrx_word' id='word_1_77' title='bbox 1714 1266 1930 1319; x_wconf 86' lang='lat' dir='ltr'><strong>corpore</strong></span> <span class='ocrx_word' id='word_1_78' title='bbox 1972 1265 2067 1302; x_wconf 89' lang='lat' dir='ltr'><strong>suo</strong></span> 
     </span>
    </p>
   </div>
   <div class='ocr_carea' id='block_1_12' title="bbox 480 1342 2070 1416">
    <p class='ocr_par' dir='ltr' id='par_1_12' title="bbox 480 1342 2070 1416">
     <span class='ocr_line' id='line_1_12' title="bbox 480 1342 2070 1416; baseline -0.006 -14"><span class='ocrx_word' id='word_1_79' title='bbox 480 1357 746 1414; x_wconf 81' lang='lat' dir='ltr'><strong>portantes</strong></span> <span class='ocrx_word' id='word_1_80' title='bbox 777 1345 923 1416; x_wconf 82' lang='lat' dir='ltr'><strong>(Gal.</strong></span> <span class='ocrx_word' id='word_1_81' title='bbox 955 1361 1029 1407; x_wconf 87' lang='lat' dir='ltr'><strong>vt,</strong></span> <span class='ocrx_word' id='word_1_82' title='bbox 1069 1345 1177 1413; x_wconf 78' lang='grc' dir='ltr'>Π),</span> <span class='ocrx_word' id='word_1_83' title='bbox 1209 1344 1260 1397; x_wconf 92' lang='lat' dir='ltr'><strong>in</strong></span> <span class='ocrx_word' id='word_1_84' title='bbox 1287 1359 1378 1396; x_wconf 85' lang='lat' dir='ltr'><strong>ara</strong></span> <span class='ocrx_word' id='word_1_85' title='bbox 1433 1342 1702 1412; x_wconf 85' lang='lat' dir='ltr'><strong>passionis</strong></span> <span class='ocrx_word' id='word_1_86' title='bbox 1758 1350 2070 1395; x_wconf 89' lang='lat' dir='ltr'><strong>meruerunt</strong></span> 
     </span>
    </p>
   </div>
   <div class='ocr_carea' id='block_1_13' title="bbox 483 1433 2071 1505">
    <p class='ocr_par' dir='ltr' id='par_1_13' title="bbox 483 1433 2071 1505">
     <span class='ocr_line' id='line_1_13' title="bbox 483 1433 2071 1505; baseline -0.006 -12"><span class='ocrx_word' id='word_1_87' title='bbox 483 1453 602 1493; x_wconf 87' lang='lat' dir='ltr'><strong>esse</strong></span> <span class='ocrx_word' id='word_1_88' title='bbox 640 1436 867 1491; x_wconf 85' lang='lat' dir='ltr'><strong>Domino</strong></span> <span class='ocrx_word' id='word_1_89' title='bbox 893 1437 1003 1490; x_wconf 85' lang='lat' dir='ltr'><strong>Deo</strong></span> <span class='ocrx_word' id='word_1_90' title='bbox 1034 1434 1364 1505; x_wconf 89' lang='lat' dir='ltr'><strong>acccptabile</strong></span> <span class='ocrx_word' id='word_1_91' title='bbox 1407 1433 1758 1498; x_wconf 80' lang='lat' dir='ltr'><strong>sacrificium,</strong></span> <span class='ocrx_word' id='word_1_92' title='bbox 1811 1443 1862 1486; x_wconf 88' lang='lat' dir='ltr'><strong>et</strong></span> <span class='ocrx_word' id='word_1_93' title='bbox 1919 1433 2071 1486; x_wconf 91' lang='lat' dir='ltr'><strong>holo-</strong></span> 
     </span>
    </p>
   </div>
   <div class='ocr_carea' id='block_1_14' title="bbox 481 1525 2071 1598">
    <p class='ocr_par' dir='ltr' id='par_1_14' title="bbox 481 1525 2071 1598">
     <span class='ocr_line' id='line_1_14' title="bbox 481 1525 2071 1598; baseline -0.003 -15"><span class='ocrx_word' id='word_1_94' title='bbox 481 1539 726 1584; x_wconf 84' lang='lat' dir='ltr'><strong>caustum</strong></span> <span class='ocrx_word' id='word_1_95' title='bbox 767 1529 966 1598; x_wconf 77' lang='lat' dir='ltr'><strong>pingue</strong></span> <span class='ocrx_word' id='word_1_96' title='bbox 986 1543 1049 1582; x_wconf 88' lang='lat' dir='ltr'><strong>ac</strong></span> <span class='ocrx_word' id='word_1_97' title='bbox 1077 1527 1480 1581; x_wconf 89' lang='lat' dir='ltr'><strong>suavissimum.</strong></span> <span class='ocrx_word' id='word_1_98' title='bbox 1511 1526 1604 1580; x_wconf 84' lang='lat' dir='ltr'><strong>Est</strong></span> <span class='ocrx_word' id='word_1_99' title='bbox 1629 1526 1741 1596; x_wconf 87' lang='lat' dir='ltr'><strong>ipse</strong></span> <span class='ocrx_word' id='word_1_100' title='bbox 1775 1525 1878 1580; x_wconf 89' lang='lat' dir='ltr'><strong>illis</strong></span> <span class='ocrx_word' id='word_1_101' title='bbox 1898 1525 2071 1580; x_wconf 84' lang='lat' dir='ltr'><strong>factus</strong></span> 
     </span>
    </p>
   </div>
   <div class='ocr_carea' id='block_1_15' title="bbox 479 1618 2071 1689">
    <p class='ocr_par' dir='ltr' id='par_1_15' title="bbox 479 1618 2071 1689">
     <span class='ocr_line' id='line_1_15' title="bbox 479 1618 2071 1689; baseline -0.002 -16"><span class='ocrx_word' id='word_1_102' title='bbox 479 1622 598 1683; x_wconf 74' lang='lat' dir='ltr'><strong>via;</strong></span> <span class='ocrx_word' id='word_1_103' title='bbox 632 1621 915 1675; x_wconf 74' lang='lat' dir='ltr'><strong>ambulavit</strong></span> <span class='ocrx_word' id='word_1_104' title='bbox 943 1636 1098 1689; x_wconf 80' lang='lat' dir='ltr'><strong>super</strong></span> <span class='ocrx_word' id='word_1_105' title='bbox 1128 1635 1270 1672; x_wconf 83' lang='lat' dir='ltr'><strong>mare</strong></span> <span class='ocrx_word' id='word_1_106' title='bbox 1300 1618 1512 1688; x_wconf 77' lang='lat' dir='ltr'><strong>(Matth.</strong></span> <span class='ocrx_word' id='word_1_107' title='bbox 1535 1620 1770 1687; x_wconf 60' lang='lat' dir='ltr'><strong>xrv,2ii),</strong></span> <span class='ocrx_word' id='word_1_108' title='bbox 1805 1629 1861 1672; x_wconf 90' lang='lat' dir='ltr'><strong>ut</strong></span> <span class='ocrx_word' id='word_1_109' title='bbox 1885 1628 2071 1671; x_wconf 77' lang='lat' dir='ltr'><strong>osten-</strong></span> 
     </span>
    </p>
   </div>
   <div class='ocr_carea' id='block_1_16' title="bbox 481 1710 2073 1782">
    <p class='ocr_par' dir='ltr' id='par_1_16' title="bbox 481 1710 2073 1782">
     <span class='ocr_line' id='line_1_16' title="bbox 481 1710 2073 1782; baseline -0.003 -14"><span class='ocrx_word' id='word_1_110' title='bbox 481 1715 636 1768; x_wconf 76' lang='lat' dir='ltr'><strong>deret</strong></span> <span class='ocrx_word' id='word_1_111' title='bbox 657 1729 775 1768; x_wconf 89' lang='lat' dir='ltr'><strong>esse</strong></span> <span class='ocrx_word' id='word_1_112' title='bbox 801 1715 854 1766; x_wconf 90' lang='lat' dir='ltr'><strong>in</strong></span> <span class='ocrx_word' id='word_1_113' title='bbox 886 1714 1020 1766; x_wconf 90' lang='lat' dir='ltr'><strong>mari</strong></span> <span class='ocrx_word' id='word_1_114' title='bbox 1048 1713 1182 1766; x_wconf 84' lang='lat' dir='ltr'><strong>riam</strong></span> <span class='ocrx_word' id='word_1_115' title='bbox 1213 1712 1369 1782; x_wconf 73' lang='grc' dir='ltr'><strong>(8ορ.</strong></span> <span class='ocrx_word' id='word_1_116' title='bbox 1406 1728 1520 1774; x_wconf 76' lang='lat' dir='ltr'><strong>xrv,</strong></span> <span class='ocrx_word' id='word_1_117' title='bbox 1547 1713 1625 1777; x_wconf 81' lang='grc'>5),</span> <span class='ocrx_word' id='word_1_118' title='bbox 1653 1712 1746 1765; x_wconf 89' lang='lat' dir='ltr'><strong>sed</strong></span> <span class='ocrx_word' id='word_1_119' title='bbox 1788 1710 1914 1764; x_wconf 91' lang='lat' dir='ltr'><strong>nulli</strong></span> <span class='ocrx_word' id='word_1_120' title='bbox 1953 1726 2073 1780; x_wconf 74' lang='lat' dir='ltr'><strong>per-</strong></span> 
     </span>
    </p>
   </div>
   <div class='ocr_carea' id='block_1_17' title="bbox 485 1803 2073 1873">
    <p class='ocr_par' dir='ltr' id='par_1_17' title="bbox 485 1803 2073 1873">
     <span class='ocr_line' id='line_1_17' title="bbox 485 1803 2073 1873; baseline 0 -17"><span class='ocrx_word' id='word_1_121' title='bbox 485 1806 644 1865; x_wconf 92' lang='lat' dir='ltr'><strong>viam,</strong></span> <span class='ocrx_word' id='word_1_122' title='bbox 673 1805 774 1858; x_wconf 88' lang='lat' dir='ltr'><strong>nisi</strong></span> <span class='ocrx_word' id='word_1_123' title='bbox 799 1805 888 1873; x_wconf 92' lang='lat' dir='ltr'><strong>qui</strong></span> <span class='ocrx_word' id='word_1_124' title='bbox 937 1804 1152 1857; x_wconf 80' lang='lat' dir='ltr'><strong>vehitur</strong></span> <span class='ocrx_word' id='word_1_125' title='bbox 1200 1804 1345 1866; x_wconf 80' lang='lat' dir='ltr'><strong>navi,</strong></span> <span class='ocrx_word' id='word_1_126' title='bbox 1400 1814 1648 1872; x_wconf 73' lang='lat' dir='ltr'><strong>portatur</strong></span> <span class='ocrx_word' id='word_1_127' title='bbox 1704 1803 1870 1873; x_wconf 82' lang='lat' dir='ltr'><strong>ligno,</strong></span> <span class='ocrx_word' id='word_1_128' title='bbox 1912 1820 2073 1857; x_wconf 87' lang='lat' dir='ltr'><strong>cruce</strong></span> 
     </span>
    </p>
   </div>
   <div class='ocr_carea' id='block_1_18' title="bbox 2168 597 3702 670">
    <p class='ocr_par' dir='ltr' id='par_1_18' title="bbox 2168 597 3702 670">
     <span class='ocr_line' id='line_1_18' title="bbox 2168 597 3702 670; baseline 0.003 -19"><span class='ocrx_word' id='word_1_129' title='bbox 2168 607 2478 668; x_wconf 75' lang='lat' dir='ltr'><strong>exspectato</strong></span> <span class='ocrx_word' id='word_1_130' title='bbox 2506 600 2704 667; x_wconf 85' lang='lat' dir='ltr'><strong>potitus</strong></span> <span class='ocrx_word' id='word_1_131' title='bbox 2725 597 2906 650; x_wconf 81' lang='lat' dir='ltr'><strong>littore</strong></span> <span class='ocrx_word' id='word_1_132' title='bbox 2934 597 3173 652; x_wconf 82' lang='lat' dir='ltr'><strong>celeuma</strong></span> <span class='ocrx_word' id='word_1_133' title='bbox 3211 598 3331 652; x_wconf 68' lang='lat' dir='ltr'><strong>laeto</strong></span> <span class='ocrx_word' id='word_1_134' title='bbox 3348 599 3604 654; x_wconf 76' lang='lat' dir='ltr'><strong>det-antem</strong></span> <span class='ocrx_word' id='word_1_135' title='bbox 3635 619 3702 670; x_wconf 84' lang='lat' dir='ltr'><strong>pe-</strong></span> 
     </span>
    </p>
   </div>
   <div class='ocr_carea' id='block_1_19' title="bbox 2168 689 3704 761">
    <p class='ocr_par' dir='ltr' id='par_1_19' title="bbox 2168 689 3704 761">
     <span class='ocr_line' id='line_1_19' title="bbox 2168 689 3704 761; baseline 0.003 -19"><span class='ocrx_word' id='word_1_136' title='bbox 2168 704 2337 756; x_wconf 85' lang='lat' dir='ltr'><strong>ctore,</strong></span> <span class='ocrx_word' id='word_1_137' title='bbox 2361 699 2414 742; x_wconf 89' lang='lat' dir='ltr'><strong>et</strong></span> <span class='ocrx_word' id='word_1_138' title='bbox 2445 702 2746 759; x_wconf 76' lang='lat' dir='ltr'><strong>tympanum</strong></span> <span class='ocrx_word' id='word_1_139' title='bbox 2779 699 2966 743; x_wconf 77' lang='lat' dir='ltr'><strong>tenens</strong></span> <span class='ocrx_word' id='word_1_140' title='bbox 3001 706 3116 741; x_wconf 90' lang='lat' dir='ltr'><strong>cum</strong></span> <span class='ocrx_word' id='word_1_141' title='bbox 3174 689 3351 743; x_wconf 83' lang='lat' dir='ltr'><strong>Maria</strong></span> <span class='ocrx_word' id='word_1_142' title='bbox 3400 689 3583 761; x_wconf 72' lang='lat' dir='ltr'><strong>(EI-0d.</strong></span> <span class='ocrx_word' id='word_1_143' title='bbox 3635 710 3704 755; x_wconf 77' lang='lat' dir='ltr'><strong>xv,</strong></span> 
     </span>
    </p>
   </div>
   <div class='ocr_carea' id='block_1_20' title="bbox 2167 783 3707 853">
    <p class='ocr_par' dir='ltr' id='par_1_20' title="bbox 2167 783 3707 853">
     <span class='ocr_line' id='line_1_20' title="bbox 2167 783 3707 853; baseline 0.001 -16"><span class='ocrx_word' id='word_1_144' title='bbox 2167 784 2280 853; x_wconf 83' lang='lat'><strong>20),</strong></span> <span class='ocrx_word' id='word_1_145' title='bbox 2340 783 2686 836; x_wconf 87' lang='lat' dir='ltr'><strong>lsracliticum</strong></span> <span class='ocrx_word' id='word_1_146' title='bbox 2749 783 3000 852; x_wconf 88' lang='lat' dir='ltr'><strong>populum</strong></span> <span class='ocrx_word' id='word_1_147' title='bbox 3065 785 3422 850; x_wconf 60' lang='lat' dir='ltr'><strong>pra&#39;cedenle,</strong></span> <span class='ocrx_word' id='word_1_148' title='bbox 3470 786 3707 840; x_wconf 84' lang='lat' dir='ltr'><strong>concinam</strong></span> 
     </span>
    </p>
   </div>
   <div class='ocr_carea' id='block_1_21' title="bbox 2169 876 3710 945">
    <p class='ocr_par' dir='ltr' id='par_1_21' title="bbox 2169 876 3710 945">
     <span class='ocr_line' id='line_1_21' title="bbox 2169 876 3710 945; baseline 0.001 -15"><span class='ocrx_word' id='word_1_149' title='bbox 2169 877 2438 930; x_wconf 73' lang='lat' dir='ltr'><strong>canticum</strong></span> <span class='ocrx_word' id='word_1_150' title='bbox 2473 876 2737 939; x_wconf 70' lang='lat' dir='ltr'><strong>victoriae;</strong></span> <span class='ocrx_word' id='word_1_151' title='bbox 2793 884 2958 938; x_wconf 88' lang='lat' dir='ltr'><strong>ante,</strong></span> <span class='ocrx_word' id='word_1_152' title='bbox 3002 877 3256 943; x_wconf 88' lang='lat' dir='ltr'><strong>inquam,</strong></span> <span class='ocrx_word' id='word_1_153' title='bbox 3313 891 3430 930; x_wconf 88' lang='lat' dir='ltr'><strong>mea</strong></span> <span class='ocrx_word' id='word_1_154' title='bbox 3493 876 3710 945; x_wconf 84' lang='lat' dir='ltr'><strong>interest,</strong></span> 
     </span>
    </p>
   </div>
   <div class='ocr_carea' id='block_1_22' title="bbox 2168 968 3714 1039">
    <p class='ocr_par' dir='ltr' id='par_1_22' title="bbox 2168 968 3714 1039">
     <span class='ocr_line' id='line_1_22' title="bbox 2168 968 3714 1039; baseline 0.003 -17"><span class='ocrx_word' id='word_1_155' title='bbox 2168 987 2330 1039; x_wconf 88' lang='lat' dir='ltr'><strong>quam</strong></span> <span class='ocrx_word' id='word_1_156' title='bbox 2359 970 2637 1024; x_wconf 83' lang='lat' dir='ltr'><strong>verissime</strong></span> <span class='ocrx_word' id='word_1_157' title='bbox 2695 969 2879 1038; x_wconf 84' lang='lat' dir='ltr'><strong>paucis</strong></span> <span class='ocrx_word' id='word_1_158' title='bbox 2932 968 3236 1034; x_wconf 66' lang='lat' dir='ltr'><strong>al.30lvere,</strong></span> <span class='ocrx_word' id='word_1_159' title='bbox 3291 985 3460 1039; x_wconf 78' lang='lat' dir='ltr'><strong>quate</strong></span> <span class='ocrx_word' id='word_1_160' title='bbox 3503 985 3562 1024; x_wconf 88' lang='lat' dir='ltr'><strong>ac</strong></span> <span class='ocrx_word' id='word_1_161' title='bbox 3602 975 3714 1028; x_wconf 76' lang='lat' dir='ltr'><strong>unde</strong></span> 
     </span>
    </p>
   </div>
   <div class='ocr_carea' id='block_1_23' title="bbox 2174 1058 3715 1128">
    <p class='ocr_par' dir='ltr' id='par_1_23' title="bbox 2174 1058 3715 1128">
     <span class='ocr_line' id='line_1_23' title="bbox 2174 1058 3715 1128; baseline 0.001 -14"><span class='ocrx_word' id='word_1_162' title='bbox 2174 1070 2316 1114; x_wconf 87' lang='lat' dir='ltr'><strong>tanta</strong></span> <span class='ocrx_word' id='word_1_163' title='bbox 2344 1061 2444 1114; x_wconf 89' lang='lat' dir='ltr'><strong>sim</strong></span> <span class='ocrx_word' id='word_1_164' title='bbox 2473 1068 2734 1114; x_wconf 89' lang='lat' dir='ltr'><strong>altraclus</strong></span> <span class='ocrx_word' id='word_1_165' title='bbox 2761 1069 2812 1113; x_wconf 91' lang='lat' dir='ltr'><strong>et</strong></span> <span class='ocrx_word' id='word_1_166' title='bbox 2853 1058 3062 1112; x_wconf 82' lang='lat' dir='ltr'><strong>illectus</strong></span> <span class='ocrx_word' id='word_1_167' title='bbox 3113 1060 3385 1128; x_wconf 75' lang='lat' dir='ltr'><strong>cupitline,</strong></span> <span class='ocrx_word' id='word_1_168' title='bbox 3435 1069 3490 1112; x_wconf 94' lang='lat' dir='ltr'><strong>ut</strong></span> <span class='ocrx_word' id='word_1_169' title='bbox 3538 1060 3715 1116; x_wconf 75' lang='lat' dir='ltr'><strong>didicil-</strong></span> 
     </span>
    </p>
   </div>
   <div class='ocr_carea' id='block_1_24' title="bbox 2172 1153 3718 1224">
    <p class='ocr_par' dir='ltr' id='par_1_24' title="bbox 2172 1153 3718 1224">
     <span class='ocr_line' id='line_1_24' title="bbox 2172 1153 3718 1224; baseline 0.002 -17"><span class='ocrx_word' id='word_1_170' title='bbox 2172 1156 2310 1208; x_wconf 81' lang='lat' dir='ltr'><strong>liune</strong></span> <span class='ocrx_word' id='word_1_171' title='bbox 2333 1172 2395 1209; x_wconf 90' lang='lat' dir='ltr'><strong>ac</strong></span> <span class='ocrx_word' id='word_1_172' title='bbox 2419 1155 2573 1224; x_wconf 83' lang='lat' dir='ltr'><strong>longe</strong></span> <span class='ocrx_word' id='word_1_173' title='bbox 2604 1153 3047 1208; x_wconf 83' lang='lat' dir='ltr'><strong>eminentioribus</strong></span> <span class='ocrx_word' id='word_1_174' title='bbox 3072 1155 3303 1222; x_wconf 79' lang='lat' dir='ltr'><strong>ingeniis</strong></span> <span class='ocrx_word' id='word_1_175' title='bbox 3331 1154 3380 1206; x_wconf 93' lang='lat' dir='ltr'><strong>in</strong></span> <span class='ocrx_word' id='word_1_176' title='bbox 3431 1153 3478 1207; x_wconf 88' lang='lat' dir='ltr'><strong>id</strong></span> <span class='ocrx_word' id='word_1_177' title='bbox 3504 1157 3718 1223; x_wconf 78' lang='lat' dir='ltr'><strong>temporis</strong></span> 
     </span>
    </p>
   </div>
   <div class='ocr_carea' id='block_1_25' title="bbox 2173 1245 3720 1316">
    <p class='ocr_par' dir='ltr' id='par_1_25' title="bbox 2173 1245 3720 1316">
     <span class='ocr_line' id='line_1_25' title="bbox 2173 1245 3720 1316; baseline 0.003 -16"><span class='ocrx_word' id='word_1_178' title='bbox 2173 1248 2447 1302; x_wconf 69' lang='lat' dir='ltr'><strong>intentata:</strong></span> <span class='ocrx_word' id='word_1_179' title='bbox 2488 1247 2748 1310; x_wconf 70' lang='lat' dir='ltr'><strong>materiae,</strong></span> <span class='ocrx_word' id='word_1_180' title='bbox 2799 1247 3096 1301; x_wconf 59' lang='lat' dir='ltr'><strong>tenuissimi</strong></span> <span class='ocrx_word' id='word_1_181' title='bbox 3145 1245 3396 1316; x_wconf 82' lang='lat' dir='ltr'><strong>ingenioli</strong></span> <span class='ocrx_word' id='word_1_182' title='bbox 3444 1246 3542 1299; x_wconf 91' lang='lat' dir='ltr'><strong>mei</strong></span> <span class='ocrx_word' id='word_1_183' title='bbox 3589 1263 3720 1304; x_wconf 87' lang='lat' dir='ltr'><strong>ausus</strong></span> 
     </span>
    </p>
   </div>
   <div class='ocr_carea' id='block_1_26' title="bbox 2171 1339 3720 1408">
    <p class='ocr_par' dir='ltr' id='par_1_26' title="bbox 2171 1339 3720 1408">
     <span class='ocr_line' id='line_1_26' title="bbox 2171 1339 3720 1408; baseline -0.001 -13"><span class='ocrx_word' id='word_1_184' title='bbox 2171 1345 2271 1396; x_wconf 88' lang='lat' dir='ltr'><strong>sim</strong></span> <span class='ocrx_word' id='word_1_185' title='bbox 2301 1357 2517 1395; x_wconf 89' lang='lat' dir='ltr'><strong>mantnn</strong></span> <span class='ocrx_word' id='word_1_186' title='bbox 2550 1341 2820 1401; x_wconf 83' lang='lat' dir='ltr'><strong>inserere;</strong></span> <span class='ocrx_word' id='word_1_187' title='bbox 2877 1351 2931 1395; x_wconf 93' lang='lat' dir='ltr'><strong>et</strong></span> <span class='ocrx_word' id='word_1_188' title='bbox 2983 1339 3219 1394; x_wconf 80' lang='lat' dir='ltr'><strong>conlisus</strong></span> <span class='ocrx_word' id='word_1_189' title='bbox 3271 1339 3321 1392; x_wconf 93' lang='lat' dir='ltr'><strong>iu</strong></span> <span class='ocrx_word' id='word_1_190' title='bbox 3378 1340 3720 1408; x_wconf 80' lang='lat' dir='ltr'><strong>aspirationem</strong></span> 
     </span>
    </p>
   </div>
   <div class='ocr_carea' id='block_1_27' title="bbox 2170 1433 3722 1504">
    <p class='ocr_par' dir='ltr' id='par_1_27' title="bbox 2170 1433 3722 1504">
     <span class='ocr_line' id='line_1_27' title="bbox 2170 1433 3722 1504; baseline 0.001 -18"><span class='ocrx_word' id='word_1_191' title='bbox 2170 1437 2412 1490; x_wconf 88' lang='lat' dir='ltr'><strong>omnium</strong></span> <span class='ocrx_word' id='word_1_192' title='bbox 2449 1435 2734 1504; x_wconf 91' lang='lat' dir='ltr'><strong>spirituum</strong></span> <span class='ocrx_word' id='word_1_193' title='bbox 2789 1435 3128 1493; x_wconf 85' lang='lat' dir='ltr'><strong>Conditoris.</strong></span> <span class='ocrx_word' id='word_1_194' title='bbox 3167 1443 3220 1486; x_wconf 91' lang='lat' dir='ltr'><strong>et</strong></span> <span class='ocrx_word' id='word_1_195' title='bbox 3268 1433 3478 1487; x_wconf 87' lang='lat' dir='ltr'><strong>Domini</strong></span> <span class='ocrx_word' id='word_1_196' title='bbox 3528 1433 3722 1502; x_wconf 79' lang='lat' dir='ltr'><strong>Spiritus</strong></span> 
     </span>
    </p>
   </div>
   <div class='ocr_carea' id='block_1_28' title="bbox 2171 1526 3720 1598">
    <p class='ocr_par' dir='ltr' id='par_1_28' title="bbox 2171 1526 3720 1598">
     <span class='ocr_line' id='line_1_28' title="bbox 2171 1526 3720 1598; baseline 0 -17"><span class='ocrx_word' id='word_1_197' title='bbox 2171 1528 2343 1582; x_wconf 83' lang='lat' dir='ltr'><strong>sancti</strong></span> <span class='ocrx_word' id='word_1_198' title='bbox 2370 1528 2648 1597; x_wconf 71' lang='lat' dir='ltr'><strong>parat-leti,</strong></span> <span class='ocrx_word' id='word_1_199' title='bbox 2674 1529 3103 1598; x_wconf 52' lang='lat' dir='ltr'><strong>praesumpserim</strong></span> <span class='ocrx_word' id='word_1_200' title='bbox 3135 1527 3247 1579; x_wconf 87' lang='lat' dir='ltr'><strong>vela</strong></span> <span class='ocrx_word' id='word_1_201' title='bbox 3301 1526 3635 1594; x_wconf 83' lang='lat' dir='ltr'><strong>suspendere,</strong></span> <span class='ocrx_word' id='word_1_202' title='bbox 3680 1538 3720 1581; x_wconf 84' lang='lat' dir='ltr'><strong>rt</strong></span> 
     </span>
    </p>
   </div>
   <div class='ocr_carea' id='block_1_29' title="bbox 2171 1619 3719 1688">
    <p class='ocr_par' dir='ltr' id='par_1_29' title="bbox 2171 1619 3719 1688">
     <span class='ocr_line' id='line_1_29' title="bbox 2171 1619 3719 1688; baseline -0.002 -14"><span class='ocrx_word' id='word_1_203' title='bbox 2171 1620 2287 1684; x_wconf 82' lang='lat' dir='ltr'><strong>ejus</strong></span> <span class='ocrx_word' id='word_1_204' title='bbox 2313 1621 2539 1688; x_wconf 78' lang='lat' dir='ltr'><strong>benigna</strong></span> <span class='ocrx_word' id='word_1_205' title='bbox 2573 1621 2839 1674; x_wconf 88' lang='lat' dir='ltr'><strong>cbaritale</strong></span> <span class='ocrx_word' id='word_1_206' title='bbox 2863 1636 2927 1672; x_wconf 91' lang='lat' dir='ltr'><strong>ae</strong></span> <span class='ocrx_word' id='word_1_207' title='bbox 2954 1620 3287 1688; x_wconf 77' lang='lat' dir='ltr'><strong>dignatione,</strong></span> <span class='ocrx_word' id='word_1_208' title='bbox 3347 1619 3553 1673; x_wconf 86' lang='lat' dir='ltr'><strong>clavum</strong></span> <span class='ocrx_word' id='word_1_209' title='bbox 3601 1619 3719 1688; x_wconf 73' lang='lat'><strong>(250)</strong></span> 
     </span>
    </p>
   </div>
   <div class='ocr_carea' id='block_1_30' title="bbox 2173 1711 3723 1781">
    <p class='ocr_par' dir='ltr' id='par_1_30' title="bbox 2173 1711 3723 1781">
     <span class='ocr_line' id='line_1_30' title="bbox 2173 1711 3723 1781; baseline 0.001 -16"><span class='ocrx_word' id='word_1_210' title='bbox 2173 1721 2412 1781; x_wconf 82' lang='lat' dir='ltr'><strong>regente,</strong></span> <span class='ocrx_word' id='word_1_211' title='bbox 2447 1712 2628 1766; x_wconf 66' lang='lat' dir='ltr'><strong>Malea:</strong></span> <span class='ocrx_word' id='word_1_212' title='bbox 2682 1713 3130 1780; x_wconf 83' lang='lat' dir='ltr'><strong>persecutricibus</strong></span> <span class='ocrx_word' id='word_1_213' title='bbox 3181 1712 3339 1765; x_wconf 91' lang='lat' dir='ltr'><strong>undis</strong></span> <span class='ocrx_word' id='word_1_214' title='bbox 3397 1711 3580 1766; x_wconf 70' lang='lat' dir='ltr'><strong>mentis</strong></span> <span class='ocrx_word' id='word_1_215' title='bbox 3619 1730 3723 1766; x_wconf 74' lang='lat' dir='ltr'><strong>nicze</strong></span> 
     </span>
    </p>
   </div>
   <div class='ocr_carea' id='block_1_31' title="bbox 2175 1803 3722 1874">
    <p class='ocr_par' dir='ltr' id='par_1_31' title="bbox 2175 1803 3722 1874">
     <span class='ocr_line' id='line_1_31' title="bbox 2175 1803 3722 1874; baseline 0.001 -18"><span class='ocrx_word' id='word_1_216' title='bbox 2175 1805 2354 1859; x_wconf 81' lang='lat' dir='ltr'><strong>navim</strong></span> <span class='ocrx_word' id='word_1_217' title='bbox 2381 1805 2622 1858; x_wconf 75' lang='lat' dir='ltr'><strong>credere.</strong></span> <span class='ocrx_word' id='word_1_218' title='bbox 2656 1803 2818 1873; x_wconf 81' lang='lat' dir='ltr'><strong>Igitur</strong></span> <span class='ocrx_word' id='word_1_219' title='bbox 2842 1804 3081 1872; x_wconf 77' lang='lat' dir='ltr'><strong>ejusdem</strong></span> <span class='ocrx_word' id='word_1_220' title='bbox 3110 1805 3556 1874; x_wconf 79' lang='lat' dir='ltr'><strong>iucircuniscripti</strong></span> <span class='ocrx_word' id='word_1_221' title='bbox 3596 1808 3722 1874; x_wconf 82' lang='lat' dir='ltr'><strong>spiri-</strong></span> 
     </span>
    </p>
   </div>
   <div class='ocr_carea' id='block_1_32' title="bbox 483 1874 3721 1968">
    <p class='ocr_par' dir='ltr' id='par_1_32' title="bbox 483 1874 3721 1968">
     <span class='ocr_line' id='line_1_32' title="bbox 483 1874 3721 1968; baseline 0.001 -18"><span class='ocrx_word' id='word_1_222' title='bbox 483 1898 735 1952; x_wconf 84' lang='lat' dir='ltr'><strong>videlicet</strong></span> <span class='ocrx_word' id='word_1_223' title='bbox 769 1898 1066 1952; x_wconf 89' lang='lat' dir='ltr'><strong>Dominica.</strong></span> <span class='ocrx_word' id='word_1_224' title='bbox 1102 1897 1253 1951; x_wconf 84' lang='lat' dir='ltr'><strong>Sicut</strong></span> <span class='ocrx_word' id='word_1_225' title='bbox 1285 1911 1381 1964; x_wconf 91' lang='lat' dir='ltr'><strong>per</strong></span> <span class='ocrx_word' id='word_1_226' title='bbox 1411 1907 1638 1950; x_wconf 87' lang='lat' dir='ltr'><strong>mortem</strong></span> <span class='ocrx_word' id='word_1_227' title='bbox 1668 1897 1924 1964; x_wconf 81' lang='lat' dir='ltr'><strong>unigeniti</strong></span> <span class='ocrx_word' id='word_1_228' title='bbox 1953 1896 2068 1950; x_wconf 80' lang='lat' dir='ltr'><strong>Filii</strong></span> <span class='ocrx_word' id='word_1_229' title='bbox 2107 1874 2147 1926; x_wconf 64' lang='grc' dir='ltr'>Β</span> <span class='ocrx_word' id='word_1_230' title='bbox 2178 1909 2260 1950; x_wconf 85' lang='lat' dir='ltr'><strong>Ius</strong></span> <span class='ocrx_word' id='word_1_231' title='bbox 2311 1898 2703 1968; x_wconf 79' lang='lat' dir='ltr'><strong>arehysterium</strong></span> <span class='ocrx_word' id='word_1_232' title='bbox 2739 1937 2752 1959; x_wconf 94' lang='lat'><strong>,</strong></span> <span class='ocrx_word' id='word_1_233' title='bbox 2813 1907 3014 1951; x_wconf 77' lang='lat' dir='ltr'><strong>sancta:</strong></span> <span class='ocrx_word' id='word_1_234' title='bbox 3066 1896 3466 1953; x_wconf 83' lang='lat' dir='ltr'><strong>Efteruacensis</strong></span> <span class='ocrx_word' id='word_1_235' title='bbox 3509 1899 3721 1953; x_wconf 68' lang='lat' dir='ltr'><strong>Ecclesia:</strong></span> 
     </span>
    </p>
   </div>
   <div class='ocr_carea' id='block_1_33' title="bbox 489 1987 2068 2059">
    <p class='ocr_par' dir='ltr' id='par_1_33' title="bbox 489 1987 2068 2059">
     <span class='ocr_line' id='line_1_33' title="bbox 489 1987 2068 2059; baseline -0.001 -15"><span class='ocrx_word' id='word_1_236' title='bbox 489 1991 603 2052; x_wconf 84' lang='lat' dir='ltr'><strong>Dei,</strong></span> <span class='ocrx_word' id='word_1_237' title='bbox 633 1990 859 2059; x_wconf 84' lang='lat' dir='ltr'><strong>pretiosa</strong></span> <span class='ocrx_word' id='word_1_238' title='bbox 888 1998 970 2044; x_wconf 89' lang='lat' dir='ltr'><strong>est</strong></span> <span class='ocrx_word' id='word_1_239' title='bbox 992 2005 1132 2042; x_wconf 87' lang='lat' dir='ltr'><strong>mors</strong></span> <span class='ocrx_word' id='word_1_240' title='bbox 1155 1990 1387 2042; x_wconf 88' lang='lat' dir='ltr'><strong>omnium</strong></span> <span class='ocrx_word' id='word_1_241' title='bbox 1415 1987 1692 2042; x_wconf 82' lang='lat' dir='ltr'><strong>electorum</strong></span> <span class='ocrx_word' id='word_1_242' title='bbox 1750 1988 1844 2042; x_wconf 87' lang='lat' dir='ltr'><strong>Dei</strong></span> <span class='ocrx_word' id='word_1_243' title='bbox 1896 1987 2068 2056; x_wconf 73' lang='lat' dir='ltr'><strong>(Psal.</strong></span> 
     </span>
    </p>
   </div>
   <div class='ocr_carea' id='block_1_34' title="bbox 482 2079 2072 2153">
    <p class='ocr_par' dir='ltr' id='par_1_34' title="bbox 482 2079 2072 2153">
     <span class='ocr_line' id='line_1_34' title="bbox 482 2079 2072 2153; baseline -0.004 -16"><span class='ocrx_word' id='word_1_244' title='bbox 482 2099 612 2146; x_wconf 78' lang='lat' dir='ltr'><strong>cxv,</strong></span> <span class='ocrx_word' id='word_1_245' title='bbox 643 2082 750 2153; x_wconf 81' lang='grc'>15),</span> <span class='ocrx_word' id='word_1_246' title='bbox 783 2082 860 2136; x_wconf 88' lang='lat' dir='ltr'><strong>sic</strong></span> <span class='ocrx_word' id='word_1_247' title='bbox 888 2096 983 2152; x_wconf 91' lang='lat' dir='ltr'><strong>per</strong></span> <span class='ocrx_word' id='word_1_248' title='bbox 1004 2079 1245 2148; x_wconf 87' lang='lat' dir='ltr'><strong>ejusdem</strong></span> <span class='ocrx_word' id='word_1_249' title='bbox 1278 2079 1514 2134; x_wconf 89' lang='lat' dir='ltr'><strong>salutare</strong></span> <span class='ocrx_word' id='word_1_250' title='bbox 1550 2079 1893 2149; x_wconf 87' lang='lat' dir='ltr'><strong>supplicium,</strong></span> <span class='ocrx_word' id='word_1_251' title='bbox 1927 2080 2072 2132; x_wconf 83' lang='lat' dir='ltr'><strong>salo-</strong></span> 
     </span>
    </p>
   </div>
   <div class='ocr_carea' id='block_1_35' title="bbox 487 2171 2076 2240">
    <p class='ocr_par' dir='ltr' id='par_1_35' title="bbox 487 2171 2076 2240">
     <span class='ocr_line' id='line_1_35' title="bbox 487 2171 2076 2240; baseline -0.002 -12"><span class='ocrx_word' id='word_1_252' title='bbox 487 2176 645 2231; x_wconf 78' lang='lat' dir='ltr'><strong>ti‘fera</strong></span> <span class='ocrx_word' id='word_1_253' title='bbox 669 2185 724 2230; x_wconf 88' lang='lat' dir='ltr'><strong>et</strong></span> <span class='ocrx_word' id='word_1_254' title='bbox 746 2184 1061 2230; x_wconf 89' lang='lat' dir='ltr'><strong>consecrata</strong></span> <span class='ocrx_word' id='word_1_255' title='bbox 1085 2183 1211 2226; x_wconf 90' lang='lat' dir='ltr'><strong>sunt</strong></span> <span class='ocrx_word' id='word_1_256' title='bbox 1234 2173 1415 2227; x_wconf 86' lang='lat' dir='ltr'><strong>omnia</strong></span> <span class='ocrx_word' id='word_1_257' title='bbox 1440 2187 1628 2226; x_wconf 87' lang='lat' dir='ltr'><strong>eorum</strong></span> <span class='ocrx_word' id='word_1_258' title='bbox 1679 2171 1943 2240; x_wconf 90' lang='lat' dir='ltr'><strong>supplicia</strong></span> <span class='ocrx_word' id='word_1_259' title='bbox 1979 2188 2076 2240; x_wconf 90' lang='lat' dir='ltr'><strong>pro</strong></span> 
     </span>
    </p>
   </div>
   <div class='ocr_carea' id='block_1_36' title="bbox 483 2262 1128 2334">
    <p class='ocr_par' dir='ltr' id='par_1_36' title="bbox 483 2262 1128 2334">
     <span class='ocr_line' id='line_1_36' title="bbox 483 2262 1128 2334; baseline -0.008 -15"><span class='ocrx_word' id='word_1_260' title='bbox 483 2265 695 2319; x_wconf 81' lang='lat' dir='ltr'><strong>honore</strong></span> <span class='ocrx_word' id='word_1_261' title='bbox 720 2280 783 2319; x_wconf 90' lang='lat' dir='ltr'><strong>ac</strong></span> <span class='ocrx_word' id='word_1_262' title='bbox 812 2263 981 2334; x_wconf 83' lang='lat' dir='ltr'><strong>gloria</strong></span> <span class='ocrx_word' id='word_1_263' title='bbox 1017 2262 1128 2314; x_wconf 86' lang='lat' dir='ltr'><strong>Dei.</strong></span> 
     </span>
    </p>
   </div>
   <div class='ocr_carea' id='block_1_37' title="bbox 561 2351 2078 2424">
    <p class='ocr_par' dir='ltr' id='par_1_37' title="bbox 561 2351 2078 2424">
     <span class='ocr_line' id='line_1_37' title="bbox 561 2351 2078 2424; baseline -0.003 -15"><span class='ocrx_word' id='word_1_264' title='bbox 561 2357 714 2410; x_wconf 79' lang='lat' dir='ltr'><strong>Sicut</strong></span> <span class='ocrx_word' id='word_1_265' title='bbox 744 2372 839 2424; x_wconf 92' lang='lat' dir='ltr'><strong>per</strong></span> <span class='ocrx_word' id='word_1_266' title='bbox 871 2356 1250 2409; x_wconf 90' lang='lat' dir='ltr'><strong>iutiuctionem</strong></span> <span class='ocrx_word' id='word_1_267' title='bbox 1301 2354 1632 2408; x_wconf 90' lang='lat' dir='ltr'><strong>sacrosancti</strong></span> <span class='ocrx_word' id='word_1_268' title='bbox 1686 2354 1930 2422; x_wconf 91' lang='lat' dir='ltr'><strong>corporis</strong></span> <span class='ocrx_word' id='word_1_269' title='bbox 1961 2351 2078 2420; x_wconf 83' lang='lat' dir='ltr'><strong>ejus</strong></span> 
     </span>
    </p>
   </div>
   <div class='ocr_carea' id='block_1_38' title="bbox 489 2446 2074 2515">
    <p class='ocr_par' dir='ltr' id='par_1_38' title="bbox 489 2446 2074 2515">
     <span class='ocr_line' id='line_1_38' title="bbox 489 2446 2074 2515; baseline -0.003 -13"><span class='ocrx_word' id='word_1_270' title='bbox 489 2451 544 2503; x_wconf 85' lang='lat' dir='ltr'><strong>in</strong></span> <span class='ocrx_word' id='word_1_271' title='bbox 572 2447 807 2502; x_wconf 52' lang='lat' dir='ltr'><strong>Jortlane</strong></span> <span class='ocrx_word' id='word_1_272' title='bbox 835 2447 1048 2514; x_wconf 69' lang='lat' dir='ltr'><strong>(illattli.</strong></span> <span class='ocrx_word' id='word_1_273' title='bbox 1075 2463 1159 2511; x_wconf 93' lang='grc' dir='ltr'>ιιι,</span> <span class='ocrx_word' id='word_1_274' title='bbox 1185 2448 1294 2514; x_wconf 78' lang='lat' dir='ltr'><strong>lli),</strong></span> <span class='ocrx_word' id='word_1_275' title='bbox 1319 2447 1372 2500; x_wconf 92' lang='lat' dir='ltr'><strong>in</strong></span> <span class='ocrx_word' id='word_1_276' title='bbox 1405 2462 1596 2501; x_wconf 88' lang='lat' dir='ltr'><strong>oumes</strong></span> <span class='ocrx_word' id='word_1_277' title='bbox 1622 2462 1809 2515; x_wconf 85' lang='lat' dir='ltr'><strong>aquas,</strong></span> <span class='ocrx_word' id='word_1_278' title='bbox 1848 2446 2074 2499; x_wconf 80' lang='lat' dir='ltr'><strong>ubicun-</strong></span> 
     </span>
    </p>
   </div>
   <div class='ocr_carea' id='block_1_39' title="bbox 487 2538 2079 2608">
    <p class='ocr_par' dir='ltr' id='par_1_39' title="bbox 487 2538 2079 2608">
     <span class='ocr_line' id='line_1_39' title="bbox 487 2538 2079 2608; baseline -0.001 -16"><span class='ocrx_word' id='word_1_279' title='bbox 487 2557 595 2608; x_wconf 90' lang='lat' dir='ltr'><strong>que</strong></span> <span class='ocrx_word' id='word_1_280' title='bbox 618 2539 683 2593; x_wconf 89' lang='lat' dir='ltr'><strong>ad</strong></span> <span class='ocrx_word' id='word_1_281' title='bbox 708 2539 1027 2608; x_wconf 84' lang='lat' dir='ltr'><strong>baptismum</strong></span> <span class='ocrx_word' id='word_1_282' title='bbox 1063 2539 1496 2608; x_wconf 68' lang='lat' dir='ltr'><strong>prazdestinatas,</strong></span> <span class='ocrx_word' id='word_1_283' title='bbox 1551 2539 1851 2592; x_wconf 77' lang='lat' dir='ltr'><strong>transmisit</strong></span> <span class='ocrx_word' id='word_1_284' title='bbox 1879 2538 2079 2591; x_wconf 84' lang='lat' dir='ltr'><strong>sancti-</strong></span> 
     </span>
    </p>
   </div>
   <div class='ocr_carea' id='block_1_40' title="bbox 494 2629 2080 2700">
    <p class='ocr_par' dir='ltr' id='par_1_40' title="bbox 494 2629 2080 2700">
     <span class='ocr_line' id='line_1_40' title="bbox 494 2629 2080 2700; baseline -0.001 -15"><span class='ocrx_word' id='word_1_285' title='bbox 494 2631 824 2695; x_wconf 88' lang='lat' dir='ltr'><strong>lieationem,</strong></span> <span class='ocrx_word' id='word_1_286' title='bbox 890 2632 968 2686; x_wconf 91' lang='lat' dir='ltr'><strong>sic</strong></span> <span class='ocrx_word' id='word_1_287' title='bbox 998 2646 1094 2700; x_wconf 87' lang='lat' dir='ltr'><strong>per</strong></span> <span class='ocrx_word' id='word_1_288' title='bbox 1119 2629 1357 2698; x_wconf 89' lang='lat' dir='ltr'><strong>ejusdem</strong></span> <span class='ocrx_word' id='word_1_289' title='bbox 1402 2629 1628 2683; x_wconf 89' lang='lat' dir='ltr'><strong>somalis</strong></span> <span class='ocrx_word' id='word_1_290' title='bbox 1668 2629 1748 2682; x_wconf 91' lang='lat' dir='ltr'><strong>sui</strong></span> <span class='ocrx_word' id='word_1_291' title='bbox 1799 2630 1852 2683; x_wconf 94' lang='lat' dir='ltr'><strong>in</strong></span> <span class='ocrx_word' id='word_1_292' title='bbox 1900 2631 2080 2683; x_wconf 88' lang='lat' dir='ltr'><strong>crucis</strong></span> 
     </span>
    </p>
   </div>
   <div class='ocr_carea' id='block_1_41' title="bbox 487 2721 2078 2793">
    <p class='ocr_par' dir='ltr' id='par_1_41' title="bbox 487 2721 2078 2793">
     <span class='ocr_line' id='line_1_41' title="bbox 487 2721 2078 2793; baseline -0.002 -16"><span class='ocrx_word' id='word_1_293' title='bbox 487 2725 734 2793; x_wconf 76' lang='lat' dir='ltr'><strong>patibulo</strong></span> <span class='ocrx_word' id='word_1_294' title='bbox 765 2723 1091 2786; x_wconf 69' lang='lat' dir='ltr'><strong>allisionem,</strong></span> <span class='ocrx_word' id='word_1_295' title='bbox 1119 2723 1170 2777; x_wconf 93' lang='lat' dir='ltr'><strong>in</strong></span> <span class='ocrx_word' id='word_1_296' title='bbox 1196 2723 1376 2776; x_wconf 87' lang='lat' dir='ltr'><strong>omnia</strong></span> <span class='ocrx_word' id='word_1_297' title='bbox 1426 2721 1724 2776; x_wconf 89' lang='lat' dir='ltr'><strong>materialia</strong></span> <span class='ocrx_word' id='word_1_298' title='bbox 1768 2732 2078 2775; x_wconf 90' lang='lat' dir='ltr'><strong>sanctorqu</strong></span> 
     </span>
    </p>
   </div>
   <div class='ocr_carea' id='block_1_42' title="bbox 493 2811 2080 2886">
    <p class='ocr_par' dir='ltr' id='par_1_42' title="bbox 493 2811 2080 2886">
     <span class='ocr_line' id='line_1_42' title="bbox 493 2811 2080 2886; baseline -0.003 -15"><span class='ocrx_word' id='word_1_299' title='bbox 493 2817 775 2886; x_wconf 88' lang='lat' dir='ltr'><strong>supplicia,</strong></span> <span class='ocrx_word' id='word_1_300' title='bbox 817 2815 1146 2885; x_wconf 86' lang='lat' dir='ltr'><strong>transposuit</strong></span> <span class='ocrx_word' id='word_1_301' title='bbox 1169 2814 1474 2868; x_wconf 88' lang='lat' dir='ltr'><strong>animarum</strong></span> <span class='ocrx_word' id='word_1_302' title='bbox 1506 2823 1561 2867; x_wconf 92' lang='lat' dir='ltr'><strong>et</strong></span> <span class='ocrx_word' id='word_1_303' title='bbox 1591 2828 1879 2882; x_wconf 87' lang='lat' dir='ltr'><strong>corporum</strong></span> <span class='ocrx_word' id='word_1_304' title='bbox 1904 2811 2080 2867; x_wconf 85' lang='lat' dir='ltr'><strong>salva-</strong></span> 
     </span>
    </p>
   </div>
   <div class='ocr_carea' id='block_1_43' title="bbox 489 2905 2082 2975">
    <p class='ocr_par' dir='ltr' id='par_1_43' title="bbox 489 2905 2082 2975">
     <span class='ocr_line' id='line_1_43' title="bbox 489 2905 2082 2975; baseline -0.001 -14"><span class='ocrx_word' id='word_1_305' title='bbox 489 2909 694 2961; x_wconf 74' lang='lat' dir='ltr'><strong>tionem</strong></span> <span class='ocrx_word' id='word_1_306' title='bbox 745 2922 809 2960; x_wconf 86' lang='lat' dir='ltr'><strong>ac</strong></span> <span class='ocrx_word' id='word_1_307' title='bbox 843 2906 1286 2975; x_wconf 83' lang='lat' dir='ltr'><strong>redemptionem.</strong></span> <span class='ocrx_word' id='word_1_308' title='bbox 1310 2905 1484 2974; x_wconf 82' lang='lat' dir='ltr'><strong>Atque</strong></span> <span class='ocrx_word' id='word_1_309' title='bbox 1515 2905 1620 2960; x_wconf 91' lang='lat' dir='ltr'><strong>hoc</strong></span> <span class='ocrx_word' id='word_1_310' title='bbox 1667 2905 1812 2960; x_wconf 86' lang='lat' dir='ltr'><strong>omni</strong></span> <span class='ocrx_word' id='word_1_311' title='bbox 1856 2916 2082 2960; x_wconf 89' lang='lat' dir='ltr'><strong>cuncta-</strong></span> 
     </span>
    </p>
   </div>
   <div class='ocr_carea' id='block_1_44' title="bbox 491 2993 2081 3066">
    <p class='ocr_par' dir='ltr' id='par_1_44' title="bbox 491 2993 2081 3066">
     <span class='ocr_line' id='line_1_44' title="bbox 491 2993 2081 3066; baseline 0 -16"><span class='ocrx_word' id='word_1_312' title='bbox 491 2999 636 3050; x_wconf 88' lang='lat' dir='ltr'><strong>tione</strong></span> <span class='ocrx_word' id='word_1_313' title='bbox 669 2997 821 3066; x_wconf 82' lang='lat' dir='ltr'><strong>longe</strong></span> <span class='ocrx_word' id='word_1_314' title='bbox 851 3006 1055 3049; x_wconf 86' lang='lat' dir='ltr'><strong>remota</strong></span> <span class='ocrx_word' id='word_1_315' title='bbox 1081 3005 1289 3050; x_wconf 90' lang='lat' dir='ltr'><strong>certum</strong></span> <span class='ocrx_word' id='word_1_316' title='bbox 1322 3003 1469 3049; x_wconf 84' lang='lat' dir='ltr'><strong>tenet</strong></span> <span class='ocrx_word' id='word_1_317' title='bbox 1505 2993 1637 3049; x_wconf 89' lang='lat' dir='ltr'><strong>lides</strong></span> <span class='ocrx_word' id='word_1_318' title='bbox 1670 2995 1721 3048; x_wconf 91' lang='lat' dir='ltr'><strong>in</strong></span> <span class='ocrx_word' id='word_1_319' title='bbox 1761 3006 1931 3064; x_wconf 84' lang='lat' dir='ltr'><strong>petra,</strong></span> <span class='ocrx_word' id='word_1_320' title='bbox 1963 3012 2081 3065; x_wconf 75' lang='lat' dir='ltr'><strong>qua:</strong></span> 
     </span>
    </p>
   </div>
   <div class='ocr_carea' id='block_1_45' title="bbox 487 3088 2080 3160">
    <p class='ocr_par' dir='ltr' id='par_1_45' title="bbox 487 3088 2080 3160">
     <span class='ocr_line' id='line_1_45' title="bbox 487 3088 2080 3160; baseline -0.002 -15"><span class='ocrx_word' id='word_1_321' title='bbox 487 3091 728 3145; x_wconf 72' lang='lat' dir='ltr'><strong>Christus</strong></span> <span class='ocrx_word' id='word_1_322' title='bbox 755 3101 828 3144; x_wconf 88' lang='lat' dir='ltr'><strong>est</strong></span> <span class='ocrx_word' id='word_1_323' title='bbox 859 3090 906 3159; x_wconf 87' lang='grc'><strong>(1</strong></span> <span class='ocrx_word' id='word_1_324' title='bbox 943 3088 1064 3144; x_wconf 83' lang='lat' dir='ltr'><strong>Cor.</strong></span> <span class='ocrx_word' id='word_1_325' title='bbox 1100 3106 1154 3152; x_wconf 74' lang='grc' dir='ltr'><strong>ιι,</strong></span> <span class='ocrx_word' id='word_1_326' title='bbox 1178 3089 1256 3160; x_wconf 74' lang='grc'>4),</span> <span class='ocrx_word' id='word_1_327' title='bbox 1290 3088 1543 3152; x_wconf 89' lang='lat' dir='ltr'><strong>fundata;</strong></span> <span class='ocrx_word' id='word_1_328' title='bbox 1573 3088 1716 3155; x_wconf 88' lang='lat' dir='ltr'><strong>quod</strong></span> <span class='ocrx_word' id='word_1_329' title='bbox 1745 3088 1858 3142; x_wconf 69' lang='lat' dir='ltr'><strong>haec</strong></span> <span class='ocrx_word' id='word_1_330' title='bbox 1897 3089 2080 3142; x_wconf 85' lang='lat' dir='ltr'><strong>omnia</strong></span> 
     </span>
    </p>
   </div>
   <div class='ocr_carea' id='block_1_46' title="bbox 489 3178 2079 3253">
    <p class='ocr_par' dir='ltr' id='par_1_46' title="bbox 489 3178 2079 3253">
     <span class='ocr_line' id='line_1_46' title="bbox 489 3178 2079 3253; baseline -0.003 -17"><span class='ocrx_word' id='word_1_331' title='bbox 489 3200 610 3252; x_wconf 72' lang='lat' dir='ltr'><strong>qum</strong></span> <span class='ocrx_word' id='word_1_332' title='bbox 635 3184 700 3238; x_wconf 90' lang='lat' dir='ltr'><strong>de</strong></span> <span class='ocrx_word' id='word_1_333' title='bbox 725 3198 1016 3253; x_wconf 87' lang='lat' dir='ltr'><strong>paucorum</strong></span> <span class='ocrx_word' id='word_1_334' title='bbox 1048 3181 1167 3235; x_wconf 70' lang='grc' dir='ltr'><strong>(ξωΙί</strong></span> <span class='ocrx_word' id='word_1_335' title='bbox 1213 3197 1276 3235; x_wconf 92' lang='lat' dir='ltr'><strong>ac</strong></span> <span class='ocrx_word' id='word_1_336' title='bbox 1313 3189 1468 3233; x_wconf 77' lang='lat' dir='ltr'><strong>terra:</strong></span> <span class='ocrx_word' id='word_1_337' title='bbox 1498 3178 2079 3233; x_wconf 77' lang='lat' dir='ltr'><strong>excellentissimorum</strong></span> 
     </span>
    </p>
   </div>
   <div class='ocr_carea' id='block_1_47' title="bbox 490 3271 2078 3346">
    <p class='ocr_par' dir='ltr' id='par_1_47' title="bbox 490 3271 2078 3346">
     <span class='ocr_line' id='line_1_47' title="bbox 490 3271 2078 3346; baseline -0.004 -16"><span class='ocrx_word' id='word_1_338' title='bbox 490 3291 776 3346; x_wconf 85' lang='lat' dir='ltr'><strong>procerum</strong></span> <span class='ocrx_word' id='word_1_339' title='bbox 807 3273 1115 3344; x_wconf 87' lang='lat' dir='ltr'><strong>suppliciis,</strong></span> <span class='ocrx_word' id='word_1_340' title='bbox 1160 3273 1283 3344; x_wconf 88' lang='lat' dir='ltr'><strong>styli</strong></span> <span class='ocrx_word' id='word_1_341' title='bbox 1322 3271 1500 3326; x_wconf 86' lang='lat' dir='ltr'><strong>ollicio</strong></span> <span class='ocrx_word' id='word_1_342' title='bbox 1529 3273 1906 3327; x_wconf 76' lang='lat' dir='ltr'><strong>caraxavimns</strong></span> <span class='ocrx_word' id='word_1_343' title='bbox 1936 3289 2078 3344; x_wconf 65' lang='lat' dir='ltr'><strong>prze~</strong></span> 
     </span>
    </p>
   </div>
   <div class='ocr_carea' id='block_1_48' title="bbox 492 3363 2081 3437">
    <p class='ocr_par' dir='ltr' id='par_1_48' title="bbox 492 3363 2081 3437">
     <span class='ocr_line' id='line_1_48' title="bbox 492 3363 2081 3437; baseline -0.001 -17"><span class='ocrx_word' id='word_1_344' title='bbox 492 3369 672 3432; x_wconf 79' lang='lat' dir='ltr'><strong>conia,</strong></span> <span class='ocrx_word' id='word_1_345' title='bbox 689 3368 738 3421; x_wconf 92' lang='lat' dir='ltr'><strong>in</strong></span> <span class='ocrx_word' id='word_1_346' title='bbox 755 3367 941 3436; x_wconf 91' lang='lat' dir='ltr'><strong>cippos</strong></span> <span class='ocrx_word' id='word_1_347' title='bbox 981 3365 1152 3437; x_wconf 58' lang='lat'><strong>(269),</strong></span> <span class='ocrx_word' id='word_1_348' title='bbox 1185 3365 1235 3418; x_wconf 92' lang='lat' dir='ltr'><strong>in</strong></span> <span class='ocrx_word' id='word_1_349' title='bbox 1262 3363 1450 3426; x_wconf 86' lang='lat' dir='ltr'><strong>fustes,</strong></span> <span class='ocrx_word' id='word_1_350' title='bbox 1467 3363 1517 3417; x_wconf 90' lang='lat' dir='ltr'><strong>in</strong></span> <span class='ocrx_word' id='word_1_351' title='bbox 1536 3378 1746 3432; x_wconf 86' lang='lat' dir='ltr'><strong>scopas,</strong></span> <span class='ocrx_word' id='word_1_352' title='bbox 1773 3364 1822 3417; x_wconf 92' lang='lat' dir='ltr'><strong>in</strong></span> <span class='ocrx_word' id='word_1_353' title='bbox 1839 3364 2081 3432; x_wconf 84' lang='lat' dir='ltr'><strong>plumba-</strong></span> 
     </span>
    </p>
   </div>
   <div class='ocr_carea' id='block_1_49' title="bbox 493 3455 2079 3528">
    <p class='ocr_par' dir='ltr' id='par_1_49' title="bbox 493 3455 2079 3528">
     <span class='ocr_line' id='line_1_49' title="bbox 493 3455 2079 3528; baseline -0.004 -12"><span class='ocrx_word' id='word_1_354' title='bbox 493 3472 596 3526; x_wconf 87' lang='lat' dir='ltr'><strong>tas,</strong></span> <span class='ocrx_word' id='word_1_355' title='bbox 627 3461 680 3515; x_wconf 94' lang='lat' dir='ltr'><strong>in</strong></span> <span class='ocrx_word' id='word_1_356' title='bbox 694 3468 934 3515; x_wconf 82' lang='lat' dir='ltr'><strong>catastas</strong></span> <span class='ocrx_word' id='word_1_357' title='bbox 951 3475 964 3520; x_wconf 87' lang='lat'><strong>;</strong></span> <span class='ocrx_word' id='word_1_358' title='bbox 983 3456 1320 3528; x_wconf 86' lang='lat' dir='ltr'><strong>postremoin</strong></span> <span class='ocrx_word' id='word_1_359' title='bbox 1338 3456 1518 3508; x_wconf 90' lang='lat' dir='ltr'><strong>omnia</strong></span> <span class='ocrx_word' id='word_1_360' title='bbox 1533 3456 1772 3509; x_wconf 88' lang='lat' dir='ltr'><strong>omnium</strong></span> <span class='ocrx_word' id='word_1_361' title='bbox 1787 3455 2079 3510; x_wconf 89' lang='lat' dir='ltr'><strong>electorum</strong></span> 
     </span>
    </p>
   </div>
   <div class='ocr_carea' id='block_1_50' title="bbox 493 3548 2081 3618">
    <p class='ocr_par' dir='ltr' id='par_1_50' title="bbox 493 3548 2081 3618">
     <span class='ocr_line' id='line_1_50' title="bbox 493 3548 2081 3618; baseline -0.004 -10"><span class='ocrx_word' id='word_1_362' title='bbox 493 3555 587 3608; x_wconf 78' lang='lat' dir='ltr'><strong>llei</strong></span> <span class='ocrx_word' id='word_1_363' title='bbox 623 3553 855 3614; x_wconf 86' lang='lat' dir='ltr'><strong>diversa,</strong></span> <span class='ocrx_word' id='word_1_364' title='bbox 879 3550 1005 3618; x_wconf 89' lang='lat' dir='ltr'><strong>jure</strong></span> <span class='ocrx_word' id='word_1_365' title='bbox 1028 3566 1090 3602; x_wconf 89' lang='lat' dir='ltr'><strong>ae</strong></span> <span class='ocrx_word' id='word_1_366' title='bbox 1118 3549 1277 3618; x_wconf 77' lang='lat' dir='ltr'><strong>digne</strong></span> <span class='ocrx_word' id='word_1_367' title='bbox 1301 3548 1542 3618; x_wconf 88' lang='lat' dir='ltr'><strong>depromi</strong></span> <span class='ocrx_word' id='word_1_368' title='bbox 1589 3558 1814 3616; x_wconf 90' lang='lat' dir='ltr'><strong>possunt</strong></span> <span class='ocrx_word' id='word_1_369' title='bbox 1845 3558 2081 3602; x_wconf 84' lang='lat' dir='ltr'><strong>tormen-</strong></span> 
     </span>
    </p>
   </div>
   <div class='ocr_carea' id='block_1_51' title="bbox 494 3638 2082 3712">
    <p class='ocr_par' dir='ltr' id='par_1_51' title="bbox 494 3638 2082 3712">
     <span class='ocr_line' id='line_1_51' title="bbox 494 3638 2082 3712; baseline -0.004 -14"><span class='ocrx_word' id='word_1_370' title='bbox 494 3654 672 3699; x_wconf 84' lang='lat' dir='ltr'><strong>torum</strong></span> <span class='ocrx_word' id='word_1_371' title='bbox 705 3657 934 3712; x_wconf 79' lang='lat' dir='ltr'><strong>genera;</strong></span> <span class='ocrx_word' id='word_1_372' title='bbox 975 3655 1093 3707; x_wconf 74' lang='lat' dir='ltr'><strong>quze</strong></span> <span class='ocrx_word' id='word_1_373' title='bbox 1125 3655 1218 3707; x_wconf 88' lang='lat' dir='ltr'><strong>per</strong></span> <span class='ocrx_word' id='word_1_374' title='bbox 1243 3638 1453 3692; x_wconf 89' lang='lat' dir='ltr'><strong>illorum</strong></span> <span class='ocrx_word' id='word_1_375' title='bbox 1477 3638 1690 3700; x_wconf 87' lang='lat' dir='ltr'><strong>merita,</strong></span> <span class='ocrx_word' id='word_1_376' title='bbox 1719 3653 1854 3707; x_wconf 88' lang='lat' dir='ltr'><strong>quos</strong></span> <span class='ocrx_word' id='word_1_377' title='bbox 1879 3638 2082 3692; x_wconf 90' lang='lat' dir='ltr'><strong>hostias</strong></span> 
     </span>
    </p>
   </div>
   <div class='ocr_carea' id='block_1_52' title="bbox 493 3727 2083 3802">
    <p class='ocr_par' dir='ltr' id='par_1_52' title="bbox 493 3727 2083 3802">
     <span class='ocr_line' id='line_1_52' title="bbox 493 3727 2083 3802; baseline -0.001 -17"><span class='ocrx_word' id='word_1_378' title='bbox 493 3731 766 3802; x_wconf 85' lang='lat' dir='ltr'><strong>pacilicas,</strong></span> <span class='ocrx_word' id='word_1_379' title='bbox 796 3741 851 3785; x_wconf 91' lang='lat' dir='ltr'><strong>et</strong></span> <span class='ocrx_word' id='word_1_380' title='bbox 872 3729 1182 3785; x_wconf 87' lang='lat' dir='ltr'><strong>holocausta</strong></span> <span class='ocrx_word' id='word_1_381' title='bbox 1214 3727 1520 3789; x_wconf 83' lang='lat' dir='ltr'><strong>medullata,</strong></span> <span class='ocrx_word' id='word_1_382' title='bbox 1547 3735 1601 3780; x_wconf 92' lang='lat' dir='ltr'><strong>et</strong></span> <span class='ocrx_word' id='word_1_383' title='bbox 1636 3727 1879 3796; x_wconf 84' lang='lat' dir='ltr'><strong>pinguia,</strong></span> <span class='ocrx_word' id='word_1_384' title='bbox 1903 3737 2083 3783; x_wconf 85' lang='lat' dir='ltr'><strong>trans-</strong></span> 
     </span>
    </p>
   </div>
   <div class='ocr_carea' id='block_1_53' title="bbox 498 3818 2083 3888">
    <p class='ocr_par' dir='ltr' id='par_1_53' title="bbox 498 3818 2083 3888">
     <span class='ocr_line' id='line_1_53' title="bbox 498 3818 2083 3888; baseline -0.003 -11"><span class='ocrx_word' id='word_1_385' title='bbox 498 3824 735 3878; x_wconf 85' lang='lat' dir='ltr'><strong>tulerunt</strong></span> <span class='ocrx_word' id='word_1_386' title='bbox 766 3823 817 3876; x_wconf 92' lang='lat' dir='ltr'><strong>in</strong></span> <span class='ocrx_word' id='word_1_387' title='bbox 851 3821 1086 3877; x_wconf 63' lang='lat' dir='ltr'><strong>caelestis</strong></span> <span class='ocrx_word' id='word_1_388' title='bbox 1135 3818 1464 3875; x_wconf 88' lang='lat' dir='ltr'><strong>tabernaculi</strong></span> <span class='ocrx_word' id='word_1_389' title='bbox 1513 3829 1566 3872; x_wconf 91' lang='lat' dir='ltr'><strong>et</strong></span> <span class='ocrx_word' id='word_1_390' title='bbox 1595 3819 1776 3888; x_wconf 86' lang='lat' dir='ltr'><strong>templi</strong></span> <span class='ocrx_word' id='word_1_391' title='bbox 1829 3829 2083 3873; x_wconf 83' lang='lat' dir='ltr'><strong>sanctua-</strong></span> 
     </span>
    </p>
   </div>
   <div class='ocr_carea' id='block_1_54' title="bbox 499 3912 2082 3982">
    <p class='ocr_par' dir='ltr' id='par_1_54' title="bbox 499 3912 2082 3982">
     <span class='ocr_line' id='line_1_54' title="bbox 499 3912 2082 3982; baseline -0.003 -10"><span class='ocrx_word' id='word_1_392' title='bbox 499 3920 626 3980; x_wconf 91' lang='lat' dir='ltr'><strong>ria,</strong></span> <span class='ocrx_word' id='word_1_393' title='bbox 684 3925 998 3972; x_wconf 86' lang='lat' dir='ltr'><strong>meruerunt</strong></span> <span class='ocrx_word' id='word_1_394' title='bbox 1053 3914 1300 3968; x_wconf 67' lang='lat' dir='ltr'><strong>humana:</strong></span> <span class='ocrx_word' id='word_1_395' title='bbox 1351 3912 1717 3982; x_wconf 82' lang='lat' dir='ltr'><strong>cujuscunque</strong></span> <span class='ocrx_word' id='word_1_396' title='bbox 1753 3913 2082 3968; x_wconf 83' lang='lat' dir='ltr'><strong>infirmitatis</strong></span> 
     </span>
    </p>
   </div>
   <div class='ocr_carea' id='block_1_55' title="bbox 495 4004 1200 4062">
    <p class='ocr_par' dir='ltr' id='par_1_55' title="bbox 495 4004 1200 4062">
     <span class='ocr_line' id='line_1_55' title="bbox 495 4004 1200 4062; baseline -0.007 -1"><span class='ocrx_word' id='word_1_397' title='bbox 495 4006 770 4062; x_wconf 85' lang='lat' dir='ltr'><strong>salutifera</strong></span> <span class='ocrx_word' id='word_1_398' title='bbox 796 4020 917 4060; x_wconf 88' lang='lat' dir='ltr'><strong>esse</strong></span> <span class='ocrx_word' id='word_1_399' title='bbox 943 4004 1200 4060; x_wconf 89' lang='lat' dir='ltr'><strong>remedia.</strong></span> 
     </span>
    </p>
   </div>
   <div class='ocr_carea' id='block_1_56' title="bbox 1008 4091 1556 4149">
    <p class='ocr_par' dir='ltr' id='par_1_56' title="bbox 1008 4091 1556 4149">
     <span class='ocr_line' id='line_1_56' title="bbox 1008 4091 1556 4149; baseline 0.002 -1"><span class='ocrx_word' id='word_1_400' title='bbox 1008 4091 1405 4148; x_wconf 81' lang='lat' dir='ltr'><strong>CAPITULUM</strong></span> <span class='ocrx_word' id='word_1_401' title='bbox 1450 4093 1556 4149; x_wconf 81' lang='lat' dir='ltr'><strong>VII.</strong></span> 
     </span>
    </p>
   </div>
   <div class='ocr_carea' id='block_1_57' title="bbox 499 4207 2081 4278">
    <p class='ocr_par' dir='ltr' id='par_1_57' title="bbox 499 4207 2081 4278">
     <span class='ocr_line' id='line_1_57' title="bbox 499 4207 2081 4278; baseline -0.002 -14"><span class='ocrx_word' id='word_1_402' title='bbox 499 4211 616 4276; x_wconf 81' lang='lat' dir='ltr'><strong>Qua</strong></span> <span class='ocrx_word' id='word_1_403' title='bbox 639 4211 840 4264; x_wconf 78' lang='lat' dir='ltr'><strong>illectus</strong></span> <span class='ocrx_word' id='word_1_404' title='bbox 864 4226 925 4262; x_wconf 86' lang='lat' dir='ltr'><strong>cu</strong></span> <span class='ocrx_word' id='word_1_405' title='bbox 937 4208 1110 4278; x_wconf 85' lang='lat' dir='ltr'><strong>pidine</strong></span> <span class='ocrx_word' id='word_1_406' title='bbox 1136 4209 1358 4276; x_wconf 82' lang='lat' dir='ltr'><strong>scriptor</strong></span> <span class='ocrx_word' id='word_1_407' title='bbox 1379 4207 1538 4260; x_wconf 83' lang='lat' dir='ltr'><strong>libelli</strong></span> <span class='ocrx_word' id='word_1_408' title='bbox 1559 4209 1719 4276; x_wconf 81' lang='lat' dir='ltr'><strong>hujus</strong></span> <span class='ocrx_word' id='word_1_409' title='bbox 1759 4208 2081 4278; x_wconf 68' lang='lat' dir='ltr'><strong>diﬁicillima:</strong></span> 
     </span>
    </p>
   </div>
   <div class='ocr_carea' id='block_1_58' title="bbox 533 4278 2044 4351">
    <p class='ocr_par' dir='ltr' id='par_1_58' title="bbox 533 4278 2044 4351">
     <span class='ocr_line' id='line_1_58' title="bbox 533 4278 2044 4351; baseline -0.003 -16"><span class='ocrx_word' id='word_1_410' title='bbox 533 4283 763 4336; x_wconf 75' lang='lat' dir='ltr'><strong>materiai</strong></span> <span class='ocrx_word' id='word_1_411' title='bbox 790 4281 1143 4351; x_wconf 75' lang='lat' dir='ltr'><strong>prwsumserit</strong></span> <span class='ocrx_word' id='word_1_412' title='bbox 1181 4278 1428 4348; x_wconf 87' lang='lat' dir='ltr'><strong>ingenioli</strong></span> <span class='ocrx_word' id='word_1_413' title='bbox 1450 4279 1531 4330; x_wconf 81' lang='lat' dir='ltr'><strong>sui</strong></span> <span class='ocrx_word' id='word_1_414' title='bbox 1560 4294 1773 4331; x_wconf 88' lang='lat' dir='ltr'><strong>mammt</strong></span> <span class='ocrx_word' id='word_1_415' title='bbox 1800 4281 2044 4332; x_wconf 81' lang='lat' dir='ltr'><strong>inserere.</strong></span> 
     </span>
    </p>
   </div>
   <div class='ocr_carea' id='block_1_59' title="bbox 571 4365 2084 4439">
    <p class='ocr_par' dir='ltr' id='par_1_59' title="bbox 571 4365 2084 4439">
     <span class='ocr_line' id='line_1_59' title="bbox 571 4365 2084 4439; baseline -0.001 -15"><span class='ocrx_word' id='word_1_416' title='bbox 571 4369 678 4426; x_wconf 86' lang='lat' dir='ltr'><strong>Sed</strong></span> <span class='ocrx_word' id='word_1_417' title='bbox 710 4371 837 4439; x_wconf 89' lang='lat' dir='ltr'><strong>quia</strong></span> <span class='ocrx_word' id='word_1_418' title='bbox 872 4385 972 4439; x_wconf 90' lang='lat' dir='ltr'><strong>pro</strong></span> <span class='ocrx_word' id='word_1_419' title='bbox 1005 4368 1318 4437; x_wconf 78' lang='lat' dir='ltr'><strong>colligendis</strong></span> <span class='ocrx_word' id='word_1_420' title='bbox 1364 4365 1651 4421; x_wconf 80' lang='lat' dir='ltr'><strong>odoriferis</strong></span> <span class='ocrx_word' id='word_1_421' title='bbox 1700 4367 1920 4422; x_wconf 85' lang='lat' dir='ltr'><strong>ﬂoribus</strong></span> <span class='ocrx_word' id='word_1_422' title='bbox 1965 4369 2084 4439; x_wconf 87' lang='lat' dir='ltr'><strong>qui-</strong></span> 
     </span>
    </p>
   </div>
   <div class='ocr_carea' id='block_1_60' title="bbox 497 4458 2081 4532">
    <p class='ocr_par' dir='ltr' id='par_1_60' title="bbox 497 4458 2081 4532">
     <span class='ocr_line' id='line_1_60' title="bbox 497 4458 2081 4532; baseline -0.003 -12"><span class='ocrx_word' id='word_1_423' title='bbox 497 4467 599 4520; x_wconf 69' lang='lat' dir='ltr'><strong>lius</strong></span> <span class='ocrx_word' id='word_1_424' title='bbox 629 4474 775 4518; x_wconf 86' lang='lat' dir='ltr'><strong>serta</strong></span> <span class='ocrx_word' id='word_1_425' title='bbox 807 4475 1175 4524; x_wconf 77' lang='lat' dir='ltr'><strong>consererent,</strong></span> <span class='ocrx_word' id='word_1_426' title='bbox 1226 4469 1282 4513; x_wconf 92' lang='lat' dir='ltr'><strong>et</strong></span> <span class='ocrx_word' id='word_1_427' title='bbox 1324 4458 1623 4513; x_wconf 87' lang='lat' dir='ltr'><strong>electorum</strong></span> <span class='ocrx_word' id='word_1_428' title='bbox 1669 4461 1762 4514; x_wconf 91' lang='lat' dir='ltr'><strong>Dei</strong></span> <span class='ocrx_word' id='word_1_429' title='bbox 1809 4462 2081 4532; x_wconf 87' lang='lat' dir='ltr'><strong>epitaphia</strong></span> 
     </span>
    </p>
   </div>
   <div class='ocr_carea' id='block_1_61' title="bbox 501 4550 2080 4623">
    <p class='ocr_par' dir='ltr' id='par_1_61' title="bbox 501 4550 2080 4623">
     <span class='ocr_line' id='line_1_61' title="bbox 501 4550 2080 4623; baseline -0.001 -14"><span class='ocrx_word' id='word_1_430' title='bbox 501 4555 844 4620; x_wconf 82' lang='lat' dir='ltr'><strong>deﬂorarem,</strong></span> <span class='ocrx_word' id='word_1_431' title='bbox 861 4561 1119 4623; x_wconf 79' lang='lat' dir='ltr'><strong>evagatus</strong></span> <span class='ocrx_word' id='word_1_432' title='bbox 1141 4567 1259 4606; x_wconf 93' lang='lat' dir='ltr'><strong>sum</strong></span> <span class='ocrx_word' id='word_1_433' title='bbox 1286 4550 1794 4617; x_wconf 83' lang='lat' dir='ltr'><strong>diutius,dislic|ion</strong></span> <span class='ocrx_word' id='word_1_434' title='bbox 1811 4552 2080 4608; x_wconf 78' lang='lat' dir='ltr'><strong>Mantuani</strong></span> 
     </span>
    </p>
   </div>
   <div class='ocr_carea' id='block_1_62' title="bbox 497 4647 660 4700">
    <p class='ocr_par' dir='ltr' id='par_1_62' title="bbox 497 4647 660 4700">
     <span class='ocr_line' id='line_1_62' title="bbox 497 4647 660 4700; baseline 0 -2"><span class='ocrx_word' id='word_1_435' title='bbox 497 4647 660 4700; x_wconf 83' lang='lat' dir='ltr'><strong>vatis.</strong></span> 
     </span>
    </p>
   </div>
   <div class='ocr_carea' id='block_1_63' title="bbox 497 4732 1763 4806">
    <p class='ocr_par' dir='ltr' id='par_1_63' title="bbox 497 4732 1763 4806">
     <span class='ocr_line' id='line_1_63' title="bbox 497 4732 1763 4806; baseline -0.005 -14"><span class='ocrx_word' id='word_1_436' title='bbox 497 4737 609 4804; x_wconf 76' lang='lat' dir='ltr'><strong>Qui</strong></span> <span class='ocrx_word' id='word_1_437' title='bbox 635 4737 804 4806; x_wconf 85' lang='lat' dir='ltr'><strong>legitis</strong></span> <span class='ocrx_word' id='word_1_438' title='bbox 828 4737 1007 4805; x_wconf 80' lang='lat' dir='ltr'><strong>ﬂores,</strong></span> <span class='ocrx_word' id='word_1_439' title='bbox 1040 4745 1085 4786; x_wconf 88' lang='lat' dir='ltr'><strong>et</strong></span> <span class='ocrx_word' id='word_1_440' title='bbox 1114 4732 1260 4785; x_wconf 87' lang='lat' dir='ltr'><strong>humi</strong></span> <span class='ocrx_word' id='word_1_441' title='bbox 1285 4733 1550 4786; x_wconf 85' lang='lat' dir='ltr'><strong>nascentia</strong></span> <span class='ocrx_word' id='word_1_442' title='bbox 1576 4734 1725 4804; x_wconf 76' lang='lat' dir='ltr'><strong>[ruga</strong></span> <span class='ocrx_word' id='word_1_443' title='bbox 1747 4774 1763 4796; x_wconf 94' lang='lat'><strong>,</strong></span> 
     </span>
    </p>
   </div>
   <div class='ocr_carea' id='block_1_64' title="bbox 502 4823 2082 4898">
    <p class='ocr_par' dir='ltr' id='par_1_64' title="bbox 502 4823 2082 4898">
     <span class='ocr_line' id='line_1_64' title="bbox 502 4823 2082 4898; baseline -0.001 -16"><span class='ocrx_word' id='word_1_444' title='bbox 502 4829 780 4898; x_wconf 84' lang='lat' dir='ltr'><strong>Frigidus,</strong></span> <span class='ocrx_word' id='word_1_445' title='bbox 805 4843 834 4880; x_wconf 93' lang='grc' dir='ltr'><em>ο</em></span> <span class='ocrx_word' id='word_1_446' title='bbox 859 4826 1027 4896; x_wconf 86' lang='lat' dir='ltr'><strong>pueri,</strong></span> <span class='ocrx_word' id='word_1_447' title='bbox 1058 4825 1221 4894; x_wconf 81' lang='lat' dir='ltr'><strong>[agite</strong></span> <span class='ocrx_word' id='word_1_448' title='bbox 1245 4825 1391 4888; x_wconf 81' lang='lat' dir='ltr'><strong>hinc,</strong></span> <span class='ocrx_word' id='word_1_449' title='bbox 1419 4823 1544 4878; x_wconf 89' lang='lat' dir='ltr'><strong>latet</strong></span> <span class='ocrx_word' id='word_1_450' title='bbox 1598 4828 1784 4896; x_wconf 85' lang='lat' dir='ltr'><strong>anguis</strong></span> <span class='ocrx_word' id='word_1_451' title='bbox 1816 4827 1868 4880; x_wconf 89' lang='lat' dir='ltr'><strong>in</strong></span> <span class='ocrx_word' id='word_1_452' title='bbox 1901 4826 2082 4891; x_wconf 85' lang='lat' dir='ltr'><strong>herba,</strong></span> 
     </span>
    </p>
   </div>
   <div class='ocr_carea' id='block_1_65' title="bbox 504 4916 2087 4989">
    <p class='ocr_par' dir='ltr' id='par_1_65' title="bbox 504 4916 2087 4989">
     <span class='ocr_line' id='line_1_65' title="bbox 504 4916 2087 4989; baseline -0.001 -14"><span class='ocrx_word' id='word_1_453' title='bbox 504 4919 721 4975; x_wconf 83' lang='lat' dir='ltr'><strong>revolvo</strong></span> <span class='ocrx_word' id='word_1_454' title='bbox 750 4933 956 4973; x_wconf 90' lang='lat' dir='ltr'><strong>mecum</strong></span> <span class='ocrx_word' id='word_1_455' title='bbox 988 4916 1279 4981; x_wconf 88' lang='lat' dir='ltr'><strong>secretius;</strong></span> <span class='ocrx_word' id='word_1_456' title='bbox 1312 4925 1460 4971; x_wconf 89' lang='lat' dir='ltr'><strong>etne</strong></span> <span class='ocrx_word' id='word_1_457' title='bbox 1499 4917 1655 4972; x_wconf 89' lang='lat' dir='ltr'><strong>nudis</strong></span> <span class='ocrx_word' id='word_1_458' title='bbox 1709 4919 1959 4974; x_wconf 87' lang='lat' dir='ltr'><strong>incedens</strong></span> <span class='ocrx_word' id='word_1_459' title='bbox 1998 4933 2087 4989; x_wconf 87' lang='lat' dir='ltr'><strong>pe-</strong></span> 
     </span>
    </p>
   </div>
   <div class='ocr_carea' id='block_1_66' title="bbox 504 5009 2088 5080">
    <p class='ocr_par' dir='ltr' id='par_1_66' title="bbox 504 5009 2088 5080">
     <span class='ocr_line' id='line_1_66' title="bbox 504 5009 2088 5080; baseline -0.002 -12"><span class='ocrx_word' id='word_1_460' title='bbox 504 5015 682 5075; x_wconf 87' lang='lat' dir='ltr'><strong>dibus,</strong></span> <span class='ocrx_word' id='word_1_461' title='bbox 701 5010 995 5080; x_wconf 88' lang='lat' dir='ltr'><strong>utOrpheia</strong></span> <span class='ocrx_word' id='word_1_462' title='bbox 1024 5009 1323 5080; x_wconf 79' lang='lat' dir='ltr'><strong>Eurydicac,</strong></span> <span class='ocrx_word' id='word_1_463' title='bbox 1346 5010 1563 5080; x_wconf 75' lang='lat' dir='ltr'><strong>physica</strong></span> <span class='ocrx_word' id='word_1_464' title='bbox 1597 5012 1734 5067; x_wconf 88' lang='lat' dir='ltr'><strong>ratio</strong></span> <span class='ocrx_word' id='word_1_465' title='bbox 1759 5021 1812 5067; x_wconf 93' lang='lat' dir='ltr'><strong>et</strong></span> <span class='ocrx_word' id='word_1_466' title='bbox 1836 5012 2088 5078; x_wconf 77' lang='lat' dir='ltr'><strong>designa-</strong></span> 
     </span>
    </p>
   </div>
   <div class='ocr_carea' id='block_1_67' title="bbox 508 5102 2085 5175">
    <p class='ocr_par' dir='ltr' id='par_1_67' title="bbox 508 5102 2085 5175">
     <span class='ocr_line' id='line_1_67' title="bbox 508 5102 2085 5175; baseline -0.001 -16"><span class='ocrx_word' id='word_1_467' title='bbox 508 5105 582 5158; x_wconf 91' lang='lat' dir='ltr'><strong>tio</strong></span> <span class='ocrx_word' id='word_1_468' title='bbox 613 5103 846 5166; x_wconf 80' lang='lat' dir='ltr'><strong>musicac,</strong></span> <span class='ocrx_word' id='word_1_469' title='bbox 872 5103 1115 5169; x_wconf 76' lang='lat' dir='ltr'><strong>anguinis</strong></span> <span class='ocrx_word' id='word_1_470' title='bbox 1137 5102 1406 5171; x_wconf 89' lang='lat' dir='ltr'><strong>pericliter</strong></span> <span class='ocrx_word' id='word_1_471' title='bbox 1425 5104 1706 5166; x_wconf 88' lang='lat' dir='ltr'><strong>morsibus,</strong></span> <span class='ocrx_word' id='word_1_472' title='bbox 1737 5103 1893 5175; x_wconf 79' lang='lat' dir='ltr'><strong>longo</strong></span> <span class='ocrx_word' id='word_1_473' title='bbox 1916 5103 2085 5158; x_wconf 86' lang='lat' dir='ltr'><strong>labori</strong></span> 
     </span>
    </p>
   </div>
   <div class='ocr_carea' id='block_1_68' title="bbox 582 5258 2081 5329">
    <p class='ocr_par' dir='ltr' id='par_1_68' title="bbox 582 5258 2081 5329">
     <span class='ocr_line' id='line_1_68' title="bbox 582 5258 2081 5329; baseline -0.001 -16"><span class='ocrx_word' id='word_1_474' title='bbox 582 5259 727 5329; x_wconf 65' lang='lat'><strong>(2.59)</strong></span> <span class='ocrx_word' id='word_1_475' title='bbox 767 5258 973 5328; x_wconf 85' lang='lat' dir='ltr'><strong>Cippos,</strong></span> <span class='ocrx_word' id='word_1_476' title='bbox 1007 5258 1186 5327; x_wconf 80' lang='lat' dir='ltr'><strong>fustes.</strong></span> <span class='ocrx_word' id='word_1_477' title='bbox 1223 5259 1295 5313; x_wconf 88' lang='lat' dir='ltr'><strong>De</strong></span> <span class='ocrx_word' id='word_1_478' title='bbox 1346 5259 1429 5311; x_wconf 90' lang='lat' dir='ltr'><strong>his</strong></span> <span class='ocrx_word' id='word_1_479' title='bbox 1474 5261 1962 5313; x_wconf 87' lang='lat' dir='ltr'><strong>cruciamenlorum</strong></span> <span class='ocrx_word' id='word_1_480' title='bbox 2007 5260 2081 5312; x_wconf 86' lang='lat' dir='ltr'><strong>in-</strong></span> 
     </span>
    </p>
   </div>
   <div class='ocr_carea' id='block_1_69' title="bbox 501 5329 2082 5399">
    <p class='ocr_par' dir='ltr' id='par_1_69' title="bbox 501 5329 2082 5399">
     <span class='ocr_line' id='line_1_69' title="bbox 501 5329 2082 5399; baseline -0.001 -14"><span class='ocrx_word' id='word_1_481' title='bbox 501 5331 842 5390; x_wconf 74' lang='lat' dir='ltr'><strong>strumentis,</strong></span> <span class='ocrx_word' id='word_1_482' title='bbox 885 5332 1002 5384; x_wconf 88' lang='lat' dir='ltr'><strong>vide</strong></span> <span class='ocrx_word' id='word_1_483' title='bbox 1025 5332 1220 5383; x_wconf 82' lang='lat' dir='ltr'><strong>Anton.</strong></span> <span class='ocrx_word' id='word_1_484' title='bbox 1245 5329 1550 5383; x_wconf 83' lang='lat' dir='ltr'><strong>Gallonium</strong></span> <span class='ocrx_word' id='word_1_485' title='bbox 1608 5330 1828 5399; x_wconf 91' lang='lat' dir='ltr'><strong>proprio</strong></span> <span class='ocrx_word' id='word_1_486' title='bbox 1881 5339 1937 5384; x_wconf 91' lang='lat' dir='ltr'><strong>et</strong></span> <span class='ocrx_word' id='word_1_487' title='bbox 1966 5331 2082 5384; x_wconf 81' lang='lat' dir='ltr'><strong>ele-</strong></span> 
     </span>
    </p>
   </div>
   <div class='ocr_carea' id='block_1_70' title="bbox 509 5401 880 5474">
    <p class='ocr_par' dir='ltr' id='par_1_70' title="bbox 509 5401 880 5474">
     <span class='ocr_line' id='line_1_70' title="bbox 509 5401 880 5474; baseline -0.016 -17"><span class='ocrx_word' id='word_1_488' title='bbox 509 5401 880 5474; x_wconf 71' lang='lat' dir='ltr'><strong>gantilibello.</strong></span> 
     </span>
    </p>
   </div>
   <div class='ocr_carea' id='block_1_71' title="bbox 582 5468 2082 5543">
    <p class='ocr_par' dir='ltr' id='par_1_71' title="bbox 582 5468 2082 5543">
     <span class='ocr_line' id='line_1_71' title="bbox 582 5468 2082 5543; baseline -0.001 -18"><span class='ocrx_word' id='word_1_489' title='bbox 582 5471 726 5543; x_wconf 83' lang='lat'><strong>(250)</strong></span> <span class='ocrx_word' id='word_1_490' title='bbox 752 5470 939 5543; x_wconf 60' lang='lat' dir='ltr'><strong>Malea;</strong></span> <span class='ocrx_word' id='word_1_491' title='bbox 971 5469 1399 5543; x_wconf 73' lang='lat' dir='ltr'><strong>persecutricibus</strong></span> <span class='ocrx_word' id='word_1_492' title='bbox 1424 5471 1596 5543; x_wconf 66' lang='lat' dir='ltr'><strong>undis.</strong></span> <span class='ocrx_word' id='word_1_493' title='bbox 1626 5468 1793 5522; x_wconf 86' lang='lat' dir='ltr'><strong>Malea</strong></span> <span class='ocrx_word' id='word_1_494' title='bbox 1823 5485 2082 5538; x_wconf 85' lang='lat' dir='ltr'><strong>promon-</strong></span> 
     </span>
    </p>
   </div>
   <div class='ocr_carea' id='block_1_72' title="bbox 502 5539 2087 5608">
    <p class='ocr_par' dir='ltr' id='par_1_72' title="bbox 502 5539 2087 5608">
     <span class='ocr_line' id='line_1_72' title="bbox 502 5539 2087 5608; baseline -0.004 -10"><span class='ocrx_word' id='word_1_495' title='bbox 502 5539 810 5598; x_wconf 54' lang='lat' dir='ltr'><strong>torium&#39;est</strong></span> <span class='ocrx_word' id='word_1_496' title='bbox 840 5543 890 5595; x_wconf 91' lang='lat' dir='ltr'><strong>in</strong></span> <span class='ocrx_word' id='word_1_497' title='bbox 921 5541 1172 5603; x_wconf 87' lang='lat' dir='ltr'><strong>Laconia,</strong></span> <span class='ocrx_word' id='word_1_498' title='bbox 1223 5539 1529 5608; x_wconf 80' lang='lat' dir='ltr'><strong>longissime</strong></span> <span class='ocrx_word' id='word_1_499' title='bbox 1580 5539 1632 5592; x_wconf 91' lang='lat' dir='ltr'><strong>in</strong></span> <span class='ocrx_word' id='word_1_500' title='bbox 1679 5555 1826 5593; x_wconf 90' lang='lat' dir='ltr'><strong>mare</strong></span> <span class='ocrx_word' id='word_1_501' title='bbox 1864 5553 2087 5608; x_wconf 89' lang='lat' dir='ltr'><strong>procur-</strong></span> 
     </span>
    </p>
   </div>
   <div class='ocr_carea' id='block_1_73' title="bbox 512 5609 2085 5680">
    <p class='ocr_par' dir='ltr' id='par_1_73' title="bbox 512 5609 2085 5680">
     <span class='ocr_line' id='line_1_73' title="bbox 512 5609 2085 5680; baseline -0.001 -14"><span class='ocrx_word' id='word_1_502' title='bbox 512 5631 657 5677; x_wconf 86' lang='lat' dir='ltr'><strong>rens,</strong></span> <span class='ocrx_word' id='word_1_503' title='bbox 690 5615 892 5668; x_wconf 88' lang='lat' dir='ltr'><strong>crebris</strong></span> <span class='ocrx_word' id='word_1_504' title='bbox 919 5610 1212 5679; x_wconf 81' lang='lat' dir='ltr'><strong>naufragiis</strong></span> <span class='ocrx_word' id='word_1_505' title='bbox 1237 5609 1470 5680; x_wconf 60' lang='lat' dir='ltr'><strong>infame,</strong></span> <span class='ocrx_word' id='word_1_506' title='bbox 1520 5610 1656 5664; x_wconf 89' lang='lat' dir='ltr'><strong>adeo</strong></span> <span class='ocrx_word' id='word_1_507' title='bbox 1683 5619 1738 5663; x_wconf 92' lang='lat' dir='ltr'><strong>ut</strong></span> <span class='ocrx_word' id='word_1_508' title='bbox 1794 5612 2085 5680; x_wconf 82' lang='lat' dir='ltr'><strong>proverbio</strong></span> 
     </span>
    </p>
   </div>
   <div class='ocr_carea' id='block_1_74' title="bbox 507 5677 1431 5750">
    <p class='ocr_par' dir='ltr' id='par_1_74' title="bbox 507 5677 1431 5750">
     <span class='ocr_line' id='line_1_74' title="bbox 507 5677 1431 5750; baseline -0.011 -11"><span class='ocrx_word' id='word_1_509' title='bbox 507 5685 687 5739; x_wconf 80' lang='lat' dir='ltr'><strong>locum</strong></span> <span class='ocrx_word' id='word_1_510' title='bbox 719 5683 943 5738; x_wconf 88' lang='lat' dir='ltr'><strong>dederit.</strong></span> <span class='ocrx_word' id='word_1_511' title='bbox 975 5677 1182 5750; x_wconf 42' lang='lat' dir='ltr'><strong>Virgiv</strong></span> <span class='ocrx_word' id='word_1_512' title='bbox 1213 5677 1431 5750; x_wconf 72' lang='lat' dir='ltr'><strong>IEneid.</strong></span> 
     </span>
    </p>
   </div>
   <div class='ocr_carea' id='block_1_75' title="bbox 586 5749 1696 5819">
    <p class='ocr_par' dir='ltr' id='par_1_75' title="bbox 586 5749 1696 5819">
     <span class='ocr_line' id='line_1_75' title="bbox 586 5749 1696 5819; baseline -0.005 -12"><span class='ocrx_word' id='word_1_513' title='bbox 586 5795 598 5807; x_wconf 95' lang='lat'><strong>.</strong></span> <span class='ocrx_word' id='word_1_514' title='bbox 644 5794 657 5806; x_wconf 91' lang='lat'><strong>.</strong></span> <span class='ocrx_word' id='word_1_515' title='bbox 702 5793 716 5806; x_wconf 93' lang='lat'><strong>.</strong></span> <span class='ocrx_word' id='word_1_516' title='bbox 761 5791 774 5805; x_wconf 98' lang='lat'><strong>.</strong></span> <span class='ocrx_word' id='word_1_517' title='bbox 821 5791 833 5803; x_wconf 96' lang='lat'><strong>.</strong></span> <span class='ocrx_word' id='word_1_518' title='bbox 880 5749 1162 5819; x_wconf 80' lang='lat' dir='ltr'><strong>Maletegue</strong></span> <span class='ocrx_word' id='word_1_519' title='bbox 1186 5749 1491 5819; x_wconf 82' lang='lat' dir='ltr'><strong>sequacibus</strong></span> <span class='ocrx_word' id='word_1_520' title='bbox 1521 5751 1696 5802; x_wconf 87' lang='lat' dir='ltr'><strong>undis.</strong></span> 
     </span>
    </p>
   </div>
   <div class='ocr_carea' id='block_1_76' title="bbox 587 5817 2042 5888">
    <p class='ocr_par' dir='ltr' id='par_1_76' title="bbox 587 5817 2042 5888">
     <span class='ocr_line' id='line_1_76' title="bbox 587 5817 2042 5888; baseline -0.003 -9"><span class='ocrx_word' id='word_1_521' title='bbox 587 5824 739 5879; x_wconf 79' lang='lat' dir='ltr'><strong>Iluuc</strong></span> <span class='ocrx_word' id='word_1_522' title='bbox 780 5823 953 5876; x_wconf 87' lang='lat' dir='ltr'><strong>locum</strong></span> <span class='ocrx_word' id='word_1_523' title='bbox 1001 5817 1140 5874; x_wconf 82' lang='lat' dir='ltr'><strong>haud</strong></span> <span class='ocrx_word' id='word_1_524' title='bbox 1167 5817 1325 5873; x_wconf 85' lang='lat' dir='ltr'><strong>dubie</strong></span> <span class='ocrx_word' id='word_1_525' title='bbox 1352 5819 1568 5888; x_wconf 84' lang='lat' dir='ltr'><strong>respicit</strong></span> <span class='ocrx_word' id='word_1_526' title='bbox 1599 5821 1684 5875; x_wconf 89' lang='lat' dir='ltr'><strong>hic</strong></span> <span class='ocrx_word' id='word_1_527' title='bbox 1713 5817 2042 5875; x_wconf 85' lang='lat' dir='ltr'><strong>Thiofridus.</strong></span> 
     </span>
    </p>
   </div>
   <div class='ocr_carea' id='block_1_77' title="bbox 2113 4602 2160 4660">
    <p class='ocr_par' dir='ltr' id='par_1_77' title="bbox 2113 4602 2160 4660">
     <span class='ocr_line' id='line_1_77' title="bbox 2113 4602 2160 4660; baseline 0 0"><span class='ocrx_word' id='word_1_528' title='bbox 2113 4602 2160 4660; x_wconf 91' lang='lat' dir='ltr'><strong>D</strong></span> 
     </span>
    </p>
   </div>
   <div class='ocr_carea' id='block_1_78' title="bbox 2176 1990 3720 2060">
    <p class='ocr_par' dir='ltr' id='par_1_78' title="bbox 2176 1990 3720 2060">
     <span class='ocr_line' id='line_1_78' title="bbox 2176 1990 3720 2060; baseline 0.002 -18"><span class='ocrx_word' id='word_1_529' title='bbox 2176 1990 2326 2060; x_wconf 79' lang='lat'><strong>(25!)</strong></span> <span class='ocrx_word' id='word_1_530' title='bbox 2376 2006 2696 2060; x_wconf 71' lang='lat' dir='ltr'><strong>ygtltnentts,</strong></span> <span class='ocrx_word' id='word_1_531' title='bbox 2756 1990 3118 2059; x_wconf 76' lang='lat' dir='ltr'><strong>Reginbertus</strong></span> <span class='ocrx_word' id='word_1_532' title='bbox 3173 1993 3410 2054; x_wconf 83' lang='lat' dir='ltr'><strong>nomine,</strong></span> <span class='ocrx_word' id='word_1_533' title='bbox 3469 1994 3720 2045; x_wconf 82' lang='lat' dir='ltr'><strong>secundum</strong></span> 
     </span>
    </p>
   </div>
   <div class='ocr_carea' id='block_1_79' title="bbox 2175 2079 3722 2150">
    <p class='ocr_par' dir='ltr' id='par_1_79' title="bbox 2175 2079 3722 2150">
     <span class='ocr_line' id='line_1_79' title="bbox 2175 2079 3722 2150; baseline 0.003 -17"><span class='ocrx_word' id='word_1_534' title='bbox 2175 2081 2553 2150; x_wconf 71' lang='lat' dir='ltr'><strong>etymologiam</strong></span> <span class='ocrx_word' id='word_1_535' title='bbox 2586 2081 2818 2133; x_wconf 80' lang='lat' dir='ltr'><strong>nominis</strong></span> <span class='ocrx_word' id='word_1_536' title='bbox 2854 2082 2957 2142; x_wconf 92' lang='lat' dir='ltr'><strong>sui,</strong></span> <span class='ocrx_word' id='word_1_537' title='bbox 2997 2079 3453 2135; x_wconf 77' lang='lat' dir='ltr'><strong>excellentissime</strong></span> <span class='ocrx_word' id='word_1_538' title='bbox 3483 2082 3530 2134; x_wconf 92' lang='lat' dir='ltr'><strong>in</strong></span> <span class='ocrx_word' id='word_1_539' title='bbox 3556 2094 3722 2137; x_wconf 74' lang='lat' dir='ltr'><strong>sancta:</strong></span> 
     </span>
    </p>
   </div>
   <div class='ocr_carea' id='block_1_80' title="bbox 2179 2173 3720 2243">
    <p class='ocr_par' dir='ltr' id='par_1_80' title="bbox 2179 2173 3720 2243">
     <span class='ocr_line' id='line_1_80' title="bbox 2179 2173 3720 2243; baseline 0.002 -18"><span class='ocrx_word' id='word_1_540' title='bbox 2179 2173 2449 2237; x_wconf 74' lang='lat' dir='ltr'><strong>religionis</strong></span> <span class='ocrx_word' id='word_1_541' title='bbox 2477 2174 2753 2242; x_wconf 89' lang='lat' dir='ltr'><strong>proposito</strong></span> <span class='ocrx_word' id='word_1_542' title='bbox 2808 2183 2862 2226; x_wconf 89' lang='lat' dir='ltr'><strong>et</strong></span> <span class='ocrx_word' id='word_1_543' title='bbox 2921 2174 3179 2243; x_wconf 82' lang='lat' dir='ltr'><strong>regimine</strong></span> <span class='ocrx_word' id='word_1_544' title='bbox 3241 2174 3720 2242; x_wconf 73' lang='lat' dir='ltr'><strong>gubernatuszciuu</strong></span> 
     </span>
    </p>
   </div>
   <div class='ocr_carea' id='block_1_81' title="bbox 2177 2263 3724 2333">
    <p class='ocr_par' dir='ltr' id='par_1_81' title="bbox 2177 2263 3724 2333">
     <span class='ocr_line' id='line_1_81' title="bbox 2177 2263 3724 2333; baseline 0.003 -17"><span class='ocrx_word' id='word_1_545' title='bbox 2177 2263 2284 2316; x_wconf 87' lang='lat' dir='ltr'><strong>alto</strong></span> <span class='ocrx_word' id='word_1_546' title='bbox 2306 2264 2594 2316; x_wconf 88' lang='lat' dir='ltr'><strong>admodum</strong></span> <span class='ocrx_word' id='word_1_547' title='bbox 2655 2263 2830 2318; x_wconf 90' lang='lat' dir='ltr'><strong>volatu</strong></span> <span class='ocrx_word' id='word_1_548' title='bbox 2885 2265 3356 2332; x_wconf 85' lang='lat' dir='ltr'><strong>eontetuplationis</strong></span> <span class='ocrx_word' id='word_1_549' title='bbox 3399 2282 3724 2333; x_wconf 69' lang='lat' dir='ltr'><strong>smpcnumero</strong></span> 
     </span>
    </p>
   </div>
   <div class='ocr_carea' id='block_1_82' title="bbox 2177 2356 3721 2424">
    <p class='ocr_par' dir='ltr' id='par_1_82' title="bbox 2177 2356 3721 2424">
     <span class='ocr_line' id='line_1_82' title="bbox 2177 2356 3721 2424; baseline 0.002 -16"><span class='ocrx_word' id='word_1_550' title='bbox 2177 2356 2614 2424; x_wconf 68' lang='lat' dir='ltr'><strong>SliSpBIltlt‘l‘t‘llli‘,</strong></span> <span class='ocrx_word' id='word_1_551' title='bbox 2644 2371 2708 2410; x_wconf 89' lang='lat' dir='ltr'><strong>ac</strong></span> <span class='ocrx_word' id='word_1_552' title='bbox 2739 2357 2956 2424; x_wconf 67' lang='lat' dir='ltr'><strong>prmpeti</strong></span> <span class='ocrx_word' id='word_1_553' title='bbox 3011 2358 3206 2410; x_wconf 87' lang='lat' dir='ltr'><strong>mentis</strong></span> <span class='ocrx_word' id='word_1_554' title='bbox 3237 2357 3430 2410; x_wconf 83' lang='lat' dir='ltr'><strong>annisu</strong></span> <span class='ocrx_word' id='word_1_555' title='bbox 3471 2359 3532 2410; x_wconf 84' lang='lat' dir='ltr'><strong>ad</strong></span> <span class='ocrx_word' id='word_1_556' title='bbox 3559 2359 3721 2413; x_wconf 79' lang='lat' dir='ltr'><strong>:etbera</strong></span> 
     </span>
    </p>
   </div>
   <div class='ocr_carea' id='block_1_83' title="bbox 2179 2445 3725 2514">
    <p class='ocr_par' dir='ltr' id='par_1_83' title="bbox 2179 2445 3725 2514">
     <span class='ocr_line' id='line_1_83' title="bbox 2179 2445 3725 2514; baseline 0.002 -17"><span class='ocrx_word' id='word_1_557' title='bbox 2179 2445 2470 2498; x_wconf 84' lang='lat' dir='ltr'><strong>libraretur</strong></span> <span class='ocrx_word' id='word_1_558' title='bbox 2501 2461 2650 2499; x_wconf 83' lang='lat' dir='ltr'><strong>more</strong></span> <span class='ocrx_word' id='word_1_559' title='bbox 2688 2447 2902 2514; x_wconf 76' lang='lat' dir='ltr'><strong>aquilm,</strong></span> <span class='ocrx_word' id='word_1_560' title='bbox 2940 2447 3725 2514; x_wconf 79' lang='lat' dir='ltr'><strong>repenteconditionishumana:</strong></span> 
     </span>
    </p>
   </div>
   <div class='ocr_carea' id='block_1_84' title="bbox 2180 2539 3723 2607">
    <p class='ocr_par' dir='ltr' id='par_1_84' title="bbox 2180 2539 3723 2607">
     <span class='ocr_line' id='line_1_84' title="bbox 2180 2539 3723 2607; baseline 0.003 -17"><span class='ocrx_word' id='word_1_561' title='bbox 2180 2548 2500 2607; x_wconf 70' lang='lat' dir='ltr'><strong>aggravatus</strong></span> <span class='ocrx_word' id='word_1_562' title='bbox 2529 2539 2808 2607; x_wconf 87' lang='lat' dir='ltr'><strong>compede,</strong></span> <span class='ocrx_word' id='word_1_563' title='bbox 2839 2556 2866 2590; x_wconf 90' lang='lat' dir='ltr'><strong>a</strong></span> <span class='ocrx_word' id='word_1_564' title='bbox 2896 2540 3216 2595; x_wconf 87' lang='lat' dir='ltr'><strong>sublimibus</strong></span> <span class='ocrx_word' id='word_1_565' title='bbox 3242 2542 3490 2596; x_wconf 86' lang='lat' dir='ltr'><strong>deorsum</strong></span> <span class='ocrx_word' id='word_1_566' title='bbox 3522 2544 3723 2604; x_wconf 86' lang='lat' dir='ltr'><strong>evolans,</strong></span> 
     </span>
    </p>
   </div>
   <div class='ocr_carea' id='block_1_85' title="bbox 2180 2627 3727 2701">
    <p class='ocr_par' dir='ltr' id='par_1_85' title="bbox 2180 2627 3727 2701">
     <span class='ocr_line' id='line_1_85' title="bbox 2180 2627 3727 2701; baseline 0.003 -21"><span class='ocrx_word' id='word_1_567' title='bbox 2180 2627 2425 2681; x_wconf 86' lang='lat' dir='ltr'><strong>eamdem</strong></span> <span class='ocrx_word' id='word_1_568' title='bbox 2483 2628 2678 2682; x_wconf 87' lang='lat' dir='ltr'><strong>interni</strong></span> <span class='ocrx_word' id='word_1_569' title='bbox 2737 2639 2956 2696; x_wconf 89' lang='lat' dir='ltr'><strong>optutus</strong></span> <span class='ocrx_word' id='word_1_570' title='bbox 3004 2630 3196 2693; x_wconf 81' lang='lat' dir='ltr'><strong>aciem,</strong></span> <span class='ocrx_word' id='word_1_571' title='bbox 3245 2648 3406 2701; x_wconf 92' lang='lat' dir='ltr'><strong>quam</strong></span> <span class='ocrx_word' id='word_1_572' title='bbox 3453 2631 3624 2686; x_wconf 90' lang='lat' dir='ltr'><strong>solitus</strong></span> <span class='ocrx_word' id='word_1_573' title='bbox 3663 2643 3727 2685; x_wconf 85' lang='lat' dir='ltr'><strong>est</strong></span> 
     </span>
    </p>
   </div>
   <div class='ocr_carea' id='block_1_86' title="bbox 2184 2722 3725 2795">
    <p class='ocr_par' dir='ltr' id='par_1_86' title="bbox 2184 2722 3725 2795">
     <span class='ocr_line' id='line_1_86' title="bbox 2184 2722 3725 2795; baseline 0.001 -19"><span class='ocrx_word' id='word_1_574' title='bbox 2184 2722 2344 2777; x_wconf 89' lang='lat' dir='ltr'><strong>radiis</strong></span> <span class='ocrx_word' id='word_1_575' title='bbox 2376 2724 2564 2778; x_wconf 79' lang='lat' dir='ltr'><strong>:cterui</strong></span> <span class='ocrx_word' id='word_1_576' title='bbox 2597 2723 2726 2778; x_wconf 90' lang='lat' dir='ltr'><strong>solis</strong></span> <span class='ocrx_word' id='word_1_577' title='bbox 2759 2725 3000 2795; x_wconf 79' lang='lat' dir='ltr'><strong>infigere,</strong></span> <span class='ocrx_word' id='word_1_578' title='bbox 3037 2727 3318 2780; x_wconf 83' lang='lat' dir='ltr'><strong>inclinavit</strong></span> <span class='ocrx_word' id='word_1_579' title='bbox 3366 2740 3419 2782; x_wconf 88' lang='lat' dir='ltr'><strong>et</strong></span> <span class='ocrx_word' id='word_1_580' title='bbox 3471 2728 3638 2783; x_wconf 77' lang='lat' dir='ltr'><strong>dolis-it</strong></span> <span class='ocrx_word' id='word_1_581' title='bbox 3675 2729 3725 2780; x_wconf 66' lang='lat' dir='ltr'><strong>aut</strong></span> 
     </span>
    </p>
   </div>
   <div class='ocr_carea' id='block_1_87' title="bbox 2185 2817 3728 2891">
    <p class='ocr_par' dir='ltr' id='par_1_87' title="bbox 2185 2817 3728 2891">
     <span class='ocr_line' id='line_1_87' title="bbox 2185 2817 3728 2891; baseline 0.001 -22"><span class='ocrx_word' id='word_1_582' title='bbox 2185 2825 2485 2885; x_wconf 76' lang='lat' dir='ltr'><strong>rcSpccltuu</strong></span> <span class='ocrx_word' id='word_1_583' title='bbox 2523 2817 2705 2870; x_wconf 89' lang='lat' dir='ltr'><strong>carnis</strong></span> <span class='ocrx_word' id='word_1_584' title='bbox 2747 2817 2960 2886; x_wconf 87' lang='lat' dir='ltr'><strong>quidem</strong></span> <span class='ocrx_word' id='word_1_585' title='bbox 3018 2830 3263 2880; x_wconf 75' lang='lat' dir='ltr'><strong>mortuze.</strong></span> <span class='ocrx_word' id='word_1_586' title='bbox 3312 2823 3405 2874; x_wconf 87' lang='lat' dir='ltr'><strong>sed</strong></span> <span class='ocrx_word' id='word_1_587' title='bbox 3459 2821 3728 2891; x_wconf 74' lang='lat' dir='ltr'><strong>glorificauc</strong></span> 
     </span>
    </p>
   </div>
   <div class='ocr_carea' id='block_1_88' title="bbox 2183 2905 3731 2980">
    <p class='ocr_par' dir='ltr' id='par_1_88' title="bbox 2183 2905 3731 2980">
     <span class='ocr_line' id='line_1_88' title="bbox 2183 2905 3731 2980; baseline 0.004 -22"><span class='ocrx_word' id='word_1_588' title='bbox 2183 2918 2279 2972; x_wconf 87' lang='lat' dir='ltr'><strong>per</strong></span> <span class='ocrx_word' id='word_1_589' title='bbox 2309 2905 2497 2958; x_wconf 88' lang='lat' dir='ltr'><strong>merita</strong></span> <span class='ocrx_word' id='word_1_590' title='bbox 2522 2905 2888 2959; x_wconf 83' lang='lat' dir='ltr'><strong>vivificatricis</strong></span> <span class='ocrx_word' id='word_1_591' title='bbox 2919 2908 3140 2970; x_wconf 67' lang='lat' dir='ltr'><strong>animae;</strong></span> <span class='ocrx_word' id='word_1_592' title='bbox 3186 2920 3240 2962; x_wconf 91' lang='lat' dir='ltr'><strong>et</strong></span> <span class='ocrx_word' id='word_1_593' title='bbox 3293 2925 3474 2963; x_wconf 86' lang='lat' dir='ltr'><strong>escam</strong></span> <span class='ocrx_word' id='word_1_594' title='bbox 3524 2913 3731 2980; x_wconf 71' lang='lat' dir='ltr'><strong>quaesivit</strong></span> 
     </span>
    </p>
   </div>
   <div class='ocr_carea' id='block_1_89' title="bbox 2185 2995 3731 3070">
    <p class='ocr_par' dir='ltr' id='par_1_89' title="bbox 2185 2995 3731 3070">
     <span class='ocr_line' id='line_1_89' title="bbox 2185 2995 3731 3070; baseline 0.003 -22"><span class='ocrx_word' id='word_1_595' title='bbox 2185 2995 2237 3049; x_wconf 89' lang='lat' dir='ltr'><strong>iu</strong></span> <span class='ocrx_word' id='word_1_596' title='bbox 2265 2995 2605 3050; x_wconf 86' lang='lat' dir='ltr'><strong>sanctilicato</strong></span> <span class='ocrx_word' id='word_1_597' title='bbox 2638 2995 2903 3051; x_wconf 87' lang='lat' dir='ltr'><strong>cadavere</strong></span> <span class='ocrx_word' id='word_1_598' title='bbox 2936 2998 3054 3067; x_wconf 85' lang='lat' dir='ltr'><strong>(Job</strong></span> <span class='ocrx_word' id='word_1_599' title='bbox 3105 3015 3290 3062; x_wconf 72' lang='lat' dir='ltr'><strong>xxxix,</strong></span> <span class='ocrx_word' id='word_1_600' title='bbox 3321 3000 3434 3070; x_wconf 73' lang='grc'><strong>50).</strong></span> <span class='ocrx_word' id='word_1_601' title='bbox 3458 3002 3608 3068; x_wconf 86' lang='lat' dir='ltr'><strong>Quasi</strong></span> <span class='ocrx_word' id='word_1_602' title='bbox 3637 3011 3731 3070; x_wconf 82' lang='lat' dir='ltr'><strong>post</strong></span> 
     </span>
    </p>
   </div>
   <div class='ocr_carea' id='block_1_90' title="bbox 2185 3087 3734 3161">
    <p class='ocr_par' dir='ltr' id='par_1_90' title="bbox 2185 3087 3734 3161">
     <span class='ocr_line' id='line_1_90' title="bbox 2185 3087 3734 3161; baseline 0.008 -23"><span class='ocrx_word' id='word_1_603' title='bbox 2185 3087 2441 3153; x_wconf 86' lang='lat' dir='ltr'><strong>volatum,</strong></span> <span class='ocrx_word' id='word_1_604' title='bbox 2474 3088 2770 3157; x_wconf 79' lang='lat' dir='ltr'><strong>Spiritualis</strong></span> <span class='ocrx_word' id='word_1_605' title='bbox 2807 3091 2984 3160; x_wconf 87' lang='lat' dir='ltr'><strong>aquila</strong></span> <span class='ocrx_word' id='word_1_606' title='bbox 3047 3108 3146 3161; x_wconf 89' lang='lat' dir='ltr'><strong>pro</strong></span> <span class='ocrx_word' id='word_1_607' title='bbox 3189 3096 3466 3149; x_wconf 89' lang='lat' dir='ltr'><strong>sumendis</strong></span> <span class='ocrx_word' id='word_1_608' title='bbox 3516 3098 3734 3150; x_wconf 72' lang='lat' dir='ltr'><strong>carnibus</strong></span> 
     </span>
    </p>
   </div>
   <div class='ocr_carea' id='block_1_91' title="bbox 2188 3183 3732 3252">
    <p class='ocr_par' dir='ltr' id='par_1_91' title="bbox 2188 3183 3732 3252">
     <span class='ocr_line' id='line_1_91' title="bbox 2188 3183 3732 3252; baseline 0.008 -21"><span class='ocrx_word' id='word_1_609' title='bbox 2188 3189 2384 3234; x_wconf 89' lang='lat' dir='ltr'><strong>terram</strong></span> <span class='ocrx_word' id='word_1_610' title='bbox 2418 3183 2586 3248; x_wconf 87' lang='lat' dir='ltr'><strong>petiit,</strong></span> <span class='ocrx_word' id='word_1_611' title='bbox 2614 3183 2740 3235; x_wconf 90' lang='lat' dir='ltr'><strong>dum</strong></span> <span class='ocrx_word' id='word_1_612' title='bbox 2769 3184 2922 3252; x_wconf 90' lang='lat' dir='ltr'><strong>quasi</strong></span> <span class='ocrx_word' id='word_1_613' title='bbox 2954 3184 3018 3237; x_wconf 90' lang='lat' dir='ltr'><strong>de</strong></span> <span class='ocrx_word' id='word_1_614' title='bbox 3047 3187 3274 3240; x_wconf 89' lang='lat' dir='ltr'><strong>summis</strong></span> <span class='ocrx_word' id='word_1_615' title='bbox 3297 3189 3362 3240; x_wconf 90' lang='lat' dir='ltr'><strong>ad</strong></span> <span class='ocrx_word' id='word_1_616' title='bbox 3396 3187 3500 3241; x_wconf 88' lang='lat' dir='ltr'><strong>ima</strong></span> <span class='ocrx_word' id='word_1_617' title='bbox 3527 3190 3732 3244; x_wconf 75' lang='lat' dir='ltr'><strong>veniens.</strong></span> 
     </span>
    </p>
   </div>
   <div class='ocr_carea' id='block_1_92' title="bbox 2185 3269 3736 3349">
    <p class='ocr_par' dir='ltr' id='par_1_92' title="bbox 2185 3269 3736 3349">
     <span class='ocr_line' id='line_1_92' title="bbox 2185 3269 3736 3349; baseline 0.008 -27"><span class='ocrx_word' id='word_1_618' title='bbox 2185 3287 2343 3340; x_wconf 90' lang='lat' dir='ltr'><strong>quam</strong></span> <span class='ocrx_word' id='word_1_619' title='bbox 2369 3273 2600 3341; x_wconf 88' lang='lat' dir='ltr'><strong>pretiosa</strong></span> <span class='ocrx_word' id='word_1_620' title='bbox 2627 3273 2697 3327; x_wconf 93' lang='lat' dir='ltr'><strong>sit</strong></span> <span class='ocrx_word' id='word_1_621' title='bbox 2724 3289 2869 3328; x_wconf 88' lang='lat' dir='ltr'><strong>mors</strong></span> <span class='ocrx_word' id='word_1_622' title='bbox 2921 3289 3233 3330; x_wconf 88' lang='lat' dir='ltr'><strong>sanctorum</strong></span> <span class='ocrx_word' id='word_1_623' title='bbox 3300 3279 3473 3349; x_wconf 83' lang='lat' dir='ltr'><strong>(Psal.</strong></span> <span class='ocrx_word' id='word_1_624' title='bbox 3508 3269 3736 3348; x_wconf 57' lang='lat' dir='ltr'><strong>cvaEi),</strong></span> 
     </span>
    </p>
   </div>
   <div class='ocr_carea' id='block_1_93' title="bbox 2183 3365 3737 3444">
    <p class='ocr_par' dir='ltr' id='par_1_93' title="bbox 2183 3365 3737 3444">
     <span class='ocr_line' id='line_1_93' title="bbox 2183 3365 3737 3444; baseline 0.006 -29"><span class='ocrx_word' id='word_1_625' title='bbox 2183 3379 2370 3433; x_wconf 86' lang='lat' dir='ltr'><strong>quase</strong></span> <span class='ocrx_word' id='word_1_626' title='bbox 2418 3365 2564 3418; x_wconf 85' lang='lat' dir='ltr'><strong>refici</strong></span> <span class='ocrx_word' id='word_1_627' title='bbox 2620 3375 2780 3435; x_wconf 83' lang='lat' dir='ltr'><strong>atque</strong></span> <span class='ocrx_word' id='word_1_628' title='bbox 2837 3367 3117 3424; x_wconf 87' lang='lat' dir='ltr'><strong>reformari</strong></span> <span class='ocrx_word' id='word_1_629' title='bbox 3173 3371 3238 3423; x_wconf 89' lang='lat' dir='ltr'><strong>ad</strong></span> <span class='ocrx_word' id='word_1_630' title='bbox 3285 3373 3452 3426; x_wconf 88' lang='lat' dir='ltr'><strong>vitam</strong></span> <span class='ocrx_word' id='word_1_631' title='bbox 3508 3375 3737 3444; x_wconf 79' lang='lat' dir='ltr'><strong>expetiit:</strong></span> 
     </span>
    </p>
   </div>
   <div class='ocr_carea' id='block_1_94' title="bbox 2184 3456 3741 3531">
    <p class='ocr_par' dir='ltr' id='par_1_94' title="bbox 2184 3456 3741 3531">
     <span class='ocr_line' id='line_1_94' title="bbox 2184 3456 3741 3531; baseline 0.003 -23"><span class='ocrx_word' id='word_1_632' title='bbox 2184 3456 2311 3509; x_wconf 90' lang='lat' dir='ltr'><strong>item</strong></span> <span class='ocrx_word' id='word_1_633' title='bbox 2334 3464 2534 3523; x_wconf 90' lang='lat' dir='ltr'><strong>quanta</strong></span> <span class='ocrx_word' id='word_1_634' title='bbox 2567 3456 2617 3508; x_wconf 93' lang='lat' dir='ltr'><strong>in</strong></span> <span class='ocrx_word' id='word_1_635' title='bbox 2655 3457 2978 3512; x_wconf 75' lang='lat' dir='ltr'><strong>examinatis</strong></span> <span class='ocrx_word' id='word_1_636' title='bbox 3002 3474 3055 3512; x_wconf 89' lang='lat' dir='ltr'><strong>et</strong></span> <span class='ocrx_word' id='word_1_637' title='bbox 3081 3459 3132 3512; x_wconf 90' lang='lat' dir='ltr'><strong>in</strong></span> <span class='ocrx_word' id='word_1_638' title='bbox 3156 3461 3422 3531; x_wconf 74' lang='lat' dir='ltr'><strong>originem</strong></span> <span class='ocrx_word' id='word_1_639' title='bbox 3447 3477 3593 3516; x_wconf 89' lang='lat' dir='ltr'><strong>suam</strong></span> <span class='ocrx_word' id='word_1_640' title='bbox 3616 3477 3741 3515; x_wconf 87' lang='lat' dir='ltr'><strong>reso-</strong></span> 
     </span>
    </p>
   </div>
   <div class='ocr_carea' id='block_1_95' title="bbox 2184 3545 3740 3621">
    <p class='ocr_par' dir='ltr' id='par_1_95' title="bbox 2184 3545 3740 3621">
     <span class='ocr_line' id='line_1_95' title="bbox 2184 3545 3740 3621; baseline 0.006 -25"><span class='ocrx_word' id='word_1_641' title='bbox 2184 3545 2308 3598; x_wconf 80' lang='lat' dir='ltr'><strong>Iutis</strong></span> <span class='ocrx_word' id='word_1_642' title='bbox 2335 3546 2583 3608; x_wconf 86' lang='lat' dir='ltr'><strong>artubus,</strong></span> <span class='ocrx_word' id='word_1_643' title='bbox 2615 3555 2670 3600; x_wconf 90' lang='lat' dir='ltr'><strong>et</strong></span> <span class='ocrx_word' id='word_1_644' title='bbox 2709 3546 2759 3600; x_wconf 91' lang='lat' dir='ltr'><strong>in</strong></span> <span class='ocrx_word' id='word_1_645' title='bbox 2789 3547 3040 3602; x_wconf 91' lang='lat' dir='ltr'><strong>omnibus</strong></span> <span class='ocrx_word' id='word_1_646' title='bbox 3059 3565 3246 3603; x_wconf 81' lang='lat' dir='ltr'><strong>eorum</strong></span> <span class='ocrx_word' id='word_1_647' title='bbox 3275 3554 3622 3621; x_wconf 89' lang='lat' dir='ltr'><strong>appendiciis,</strong></span> <span class='ocrx_word' id='word_1_648' title='bbox 3648 3563 3740 3606; x_wconf 83' lang='lat' dir='ltr'><strong>tam</strong></span> 
     </span>
    </p>
   </div>
   <div class='ocr_carea' id='block_1_96' title="bbox 2182 3637 3743 3711">
    <p class='ocr_par' dir='ltr' id='par_1_96' title="bbox 2182 3637 3743 3711">
     <span class='ocr_line' id='line_1_96' title="bbox 2182 3637 3743 3711; baseline 0.008 -21"><span class='ocrx_word' id='word_1_649' title='bbox 2182 3637 2624 3692; x_wconf 79' lang='lat' dir='ltr'><strong>subslautialilins</strong></span> <span class='ocrx_word' id='word_1_650' title='bbox 2651 3655 2812 3709; x_wconf 90' lang='lat' dir='ltr'><strong>quam</strong></span> <span class='ocrx_word' id='word_1_651' title='bbox 2837 3641 3279 3711; x_wconf 82' lang='lat' dir='ltr'><strong>accidentalibus,</strong></span> <span class='ocrx_word' id='word_1_652' title='bbox 3319 3647 3516 3700; x_wconf 83' lang='lat' dir='ltr'><strong>divin</strong></span> <span class='ocrx_word' id='word_1_653' title='bbox 3558 3648 3743 3702; x_wconf 76' lang='lat' dir='ltr'><strong>virtutis</strong></span> 
     </span>
    </p>
   </div>
   <div class='ocr_carea' id='block_1_97' title="bbox 2183 3729 3742 3807">
    <p class='ocr_par' dir='ltr' id='par_1_97' title="bbox 2183 3729 3742 3807">
     <span class='ocr_line' id='line_1_97' title="bbox 2183 3729 3742 3807; baseline 0.005 -25"><span class='ocrx_word' id='word_1_654' title='bbox 2183 3739 2237 3782; x_wconf 89' lang='lat' dir='ltr'><strong>et</strong></span> <span class='ocrx_word' id='word_1_655' title='bbox 2283 3729 2618 3799; x_wconf 90' lang='lat' dir='ltr'><strong>operationis</strong></span> <span class='ocrx_word' id='word_1_656' title='bbox 2676 3731 2878 3786; x_wconf 68' lang='lat' dir='ltr'><strong>divitia:</strong></span> <span class='ocrx_word' id='word_1_657' title='bbox 2923 3748 2987 3786; x_wconf 90' lang='lat' dir='ltr'><strong>ac</strong></span> <span class='ocrx_word' id='word_1_658' title='bbox 3033 3733 3240 3788; x_wconf 76' lang='lat' dir='ltr'><strong>delicia:</strong></span> <span class='ocrx_word' id='word_1_659' title='bbox 3294 3739 3742 3807; x_wconf 85' lang='lat' dir='ltr'><strong>snperabundent,</strong></span> 
     </span>
    </p>
   </div>
   <div class='ocr_carea' id='block_1_98' title="bbox 2185 3821 3743 3900">
    <p class='ocr_par' dir='ltr' id='par_1_98' title="bbox 2185 3821 3743 3900">
     <span class='ocr_line' id='line_1_98' title="bbox 2185 3821 3743 3900; baseline 0.006 -26"><span class='ocrx_word' id='word_1_660' title='bbox 2185 3836 2410 3874; x_wconf 74' lang='lat' dir='ltr'><strong>sumunc</strong></span> <span class='ocrx_word' id='word_1_661' title='bbox 2468 3821 2772 3876; x_wconf 81' lang='lat' dir='ltr'><strong>devotionis</strong></span> <span class='ocrx_word' id='word_1_662' title='bbox 2821 3823 3080 3879; x_wconf 84' lang='lat' dir='ltr'><strong>aviditate</strong></span> <span class='ocrx_word' id='word_1_663' title='bbox 3124 3837 3176 3880; x_wconf 90' lang='lat' dir='ltr'><strong>et</strong></span> <span class='ocrx_word' id='word_1_664' title='bbox 3227 3830 3525 3884; x_wconf 91' lang='lat' dir='ltr'><strong>acutissimi</strong></span> <span class='ocrx_word' id='word_1_665' title='bbox 3572 3830 3743 3900; x_wconf 78' lang='lat' dir='ltr'><strong>ingenii</strong></span> 
     </span>
    </p>
   </div>
   <div class='ocr_carea' id='block_1_99' title="bbox 2185 3914 3742 3990">
    <p class='ocr_par' dir='ltr' id='par_1_99' title="bbox 2185 3914 3742 3990">
     <span class='ocr_line' id='line_1_99' title="bbox 2185 3914 3742 3990; baseline 0.004 -22"><span class='ocrx_word' id='word_1_666' title='bbox 2185 3914 2265 3968; x_wconf 86' lang='lat' dir='ltr'><strong>sui</strong></span> <span class='ocrx_word' id='word_1_667' title='bbox 2304 3915 2716 3984; x_wconf 81' lang='lat' dir='ltr'><strong>perspicacitate</strong></span> <span class='ocrx_word' id='word_1_668' title='bbox 2745 3932 2974 3985; x_wconf 84' lang='lat' dir='ltr'><strong>pensare</strong></span> <span class='ocrx_word' id='word_1_669' title='bbox 3025 3935 3090 3973; x_wconf 91' lang='lat' dir='ltr'><strong>ac</strong></span> <span class='ocrx_word' id='word_1_670' title='bbox 3144 3925 3477 3990; x_wconf 89' lang='lat' dir='ltr'><strong>perscrutari</strong></span> <span class='ocrx_word' id='word_1_671' title='bbox 3524 3925 3742 3978; x_wconf 89' lang='lat' dir='ltr'><strong>studuit:</strong></span> 
     </span>
    </p>
   </div>
   <div class='ocr_carea' id='block_1_100' title="bbox 2187 4008 3747 4078">
    <p class='ocr_par' dir='ltr' id='par_1_100' title="bbox 2187 4008 3747 4078">
     <span class='ocr_line' id='line_1_100' title="bbox 2187 4008 3747 4078; baseline 0.006 -20"><span class='ocrx_word' id='word_1_672' title='bbox 2187 4020 2359 4075; x_wconf 89' lang='lat' dir='ltr'><strong>neque</strong></span> <span class='ocrx_word' id='word_1_673' title='bbox 2384 4022 2538 4061; x_wconf 88' lang='lat' dir='ltr'><strong>esum</strong></span> <span class='ocrx_word' id='word_1_674' title='bbox 2567 4008 2918 4078; x_wconf 83' lang='lat' dir='ltr'><strong>niystiearum</strong></span> <span class='ocrx_word' id='word_1_675' title='bbox 2949 4012 3290 4065; x_wconf 90' lang='lat' dir='ltr'><strong>victimarum</strong></span> <span class='ocrx_word' id='word_1_676' title='bbox 3324 4028 3486 4068; x_wconf 86' lang='lat' dir='ltr'><strong>verus</strong></span> <span class='ocrx_word' id='word_1_677' title='bbox 3532 4015 3747 4070; x_wconf 83' lang='lat' dir='ltr'><strong>Israelita</strong></span> 
     </span>
    </p>
   </div>
   <div class='ocr_carea' id='block_1_101' title="bbox 2187 4097 3750 4172">
    <p class='ocr_par' dir='ltr' id='par_1_101' title="bbox 2187 4097 3750 4172">
     <span class='ocr_line' id='line_1_101' title="bbox 2187 4097 3750 4172; baseline 0.006 -23"><span class='ocrx_word' id='word_1_678' title='bbox 2187 4097 2440 4162; x_wconf 82' lang='lat' dir='ltr'><strong>fastidiit;</strong></span> <span class='ocrx_word' id='word_1_679' title='bbox 2468 4100 2563 4152; x_wconf 89' lang='lat' dir='ltr'><strong>sed</strong></span> <span class='ocrx_word' id='word_1_680' title='bbox 2603 4100 2831 4170; x_wconf 87' lang='lat' dir='ltr'><strong>mystice</strong></span> <span class='ocrx_word' id='word_1_681' title='bbox 2857 4101 3127 4156; x_wconf 87' lang='lat' dir='ltr'><strong>subtracta</strong></span> <span class='ocrx_word' id='word_1_682' title='bbox 3155 4105 3288 4172; x_wconf 87' lang='lat' dir='ltr'><strong>pelle</strong></span> <span class='ocrx_word' id='word_1_683' title='bbox 3310 4107 3520 4172; x_wconf 75' lang='lat' dir='ltr'><strong>hostire,</strong></span> <span class='ocrx_word' id='word_1_684' title='bbox 3545 4121 3678 4161; x_wconf 83' lang='lat' dir='ltr'><strong>artus</strong></span> <span class='ocrx_word' id='word_1_685' title='bbox 3704 4110 3750 4159; x_wconf 67' lang='lat' dir='ltr'><strong>ia</strong></span> 
     </span>
    </p>
   </div>
   <div class='ocr_carea' id='block_1_102' title="bbox 2186 4191 3752 4263">
    <p class='ocr_par' dir='ltr' id='par_1_102' title="bbox 2186 4191 3752 4263">
     <span class='ocr_line' id='line_1_102' title="bbox 2186 4191 3752 4263; baseline 0.006 -21"><span class='ocrx_word' id='word_1_686' title='bbox 2186 4191 2354 4256; x_wconf 76' lang='lat' dir='ltr'><strong>frusta</strong></span> <span class='ocrx_word' id='word_1_687' title='bbox 2398 4191 2675 4246; x_wconf 83' lang='lat' dir='ltr'><strong>concidens</strong></span> <span class='ocrx_word' id='word_1_688' title='bbox 2731 4191 2917 4263; x_wconf 84' lang='lat' dir='ltr'><strong>(Lerit.</strong></span> <span class='ocrx_word' id='word_1_689' title='bbox 2948 4210 2986 4258; x_wconf 90' lang='grc' dir='ltr'><strong>ι,</strong></span> <span class='ocrx_word' id='word_1_690' title='bbox 3018 4195 3093 4262; x_wconf 88' lang='grc'><strong>6),</strong></span> <span class='ocrx_word' id='word_1_691' title='bbox 3147 4197 3289 4250; x_wconf 88' lang='lat' dir='ltr'><strong>inter</strong></span> <span class='ocrx_word' id='word_1_692' title='bbox 3343 4200 3531 4254; x_wconf 89' lang='lat' dir='ltr'><strong>beatos</strong></span> <span class='ocrx_word' id='word_1_693' title='bbox 3569 4203 3752 4254; x_wconf 87' lang='lat' dir='ltr'><strong>beatior</strong></span> 
     </span>
    </p>
   </div>
   <div class='ocr_carea' id='block_1_103' title="bbox 2184 4279 3752 4360">
    <p class='ocr_par' dir='ltr' id='par_1_103' title="bbox 2184 4279 3752 4360">
     <span class='ocr_line' id='line_1_103' title="bbox 2184 4279 3752 4360; baseline 0.006 -28"><span class='ocrx_word' id='word_1_694' title='bbox 2184 4279 2386 4333; x_wconf 86' lang='lat' dir='ltr'><strong>labores</strong></span> <span class='ocrx_word' id='word_1_695' title='bbox 2415 4296 2666 4335; x_wconf 87' lang='lat' dir='ltr'><strong>manuum</strong></span> <span class='ocrx_word' id='word_1_696' title='bbox 2687 4299 2904 4336; x_wconf 88' lang='lat' dir='ltr'><strong>suarum</strong></span> <span class='ocrx_word' id='word_1_697' title='bbox 2952 4286 3286 4340; x_wconf 77' lang='lat' dir='ltr'><strong>manducavit</strong></span> <span class='ocrx_word' id='word_1_698' title='bbox 3339 4287 3514 4360; x_wconf 85' lang='lat' dir='ltr'><strong>(Psal.</strong></span> <span class='ocrx_word' id='word_1_699' title='bbox 3567 4306 3752 4353; x_wconf 76' lang='lat' dir='ltr'><strong>cxxvit,</strong></span> 
     </span>
    </p>
   </div>
   <div class='ocr_carea' id='block_1_104' title="bbox 2183 4373 3754 4454">
    <p class='ocr_par' dir='ltr' id='par_1_104' title="bbox 2183 4373 3754 4454">
     <span class='ocr_line' id='line_1_104' title="bbox 2183 4373 3754 4454; baseline 0.006 -28"><span class='ocrx_word' id='word_1_700' title='bbox 2183 4373 2270 4442; x_wconf 86' lang='lat'><strong>2);</strong></span> <span class='ocrx_word' id='word_1_701' title='bbox 2305 4389 2368 4428; x_wconf 91' lang='lat' dir='ltr'><strong>ac</strong></span> <span class='ocrx_word' id='word_1_702' title='bbox 2391 4373 2592 4429; x_wconf 74' lang='lat' dir='ltr'><strong>intima:</strong></span> <span class='ocrx_word' id='word_1_703' title='bbox 2621 4373 2931 4430; x_wconf 86' lang='lat' dir='ltr'><strong>refectionis</strong></span> <span class='ocrx_word' id='word_1_704' title='bbox 2971 4377 3172 4432; x_wconf 71' lang='lat' dir='ltr'><strong>affatim</strong></span> <span class='ocrx_word' id='word_1_705' title='bbox 3235 4381 3471 4438; x_wconf 86' lang='lat' dir='ltr'><strong>refectus</strong></span> <span class='ocrx_word' id='word_1_706' title='bbox 3529 4386 3754 4454; x_wconf 76' lang='lat' dir='ltr'><strong>dapibus,</strong></span> 
     </span>
    </p>
   </div>
   <div class='ocr_carea' id='block_1_105' title="bbox 2185 4463 3757 4540">
    <p class='ocr_par' dir='ltr' id='par_1_105' title="bbox 2185 4463 3757 4540">
     <span class='ocr_line' id='line_1_105' title="bbox 2185 4463 3757 4540; baseline 0.006 -24"><span class='ocrx_word' id='word_1_707' title='bbox 2185 4463 2393 4516; x_wconf 75' lang='lat' dir='ltr'><strong>verbum</strong></span> <span class='ocrx_word' id='word_1_708' title='bbox 2424 4463 2613 4517; x_wconf 85' lang='lat' dir='ltr'><strong>bonum</strong></span> <span class='ocrx_word' id='word_1_709' title='bbox 2641 4481 2738 4535; x_wconf 88' lang='lat' dir='ltr'><strong>per</strong></span> <span class='ocrx_word' id='word_1_710' title='bbox 2763 4465 3025 4520; x_wconf 79' lang='lat' dir='ltr'><strong>incarnati</strong></span> <span class='ocrx_word' id='word_1_711' title='bbox 3075 4469 3230 4522; x_wconf 82' lang='lat' dir='ltr'><strong>Verbi</strong></span> <span class='ocrx_word' id='word_1_712' title='bbox 3285 4474 3516 4540; x_wconf 80' lang='lat' dir='ltr'><strong>gratiam</strong></span> <span class='ocrx_word' id='word_1_713' title='bbox 3567 4485 3757 4527; x_wconf 83' lang='lat' dir='ltr'><strong>eructa-</strong></span> 
     </span>
    </p>
   </div>
   <div class='ocr_carea' id='block_1_106' title="bbox 2187 4555 3758 4636">
    <p class='ocr_par' dir='ltr' id='par_1_106' title="bbox 2187 4555 3758 4636">
     <span class='ocr_line' id='line_1_106' title="bbox 2187 4555 3758 4636; baseline 0.008 -27"><span class='ocrx_word' id='word_1_714' title='bbox 2187 4557 2253 4609; x_wconf 84' lang='lat' dir='ltr'><strong>rit</strong></span> <span class='ocrx_word' id='word_1_715' title='bbox 2279 4555 2451 4625; x_wconf 76' lang='lat' dir='ltr'><strong>(l’sal.</strong></span> <span class='ocrx_word' id='word_1_716' title='bbox 2488 4573 2637 4622; x_wconf 77' lang='lat' dir='ltr'><strong>xuv,</strong></span> <span class='ocrx_word' id='word_1_717' title='bbox 2665 4559 2743 4626; x_wconf 93' lang='lat'><strong>2).</strong></span> <span class='ocrx_word' id='word_1_718' title='bbox 2768 4558 2902 4613; x_wconf 85' lang='lat' dir='ltr'><strong>Nam</strong></span> <span class='ocrx_word' id='word_1_719' title='bbox 2931 4562 3114 4614; x_wconf 90' lang='lat' dir='ltr'><strong>omnia</strong></span> <span class='ocrx_word' id='word_1_720' title='bbox 3140 4579 3258 4630; x_wconf 75' lang='lat' dir='ltr'><strong>qua:</strong></span> <span class='ocrx_word' id='word_1_721' title='bbox 3297 4564 3348 4618; x_wconf 92' lang='lat' dir='ltr'><strong>in</strong></span> <span class='ocrx_word' id='word_1_722' title='bbox 3380 4566 3541 4636; x_wconf 89' lang='lat' dir='ltr'><strong>hujus</strong></span> <span class='ocrx_word' id='word_1_723' title='bbox 3594 4567 3758 4636; x_wconf 86' lang='lat' dir='ltr'><strong>quasi-</strong></span> 
     </span>
    </p>
   </div>
   <div class='ocr_carea' id='block_1_107' title="bbox 2189 4647 3761 4728">
    <p class='ocr_par' dir='ltr' id='par_1_107' title="bbox 2189 4647 3761 4728">
     <span class='ocr_line' id='line_1_107' title="bbox 2189 4647 3761 4728; baseline 0.008 -30"><span class='ocrx_word' id='word_1_724' title='bbox 2189 4647 2348 4702; x_wconf 89' lang='lat' dir='ltr'><strong>libelli</strong></span> <span class='ocrx_word' id='word_1_725' title='bbox 2380 4649 2646 4718; x_wconf 80' lang='lat' dir='ltr'><strong>pagiuulis</strong></span> <span class='ocrx_word' id='word_1_726' title='bbox 2675 4661 2799 4705; x_wconf 89' lang='lat' dir='ltr'><strong>sunt</strong></span> <span class='ocrx_word' id='word_1_727' title='bbox 2855 4651 3077 4718; x_wconf 87' lang='lat' dir='ltr'><strong>inserta,</strong></span> <span class='ocrx_word' id='word_1_728' title='bbox 3124 4654 3274 4726; x_wconf 76' lang='lat'><strong>(252)</strong></span> <span class='ocrx_word' id='word_1_729' title='bbox 3322 4673 3420 4727; x_wconf 86' lang='lat' dir='ltr'><strong>per</strong></span> <span class='ocrx_word' id='word_1_730' title='bbox 3471 4659 3761 4728; x_wconf 78' lang='lat' dir='ltr'><strong>inspiratio-</strong></span> 
     </span>
    </p>
   </div>
   <div class='ocr_carea' id='block_1_108' title="bbox 2189 4741 3758 4815">
    <p class='ocr_par' dir='ltr' id='par_1_108' title="bbox 2189 4741 3758 4815">
     <span class='ocr_line' id='line_1_108' title="bbox 2189 4741 3758 4815; baseline 0.006 -20"><span class='ocrx_word' id='word_1_731' title='bbox 2189 4757 2311 4796; x_wconf 90' lang='lat' dir='ltr'><strong>nem</strong></span> <span class='ocrx_word' id='word_1_732' title='bbox 2336 4741 2569 4812; x_wconf 91' lang='lat' dir='ltr'><strong>Spiritus</strong></span> <span class='ocrx_word' id='word_1_733' title='bbox 2602 4745 2842 4812; x_wconf 89' lang='lat' dir='ltr'><strong>paracliti</strong></span> <span class='ocrx_word' id='word_1_734' title='bbox 2884 4746 3235 4815; x_wconf 76' lang='lat' dir='ltr'><strong>excogitavit,</strong></span> <span class='ocrx_word' id='word_1_735' title='bbox 3292 4759 3344 4802; x_wconf 86' lang='lat' dir='ltr'><strong>ct</strong></span> <span class='ocrx_word' id='word_1_736' title='bbox 3377 4751 3508 4805; x_wconf 92' lang='lat' dir='ltr'><strong>mihi</strong></span> <span class='ocrx_word' id='word_1_737' title='bbox 3555 4767 3758 4807; x_wconf 88' lang='lat' dir='ltr'><strong>suorum</strong></span> 
     </span>
    </p>
   </div>
   <div class='ocr_carea' id='block_1_109' title="bbox 2189 4835 3762 4915">
    <p class='ocr_par' dir='ltr' id='par_1_109' title="bbox 2189 4835 3762 4915">
     <span class='ocr_line' id='line_1_109' title="bbox 2189 4835 3762 4915; baseline 0.006 -27"><span class='ocrx_word' id='word_1_738' title='bbox 2189 4835 2398 4897; x_wconf 89' lang='lat' dir='ltr'><strong>ultimo,</strong></span> <span class='ocrx_word' id='word_1_739' title='bbox 2423 4853 2484 4891; x_wconf 89' lang='lat' dir='ltr'><strong>ac</strong></span> <span class='ocrx_word' id='word_1_740' title='bbox 2518 4840 2712 4907; x_wconf 84' lang='lat' dir='ltr'><strong>pedum</strong></span> <span class='ocrx_word' id='word_1_741' title='bbox 2741 4839 2857 4908; x_wconf 86' lang='lat' dir='ltr'><strong>ejus</strong></span> <span class='ocrx_word' id='word_1_742' title='bbox 2906 4839 3125 4909; x_wconf 83' lang='lat' dir='ltr'><strong>pulvere</strong></span> <span class='ocrx_word' id='word_1_743' title='bbox 3177 4842 3574 4912; x_wconf 61' lang='lat' dir='ltr'><strong>indignissimo,</strong></span> <span class='ocrx_word' id='word_1_744' title='bbox 3620 4845 3762 4915; x_wconf 89' lang='lat' dir='ltr'><strong>quasi</strong></span> 
     </span>
    </p>
   </div>
   <div class='ocr_carea' id='block_1_110' title="bbox 2189 4926 3766 5007">
    <p class='ocr_par' dir='ltr' id='par_1_110' title="bbox 2189 4926 3766 5007">
     <span class='ocr_line' id='line_1_110' title="bbox 2189 4926 3766 5007; baseline 0.006 -29"><span class='ocrx_word' id='word_1_745' title='bbox 2189 4926 2433 4993; x_wconf 59' lang='lat' dir='ltr'><strong>quaedam</strong></span> <span class='ocrx_word' id='word_1_746' title='bbox 2469 4929 2700 4994; x_wconf 90' lang='lat' dir='ltr'><strong>semina,</strong></span> <span class='ocrx_word' id='word_1_747' title='bbox 2730 4930 2782 4982; x_wconf 94' lang='lat' dir='ltr'><strong>in</strong></span> <span class='ocrx_word' id='word_1_748' title='bbox 2811 4931 3006 4984; x_wconf 88' lang='lat' dir='ltr'><strong>mentis</strong></span> <span class='ocrx_word' id='word_1_749' title='bbox 3033 4946 3156 4984; x_wconf 81' lang='lat' dir='ltr'><strong>area</strong></span> <span class='ocrx_word' id='word_1_750' title='bbox 3191 4933 3520 4996; x_wconf 88' lang='lat' dir='ltr'><strong>ventilanda,</strong></span> <span class='ocrx_word' id='word_1_751' title='bbox 3557 4946 3610 4988; x_wconf 87' lang='lat' dir='ltr'><strong>et</strong></span> <span class='ocrx_word' id='word_1_752' title='bbox 3655 4946 3766 5007; x_wconf 84' lang='lat' dir='ltr'><strong>post</strong></span> 
     </span>
    </p>
   </div>
   <div class='ocr_carea' id='block_1_111' title="bbox 2188 5018 3769 5090">
    <p class='ocr_par' dir='ltr' id='par_1_111' title="bbox 2188 5018 3769 5090">
     <span class='ocr_line' id='line_1_111' title="bbox 2188 5018 3769 5090; baseline 0.005 -19"><span class='ocrx_word' id='word_1_753' title='bbox 2188 5018 2552 5074; x_wconf 70' lang='lat' dir='ltr'><strong>subtilissima:</strong></span> <span class='ocrx_word' id='word_1_754' title='bbox 2578 5021 2929 5077; x_wconf 90' lang='lat' dir='ltr'><strong>discussionis</strong></span> <span class='ocrx_word' id='word_1_755' title='bbox 2953 5025 3334 5090; x_wconf 87' lang='lat' dir='ltr'><strong>ventilabrum,</strong></span> <span class='ocrx_word' id='word_1_756' title='bbox 3372 5029 3599 5082; x_wconf 87' lang='lat' dir='ltr'><strong>seremla</strong></span> <span class='ocrx_word' id='word_1_757' title='bbox 3629 5045 3769 5083; x_wconf 83' lang='lat' dir='ltr'><strong>coni-</strong></span> 
     </span>
    </p>
   </div>
   <div class='ocr_carea' id='block_1_112' title="bbox 2195 5111 3770 5187">
    <p class='ocr_par' dir='ltr' id='par_1_112' title="bbox 2195 5111 3770 5187">
     <span class='ocr_line' id='line_1_112' title="bbox 2195 5111 3770 5187; baseline 0.009 -24"><span class='ocrx_word' id='word_1_758' title='bbox 2195 5111 2486 5166; x_wconf 85' lang='lat' dir='ltr'><strong>meudavit.</strong></span> <span class='ocrx_word' id='word_1_759' title='bbox 2529 5112 2634 5167; x_wconf 83' lang='lat' dir='ltr'><strong>Per</strong></span> <span class='ocrx_word' id='word_1_760' title='bbox 2678 5114 2906 5169; x_wconf 86' lang='lat' dir='ltr'><strong>infusam</strong></span> <span class='ocrx_word' id='word_1_761' title='bbox 2964 5133 3090 5172; x_wconf 87' lang='lat' dir='ltr'><strong>vero</strong></span> <span class='ocrx_word' id='word_1_762' title='bbox 3136 5119 3410 5187; x_wconf 91' lang='lat' dir='ltr'><strong>profusius</strong></span> <span class='ocrx_word' id='word_1_763' title='bbox 3461 5143 3490 5177; x_wconf 66' lang='grc' dir='ltr'>τι</span> <span class='ocrx_word' id='word_1_764' title='bbox 3550 5123 3770 5177; x_wconf 87' lang='lat' dir='ltr'><strong>Domino</strong></span> 
     </span>
    </p>
   </div>
   <div class='ocr_carea' id='block_1_113' title="bbox 2265 5264 3766 5352">
    <p class='ocr_par' dir='ltr' id='par_1_113' title="bbox 2265 5264 3766 5352">
     <span class='ocr_line' id='line_1_113' title="bbox 2265 5264 3766 5352; baseline 0.011 -35"><span class='ocrx_word' id='word_1_765' title='bbox 2265 5264 2410 5333; x_wconf 66' lang='lat' dir='ltr'><strong>(25H)</strong></span> <span class='ocrx_word' id='word_1_766' title='bbox 2445 5267 2736 5352; x_wconf 42' lang='lat' dir='ltr'><strong>{gementis</strong></span> <span class='ocrx_word' id='word_1_767' title='bbox 2765 5269 3136 5352; x_wconf 76' lang='lat' dir='ltr'><strong>Regimbertus.</strong></span> <span class='ocrx_word' id='word_1_768' title='bbox 3181 5275 3276 5329; x_wconf 88' lang='lat' dir='ltr'><strong>llic</strong></span> <span class='ocrx_word' id='word_1_769' title='bbox 3309 5278 3478 5333; x_wconf 88' lang='lat' dir='ltr'><strong>abbas</strong></span> <span class='ocrx_word' id='word_1_770' title='bbox 3529 5281 3766 5347; x_wconf 76' lang='lat' dir='ltr'><strong>proxime</strong></span> 
     </span>
    </p>
   </div>
   <div class='ocr_carea' id='block_1_114' title="bbox 2193 5338 3761 5462">
    <p class='ocr_par' dir='ltr' id='par_1_114' title="bbox 2193 5338 3761 5462">
     <span class='ocr_line' id='line_1_114' title="bbox 2194 5338 3761 5462; baseline 0.01 -75"><span class='ocrx_word' id='word_1_771' title='bbox 2194 5338 2792 5462; x_wconf 50' lang='lat' dir='ltr'><strong>nostrgnir&#39;ghiofridum</strong></span> <span class='ocrx_word' id='word_1_772' title='bbox 2821 5345 3113 5411; x_wconf 71' lang='lat' dir='ltr'><strong>prtecessit,</strong></span> <span class='ocrx_word' id='word_1_773' title='bbox 3143 5349 3285 5414; x_wconf 91' lang='lat' dir='ltr'><strong>quod</strong></span> <span class='ocrx_word' id='word_1_774' title='bbox 3313 5348 3427 5416; x_wconf 87' lang='lat' dir='ltr'><strong>jatn</strong></span> <span class='ocrx_word' id='word_1_775' title='bbox 3474 5338 3651 5404; x_wconf 77' lang='lat' dir='ltr'><strong>ndtavi</strong></span> <span class='ocrx_word' id='word_1_776' title='bbox 3698 5351 3761 5402; x_wconf 89' lang='lat' dir='ltr'><strong>ad</strong></span> 
     </span>
     <span class='ocr_line' id='line_1_115' title="bbox 2193 5420 2584 5462; baseline 0.01 -4"><span class='ocrx_word' id='word_1_777' title='bbox 2193 5420 2311 5462; x_wconf 77' lang='lat' dir='ltr'><strong>eat).</strong></span> <span class='ocrx_word' id='word_1_778' title='bbox 2383 5450 2396 5462; x_wconf 87' lang='lat'><strong>.</strong></span> <span class='ocrx_word' id='word_1_779' title='bbox 2452 5425 2462 5460; x_wconf 92' lang='grc' dir='ltr'><strong>ι</strong></span> <span class='ocrx_word' id='word_1_780' title='bbox 2510 5425 2584 5462; x_wconf 92' lang='grc' dir='ltr'><strong>.ι.</strong></span> 
     </span>
    </p>
   </div>
   <div class='ocr_carea' id='block_1_115' title="bbox 2261 5420 3770 5559">
    <p class='ocr_par' dir='ltr' id='par_1_115' title="bbox 2261 5420 3770 5559">
     <span class='ocr_line' id='line_1_116' title="bbox 2299 5420 2584 5470; baseline 0.011 -12"><span class='ocrx_word' id='word_1_781' title='bbox 2299 5445 2311 5457; x_wconf 95' lang='grc'><strong>.</strong></span> <span class='ocrx_word' id='word_1_782' title='bbox 2343 5420 2396 5470; x_wconf 80' lang='grc' dir='ltr'>υ,</span> <span class='ocrx_word' id='word_1_783' title='bbox 2431 5420 2520 5462; x_wconf 89' lang='grc' dir='ltr'>ιιι).</span> <span class='ocrx_word' id='word_1_784' title='bbox 2547 5425 2584 5462; x_wconf 93' lang='lat' dir='ltr'><strong>l.</strong></span> 
     </span>
     <span class='ocr_line' id='line_1_117' title="bbox 2261 5420 3770 5559; baseline 0.009 -30"><span class='ocrx_word' id='word_1_785' title='bbox 2261 5420 2410 5546; x_wconf 46' lang='lat'><strong>€252)</strong></span> <span class='ocrx_word' id='word_1_786' title='bbox 2434 5478 2534 5559; x_wconf 63' lang='lat' dir='ltr'><strong>Per</strong></span> <span class='ocrx_word' id='word_1_787' title='bbox 2556 5482 2949 5559; x_wconf 67' lang='lat' dir='ltr'><strong>inspirationent</strong></span> <span class='ocrx_word' id='word_1_788' title='bbox 2968 5486 3182 5552; x_wconf 88' lang='lat' dir='ltr'><strong>spiritus</strong></span> <span class='ocrx_word' id='word_1_789' title='bbox 3201 5485 3258 5540; x_wconf 91' lang='lat' dir='ltr'><strong>S.</strong></span> <span class='ocrx_word' id='word_1_790' title='bbox 3285 5487 3419 5544; x_wconf 92' lang='lat' dir='ltr'><strong>Ilinc</strong></span> <span class='ocrx_word' id='word_1_791' title='bbox 3443 5491 3565 5545; x_wconf 89' lang='lat' dir='ltr'><strong>vide</strong></span> <span class='ocrx_word' id='word_1_792' title='bbox 3589 5490 3770 5559; x_wconf 82' lang='lat' dir='ltr'><strong>quanti</strong></span> 
     </span>
    </p>
   </div>
   <div class='ocr_carea' id='block_1_116' title="bbox 2192 5545 3774 5629">
    <p class='ocr_par' dir='ltr' id='par_1_116' title="bbox 2192 5545 3774 5629">
     <span class='ocr_line' id='line_1_118' title="bbox 2192 5545 3774 5629; baseline 0.01 -31"><span class='ocrx_word' id='word_1_793' title='bbox 2192 5545 2294 5629; x_wconf 81' lang='lat' dir='ltr'><strong>hoc</strong></span> <span class='ocrx_word' id='word_1_794' title='bbox 2319 5562 2454 5629; x_wconf 83' lang='lat' dir='ltr'><strong>opus</strong></span> <span class='ocrx_word' id='word_1_795' title='bbox 2490 5545 2816 5629; x_wconf 49' lang='lat' dir='ltr'><strong>faciendum.</strong></span> <span class='ocrx_word' id='word_1_796' title='bbox 2854 5545 3035 5629; x_wconf 61' lang='lat' dir='ltr'><strong>Neque</strong></span> <span class='ocrx_word' id='word_1_797' title='bbox 3073 5566 3159 5629; x_wconf 88' lang='lat' dir='ltr'><strong>est</strong></span> <span class='ocrx_word' id='word_1_798' title='bbox 3185 5574 3282 5610; x_wconf 91' lang='lat' dir='ltr'><strong>cur</strong></span> <span class='ocrx_word' id='word_1_799' title='bbox 3318 5545 3632 5629; x_wconf 76' lang='lat' dir='ltr'><strong>figmentum</strong></span> <span class='ocrx_word' id='word_1_800' title='bbox 3679 5578 3774 5629; x_wconf 56' lang='lat' dir='ltr'><strong>pug</strong></span> 
     </span>
    </p>
   </div>
   <div class='ocr_carea' id='block_1_117' title="bbox 2195 5620 3775 5699">
    <p class='ocr_par' dir='ltr' id='par_1_117' title="bbox 2195 5620 3775 5699">
     <span class='ocr_line' id='line_1_119' title="bbox 2195 5620 3775 5699; baseline 0.009 -30"><span class='ocrx_word' id='word_1_801' title='bbox 2195 5626 2366 5672; x_wconf 87' lang='lat' dir='ltr'><strong>tetnus</strong></span> <span class='ocrx_word' id='word_1_802' title='bbox 2405 5620 2506 5699; x_wconf 80' lang='lat' dir='ltr'><strong>hoc</strong></span> <span class='ocrx_word' id='word_1_803' title='bbox 2549 5623 2736 5690; x_wconf 88' lang='lat' dir='ltr'><strong>optimi</strong></span> <span class='ocrx_word' id='word_1_804' title='bbox 2770 5623 2818 5675; x_wconf 90' lang='lat' dir='ltr'><strong>vi</strong></span> <span class='ocrx_word' id='word_1_805' title='bbox 2831 5624 2876 5699; x_wconf 83' lang='lat' dir='ltr'><strong>_ri</strong></span> <span class='ocrx_word' id='word_1_806' title='bbox 2906 5620 2971 5676; x_wconf 82' lang='lat' dir='ltr'><strong>de</strong></span> <span class='ocrx_word' id='word_1_807' title='bbox 3007 5628 3210 5699; x_wconf 82' lang='lat' dir='ltr'><strong>optimo</strong></span> <span class='ocrx_word' id='word_1_808' title='bbox 3238 5620 3775 5699; x_wconf 50' lang='lat' dir='ltr'><strong>virovtestimouiunf.</strong></span> 
     </span>
    </p>
   </div>
   <div class='ocr_carea' id='block_1_118' title="bbox 2191 5692 3781 5760">
    <p class='ocr_par' dir='ltr' id='par_1_118' title="bbox 2191 5692 3781 5760">
     <span class='ocr_line' id='line_1_120' title="bbox 2191 5692 3781 5760; baseline 0.011 -21"><span class='ocrx_word' id='word_1_809' title='bbox 2191 5692 2488 5760; x_wconf 60' lang='lat' dir='ltr'><strong>praesertim</strong></span> <span class='ocrx_word' id='word_1_810' title='bbox 2557 5707 2716 5760; x_wconf 87' lang='lat' dir='ltr'><strong>quem</strong></span> <span class='ocrx_word' id='word_1_811' title='bbox 2769 5695 2969 5749; x_wconf 87' lang='lat' dir='ltr'><strong>scimus</strong></span> <span class='ocrx_word' id='word_1_812' title='bbox 3027 5692 3285 5754; x_wconf 62' lang='lat' dir='ltr'><strong>eximium</strong></span> <span class='ocrx_word' id='word_1_813' title='bbox 3355 5699 3524 5758; x_wconf 75' lang='lat' dir='ltr'><strong>fuisse</strong></span> <span class='ocrx_word' id='word_1_814' title='bbox 3567 5692 3781 5758; x_wconf 73' lang='lat' dir='ltr'><strong>humi-li-</strong></span> 
     </span>
    </p>
   </div>
   <div class='ocr_carea' id='block_1_119' title="bbox 2192 5758 2626 5816">
    <p class='ocr_par' dir='ltr' id='par_1_119' title="bbox 2192 5758 2626 5816">
     <span class='ocr_line' id='line_1_121' title="bbox 2192 5758 2626 5816; baseline 0.018 -7"><span class='ocrx_word' id='word_1_815' title='bbox 2192 5758 2319 5814; x_wconf 86' lang='lat' dir='ltr'><strong>tatis</strong></span> <span class='ocrx_word' id='word_1_816' title='bbox 2345 5758 2626 5816; x_wconf 86' lang='lat' dir='ltr'><strong>cultorem.</strong></span> 
     </span>
    </p>
   </div>
  </div>
