3926 6492
212 470 292 528 tot
999 440 1264 516 nonas
1304 460 1638 517 EPITAPIHI
1678 462 1711 517 s

1819 456 2124 515 CTORUM.
2167 488 2237 498 --
2264 457 2389 512 LIB.
2435 455 2523 510 ιν.

3307 456 3411 510 ιθε

212 587 304 641 Deo
329 575 467 635 animi
488 575 594 644 ejus
613 578 922 630 sanctuario
946 576 1280 646 sapientiam,
1307 580 1575 647 pensavit,
1607 592 1727 656 per:
1759 582 1798 637 Α
1831 571 2090 642 quidquid
2113 571 2164 625 in
2187 571 2523 626 ornamentis
2570 568 2952 625 ecclesiasticis
3003 579 3059 623 et
3106 576 3412 623 sanctorum

205 673 394 748 pendit,
441 669 568 738 quod
613 667 1076 738 appropinquante
1129 669 1310 723 nmndi
1365 670 1635 735 termino,
1667 679 1722 725 et

206 769 493 821 accrescente
517 766 753 827 peccato,
780 758 1073 828 Leviathan
1121 760 1240 829 (Job
1298 775 1410 825 ιιι,
1441 760 1554 827 55).
1621 760 1723 815 hu-

201 869 348 911 manu:
368 850 652 922 propaginis
670 851 1038 915 adversarius,
1065 853 1155 922 qui
1177 863 1290 921 post
1316 869 1371 907 se
1395 868 1597 906 omnem
1625 854 1723 907 lio-

198 947 357 999 utinem
385 941 655 996 carnaliter
679 941 952 996 viventem
983 944 1177 1006 trahet,
1219 953 1266 997 et
1298 954 1418 997 ante
1466 959 1541 1009 se,
1594 954 1721 999 ante

194 1038 453 1104 ingressum
482 1047 627 1087 suum
681 1031 734 1087 in
772 1044 989 1088 aeterna:
1023 1034 1338 1104 perditionis
1394 1034 1666 1090 hominem
1703 1053 1715 1089 :

192 1125 565 1188 innumerabiles,
612 1139 717 1178 non
746 1135 925 1179 tamen
948 1140 1136 1180 omnes
1163 1126 1408 1181 carnales
1444 1126 1588 1197 (aliis
1623 1143 1721 1198 per

192 1221 358 1280 brevis,
383 1217 682 1288 quibusdam
710 1233 807 1288 per
829 1217 1000 1288 longa:
1027 1219 1357 1288 poenitentia:
1390 1220 1621 1283 labores,
1652 1219 1719 1273 de

187 1308 369 1363 maxilla
392 1308 500 1377 ejus
525 1308 713 1362 divinae
763 1307 1150 1363 misericordia:
1195 1308 1407 1363 armilla
1452 1312 1718 1379 perforata

187 1400 492 1453 madentibus
516 1397 634 1471 [Job
688 1398 930 1472 :u..2l])
960 1400 1122 1455 trahit
1145 1400 1348 1456 exitiali
1388 1401 1541 1466 odio;
1584 1416 1719 1470 pen-

184 1489 315 1553 savit,
344 1490 568 1560 inquam,
600 1492 743 1559 quod
791 1491 1084 1560 pernicies,
1134 1500 1189 1546 et
1221 1500 1424 1545 aeterna
1487 1492 1720 1561 perditio

187 1588 311 1633 tanto
353 1576 533 1633 acriori
583 1580 783 1636 invidia
828 1593 1015 1636 nostro
1063 1582 1342 1637 immineat
1395 1591 1449 1638 et
1499 1584 1720 1640 incubet

184 1676 338 1737 exitio,
370 1686 560 1744 quanto
586 1676 817 1731 celerius
848 1677 996 1731 novit
1021 1679 1456 1750 appropinquare
1483 1689 1714 1749 tempus,

182 1784 267 1838 quo
293 1767 495 1822 eductus
518 1767 582 1821 de
612 1767 790 1840 abyssi
817 1780 977 1839 puteo
1007 1770 1189 1840 (Apoc.
1226 1786 1318 1834 xx,
1350 1770 1403 1831 5.
1430 1771 1509 1840 7),
1557 1786 1718 1826 omne

176 1859 499 1927 serpentinum
526 1860 676 1914 virus
701 1870 915 1916 evomet
952 1861 1103 1915 hiatu
1154 1863 1483 1926 vastissimo,
1529 1864 1717 1933 putido

1828 663 2143 733 patrociniis
2212 662 2611 732 eomplaceret,
2683 676 2893 716 summa
2963 677 3088 718 eum
3132 660 3414 716 alacritate

1826 757 1990 811 animi
2019 757 2395 829 concederet);
2425 756 2597 813 sancti
2626 756 2880 827 Spiritus,
2902 759 3140 827 inquam,
3174 755 3414 825 promul-

1826 854 1977 923 gavit
2000 856 2298 919 decretum,
2349 864 2408 907 ut
2453 867 2519 906 eo
2565 850 2672 914 die,
2724 866 2822 921 per
2879 867 3040 906 omne
3079 849 3415 921 subsequens

1823 961 2018 1011 aevum,
2045 947 2411 1017 vespertinum
2464 952 2520 997 et
2556 943 2887 996 matutinum
2922 940 3252 995 sacrificium
3305 938 3411 993 situ

1822 1039 2045 1095 solemni
2075 1048 2132 1095 et
2176 1037 2461 1108 magniﬁco
2486 1037 2539 1089 in
2571 1034 2808 1089 omnium
2839 1052 3023 1091 eorum
3062 1034 3410 1090 celeberrime

1823 1129 2082 1186 offeratur
2106 1128 2714 1190 commemorationem,
2776 1143 2839 1181 ae
2886 1127 3201 1181 faitniliarius
3253 1123 3410 1179 obse-

1821 1222 2044 1289 quium;
2082 1235 2312 1291 quorum
2344 1229 2470 1273 tunc
2496 1230 2551 1272 et
2601 1218 2971 1285 postmodum,
3027 1216 3409 1270 sacratissima:

1822 1311 1895 1366 illi
1930 1310 2184 1367 Ecclesia:
2216 1319 2422 1365 tantum
2456 1306 2676 1363 cmlitus
2700 1306 2977 1375 provisum
3015 1318 3070 1361 et
3126 1308 3409 1361 transmis-

1821 1420 1938 1458 sum
1964 1412 2046 1457 est
2071 1403 2345 1464 solatium,
2376 1411 2432 1455 et
2456 1398 2836 1455 inaestimabile
2887 1415 2952 1454 ac
2986 1398 3414 1468 incomparabile

1822 1493 2208 1549 incolumitatis
2237 1492 2491 1562 pretium.

1894 1585 2007 1640 Non
2038 1601 2166 1640 vero
2188 1599 2473 1656 aggressus
2497 1592 2584 1639 est
2612 1591 2816 1637 tantam
2844 1598 2981 1648 rem,
3027 1590 3230 1635 tantam
3262 1581 3408 1633 salu-

1822 1687 1961 1742 tem,
2014 1687 2207 1745 suapte
2262 1674 2419 1745 quasi
2466 1682 2895 1744 pra‘sumptuosa
2948 1671 3261 1735 devotione;
3315 1671 3410 1724 sed

1820 1767 2065 1839 paracliti
2095 1767 2433 1832 Pneumatis,
2468 1776 2527 1820 ut
2557 1764 2980 1837 praelibavimus,
3048 1762 3416 1817 illustrations

1820 1877 1884 1917 ac
1913 1861 2093 1917 divina
2117 1860 2467 1916 revelatione.

176 1935 230 2000 ac
253 1946 498 2011 letbil’ero,
539 1959 599 2001 ut
627 1949 678 2002 in
702 1951 959 2021 congerie
991 1960 1328 2021 mortuorum
1365 1954 1614 2022 vigilans,
1655 1964 1712 2009 et
1743 1943 1787 2001 Β
1891 1954 2026 2008 Nam
2052 1954 2177 2007 dum
2213 1951 2452 2007 tirocinii
2477 1949 2557 2004 sui
2603 1958 2847 2019 tempore
2899 1947 3104 2003 credita
3163 1946 3286 2010 sibi,
3322 1955 3411 1997 ut-

173 2040 221 2093 in
243 2041 434 2093 circuitu
446 2056 534 2094 suo
554 2041 797 2110 sepulcra
821 2060 918 2097 sua
941 2044 1517 2114 con5picicns(l£zeeli.
1534 2063 1708 2113 χχχιι,

172 2131 273 2202 92),
299 2133 358 2187 de
379 2134 763 2200 damnatorum,
790 2147 844 2190 et
874 2152 972 2207 per
1010 2152 1070 2192 se
1109 2152 1296 2193 secum
1353 2141 1708 2210 perditorum,

169 2222 376 2277 exsultet
401 2239 456 2277 ac
491 2226 785 2296 triumphet
809 2228 1185 2284 innumerabili
1216 2247 1460 2287 numero.
1509 2233 1713 2289 Pensa-

166 2312 233 2367 vit
264 2320 312 2367 et
333 2314 545 2369 attendit
597 2318 820 2386 quantis
849 2328 1039 2374 contra
1081 2322 1263 2377 aerias
1315 2332 1613 2394 potestates
1657 2336 1713 2381 et

165 2403 452 2474 phalangas,
489 2421 613 2475 qua:
674 2408 981 2464 incessabili
1038 2421 1093 2466 et
1149 2414 1532 2485 indeprecabili
1571 2418 1712 2473 bello

164 2496 408 2563 dimicant,
429 2499 693 2555 adversus
726 2501 987 2567 animam,
1035 2519 1171 2575 opus
1204 2508 1276 2561 sit
1303 2509 1710 2565 auxiliariorum

160 2589 308 2643 armis
334 2600 383 2643 et
407 2592 722 2662 patrociniis
753 2612 765 2647 :
792 2595 1019 2649 revolvit
1040 2612 1202 2666 quam
1227 2598 1375 2667 justa
1399 2610 1453 2655 et
1487 2601 1710 2658 inexcu-

161 2679 464 2735 sabilisultio
484 2698 511 2735 a
541 2681 657 2736 Deo
686 2684 941 2738 ultionum
970 2683 1145 2756 (Psal.
1185 2706 1337 2751 XCIII,
1390 2692 1466 2763 1),
1514 2698 1712 2751 nostris

158 2769 394 2825 debeatur
415 2771 779 2845 negligentiis,
808 2778 953 2847 quod
985 2777 1127 2833 nulla
1149 2782 1399 2850 specialis
1416 2787 1710 2856 gratiarum

157 2861 302 2927 actio,
329 2863 494 2917 nullus
519 2866 702 2921 honor
734 2868 1033 2940 condignus
1063 2879 1118 2927 et
1152 2872 1383 2938 debitus,
1420 2876 1584 2930 tantis
1622 2893 1714 2932 eo-

157 2966 256 3006 rum
283 2954 580 3023 specialiter
612 2962 951 3027 rependatur
974 2960 1271 3027 beneﬂciis,
1321 2980 1548 3033 quorum
1597 2967 1711 3020 sin-

156 3045 270 3114 gula:
289 3049 604 3105 universalis
648 3051 903 3107 Ecclesia:
933 3053 1077 3119 tiliae,
1116 3055 1207 3125 (de
1236 3058 1434 3127 quibus
1456 3058 1605 3130 (255)
1659 3059 1711 3115 in

155 3138 348 3199 Cantica
393 3158 492 3213 pro
517 3145 724 3200 dilecto
774 3155 1029 3201 cantatur
1074 3149 1341 3219 mystice:
1375 3149 1716 3207 Atlducentur

154 3229 258 3303 Regi
301 3236 516 3305 virgines
560 3250 687 3309 post
741 3255 856 3293 eam
907 3236 1082 3312 [ΡιιαΙ.
1114 3257 1260 3306 xuv,
1286 3241 1375 3315 15]
1406 3243 1424 3313 )
1454 3259 1552 3314 pro
1600 3246 1715 3302 suis

150 3324 429 3395 pignoribus
454 3330 510 3386 in
551 3332 639 3387 eis
669 3333 983 3397 reconditis,
1041 3332 1167 3389 lit-et
1215 3337 1525 3392 nominibus
1566 3339 1713 3394 inco-

152 3421 304 3487 gnitis,
337 3421 672 3481 familiarius
701 3435 962 3497 reguntur
986 3436 1041 3481 et
1071 3436 1451 3485 sustentantur
1497 3432 1709 3489 meritis

150 3517 193 3563 et
215 3512 485 3587 subiugiis.
529 3517 885 3587 Perpendens
910 3533 1064 3588 ergo,
1088 3529 1141 3573 et
1163 3522 1437 3592 pensando
1488 3525 1715 3594 perhor-

153 3616 335 3660 rescens
353 3607 550 3662 divina:
581 3609 861 3677 aequitatis
877 3608 1165 3680 judicium,
1213 3628 1278 3668 ac
1327 3623 1387 3667 ut
1433 3626 1707 3683 peuatmn,

149 3703 192 3747 et
215 3706 320 3750 ante
340 3714 403 3752 ac
430 3709 575 3755 retro
600 3701 808 3755 animal
834 3701 1103 3756 oculatum
1124 3705 1309 3775 (Apoc.
1340 3721 1410 3764 Iv.
1443 3707 1520 3776 6),
1559 3706 1713 3777 longe

146 3787 395 3853 providere
423 3806 490 3847 ac
506 3808 819 3864 procurare
838 3793 1081 3864 cupiens,
1105 3810 1315 3850 suuune
1344 3799 1710 3853 necessarium

145 3878 361 3938 humana:
387 3886 735 3950 necessitati,
770 3887 909 3942 inter
937 3897 1015 3941 tot
1039 3887 1401 3943 intolerabiles
1414 3905 1707 3956 :erumuas,

143 3974 407 4035 electorum
432 3981 529 4035 Dei
554 3977 882 4050 suffragium
911 3980 1085 4052 (254),
1103 3996 1245 4036 anno
1264 3981 1528 4037 incarnati
1550 3982 1708 4038 \‘erbi

145 4062 258 4119 l059
302 4068 600 4125 indictione
640 4085 759 4135 XII,
790 4085 933 4123 anno
980 4086 1112 4125 vero
1164 4074 1312 4143 regni
1366 4072 1565 4127 domini
1616 4090 1711 4126 nu-

140 4159 447 4217 strillenrici
473 4164 544 4218 IV
580 4164 753 4233 regis,
793 4163 937 4217 tertii
970 4164 1317 4235 imperatoris
1346 4175 1564 4235 quarto,
1599 4181 1710 4219 suae

140 4261 292 4305 autem
321 4267 524 4311 sancta:
545 4254 915 4311 ordinationis
949 4272 1023 4323 ts,
1074 4273 1196 4312 eum
1234 4258 1505 4328 prioribus
1558 4257 1707 4329 (255)

136 4345 360 4402 conciolm
388 4362 539 4402 cura:
573 4364 696 4402 sua:
720 4345 962 4411 creditas,
1003 4348 1135 4403 viris
1164 4363 1388 4403 summa:
1438 4348 1710 4419 religionis

135 4439 180 4484 el
202 4438 511 4503 prudentiae,
543 4438 761 4492 consilii
787 4441 867 4493 sui
895 4439 1076 4492 habuit
1118 4440 1419 4510 mysterium
1474 4439 1705 4511 (Judit/t.

134 4528 350 4598 It.2);et
375 4535 670 4589 communi
712 4549 898 4587 eorum
934 4532 1200 4597 omnium,
1242 4541 1295 4586 et
1320 4534 1484 4587 totius
1534 4536 1706 4589 sancti

134 4630 401 4677 conventus
428 4624 563 4679 laeto
602 4638 873 4679 consensu
903 4632 957 4678 et
988 4622 1269 4692 applausu,
1295 4622 1471 4692 posuit
1500 4633 1554 4677 et
1574 4640 1703 4678 con-

132 4708 421 4769 ﬁrmavitS.
454 4714 713 4785 Spiritus
735 4715 1033 4777 decretum,
1081 4722 1139 4766 ut
1191 4730 1290 4769 xm
1332 4714 1557 4769 Kalend.
1601 4717 1706 4771 De-

129 4802 281 4855 ceinb.
305 4804 433 4874 (qua
493 4815 670 4859 inmte
723 4805 1045 4860 revelatione
1096 4806 1335 4876 angelica
1389 4806 1540 4876 (256)
1571 4824 1706 4879 papa

127 4891 326 4964 insignis
349 4898 542 4953 meriti
584 4896 816 4967 Sergius
853 4907 939 4951 est
980 4897 1285 4952 admonitus
1319 4939 1334 4959 ,
1383 4909 1442 4953 ut
1480 4902 1708 4972 egregia:

125 4986 402 5043 sanctitatis
422 4990 554 5044 viro
586 4988 963 5054 Willibrnrdo,
996 4999 1191 5056 quarto
1218 4990 1301 5043 die
1326 4989 1552 5045 Romam
1581 5009 1709 5047 vcn-

122 5083 245 5141 turo,
271 5088 325 5133 et
357 5081 428 5134 ad
466 5096 758 5135 summum
782 5080 1030 5134 autistitii
1058 5079 1313 5135 honorem
1344 5081 1703 5151 sublimanda,

178 5229 316 5300 (255)
355 5232 429 5289 In
458 5235 813 5315 cantir_o.pro_
847 5235 1054 5315 dileqo.
1103 5235 1194 5290 Sic
1224 5236 1537 5315 inscribitur
1565 5238 1707 5315 psal-

248 5320 391 5426 ῗιιν,
426 5321 609 5377 quem
646 5306 735 5361 hic
768 5307 920 5362 citat.
955 5306 1216 5361 Dilectum
1252 5318 1435 5362 autent
1469 5309 1705 5380 iutellige

168 5388 180 5421 ι
211 5388 253 5425 IS
277 5390 391 5428 um.

168 5442 309 5511 (254)
341 5444 507 5500 Anno
533 5446 812 5501 incarnati
872 5444 1022 5501 Verbi
1068 5447 1224 5502 1059.
1272 5446 1535 5502 Convenit
1559 5459 1706 5504 recte

112 5524 264 5587 annus
291 5516 505 5587 Christi
527 5532 666 5571 cum
692 5517 925 5571 indicata
953 5518 1265 5578 indictione.
1295 5528 1349 5572 et
1368 5534 1511 5572 anno
1538 5519 1705 5587 impe-

113 5586 330 5659 ratoris.)
355 5586 647 5659 Baronius
676 5598 851 5641 tamen
878 5588 1157 5659 imperium
1187 5588 1378 5659 Qecid.
1431 5599 1556 5642 lllltC
1605 5586 1704 5643 va-

108 5668 218 5708 rarc
263 5657 363 5723 per
397 5657 601 5726 plures
641 5672 811 5712 annos
856 5658 1025 5729 ponit,
1075 5668 1131 5713 et
1185 5658 1474 5715 llenricum
1524 5674 1703 5730 regem

110 5731 301 5779 tantum
324 5729 617 5797 agnoscit.

168 5806 310 5880 (255)
340 5808 661 5881 Conciolte.
683 5808 834 5863 Novo
860 5807 997 5881 ﬂexu
1030 5810 1165 5865 dixit
1191 5827 1287 5881 pro
1316 5811 1700 5867 conciuucular.

108 5875 260 5944 Ipsam
290 5875 799 5952 congregationem
829 5880 1114 5949 signiﬁcat.

168 5958 312 6029 (256)
350 5958 515 6031 Papa
556 5959 787 6029 insignis
824 5961 991 6016 'msuti
1037 5960 1248 6033 Sergius
1278 5971 1350 6018 est
1380 5959 1698 6017 admonitus.

1814 2058 1937 2118 pote
2012 2046 2130 2101 viro
2193 2059 2417 2101 summa:
2463 2041 2729 2097 castitatis
2777 2056 2840 2096 ac
2884 2039 3164 2094 munditia:
3193 2079 3206 2100 ,
3258 2046 3405 2091 esset

1813 2138 2055 2194 custodia
2114 2137 2406 2203 Ecclesiae;
2458 2142 2576 2206 post
2625 2133 2808 2204 longas
2854 2132 3172 2202 ,vigiliarum
3231 2144 3398 2184 excu-

1814 2229 1954 2292 bias,
1990 2238 2113 2300 post
2156 2228 2357 2282 oblatos
2405 2226 2455 2280 in
2512 2242 2604 2279 ara
2661 2225 2842 2280 cordis
2882 2222 3142 2277 labiorum
3189 2220 3403 2281 vitulos,

1814 2323 2107 2395 fragilitate
2154 2332 2362 2377 natura:
2418 2322 2665 2375 humanae
2706 2319 2972 2376 resolutus
3025 2319 3076 2372 in
3125 2332 3402 2387 soliorem,

1814 2417 1953 2472 sicut
1968 2416 2245 2488 legislator
2266 2414 2495 2486 Moyses,
2515 2415 2605 2484 qui
2630 2413 2684 2467 in
2709 2422 2890 2486 typum
2912 2411 3238 2483 integritatis
3254 2409 3409 2473 (9.57)

1815 2508 2080 2563 theoticos
2109 2506 2310 2570 Maria).
2355 2520 2489 2560 rosa:
2517 2503 2891 2575 pulcherrima:
2920 2504 2986 2558 de
3023 2501 3190 2573 spinis
3224 2499 3406 2571 plebis

1816 2599 2124 2655 Israelitica:
2149 2602 2460 2665 exoriturm,
2489 2609 2543 2655 et
2572 2597 2741 2654 lilium
2772 2594 3094 2653 convallium
3116 2594 3397 2666 pariturae;

1817 2691 2003 2744 rubum
2034 2689 2331 2745 admiratus
2369 2700 2472 2754 est,
2520 2690 2674 2761 quasi
2700 2688 2905 2750 ardere,
2936 2697 2985 2741 et
3019 2684 3405 2740 incontbuslum

1814 2798 2121 2853 permanere
2147 2781 2343 2853 (Exod.
2376 2783 2572 2853 xxxiii)
2600 2798 2615 2835 :
2649 2782 2727 2838 sic
2756 2796 2909 2851 mque
2938 2781 3112 2853 typica
3136 2778 3402 2848 signiﬁca-

1822 2878 1987 2941 tione,
2033 2876 2331 2931 mirabilem
2372 2877 2556 2933 videre
2584 2875 2779 2931 meruit
2817 2875 3100 2929 visionem.
3141 2871 3245 2928 Per
3275 2871 3407 2941 Spi-

1818 2968 1955 3024 ritus
1978 2969 2151 3023 saneti
2176 2969 2316 3023 enim
2364 2968 2590 3040 gratiam
2619 2966 2858 3023 elevatus
2884 2974 2937 3020 et
2967 2972 3291 3039 assumptus.
3323 2962 3417 3013 vi~

1819 3063 1897 3117 dit
1922 3062 1975 3117 in
2004 3063 2210 3117 visione
2248 3063 2482 3125 Domini,
2506 3063 2573 3117 de
2600 3059 2842 3116 conclavi
2895 3059 3035 3113 sacri
3083 3056 3288 3121 scrinii,
3345 3055 3411 3106 in:

1818 3170 1924 3224 quo
1954 3154 2274 3209 familiarius
2302 3165 2357 3208 et
2403 3154 2676 3223 copiosius
2731 3149 3219 3206 sacratiSsimarmn
3275 3144 3405 3200 reli-

1819 3248 2066 3318 quiarum
2099 3247 2409 3302 reconditus
2431 3256 2514 3302 est
2537 3248 2825 3301 thesaurus
2855 3240 3246 3298 inaestimabilis
3272 3255 3399 3308 pre-

1819 3348 1899 3411 tii,
1928 3348 2128 3402 Sensim
2180 3358 2500 3401 excrescere
2551 3341 2824 3396 llammam
2858 3335 3009 3409 (9.58)
3058 3331 3216 3404 ignis,
3252 3340 3398 3385 tactu

1817 3440 2039 3498 innoxii.
2066 3447 2121 3494 et
2148 3437 2394 3510 mystici;
2436 3445 2491 3490 et
2522 3448 2620 3505 per
2650 3433 2873 3502 laquear
2903 3438 2956 3483 et
2987 3435 3186 3482 tectum
3220 3424 3397 3479 sancti

1817 3529 2060 3600 periholi,
2110 3528 2328 3583 evolare
2353 3543 2416 3581 ac.
2464 3524 2773 3596 pertingere
2827 3518 2892 3573 ad
2936 3530 3116 3570 arcem
3159 3512 3397 3568 cmlestis

1814 3621 1995 3693 palatii
2032 3639 2045 3674 :
2083 3619 2169 3673 ubi
2201 3635 2322 3673 cum
2354 3617 2502 3687 Rege
2529 3612 2872 3683 sempiternae
2901 3606 3087 3679 gloriae
3120 3600 3397 3673 gloriosis-

1815 3713 1951 3766 sime
1978 3718 2204 3781 regnant
2229 3707 2375 3762 stolis
2399 3707 2530 3761 albis
2559 3706 2757 3760 induta!
2784 3703 2970 3772 (Apoc.
3000 3714 3096 3765 vn,
3128 3697 3183 3766 9)
3207 3709 3403 3749 omnes

1812 3803 2108 3856 electorum
2143 3802 2360 3855 animm.
2393 3797 2538 3854 Vidit
2582 3799 2683 3852 hoc
2707 3796 2791 3850 vir
2822 3789 3270 3864 perspicacissinti
3316 3786 3398 3839 in-

1813 3894 1977 3965 genii,
2002 3893 2136 3946 vidit
2163 3893 2409 3945 internus
2437 3890 2651 3943 auditor
2673 3902 2972 3941 sermonum
3006 3883 3124 3945 Dei,
3155 3890 3208 3935 et
3232 3879 3398 3932 intui-

1812 3996 1895 4039 tus
1923 3986 2172 4039 visionem
2201 3983 2581 4053 Omnipotentis
2607 3978 2797 4051 (Num.
2826 3992 2976 4043 xxiv,
3014 3976 3093 4043 ιι),
3137 3990 3257 4029 cum
3284 3973 3392 4025 Da-

1814 4076 1973 4139 niele,
2006 4075 2088 4128 vir
2117 4074 2510 4129 desideriorum
2540 4071 2764 4140 languit,
2793 4080 2840 4123 et
2867 4068 3136 4138 a'grotavit
3166 4082 3256 4132 per
3280 4063 3393 4116 dies

1812 4166 1974 4234 (υιιιι.
2006 4181 2121 4231 νιιι,
2143 4164 2256 4235 27),
2287 4182 2389 4217 non
2422 4163 2677 4230 languore
2701 4159 2963 4229 corporis,
2989 4155 3081 4211 sed
3104 4157 3273 4209 sancti
3301 4155 3395 4208 de-
3424 4216 3427 4221 ί

1812 4258 2026 4320 siderii;
2060 4268 2104 4310 et
2136 4267 2346 4325 stupens
2379 4253 2446 4306 ad
2473 4251 2660 4313 risum,
2690 4249 2863 4320 posuit
2915 4247 3102 4317 facient
3145 4260 3294 4297 suam
3322 4244 3397 4296 ad

1812 4350 2093 4403 Dominum
2136 4347 2304 4401 Deum
2359 4345 2493 4406 etzli,
2551 4358 2734 4413 rogare
2779 4356 2840 4393 ac
2903 4336 3171 4405 deprecari
3226 4332 3391 4403 (Dan.

1812 4459 1888 4507 Ix,
1912 4443 1967 4507 5)
2001 4442 2053 4494 in
2084 4428 2372 4511 asperitate
2397 4436 2580 4499 cilicii,
2608 4447 2663 4497 et
2689 4430 3020 4503 parcimonia
3053 4427 3309 4482 salutaris
3337 4437 3397 4480 et

1812 4531 2148 4587 medicinalis
2187 4529 2399 4601 jejunii.
2450 4528 2624 4596 Atque
2670 4525 2928 4580 Dominus
2979 4521 3135 4581 Deus,
3189 4511 3393 4572 deside.

1810 4627 1946 4679 riunt
1978 4624 2188 4679 collium
2218 4606 2531 4677 retentorum
2565 4616 2715 4689 (Ceu.
2755 4632 2900 4682 XLIX,
2939 4614 3054 4683 26),
3077 4610 3394 4666 desiderium

1818 4721 2010 4772 anima:
2048 4718 2164 4788 ejus
2210 4716 2289 4769 illi
2330 4715 2532 4775 tribuit,
2584 4727 2631 4764 et
2678 4710 2939 4765 roluntute
2976 4707 3233 4761 labiorum
3277 4704 3391 4772 ejus

1813 4826 1930 4863 eum
1958 4826 2059 4861 non
2090 4809 2353 4877 fraudavit
2391 4803 2507 4876 (Ps.
2559 4819 2648 4864 xx.
2678 4804 2770 4869 3);
2803 4801 2895 4855 sed
2949 4815 3066 4853 eum
3123 4798 3179 4850 in
3223 4796 3393 4865 gradu

1809 4918 1929 4963 suo,
1959 4909 2013 4954 et
2043 4914 2204 4968 super
2234 4898 2395 4968 pedes
2413 4911 2543 4951 suos
2569 4911 2664 4965 per
2696 4895 2997 4964 ingressum
3044 4891 3096 4943 in
3142 4903 3199 4943 se
3224 4887 3390 4957 Spiri-

1812 5006 1924 5049 tum
1956 5004 2203 5047 sanctum
2234 5002 2468 5046 statuens
2499 4989 2664 5059 (Dan.
2717 5003 2836 5049 vttt,
2869 4985 2983 5053 l8),
3025 4982 3389 5046 confortavit;

1809 5083 2111 5140 conl'ortato
2139 5093 2325 5152 pastor
2354 5078 2715 5135 cssentialiter
2747 5079 2935 5140 borius,
2967 5074 3067 5144 qui.
3085 5074 3256 5143 posuit
3282 5076 3372 5125 ani

1808 5232 1950 5285 Idem
1980 5230 2219 5300 pontifex
2246 5230 2504 5300 divinitus
2558 5226 2820 5300 intellexit
2851 5236 3079 5300 mortem
3113 5222 3171 5300 S.
3228 5221 3394 5300 Lam-
3428 5283 3434 5288 ‘

1808 5303 1945 5358 berti
1976 5293 2252 5371 iuartyris,
2278 5310 2332 5354 et
2360 5299 2794 5370 subrogationem
2839 5296 2901 5350 S.
2955 5293 3196 5354 lluberti,
3251 5304 3307 5344 ut
3335 5295 3388 5345 in

1809 5374 1984 5442 hujus
2002 5371 2241 5442 Historia,
2264 5372 2451 5442 doceo.

1881 5432 2030 5512 (257)
2065 5439 2356 5494 Tlieoticos.
2388 5439 2503 5493 Vox
2558 5446 2835 5508 corrupta,
2890 5451 2984 5505 pro
3020 5433 3288 5494 Θεοτόκου,
3334 5432 3387 5485 id

1808 5524 1891 5567 est
1920 5514 2178 5580 Deiparze.

1878 5571 2030 5654 (258)
2051 5581 2198 5652 Ignis
2217 5591 2371 5654 tactu.
2389 5580 2611 5654 innoxii.
2633 5578 2765 5654 Cum
2797 5571 3387 5654 hood‘hiofridusnscri-

1804 5641 2066 5779 Έέεῑὴῖιι
2083 5641 2284 5707 "metite
2318 5652 2554 5707 habebat
2591 5651 2689 5704 hos
2714 5646 2948 5701 Maronis
2968 5658 3177 5709 versus,
3221 5641 3317 5696 lib.
3344 5656 3385 5694 ιι

1883 5739 1965 5778 net
2010 5763 2025 5776 .

1883 5724 2025 5778 neid.

1880 5810 2020 5868 Ecce
2043 5814 2172 5870 levis
2202 5830 2404 5870 summa
2434 5814 2497 5866 de
2527 5811 2711 5865 rertire
2747 5807 2882 5860 risus
2912 5805 3019 5859 Iuli

1880 5883 2132 5939 Fundere
2165 5888 2338 5939 lumen
2379 5900 2530 5953 apex,
2559 5892 2802 5953 tactuque
2823 5878 3038 5930 innoxia
3057 5874 3239 5932 molles

1888 5954 2141 6013 Lambere
2166 5957 2382 6027 ﬂamma
2410 5951 2607 6020 comas,
2638 5959 2684 6005 et
2707 5951 2903 6004 circum
2925 5957 3155 6019 tempora
3174 5961 3345 6018 passi.
