  <div class='ocr_page' id='page_1' title='image "/cluster/home/n/w/nwhite01/storage/ocr_20150623/157/hvd.32044010248185/207.png"; bbox 0 0 4106 6356; ppageno 0'>
   <div class='ocr_carea' id='block_1_1' title="bbox 631 362 735 423">
    <p class='ocr_par' dir='ltr' id='par_1_1' title="bbox 631 362 735 423">
     <span class='ocr_line' id='line_1_1' title="bbox 631 362 735 423; baseline -0.01 0"><span class='ocrx_word' id='word_1_1' title='bbox 631 362 735 423; x_wconf 63' lang='grc' dir='ltr'><strong>4οζ</strong></span> 
     </span>
    </p>
   </div>
   <div class='ocr_carea' id='block_1_2' title="bbox 634 474 2286 562">
    <p class='ocr_par' dir='ltr' id='par_1_2' title="bbox 634 474 2286 562">
     <span class='ocr_line' id='line_1_2' title="bbox 634 474 2286 562; baseline -0.007 -26"><span class='ocrx_word' id='word_1_2' title='bbox 634 494 773 536; x_wconf 81' lang='lat' dir='ltr'><strong>tuam</strong></span> <span class='ocrx_word' id='word_1_3' title='bbox 814 493 963 532; x_wconf 85' lang='lat' dir='ltr'><strong>suam</strong></span> <span class='ocrx_word' id='word_1_4' title='bbox 1014 495 1106 546; x_wconf 85' lang='lat' dir='ltr'><strong>pro</strong></span> <span class='ocrx_word' id='word_1_5' title='bbox 1157 476 1333 532; x_wconf 80' lang='lat' dir='ltr'><strong>oribus</strong></span> <span class='ocrx_word' id='word_1_6' title='bbox 1363 476 1473 529; x_wconf 87' lang='lat' dir='ltr'><strong>suis</strong></span> <span class='ocrx_word' id='word_1_7' title='bbox 1522 474 1707 546; x_wconf 81' lang='lat' dir='ltr'><strong>(Joan.</strong></span> <span class='ocrx_word' id='word_1_8' title='bbox 1780 493 1834 538; x_wconf 69' lang='grc' dir='ltr'><strong>κ,</strong></span> <span class='ocrx_word' id='word_1_9' title='bbox 1859 474 1970 543; x_wconf 75' lang='lat' dir='ltr'><strong>i5),</strong></span> <span class='ocrx_word' id='word_1_10' title='bbox 1993 486 2209 543; x_wconf 78' lang='lat' dir='ltr'><strong>gregem</strong></span> <span class='ocrx_word' id='word_1_11' title='bbox 2242 513 2286 562; x_wconf 63' lang='grc' dir='ltr'>Α</span> 
     </span>
    </p>
   </div>
   <div class='ocr_carea' id='block_1_3' title="bbox 636 564 2209 635">
    <p class='ocr_par' dir='ltr' id='par_1_3' title="bbox 636 564 2209 635">
     <span class='ocr_line' id='line_1_3' title="bbox 636 564 2209 635; baseline -0.005 -11"><span class='ocrx_word' id='word_1_12' title='bbox 636 584 792 625; x_wconf 81' lang='lat' dir='ltr'><strong>suum</strong></span> <span class='ocrx_word' id='word_1_13' title='bbox 817 567 872 621; x_wconf 88' lang='lat' dir='ltr'><strong>in</strong></span> <span class='ocrx_word' id='word_1_14' title='bbox 894 566 1149 620; x_wconf 73' lang='lat' dir='ltr'><strong>montibus</strong></span> <span class='ocrx_word' id='word_1_15' title='bbox 1171 564 1359 626; x_wconf 81' lang='lat' dir='ltr'><strong>Israel,</strong></span> <span class='ocrx_word' id='word_1_16' title='bbox 1390 566 1443 618; x_wconf 87' lang='lat' dir='ltr'><strong>in</strong></span> <span class='ocrx_word' id='word_1_17' title='bbox 1452 568 1661 635; x_wconf 85' lang='lat' dir='ltr'><strong>pascuis</strong></span> <span class='ocrx_word' id='word_1_18' title='bbox 1688 565 1966 619; x_wconf 77' lang='lat' dir='ltr'><strong>uberrimis</strong></span> <span class='ocrx_word' id='word_1_19' title='bbox 1990 564 2209 635; x_wconf 76' lang='lat' dir='ltr'><strong>(Ezeclt.</strong></span> 
     </span>
    </p>
   </div>
   <div class='ocr_carea' id='block_1_4' title="bbox 637 645 2210 726">
    <p class='ocr_par' dir='ltr' id='par_1_4' title="bbox 637 645 2210 726">
     <span class='ocr_line' id='line_1_4' title="bbox 637 645 2210 726; baseline -0.004 -12"><span class='ocrx_word' id='word_1_20' title='bbox 637 672 821 721; x_wconf 73' lang='lat' dir='ltr'><strong>xxxw,</strong></span> <span class='ocrx_word' id='word_1_21' title='bbox 853 645 1232 726; x_wconf 48' lang='lat' dir='ltr'><strong>H),bono,&#39;ex</strong></span> <span class='ocrx_word' id='word_1_22' title='bbox 1263 652 1583 709; x_wconf 87' lang='lat' dir='ltr'><strong>accidentali</strong></span> <span class='ocrx_word' id='word_1_23' title='bbox 1640 657 1782 709; x_wconf 89' lang='lat' dir='ltr'><strong>dono</strong></span> <span class='ocrx_word' id='word_1_24' title='bbox 1833 670 1956 712; x_wconf 90' lang='lat' dir='ltr'><strong>suo.</strong></span> <span class='ocrx_word' id='word_1_25' title='bbox 2010 654 2210 725; x_wconf 78' lang='lat' dir='ltr'><strong>pastori</strong></span> 
     </span>
    </p>
   </div>
   <div class='ocr_carea' id='block_1_5' title="bbox 637 745 2215 819">
    <p class='ocr_par' dir='ltr' id='par_1_5' title="bbox 637 745 2215 819">
     <span class='ocr_line' id='line_1_5' title="bbox 637 745 2215 819; baseline -0.003 -16"><span class='ocrx_word' id='word_1_26' title='bbox 637 746 959 819; x_wconf 82' lang='lat' dir='ltr'><strong>pascendum</strong></span> <span class='ocrx_word' id='word_1_27' title='bbox 995 746 1413 801; x_wconf 83' lang='lat' dir='ltr'><strong>commendavit.</strong></span> <span class='ocrx_word' id='word_1_28' title='bbox 1442 745 1519 799; x_wconf 65' lang='lat' dir='ltr'><strong>Et</strong></span> <span class='ocrx_word' id='word_1_29' title='bbox 1549 745 1765 816; x_wconf 75' lang='lat' dir='ltr'><strong>egregio</strong></span> <span class='ocrx_word' id='word_1_30' title='bbox 1814 762 1943 813; x_wconf 76' lang='lat' dir='ltr'><strong>ergo</strong></span> <span class='ocrx_word' id='word_1_31' title='bbox 1994 746 2215 799; x_wconf 88' lang='lat' dir='ltr'><strong>custode</strong></span> 
     </span>
    </p>
   </div>
   <div class='ocr_carea' id='block_1_6' title="bbox 636 836 2214 898">
    <p class='ocr_par' dir='ltr' id='par_1_6' title="bbox 636 836 2214 898">
     <span class='ocr_line' id='line_1_6' title="bbox 636 836 2214 898; baseline 0 -8"><span class='ocrx_word' id='word_1_32' title='bbox 636 851 816 893; x_wconf 86' lang='lat' dir='ltr'><strong>rerum</strong></span> <span class='ocrx_word' id='word_1_33' title='bbox 837 844 891 891; x_wconf 90' lang='lat' dir='ltr'><strong>et</strong></span> <span class='ocrx_word' id='word_1_34' title='bbox 906 845 1349 892; x_wconf 79' lang='lat' dir='ltr'><strong>ornamentorum</strong></span> <span class='ocrx_word' id='word_1_35' title='bbox 1381 836 1671 891; x_wconf 84' lang='lat' dir='ltr'><strong>materialis</strong></span> <span class='ocrx_word' id='word_1_36' title='bbox 1691 836 1966 897; x_wconf 64' lang='lat' dir='ltr'><strong>Ecclesiaa,</strong></span> <span class='ocrx_word' id='word_1_37' title='bbox 1990 836 2214 898; x_wconf 86' lang='lat' dir='ltr'><strong>electus,</strong></span> 
     </span>
    </p>
   </div>
   <div class='ocr_carea' id='block_1_7' title="bbox 634 925 2216 998">
    <p class='ocr_par' dir='ltr' id='par_1_7' title="bbox 634 925 2216 998">
     <span class='ocr_line' id='line_1_7' title="bbox 634 925 2216 998; baseline -0.002 -15"><span class='ocrx_word' id='word_1_38' title='bbox 634 935 843 997; x_wconf 85' lang='lat' dir='ltr'><strong>raptus.</strong></span> <span class='ocrx_word' id='word_1_39' title='bbox 870 925 1160 982; x_wconf 89' lang='lat' dir='ltr'><strong>translatus</strong></span> <span class='ocrx_word' id='word_1_40' title='bbox 1189 928 1254 980; x_wconf 91' lang='lat' dir='ltr'><strong>ad</strong></span> <span class='ocrx_word' id='word_1_41' title='bbox 1279 927 1581 982; x_wconf 77' lang='lat' dir='ltr'><strong>custodiam</strong></span> <span class='ocrx_word' id='word_1_42' title='bbox 1610 935 1668 981; x_wconf 93' lang='lat' dir='ltr'><strong>et</strong></span> <span class='ocrx_word' id='word_1_43' title='bbox 1694 929 1931 998; x_wconf 85' lang='lat' dir='ltr'><strong>regimen</strong></span> <span class='ocrx_word' id='word_1_44' title='bbox 1959 927 2216 997; x_wconf 87' lang='lat' dir='ltr'><strong>spiritua-</strong></span> 
     </span>
    </p>
   </div>
   <div class='ocr_carea' id='block_1_8' title="bbox 635 1015 2215 1087">
    <p class='ocr_par' dir='ltr' id='par_1_8' title="bbox 635 1015 2215 1087">
     <span class='ocr_line' id='line_1_8' title="bbox 635 1015 2215 1087; baseline 0.001 -18"><span class='ocrx_word' id='word_1_45' title='bbox 635 1016 702 1071; x_wconf 87' lang='lat' dir='ltr'><strong>Iis</strong></span> <span class='ocrx_word' id='word_1_46' title='bbox 730 1016 1018 1082; x_wconf 57' lang='lat' dir='ltr'><strong>Ecclesia;</strong></span> <span class='ocrx_word' id='word_1_47' title='bbox 1050 1026 1106 1072; x_wconf 90' lang='lat' dir='ltr'><strong>et</strong></span> <span class='ocrx_word' id='word_1_48' title='bbox 1132 1032 1276 1071; x_wconf 88' lang='lat' dir='ltr'><strong>unus</strong></span> <span class='ocrx_word' id='word_1_49' title='bbox 1313 1017 1532 1086; x_wconf 81' lang='lat' dir='ltr'><strong>spiritus</strong></span> <span class='ocrx_word' id='word_1_50' title='bbox 1566 1015 1741 1070; x_wconf 78' lang='lat' dir='ltr'><strong>fartus</strong></span> <span class='ocrx_word' id='word_1_51' title='bbox 1766 1034 1888 1071; x_wconf 78' lang='lat' dir='ltr'><strong>eum</strong></span> <span class='ocrx_word' id='word_1_52' title='bbox 1930 1018 2215 1087; x_wconf 83' lang='lat' dir='ltr'><strong>spirituum</strong></span> 
     </span>
    </p>
   </div>
   <div class='ocr_carea' id='block_1_9' title="bbox 633 1108 2216 1178">
    <p class='ocr_par' dir='ltr' id='par_1_9' title="bbox 633 1108 2216 1178">
     <span class='ocr_line' id='line_1_9' title="bbox 633 1108 2216 1178; baseline 0.001 -17"><span class='ocrx_word' id='word_1_53' title='bbox 633 1109 875 1162; x_wconf 89' lang='lat' dir='ltr'><strong>omnium</strong></span> <span class='ocrx_word' id='word_1_54' title='bbox 896 1109 1138 1173; x_wconf 88' lang='lat' dir='ltr'><strong>custode,</strong></span> <span class='ocrx_word' id='word_1_55' title='bbox 1159 1109 1224 1163; x_wconf 90' lang='lat' dir='ltr'><strong>de</strong></span> <span class='ocrx_word' id='word_1_56' title='bbox 1241 1123 1346 1178; x_wconf 83' lang='lat' dir='ltr'><strong>quo</strong></span> <span class='ocrx_word' id='word_1_57' title='bbox 1365 1108 1675 1177; x_wconf 87' lang='lat' dir='ltr'><strong>prophetico</strong></span> <span class='ocrx_word' id='word_1_58' title='bbox 1705 1108 2069 1178; x_wconf 77' lang='lat' dir='ltr'><strong>ingeminatur</strong></span> <span class='ocrx_word' id='word_1_59' title='bbox 2089 1123 2216 1162; x_wconf 76' lang='lat' dir='ltr'><strong>ore:</strong></span> 
     </span>
    </p>
   </div>
   <div class='ocr_carea' id='block_1_10' title="bbox 638 1199 2214 1271">
    <p class='ocr_par' dir='ltr' id='par_1_10' title="bbox 638 1199 2214 1271">
     <span class='ocr_line' id='line_1_10' title="bbox 638 1199 2214 1271; baseline 0 -16"><span class='ocrx_word' id='word_1_60' title='bbox 638 1200 847 1267; x_wconf 85' lang='lat' dir='ltr'><strong>Custos,</strong></span> <span class='ocrx_word' id='word_1_61' title='bbox 888 1200 1013 1271; x_wconf 88' lang='lat' dir='ltr'><strong>quid</strong></span> <span class='ocrx_word' id='word_1_62' title='bbox 1038 1203 1103 1255; x_wconf 85' lang='lat' dir='ltr'><strong>de</strong></span> <span class='ocrx_word' id='word_1_63' title='bbox 1127 1202 1319 1266; x_wconf 74' lang='lat' dir='ltr'><strong>nocte?</strong></span> <span class='ocrx_word' id='word_1_64' title='bbox 1345 1210 1541 1263; x_wconf 84' lang='lat' dir='ltr'><strong>custos,</strong></span> <span class='ocrx_word' id='word_1_65' title='bbox 1568 1201 1695 1268; x_wconf 83' lang='lat' dir='ltr'><strong>quid</strong></span> <span class='ocrx_word' id='word_1_66' title='bbox 1738 1205 1803 1253; x_wconf 82' lang='lat' dir='ltr'><strong>de</strong></span> <span class='ocrx_word' id='word_1_67' title='bbox 1848 1200 2036 1255; x_wconf 82' lang='lat' dir='ltr'><strong>nocte?</strong></span> <span class='ocrx_word' id='word_1_68' title='bbox 2080 1199 2214 1269; x_wconf 89' lang='lat' dir='ltr'><strong>(Isa.</strong></span> 
     </span>
    </p>
   </div>
   <div class='ocr_carea' id='block_1_11' title="bbox 636 1289 2217 1362">
    <p class='ocr_par' dir='ltr' id='par_1_11' title="bbox 636 1289 2217 1362">
     <span class='ocr_line' id='line_1_11' title="bbox 636 1289 2217 1362; baseline -0.002 -15"><span class='ocrx_word' id='word_1_69' title='bbox 636 1308 755 1356; x_wconf 73' lang='lat' dir='ltr'><strong>xu,</strong></span> <span class='ocrx_word' id='word_1_70' title='bbox 794 1293 907 1362; x_wconf 77' lang='lat' dir='ltr'><strong>li.)</strong></span> <span class='ocrx_word' id='word_1_71' title='bbox 935 1300 1061 1347; x_wconf 88' lang='lat' dir='ltr'><strong>ante</strong></span> <span class='ocrx_word' id='word_1_72' title='bbox 1106 1293 1303 1347; x_wconf 88' lang='lat' dir='ltr'><strong>mentis</strong></span> <span class='ocrx_word' id='word_1_73' title='bbox 1343 1307 1455 1346; x_wconf 72' lang='lat' dir='ltr'><strong>sua:</strong></span> <span class='ocrx_word' id='word_1_74' title='bbox 1488 1294 1677 1346; x_wconf 89' lang='lat' dir='ltr'><strong>oculos</strong></span> <span class='ocrx_word' id='word_1_75' title='bbox 1702 1290 1843 1345; x_wconf 84' lang='lat' dir='ltr'><strong>illius</strong></span> <span class='ocrx_word' id='word_1_76' title='bbox 1892 1289 2217 1345; x_wconf 88' lang='lat' dir='ltr'><strong>Samaritani</strong></span> 
     </span>
    </p>
   </div>
   <div class='ocr_carea' id='block_1_12' title="bbox 634 1382 2220 1454">
    <p class='ocr_par' dir='ltr' id='par_1_12' title="bbox 634 1382 2220 1454">
     <span class='ocr_line' id='line_1_12' title="bbox 634 1382 2220 1454; baseline 0.002 -19"><span class='ocrx_word' id='word_1_77' title='bbox 634 1383 911 1453; x_wconf 62' lang='lat' dir='ltr'><strong>exemplar</strong></span> <span class='ocrx_word' id='word_1_78' title='bbox 933 1383 1108 1454; x_wconf 86' lang='lat' dir='ltr'><strong>posuit</strong></span> <span class='ocrx_word' id='word_1_79' title='bbox 1139 1382 1290 1454; x_wconf 83' lang='lat' dir='ltr'><strong>(Luc.</strong></span> <span class='ocrx_word' id='word_1_80' title='bbox 1323 1400 1377 1448; x_wconf 65' lang='grc' dir='ltr'><strong>Χ,</strong></span> <span class='ocrx_word' id='word_1_81' title='bbox 1406 1386 1475 1439; x_wconf 79' lang='lat'><strong>50</strong></span> <span class='ocrx_word' id='word_1_82' title='bbox 1509 1383 1708 1453; x_wconf 81' lang='lat' dir='ltr'><strong>seqq.),</strong></span> <span class='ocrx_word' id='word_1_83' title='bbox 1742 1383 1833 1452; x_wconf 85' lang='lat' dir='ltr'><strong>qui</strong></span> <span class='ocrx_word' id='word_1_84' title='bbox 1867 1384 2108 1444; x_wconf 69' lang='lat' dir='ltr'><strong>humano,</strong></span> <span class='ocrx_word' id='word_1_85' title='bbox 2130 1400 2220 1453; x_wconf 88' lang='lat' dir='ltr'><strong>ge-</strong></span> 
     </span>
    </p>
   </div>
   <div class='ocr_carea' id='block_1_13' title="bbox 636 1472 2216 1542">
    <p class='ocr_par' dir='ltr' id='par_1_13' title="bbox 636 1472 2216 1542">
     <span class='ocr_line' id='line_1_13' title="bbox 636 1472 2216 1542; baseline 0 -15"><span class='ocrx_word' id='word_1_86' title='bbox 636 1473 754 1530; x_wconf 89' lang='lat' dir='ltr'><strong>neri</strong></span> <span class='ocrx_word' id='word_1_87' title='bbox 773 1474 836 1526; x_wconf 86' lang='lat' dir='ltr'><strong>ab</strong></span> <span class='ocrx_word' id='word_1_88' title='bbox 865 1472 1198 1528; x_wconf 71' lang='lat' dir='ltr'><strong>Hierusalem</strong></span> <span class='ocrx_word' id='word_1_89' title='bbox 1221 1472 1426 1528; x_wconf 72' lang='lat' dir='ltr'><strong>ctelesti</strong></span> <span class='ocrx_word' id='word_1_90' title='bbox 1449 1474 1653 1527; x_wconf 83' lang='lat' dir='ltr'><strong>visione</strong></span> <span class='ocrx_word' id='word_1_91' title='bbox 1674 1473 1841 1542; x_wconf 81' lang='lat' dir='ltr'><strong>pacis,</strong></span> <span class='ocrx_word' id='word_1_92' title='bbox 1867 1474 2154 1527; x_wconf 80' lang='lat' dir='ltr'><strong>ttcsccmlen</strong></span> <span class='ocrx_word' id='word_1_93' title='bbox 2180 1476 2216 1536; x_wconf 90' lang='lat' dir='ltr'><strong>i,</strong></span> 
     </span>
    </p>
   </div>
   <div class='ocr_carea' id='block_1_14' title="bbox 638 1564 2219 1638">
    <p class='ocr_par' dir='ltr' id='par_1_14' title="bbox 638 1564 2219 1638">
     <span class='ocr_line' id='line_1_14' title="bbox 638 1564 2219 1638; baseline 0.001 -19"><span class='ocrx_word' id='word_1_94' title='bbox 638 1566 785 1638; x_wconf 69' lang='lat'><strong>(259)</strong></span> <span class='ocrx_word' id='word_1_95' title='bbox 817 1565 871 1619; x_wconf 88' lang='lat' dir='ltr'><strong>in</strong></span> <span class='ocrx_word' id='word_1_96' title='bbox 895 1565 1129 1629; x_wconf 78' lang='lat' dir='ltr'><strong>Iericho,</strong></span> <span class='ocrx_word' id='word_1_97' title='bbox 1179 1565 1445 1622; x_wconf 85' lang='lat' dir='ltr'><strong>defectum</strong></span> <span class='ocrx_word' id='word_1_98' title='bbox 1474 1567 1696 1620; x_wconf 67' lang='lat' dir='ltr'><strong>internte</strong></span> <span class='ocrx_word' id='word_1_99' title='bbox 1726 1564 1881 1627; x_wconf 82' lang='lat' dir='ltr'><strong>lucis.</strong></span> <span class='ocrx_word' id='word_1_100' title='bbox 1915 1575 1967 1621; x_wconf 87' lang='lat' dir='ltr'><strong>et</strong></span> <span class='ocrx_word' id='word_1_101' title='bbox 1997 1581 2026 1619; x_wconf 89' lang='lat' dir='ltr'><strong>a</strong></span> <span class='ocrx_word' id='word_1_102' title='bbox 2052 1566 2219 1621; x_wconf 82' lang='lat' dir='ltr'><strong>tatro-</strong></span> 
     </span>
    </p>
   </div>
   <div class='ocr_carea' id='block_1_15' title="bbox 638 1657 2218 1723">
    <p class='ocr_par' dir='ltr' id='par_1_15' title="bbox 638 1657 2218 1723">
     <span class='ocr_line' id='line_1_15' title="bbox 638 1657 2218 1723; baseline 0.001 -12"><span class='ocrx_word' id='word_1_103' title='bbox 638 1658 790 1712; x_wconf 82' lang='lat' dir='ltr'><strong>uibus</strong></span> <span class='ocrx_word' id='word_1_104' title='bbox 837 1657 1130 1723; x_wconf 83' lang='lat' dir='ltr'><strong>vulnerato,</strong></span> <span class='ocrx_word' id='word_1_105' title='bbox 1194 1660 1554 1713; x_wconf 80' lang='lat' dir='ltr'><strong>misericordia</strong></span> <span class='ocrx_word' id='word_1_106' title='bbox 1604 1671 1775 1714; x_wconf 87' lang='lat' dir='ltr'><strong>motus</strong></span> <span class='ocrx_word' id='word_1_107' title='bbox 1818 1659 2110 1723; x_wconf 80' lang='lat' dir='ltr'><strong>condoluit,</strong></span> <span class='ocrx_word' id='word_1_108' title='bbox 2171 1670 2218 1712; x_wconf 82' lang='lat' dir='ltr'><strong>et</strong></span> 
     </span>
    </p>
   </div>
   <div class='ocr_carea' id='block_1_16' title="bbox 637 1750 2218 1822">
    <p class='ocr_par' dir='ltr' id='par_1_16' title="bbox 637 1750 2218 1822">
     <span class='ocr_line' id='line_1_16' title="bbox 637 1750 2218 1822; baseline 0.001 -20"><span class='ocrx_word' id='word_1_109' title='bbox 637 1769 687 1814; x_wconf 65' lang='grc' dir='ltr'><strong>(ι)</strong></span> <span class='ocrx_word' id='word_1_110' title='bbox 705 1753 950 1820; x_wconf 85' lang='lat' dir='ltr'><strong>propians</strong></span> <span class='ocrx_word' id='word_1_111' title='bbox 975 1765 1073 1819; x_wconf 89' lang='lat' dir='ltr'><strong>per</strong></span> <span class='ocrx_word' id='word_1_112' title='bbox 1092 1750 1481 1804; x_wconf 89' lang='lat' dir='ltr'><strong>incarnationis</strong></span> <span class='ocrx_word' id='word_1_113' title='bbox 1502 1766 1611 1805; x_wconf 72' lang='lat' dir='ltr'><strong>sua)</strong></span> <span class='ocrx_word' id='word_1_114' title='bbox 1634 1752 1971 1822; x_wconf 80' lang='lat' dir='ltr'><strong>mysterium,</strong></span> <span class='ocrx_word' id='word_1_115' title='bbox 2007 1751 2218 1804; x_wconf 70' lang='lat' dir='ltr'><strong>munera</strong></span> 
     </span>
    </p>
   </div>
   <div class='ocr_carea' id='block_1_17' title="bbox 637 1841 2216 1913">
    <p class='ocr_par' dir='ltr' id='par_1_17' title="bbox 637 1841 2216 1913">
     <span class='ocr_line' id='line_1_17' title="bbox 637 1841 2216 1913; baseline 0.001 -19"><span class='ocrx_word' id='word_1_116' title='bbox 637 1842 751 1911; x_wconf 78' lang='lat' dir='ltr'><strong>ejus</strong></span> <span class='ocrx_word' id='word_1_117' title='bbox 781 1857 1005 1896; x_wconf 74' lang='lat' dir='ltr'><strong>summa:</strong></span> <span class='ocrx_word' id='word_1_118' title='bbox 1033 1841 1252 1913; x_wconf 86' lang='lat' dir='ltr'><strong>pietatis</strong></span> <span class='ocrx_word' id='word_1_119' title='bbox 1275 1852 1331 1897; x_wconf 92' lang='lat' dir='ltr'><strong>et</strong></span> <span class='ocrx_word' id='word_1_120' title='bbox 1366 1843 1592 1897; x_wconf 66' lang='lat' dir='ltr'><strong>interna:</strong></span> <span class='ocrx_word' id='word_1_121' title='bbox 1633 1843 2027 1913; x_wconf 87' lang='lat' dir='ltr'><strong>compassionis</strong></span> <span class='ocrx_word' id='word_1_122' title='bbox 2059 1858 2216 1896; x_wconf 75' lang='lat' dir='ltr'><strong>unum</strong></span> 
     </span>
    </p>
   </div>
   <div class='ocr_carea' id='block_1_18' title="bbox 635 1933 2219 2005">
    <p class='ocr_par' dir='ltr' id='par_1_18' title="bbox 635 1933 2219 2005">
     <span class='ocr_line' id='line_1_18' title="bbox 635 1933 2219 2005; baseline 0 -17"><span class='ocrx_word' id='word_1_123' title='bbox 635 1933 893 2004; x_wconf 78' lang='lat' dir='ltr'><strong>alligavit,</strong></span> <span class='ocrx_word' id='word_1_124' title='bbox 919 1949 983 1988; x_wconf 89' lang='lat' dir='ltr'><strong>ac</strong></span> <span class='ocrx_word' id='word_1_125' title='bbox 1009 1949 1221 2002; x_wconf 84' lang='lat' dir='ltr'><strong>peccata</strong></span> <span class='ocrx_word' id='word_1_126' title='bbox 1260 1934 1375 2004; x_wconf 83' lang='lat' dir='ltr'><strong>ejus</strong></span> <span class='ocrx_word' id='word_1_127' title='bbox 1394 1936 1680 2005; x_wconf 76' lang='lat' dir='ltr'><strong>perferens.</strong></span> <span class='ocrx_word' id='word_1_128' title='bbox 1710 1948 1767 1990; x_wconf 88' lang='lat' dir='ltr'><strong>et</strong></span> <span class='ocrx_word' id='word_1_129' title='bbox 1801 1935 1956 1990; x_wconf 89' lang='lat' dir='ltr'><strong>luens</strong></span> <span class='ocrx_word' id='word_1_130' title='bbox 2006 1938 2058 1990; x_wconf 84' lang='lat' dir='ltr'><strong>in</strong></span> <span class='ocrx_word' id='word_1_131' title='bbox 2103 1953 2219 1989; x_wconf 83' lang='lat' dir='ltr'><strong>cor-</strong></span> 
     </span>
    </p>
   </div>
   <div class='ocr_carea' id='block_1_19' title="bbox 635 2023 2218 2097">
    <p class='ocr_par' dir='ltr' id='par_1_19' title="bbox 635 2023 2218 2097">
     <span class='ocr_line' id='line_1_19' title="bbox 635 2023 2218 2097; baseline 0 -18"><span class='ocrx_word' id='word_1_132' title='bbox 635 2040 760 2095; x_wconf 80' lang='lat' dir='ltr'><strong>pore</strong></span> <span class='ocrx_word' id='word_1_133' title='bbox 790 2041 886 2079; x_wconf 91' lang='lat' dir='ltr'><strong>suo</strong></span> <span class='ocrx_word' id='word_1_134' title='bbox 909 2041 1066 2095; x_wconf 86' lang='lat' dir='ltr'><strong>super</strong></span> <span class='ocrx_word' id='word_1_135' title='bbox 1093 2024 1292 2095; x_wconf 82' lang='lat' dir='ltr'><strong>tignum</strong></span> <span class='ocrx_word' id='word_1_136' title='bbox 1333 2024 1387 2095; x_wconf 88' lang='grc' dir='ltr'><strong>(Ι</strong></span> <span class='ocrx_word' id='word_1_137' title='bbox 1425 2023 1544 2081; x_wconf 90' lang='lat' dir='ltr'><strong>Pet.</strong></span> <span class='ocrx_word' id='word_1_138' title='bbox 1569 2041 1629 2089; x_wconf 85' lang='lat' dir='ltr'><strong>tt,</strong></span> <span class='ocrx_word' id='word_1_139' title='bbox 1662 2025 1776 2097; x_wconf 58' lang='lat'><strong>9.4),</strong></span> <span class='ocrx_word' id='word_1_140' title='bbox 1828 2026 1975 2081; x_wconf 87' lang='lat' dir='ltr'><strong>illum</strong></span> <span class='ocrx_word' id='word_1_141' title='bbox 2022 2028 2078 2080; x_wconf 89' lang='lat' dir='ltr'><strong>in</strong></span> <span class='ocrx_word' id='word_1_142' title='bbox 2123 2026 2218 2096; x_wconf 87' lang='lat' dir='ltr'><strong>ju-</strong></span> 
     </span>
    </p>
   </div>
   <div class='ocr_carea' id='block_1_20' title="bbox 636 2116 2218 2185">
    <p class='ocr_par' dir='ltr' id='par_1_20' title="bbox 636 2116 2218 2185">
     <span class='ocr_line' id='line_1_20' title="bbox 636 2116 2218 2185; baseline 0.003 -19"><span class='ocrx_word' id='word_1_143' title='bbox 636 2127 865 2172; x_wconf 82' lang='lat' dir='ltr'><strong>mentum</strong></span> <span class='ocrx_word' id='word_1_144' title='bbox 895 2133 1049 2170; x_wconf 86' lang='lat' dir='ltr'><strong>suum</strong></span> <span class='ocrx_word' id='word_1_145' title='bbox 1073 2117 1264 2185; x_wconf 86' lang='lat' dir='ltr'><strong>posuit,</strong></span> <span class='ocrx_word' id='word_1_146' title='bbox 1291 2128 1337 2171; x_wconf 86' lang='lat' dir='ltr'><strong>et</strong></span> <span class='ocrx_word' id='word_1_147' title='bbox 1360 2116 1553 2171; x_wconf 84' lang='lat' dir='ltr'><strong>ducens</strong></span> <span class='ocrx_word' id='word_1_148' title='bbox 1580 2119 1635 2172; x_wconf 83' lang='lat' dir='ltr'><strong>in</strong></span> <span class='ocrx_word' id='word_1_149' title='bbox 1659 2118 1923 2172; x_wconf 85' lang='lat' dir='ltr'><strong>stabulum</strong></span> <span class='ocrx_word' id='word_1_150' title='bbox 1967 2117 2098 2172; x_wconf 84' lang='lat' dir='ltr'><strong>duos</strong></span> <span class='ocrx_word' id='word_1_151' title='bbox 2127 2119 2218 2171; x_wconf 82' lang='lat' dir='ltr'><strong>de-</strong></span> 
     </span>
    </p>
   </div>
   <div class='ocr_carea' id='block_1_21' title="bbox 639 2206 2222 2279">
    <p class='ocr_par' dir='ltr' id='par_1_21' title="bbox 639 2206 2222 2279">
     <span class='ocr_line' id='line_1_21' title="bbox 639 2206 2222 2279; baseline 0.001 -20"><span class='ocrx_word' id='word_1_152' title='bbox 639 2207 818 2260; x_wconf 82' lang='lat' dir='ltr'><strong>narios</strong></span> <span class='ocrx_word' id='word_1_153' title='bbox 844 2206 1029 2261; x_wconf 77' lang='lat' dir='ltr'><strong>azterni</strong></span> <span class='ocrx_word' id='word_1_154' title='bbox 1080 2207 1220 2275; x_wconf 82' lang='lat' dir='ltr'><strong>regis</strong></span> <span class='ocrx_word' id='word_1_155' title='bbox 1247 2208 1565 2263; x_wconf 82' lang='lat' dir='ltr'><strong>charactere</strong></span> <span class='ocrx_word' id='word_1_156' title='bbox 1614 2208 1927 2279; x_wconf 89' lang='lat' dir='ltr'><strong>inscriptos,</strong></span> <span class='ocrx_word' id='word_1_157' title='bbox 1969 2210 2076 2263; x_wconf 88' lang='lat' dir='ltr'><strong>duo</strong></span> <span class='ocrx_word' id='word_1_158' title='bbox 2116 2209 2222 2263; x_wconf 86' lang='lat' dir='ltr'><strong>sci-</strong></span> 
     </span>
    </p>
   </div>
   <div class='ocr_carea' id='block_1_22' title="bbox 645 2295 2224 2369">
    <p class='ocr_par' dir='ltr' id='par_1_22' title="bbox 645 2295 2224 2369">
     <span class='ocr_line' id='line_1_22' title="bbox 645 2295 2224 2369; baseline 0.004 -22"><span class='ocrx_word' id='word_1_159' title='bbox 645 2297 772 2350; x_wconf 88' lang='lat' dir='ltr'><strong>licet</strong></span> <span class='ocrx_word' id='word_1_160' title='bbox 820 2295 953 2367; x_wconf 81' lang='lat' dir='ltr'><strong>legis</strong></span> <span class='ocrx_word' id='word_1_161' title='bbox 1011 2307 1068 2352; x_wconf 93' lang='lat' dir='ltr'><strong>et</strong></span> <span class='ocrx_word' id='word_1_162' title='bbox 1100 2296 1374 2368; x_wconf 73' lang='lat' dir='ltr'><strong>Evangelii</strong></span> <span class='ocrx_word' id='word_1_163' title='bbox 1419 2298 1789 2365; x_wconf 85' lang='lat' dir='ltr'><strong>Testamenta,</strong></span> <span class='ocrx_word' id='word_1_164' title='bbox 1845 2300 1959 2354; x_wconf 85' lang='lat' dir='ltr'><strong>sive</strong></span> <span class='ocrx_word' id='word_1_165' title='bbox 1999 2301 2224 2369; x_wconf 71' lang='lat' dir='ltr'><strong>gemina:</strong></span> 
     </span>
    </p>
   </div>
   <div class='ocr_carea' id='block_1_23' title="bbox 639 2388 2222 2463">
    <p class='ocr_par' dir='ltr' id='par_1_23' title="bbox 639 2388 2222 2463">
     <span class='ocr_line' id='line_1_23' title="bbox 639 2388 2222 2463; baseline 0.004 -22"><span class='ocrx_word' id='word_1_166' title='bbox 639 2388 925 2443; x_wconf 86' lang='lat' dir='ltr'><strong>cbaritatis</strong></span> <span class='ocrx_word' id='word_1_167' title='bbox 949 2398 1239 2460; x_wconf 70' lang='lat' dir='ltr'><strong>praecepta,</strong></span> <span class='ocrx_word' id='word_1_168' title='bbox 1268 2390 1578 2456; x_wconf 82' lang='lat' dir='ltr'><strong>stabulario,</strong></span> <span class='ocrx_word' id='word_1_169' title='bbox 1610 2393 1783 2447; x_wconf 88' lang='lat' dir='ltr'><strong>ordini</strong></span> <span class='ocrx_word' id='word_1_170' title='bbox 1819 2392 2068 2448; x_wconf 80' lang='lat' dir='ltr'><strong>videlicet</strong></span> <span class='ocrx_word' id='word_1_171' title='bbox 2089 2408 2222 2463; x_wconf 91' lang='lat' dir='ltr'><strong>apo-</strong></span> 
     </span>
    </p>
   </div>
   <div class='ocr_carea' id='block_1_24' title="bbox 639 2480 2223 2556">
    <p class='ocr_par' dir='ltr' id='par_1_24' title="bbox 639 2480 2223 2556">
     <span class='ocr_line' id='line_1_24' title="bbox 639 2480 2223 2556; baseline 0.004 -21"><span class='ocrx_word' id='word_1_172' title='bbox 639 2480 831 2538; x_wconf 86' lang='lat' dir='ltr'><strong>stolico</strong></span> <span class='ocrx_word' id='word_1_173' title='bbox 863 2496 961 2552; x_wconf 87' lang='lat' dir='ltr'><strong>per</strong></span> <span class='ocrx_word' id='word_1_174' title='bbox 983 2482 1218 2554; x_wconf 80' lang='lat' dir='ltr'><strong>Spiritus</strong></span> <span class='ocrx_word' id='word_1_175' title='bbox 1246 2484 1504 2554; x_wconf 88' lang='lat' dir='ltr'><strong>paracleti</strong></span> <span class='ocrx_word' id='word_1_176' title='bbox 1537 2488 1793 2556; x_wconf 88' lang='lat' dir='ltr'><strong>gratiam,</strong></span> <span class='ocrx_word' id='word_1_177' title='bbox 1823 2497 1878 2541; x_wconf 91' lang='lat' dir='ltr'><strong>et</strong></span> <span class='ocrx_word' id='word_1_178' title='bbox 1904 2486 2223 2542; x_wconf 88' lang='lat' dir='ltr'><strong>illustratio-</strong></span> 
     </span>
    </p>
   </div>
   <div class='ocr_carea' id='block_1_25' title="bbox 639 2573 2219 2648">
    <p class='ocr_par' dir='ltr' id='par_1_25' title="bbox 639 2573 2219 2648">
     <span class='ocr_line' id='line_1_25' title="bbox 639 2573 2219 2648; baseline 0.004 -21"><span class='ocrx_word' id='word_1_179' title='bbox 639 2588 762 2629; x_wconf 84' lang='lat' dir='ltr'><strong>nem</strong></span> <span class='ocrx_word' id='word_1_180' title='bbox 792 2573 1031 2631; x_wconf 72' lang='lat' dir='ltr'><strong>cmlestis</strong></span> <span class='ocrx_word' id='word_1_181' title='bbox 1061 2575 1345 2632; x_wconf 78' lang='lat' dir='ltr'><strong>medicina:</strong></span> <span class='ocrx_word' id='word_1_182' title='bbox 1389 2578 1633 2647; x_wconf 89' lang='lat' dir='ltr'><strong>apprime</strong></span> <span class='ocrx_word' id='word_1_183' title='bbox 1687 2579 1917 2633; x_wconf 88' lang='lat' dir='ltr'><strong>scientia</strong></span> <span class='ocrx_word' id='word_1_184' title='bbox 1977 2579 2219 2648; x_wconf 69' lang='lat' dir='ltr'><strong>prtedito,</strong></span> 
     </span>
    </p>
   </div>
   <div class='ocr_carea' id='block_1_26' title="bbox 636 2658 2277 2740">
    <p class='ocr_par' dir='ltr' id='par_1_26' title="bbox 636 2658 2277 2740">
     <span class='ocr_line' id='line_1_26' title="bbox 636 2658 2277 2740; baseline 0.005 -23"><span class='ocrx_word' id='word_1_185' title='bbox 636 2680 738 2735; x_wconf 86' lang='lat' dir='ltr'><strong>pro</strong></span> <span class='ocrx_word' id='word_1_186' title='bbox 779 2680 992 2720; x_wconf 89' lang='lat' dir='ltr'><strong>summa</strong></span> <span class='ocrx_word' id='word_1_187' title='bbox 1024 2666 1281 2722; x_wconf 82' lang='lat' dir='ltr'><strong>sanandis</strong></span> <span class='ocrx_word' id='word_1_188' title='bbox 1316 2668 1548 2722; x_wconf 90' lang='lat' dir='ltr'><strong>sauciati</strong></span> <span class='ocrx_word' id='word_1_189' title='bbox 1575 2668 1893 2723; x_wconf 81' lang='lat' dir='ltr'><strong>vulneribus</strong></span> <span class='ocrx_word' id='word_1_190' title='bbox 1941 2670 2222 2740; x_wconf 78' lang='lat' dir='ltr'><strong>diligentia</strong></span> <span class='ocrx_word' id='word_1_191' title='bbox 2270 2658 2277 2665; x_wconf 72' lang='grc'><em>’</em></span> 
     </span>
    </p>
   </div>
   <div class='ocr_carea' id='block_1_27' title="bbox 644 2754 2226 2829">
    <p class='ocr_par' dir='ltr' id='par_1_27' title="bbox 644 2754 2226 2829">
     <span class='ocr_line' id='line_1_27' title="bbox 644 2754 2226 2829; baseline 0.007 -23"><span class='ocrx_word' id='word_1_192' title='bbox 644 2754 1021 2824; x_wconf 80' lang='lat' dir='ltr'><strong>impendenda,</strong></span> <span class='ocrx_word' id='word_1_193' title='bbox 1050 2757 1398 2812; x_wconf 88' lang='lat' dir='ltr'><strong>contradidit.</strong></span> <span class='ocrx_word' id='word_1_194' title='bbox 1432 2758 1742 2828; x_wconf 75' lang='lat' dir='ltr'><strong>Exemplar,</strong></span> <span class='ocrx_word' id='word_1_195' title='bbox 1790 2760 2031 2829; x_wconf 80' lang='lat' dir='ltr'><strong>imptam,</strong></span> <span class='ocrx_word' id='word_1_196' title='bbox 2065 2770 2226 2817; x_wconf 78' lang='lat' dir='ltr'><strong>tanta:</strong></span> 
     </span>
    </p>
   </div>
   <div class='ocr_carea' id='block_1_28' title="bbox 649 2846 2226 2921">
    <p class='ocr_par' dir='ltr' id='par_1_28' title="bbox 649 2846 2226 2921">
     <span class='ocr_line' id='line_1_28' title="bbox 649 2846 2226 2921; baseline 0.007 -24"><span class='ocrx_word' id='word_1_197' title='bbox 649 2846 1012 2902; x_wconf 78' lang='lat' dir='ltr'><strong>miserationis</strong></span> <span class='ocrx_word' id='word_1_198' title='bbox 1067 2857 1122 2903; x_wconf 91' lang='lat' dir='ltr'><strong>et</strong></span> <span class='ocrx_word' id='word_1_199' title='bbox 1171 2849 1581 2920; x_wconf 88' lang='lat' dir='ltr'><strong>compassionis,</strong></span> <span class='ocrx_word' id='word_1_200' title='bbox 1623 2851 1871 2921; x_wconf 82' lang='lat' dir='ltr'><strong>egregius</strong></span> <span class='ocrx_word' id='word_1_201' title='bbox 1921 2855 2226 2908; x_wconf 89' lang='lat' dir='ltr'><strong>animarum</strong></span> 
     </span>
    </p>
   </div>
   <div class='ocr_carea' id='block_1_29' title="bbox 647 2938 2226 3014">
    <p class='ocr_par' dir='ltr' id='par_1_29' title="bbox 647 2938 2226 3014">
     <span class='ocr_line' id='line_1_29' title="bbox 647 2938 2226 3014; baseline 0.006 -23"><span class='ocrx_word' id='word_1_202' title='bbox 647 2947 833 2994; x_wconf 86' lang='lat' dir='ltr'><strong>custos</strong></span> <span class='ocrx_word' id='word_1_203' title='bbox 865 2938 1243 2996; x_wconf 83' lang='lat' dir='ltr'><strong>Samaritanus</strong></span> <span class='ocrx_word' id='word_1_204' title='bbox 1268 2950 1476 3011; x_wconf 71' lang='lat' dir='ltr'><strong>noster,</strong></span> <span class='ocrx_word' id='word_1_205' title='bbox 1505 2944 1719 3014; x_wconf 81' lang='lat' dir='ltr'><strong>spiritus</strong></span> <span class='ocrx_word' id='word_1_206' title='bbox 1765 2946 1869 2999; x_wconf 82' lang='lat' dir='ltr'><strong>oris</strong></span> <span class='ocrx_word' id='word_1_207' title='bbox 1904 2948 2088 3012; x_wconf 85' lang='lat' dir='ltr'><strong>nostri,</strong></span> <span class='ocrx_word' id='word_1_208' title='bbox 2141 2950 2226 3001; x_wconf 76' lang='lat' dir='ltr'><strong>cui</strong></span> 
     </span>
    </p>
   </div>
   <div class='ocr_carea' id='block_1_30' title="bbox 639 3032 2222 3110">
    <p class='ocr_par' dir='ltr' id='par_1_30' title="bbox 639 3032 2222 3110">
     <span class='ocr_line' id='line_1_30' title="bbox 639 3032 2222 3110; baseline 0.008 -26"><span class='ocrx_word' id='word_1_209' title='bbox 639 3033 914 3088; x_wconf 69' lang='lat' dir='ltr'><strong>diximus:</strong></span> <span class='ocrx_word' id='word_1_210' title='bbox 943 3032 1050 3089; x_wconf 87' lang='lat' dir='ltr'><strong>Sub</strong></span> <span class='ocrx_word' id='word_1_211' title='bbox 1072 3035 1255 3089; x_wconf 88' lang='lat' dir='ltr'><strong>umbra</strong></span> <span class='ocrx_word' id='word_1_212' title='bbox 1280 3045 1371 3090; x_wconf 87' lang='lat' dir='ltr'><strong>tua</strong></span> <span class='ocrx_word' id='word_1_213' title='bbox 1400 3037 1623 3091; x_wconf 81' lang='lat' dir='ltr'><strong>vivemus</strong></span> <span class='ocrx_word' id='word_1_214' title='bbox 1654 3039 1710 3091; x_wconf 86' lang='lat' dir='ltr'><strong>in</strong></span> <span class='ocrx_word' id='word_1_215' title='bbox 1739 3039 1974 3108; x_wconf 82' lang='lat' dir='ltr'><strong>gentibus</strong></span> <span class='ocrx_word' id='word_1_216' title='bbox 2006 3039 2222 3110; x_wconf 82' lang='lat' dir='ltr'><strong>(Threu.</strong></span> 
     </span>
    </p>
   </div>
   <div class='ocr_carea' id='block_1_31' title="bbox 641 3122 2226 3201">
    <p class='ocr_par' dir='ltr' id='par_1_31' title="bbox 641 3122 2226 3201">
     <span class='ocr_line' id='line_1_31' title="bbox 641 3122 2226 3201; baseline 0.006 -25"><span class='ocrx_word' id='word_1_217' title='bbox 641 3136 714 3184; x_wconf 86' lang='lat' dir='ltr'><strong>tv,</strong></span> <span class='ocrx_word' id='word_1_218' title='bbox 746 3122 862 3194; x_wconf 75' lang='lat'><strong>20),</strong></span> <span class='ocrx_word' id='word_1_219' title='bbox 891 3124 1209 3182; x_wconf 81' lang='lat' dir='ltr'><strong>imitandum</strong></span> <span class='ocrx_word' id='word_1_220' title='bbox 1239 3127 1366 3191; x_wconf 84' lang='lat' dir='ltr'><strong>sibi,</strong></span> <span class='ocrx_word' id='word_1_221' title='bbox 1393 3137 1445 3183; x_wconf 87' lang='lat' dir='ltr'><strong>ct</strong></span> <span class='ocrx_word' id='word_1_222' title='bbox 1471 3128 1521 3182; x_wconf 92' lang='lat' dir='ltr'><strong>iu</strong></span> <span class='ocrx_word' id='word_1_223' title='bbox 1555 3138 1803 3200; x_wconf 84' lang='lat' dir='ltr'><strong>posteros</strong></span> <span class='ocrx_word' id='word_1_224' title='bbox 1834 3145 1932 3184; x_wconf 90' lang='lat' dir='ltr'><strong>suo</strong></span> <span class='ocrx_word' id='word_1_225' title='bbox 1979 3132 2226 3201; x_wconf 75' lang='lat' dir='ltr'><strong>exemplo</strong></span> 
     </span>
    </p>
   </div>
   <div class='ocr_carea' id='block_1_32' title="bbox 1582 347 3837 419">
    <p class='ocr_par' dir='ltr' id='par_1_32' title="bbox 1582 347 3837 419">
     <span class='ocr_line' id='line_1_32' title="bbox 1582 347 3837 419; baseline -0.006 -2"><span class='ocrx_word' id='word_1_226' title='bbox 1582 355 1927 419; x_wconf 73' lang='lat' dir='ltr'><strong>THIOFBIDX</strong></span> <span class='ocrx_word' id='word_1_227' title='bbox 1964 356 2257 414; x_wconf 71' lang='lat' dir='ltr'><strong>ABBATIS</strong></span> <span class='ocrx_word' id='word_1_228' title='bbox 2297 351 2858 411; x_wconf 66' lang='lat' dir='ltr'><strong>EFTEBNACENSIS</strong></span> <span class='ocrx_word' id='word_1_229' title='bbox 2984 376 2991 384; x_wconf 63' lang='grc' dir='ltr'><strong>ι</strong></span> <span class='ocrx_word' id='word_1_230' title='bbox 3748 347 3837 403; x_wconf 74' lang='grc' dir='ltr'>ιω</span> 
     </span>
    </p>
   </div>
   <div class='ocr_carea' id='block_1_33' title="bbox 2316 462 3838 541">
    <p class='ocr_par' dir='ltr' id='par_1_33' title="bbox 2316 462 3838 541">
     <span class='ocr_line' id='line_1_33' title="bbox 2316 462 3838 541; baseline -0.003 -20"><span class='ocrx_word' id='word_1_231' title='bbox 2316 470 2655 541; x_wconf 66' lang='lat' dir='ltr'><strong>praerogavit,</strong></span> <span class='ocrx_word' id='word_1_232' title='bbox 2678 476 2732 522; x_wconf 87' lang='lat' dir='ltr'><strong>et</strong></span> <span class='ocrx_word' id='word_1_233' title='bbox 2749 465 3029 523; x_wconf 85' lang='lat' dir='ltr'><strong>constituit</strong></span> <span class='ocrx_word' id='word_1_234' title='bbox 3049 472 3107 520; x_wconf 87' lang='lat' dir='ltr'><strong>ut</strong></span> <span class='ocrx_word' id='word_1_235' title='bbox 3134 478 3329 519; x_wconf 76' lang='lat' dir='ltr'><strong>omnes</strong></span> <span class='ocrx_word' id='word_1_236' title='bbox 3346 463 3436 534; x_wconf 80' lang='lat' dir='ltr'><strong>qui</strong></span> <span class='ocrx_word' id='word_1_237' title='bbox 3458 476 3551 533; x_wconf 83' lang='lat' dir='ltr'><strong>per</strong></span> <span class='ocrx_word' id='word_1_238' title='bbox 3569 462 3715 518; x_wconf 80' lang='lat' dir='ltr'><strong>totius</strong></span> <span class='ocrx_word' id='word_1_239' title='bbox 3734 468 3838 519; x_wconf 81' lang='lat' dir='ltr'><strong>anui</strong></span> 
     </span>
    </p>
   </div>
   <div class='ocr_carea' id='block_1_34' title="bbox 2316 555 3842 630">
    <p class='ocr_par' dir='ltr' id='par_1_34' title="bbox 2316 555 3842 630">
     <span class='ocr_line' id='line_1_34' title="bbox 2316 555 3842 630; baseline -0.003 -14"><span class='ocrx_word' id='word_1_240' title='bbox 2316 563 2547 617; x_wconf 85' lang='lat' dir='ltr'><strong>orbitam</strong></span> <span class='ocrx_word' id='word_1_241' title='bbox 2577 562 2630 616; x_wconf 91' lang='lat' dir='ltr'><strong>in</strong></span> <span class='ocrx_word' id='word_1_242' title='bbox 2657 560 2925 630; x_wconf 87' lang='lat' dir='ltr'><strong>condigna</strong></span> <span class='ocrx_word' id='word_1_243' title='bbox 2948 566 3004 612; x_wconf 88' lang='lat' dir='ltr'><strong>et</strong></span> <span class='ocrx_word' id='word_1_244' title='bbox 3028 557 3207 612; x_wconf 85' lang='lat' dir='ltr'><strong>debita</strong></span> <span class='ocrx_word' id='word_1_245' title='bbox 3244 555 3553 626; x_wconf 87' lang='lat' dir='ltr'><strong>specialium</strong></span> <span class='ocrx_word' id='word_1_246' title='bbox 3579 564 3842 611; x_wconf 81' lang='lat' dir='ltr'><strong>sanctorum</strong></span> 
     </span>
    </p>
   </div>
   <div class='ocr_carea' id='block_1_35' title="bbox 2317 643 3844 723">
    <p class='ocr_par' dir='ltr' id='par_1_35' title="bbox 2317 643 3844 723">
     <span class='ocr_line' id='line_1_35' title="bbox 2317 643 3844 723; baseline -0.007 -17"><span class='ocrx_word' id='word_1_247' title='bbox 2317 660 2663 723; x_wconf 84' lang='lat' dir='ltr'><strong>patronorum</strong></span> <span class='ocrx_word' id='word_1_248' title='bbox 2697 663 2918 704; x_wconf 88' lang='lat' dir='ltr'><strong>suorum</strong></span> <span class='ocrx_word' id='word_1_249' title='bbox 2963 646 3246 716; x_wconf 80' lang='lat' dir='ltr'><strong>obsequia,</strong></span> <span class='ocrx_word' id='word_1_250' title='bbox 3296 644 3567 699; x_wconf 76' lang='lat' dir='ltr'><strong>obliviosae</strong></span> <span class='ocrx_word' id='word_1_251' title='bbox 3617 643 3844 713; x_wconf 82' lang='lat' dir='ltr'><strong>negligen-</strong></span> 
     </span>
    </p>
   </div>
   <div class='ocr_carea' id='block_1_36' title="bbox 2318 736 3847 815">
    <p class='ocr_par' dir='ltr' id='par_1_36' title="bbox 2318 736 3847 815">
     <span class='ocr_line' id='line_1_36' title="bbox 2318 736 3847 815; baseline -0.008 -13"><span class='ocrx_word' id='word_1_252' title='bbox 2318 748 2404 803; x_wconf 66' lang='lat' dir='ltr'><strong>tiae</strong></span> <span class='ocrx_word' id='word_1_253' title='bbox 2434 746 2650 801; x_wconf 85' lang='lat' dir='ltr'><strong>funibus</strong></span> <span class='ocrx_word' id='word_1_254' title='bbox 2676 743 2888 800; x_wconf 79' lang='lat' dir='ltr'><strong>astriCIi</strong></span> <span class='ocrx_word' id='word_1_255' title='bbox 2916 736 3411 814; x_wconf 50' lang='lat' dir='ltr'><strong>praegravarentur,</strong></span> <span class='ocrx_word' id='word_1_256' title='bbox 3436 740 3721 815; x_wconf 70' lang='lat' dir='ltr'><strong>redituram</strong></span> <span class='ocrx_word' id='word_1_257' title='bbox 3743 749 3847 791; x_wconf 76' lang='lat' dir='ltr'><strong>test-</strong></span> 
     </span>
    </p>
   </div>
   <div class='ocr_carea' id='block_1_37' title="bbox 2314 828 3845 909">
    <p class='ocr_par' dir='ltr' id='par_1_37' title="bbox 2314 828 3845 909">
     <span class='ocr_line' id='line_1_37' title="bbox 2314 828 3845 909; baseline -0.008 -18"><span class='ocrx_word' id='word_1_258' title='bbox 2314 855 2411 907; x_wconf 82' lang='lat' dir='ltr'><strong>pus</strong></span> <span class='ocrx_word' id='word_1_259' title='bbox 2440 834 2657 909; x_wconf 84' lang='lat' dir='ltr'><strong>(Ephes.</strong></span> <span class='ocrx_word' id='word_1_260' title='bbox 2709 851 2766 899; x_wconf 91' lang='lat' dir='ltr'><strong>v,</strong></span> <span class='ocrx_word' id='word_1_261' title='bbox 2801 833 2918 903; x_wconf 83' lang='lat' dir='ltr'><strong>l6),</strong></span> <span class='ocrx_word' id='word_1_262' title='bbox 2941 831 3311 903; x_wconf 82' lang='lat' dir='ltr'><strong>multiplicatis</strong></span> <span class='ocrx_word' id='word_1_263' title='bbox 3360 828 3845 886; x_wconf 80' lang='lat' dir='ltr'><strong>familiarissimorum</strong></span> 
     </span>
    </p>
   </div>
   <div class='ocr_carea' id='block_1_38' title="bbox 2319 920 3845 996">
    <p class='ocr_par' dir='ltr' id='par_1_38' title="bbox 2319 920 3845 996">
     <span class='ocr_line' id='line_1_38' title="bbox 2319 920 3845 996; baseline -0.007 -14"><span class='ocrx_word' id='word_1_264' title='bbox 2319 929 2733 983; x_wconf 84' lang='lat' dir='ltr'><strong>intercessorum</strong></span> <span class='ocrx_word' id='word_1_265' title='bbox 2811 923 3151 996; x_wconf 89' lang='lat' dir='ltr'><strong>patrociniis,</strong></span> <span class='ocrx_word' id='word_1_266' title='bbox 3217 931 3273 976; x_wconf 91' lang='lat' dir='ltr'><strong>ct</strong></span> <span class='ocrx_word' id='word_1_267' title='bbox 3328 920 3796 982; x_wconf 80' lang='lat' dir='ltr'><strong>interventionibus,</strong></span> <span class='ocrx_word' id='word_1_268' title='bbox 3823 934 3845 971; x_wconf 87' lang='lat' dir='ltr'><strong>a</strong></span> 
     </span>
    </p>
   </div>
   <div class='ocr_carea' id='block_1_39' title="bbox 2319 1011 3849 1087">
    <p class='ocr_par' dir='ltr' id='par_1_39' title="bbox 2319 1011 3849 1087">
     <span class='ocr_line' id='line_1_39' title="bbox 2319 1011 3849 1087; baseline -0.007 -12"><span class='ocrx_word' id='word_1_269' title='bbox 2319 1021 2522 1075; x_wconf 85' lang='lat' dir='ltr'><strong>malitia</strong></span> <span class='ocrx_word' id='word_1_270' title='bbox 2543 1020 2649 1074; x_wconf 84' lang='lat' dir='ltr'><strong>diei</strong></span> <span class='ocrx_word' id='word_1_271' title='bbox 2677 1018 3041 1074; x_wconf 83' lang='lat' dir='ltr'><strong>liberarentur</strong></span> <span class='ocrx_word' id='word_1_272' title='bbox 3074 1015 3254 1087; x_wconf 75' lang='lat' dir='ltr'><strong>(Matt.</strong></span> <span class='ocrx_word' id='word_1_273' title='bbox 3284 1031 3361 1076; x_wconf 77' lang='lat' dir='ltr'><strong>vr,</strong></span> <span class='ocrx_word' id='word_1_274' title='bbox 3391 1014 3505 1081; x_wconf 69' lang='grc'><strong>54).</strong></span> <span class='ocrx_word' id='word_1_275' title='bbox 3527 1022 3580 1068; x_wconf 92' lang='lat' dir='ltr'><strong>et</strong></span> <span class='ocrx_word' id='word_1_276' title='bbox 3603 1027 3697 1066; x_wconf 86' lang='lat' dir='ltr'><strong>una</strong></span> <span class='ocrx_word' id='word_1_277' title='bbox 3723 1011 3849 1066; x_wconf 85' lang='lat' dir='ltr'><strong>unius</strong></span> 
     </span>
    </p>
   </div>
   <div class='ocr_carea' id='block_1_40' title="bbox 2318 1105 3849 1174">
    <p class='ocr_par' dir='ltr' id='par_1_40' title="bbox 2318 1105 3849 1174">
     <span class='ocr_line' id='line_1_40' title="bbox 2318 1105 3849 1174; baseline -0.003 -9"><span class='ocrx_word' id='word_1_278' title='bbox 2318 1110 2682 1166; x_wconf 74' lang='lat' dir='ltr'><strong>celeberriqu</strong></span> <span class='ocrx_word' id='word_1_279' title='bbox 2707 1107 3014 1164; x_wconf 78' lang='lat' dir='ltr'><strong>festivitatis</strong></span> <span class='ocrx_word' id='word_1_280' title='bbox 3039 1106 3263 1161; x_wconf 86' lang='lat' dir='ltr'><strong>salutari</strong></span> <span class='ocrx_word' id='word_1_281' title='bbox 3290 1105 3507 1160; x_wconf 84' lang='lat' dir='ltr'><strong>victima</strong></span> <span class='ocrx_word' id='word_1_282' title='bbox 3534 1105 3849 1174; x_wconf 80' lang='lat' dir='ltr'><strong>expiarentur.</strong></span> 
     </span>
    </p>
   </div>
   <div class='ocr_carea' id='block_1_41' title="bbox 2318 1192 3848 1263">
    <p class='ocr_par' dir='ltr' id='par_1_41' title="bbox 2318 1192 3848 1263">
     <span class='ocr_line' id='line_1_41' title="bbox 2318 1192 3848 1263; baseline -0.009 -5"><span class='ocrx_word' id='word_1_283' title='bbox 2318 1212 2375 1258; x_wconf 87' lang='lat' dir='ltr'><strong>et</strong></span> <span class='ocrx_word' id='word_1_284' title='bbox 2407 1203 2457 1257; x_wconf 91' lang='lat' dir='ltr'><strong>in</strong></span> <span class='ocrx_word' id='word_1_285' title='bbox 2488 1210 2688 1258; x_wconf 69' lang='lat' dir='ltr'><strong>emtum</strong></span> <span class='ocrx_word' id='word_1_286' title='bbox 2710 1209 2934 1256; x_wconf 87' lang='lat' dir='ltr'><strong>senatus</strong></span> <span class='ocrx_word' id='word_1_287' title='bbox 2967 1197 3207 1253; x_wconf 70' lang='lat' dir='ltr'><strong>uranicte</strong></span> <span class='ocrx_word' id='word_1_288' title='bbox 3245 1196 3413 1251; x_wconf 71' lang='lat' dir='ltr'><strong>curia:</strong></span> <span class='ocrx_word' id='word_1_289' title='bbox 3443 1194 3552 1263; x_wconf 84' lang='lat' dir='ltr'><strong>(ubi</strong></span> <span class='ocrx_word' id='word_1_290' title='bbox 3581 1192 3848 1247; x_wconf 80' lang='lat' dir='ltr'><strong>intermina-</strong></span> 
     </span>
    </p>
   </div>
   <div class='ocr_carea' id='block_1_42' title="bbox 2320 1287 3855 1365">
    <p class='ocr_par' dir='ltr' id='par_1_42' title="bbox 2320 1287 3855 1365">
     <span class='ocr_line' id='line_1_42' title="bbox 2320 1287 3855 1365; baseline -0.008 -10"><span class='ocrx_word' id='word_1_291' title='bbox 2320 1299 2445 1355; x_wconf 87' lang='lat' dir='ltr'><strong>bilis</strong></span> <span class='ocrx_word' id='word_1_292' title='bbox 2475 1297 2750 1354; x_wconf 79' lang='lat' dir='ltr'><strong>festivitas</strong></span> <span class='ocrx_word' id='word_1_293' title='bbox 2780 1291 3178 1365; x_wconf 84' lang='lat' dir='ltr'><strong>inexcogitabili</strong></span> <span class='ocrx_word' id='word_1_294' title='bbox 3207 1300 3264 1347; x_wconf 91' lang='lat' dir='ltr'><strong>et</strong></span> <span class='ocrx_word' id='word_1_295' title='bbox 3298 1288 3550 1346; x_wconf 77' lang='lat' dir='ltr'><strong>ineﬂ’abili</strong></span> <span class='ocrx_word' id='word_1_296' title='bbox 3572 1288 3727 1359; x_wconf 67' lang='lat' dir='ltr'><strong>iubilo</strong></span> <span class='ocrx_word' id='word_1_297' title='bbox 3744 1287 3855 1342; x_wconf 82' lang='lat' dir='ltr'><strong>cclc-</strong></span> 
     </span>
    </p>
   </div>
   <div class='ocr_carea' id='block_1_43' title="bbox 2320 1378 3854 1461">
    <p class='ocr_par' dir='ltr' id='par_1_43' title="bbox 2320 1378 3854 1461">
     <span class='ocr_line' id='line_1_43' title="bbox 2320 1378 3854 1461; baseline -0.011 -14"><span class='ocrx_word' id='word_1_298' title='bbox 2320 1392 2532 1461; x_wconf 86' lang='lat' dir='ltr'><strong>bratur)</strong></span> <span class='ocrx_word' id='word_1_299' title='bbox 2565 1387 2855 1445; x_wconf 85' lang='lat' dir='ltr'><strong>transcribi</strong></span> <span class='ocrx_word' id='word_1_300' title='bbox 2901 1396 2959 1442; x_wconf 89' lang='lat' dir='ltr'><strong>et</strong></span> <span class='ocrx_word' id='word_1_301' title='bbox 2996 1383 3281 1440; x_wconf 80' lang='lat' dir='ltr'><strong>transferri</strong></span> <span class='ocrx_word' id='word_1_302' title='bbox 3334 1391 3685 1438; x_wconf 86' lang='lat' dir='ltr'><strong>mererentur.</strong></span> <span class='ocrx_word' id='word_1_303' title='bbox 3723 1378 3854 1448; x_wconf 80' lang='lat' dir='ltr'><strong>Igitur</strong></span> 
     </span>
    </p>
   </div>
   <div class='ocr_carea' id='block_1_44' title="bbox 2323 1473 3854 1554">
    <p class='ocr_par' dir='ltr' id='par_1_44' title="bbox 2323 1473 3854 1554">
     <span class='ocr_line' id='line_1_44' title="bbox 2323 1473 3854 1554; baseline -0.009 -15"><span class='ocrx_word' id='word_1_304' title='bbox 2323 1501 2420 1541; x_wconf 90' lang='lat' dir='ltr'><strong>nos</strong></span> <span class='ocrx_word' id='word_1_305' title='bbox 2463 1492 2758 1554; x_wconf 85' lang='lat' dir='ltr'><strong>pensantes</strong></span> <span class='ocrx_word' id='word_1_306' title='bbox 2799 1480 2995 1536; x_wconf 87' lang='lat' dir='ltr'><strong>summi</strong></span> <span class='ocrx_word' id='word_1_307' title='bbox 3033 1476 3360 1550; x_wconf 69' lang='lat' dir='ltr'><strong>patriarchae</strong></span> <span class='ocrx_word' id='word_1_308' title='bbox 3406 1473 3632 1529; x_wconf 61' lang='lat' dir='ltr'><strong>Abrahae</strong></span> <span class='ocrx_word' id='word_1_309' title='bbox 3673 1487 3854 1528; x_wconf 70' lang='lat' dir='ltr'><strong>summa:</strong></span> 
     </span>
    </p>
   </div>
   <div class='ocr_carea' id='block_1_45' title="bbox 2322 1558 3852 1643">
    <p class='ocr_par' dir='ltr' id='par_1_45' title="bbox 2322 1558 3852 1643">
     <span class='ocr_line' id='line_1_45' title="bbox 2322 1558 3852 1643; baseline -0.011 -14"><span class='ocrx_word' id='word_1_310' title='bbox 2322 1573 2639 1629; x_wconf 89' lang='lat' dir='ltr'><strong>humilitatis</strong></span> <span class='ocrx_word' id='word_1_311' title='bbox 2660 1570 2986 1643; x_wconf 80' lang='lat' dir='ltr'><strong>exemplum,</strong></span> <span class='ocrx_word' id='word_1_312' title='bbox 3008 1567 3264 1623; x_wconf 89' lang='lat' dir='ltr'><strong>omnibus</strong></span> <span class='ocrx_word' id='word_1_313' title='bbox 3292 1565 3386 1636; x_wconf 87' lang='lat' dir='ltr'><strong>qui</strong></span> <span class='ocrx_word' id='word_1_314' title='bbox 3434 1565 3489 1620; x_wconf 91' lang='lat' dir='ltr'><strong>in</strong></span> <span class='ocrx_word' id='word_1_315' title='bbox 3516 1562 3708 1620; x_wconf 80' lang='lat' dir='ltr'><strong>semine</strong></span> <span class='ocrx_word' id='word_1_316' title='bbox 3746 1558 3852 1628; x_wconf 79' lang='lat' dir='ltr'><strong>ejus.</strong></span> 
     </span>
    </p>
   </div>
   <div class='ocr_carea' id='block_1_46' title="bbox 2324 1653 3856 1722">
    <p class='ocr_par' dir='ltr' id='par_1_46' title="bbox 2324 1653 3856 1722">
     <span class='ocr_line' id='line_1_46' title="bbox 2324 1653 3856 1722; baseline -0.01 0"><span class='ocrx_word' id='word_1_317' title='bbox 2324 1669 2374 1722; x_wconf 90' lang='lat' dir='ltr'><strong>iu</strong></span> <span class='ocrx_word' id='word_1_318' title='bbox 2402 1666 2622 1722; x_wconf 87' lang='lat' dir='ltr'><strong>Christo</strong></span> <span class='ocrx_word' id='word_1_319' title='bbox 2649 1665 2876 1720; x_wconf 90' lang='lat' dir='ltr'><strong>Domino</strong></span> <span class='ocrx_word' id='word_1_320' title='bbox 2899 1671 3084 1720; x_wconf 90' lang='lat' dir='ltr'><strong>nostro</strong></span> <span class='ocrx_word' id='word_1_321' title='bbox 3113 1659 3387 1717; x_wconf 85' lang='lat' dir='ltr'><strong>benedicti</strong></span> <span class='ocrx_word' id='word_1_322' title='bbox 3429 1666 3576 1720; x_wconf 88' lang='lat' dir='ltr'><strong>sunt,</strong></span> <span class='ocrx_word' id='word_1_323' title='bbox 3621 1653 3856 1710; x_wconf 69' lang='lat' dir='ltr'><strong>haeredita-</strong></span> 
     </span>
    </p>
   </div>
   <div class='ocr_carea' id='block_1_47' title="bbox 2324 1745 3855 1825">
    <p class='ocr_par' dir='ltr' id='par_1_47' title="bbox 2324 1745 3855 1825">
     <span class='ocr_line' id='line_1_47' title="bbox 2324 1745 3855 1825; baseline -0.01 -12"><span class='ocrx_word' id='word_1_324' title='bbox 2324 1759 2508 1812; x_wconf 85' lang='lat' dir='ltr'><strong>rinm:</strong></span> <span class='ocrx_word' id='word_1_325' title='bbox 2563 1756 2809 1822; x_wconf 67' lang='lat' dir='ltr'><strong>Abrahae,</strong></span> <span class='ocrx_word' id='word_1_326' title='bbox 2846 1755 3088 1825; x_wconf 87' lang='lat' dir='ltr'><strong>inquam,</strong></span> <span class='ocrx_word' id='word_1_327' title='bbox 3135 1750 3227 1822; x_wconf 81' lang='lat' dir='ltr'><strong>qui</strong></span> <span class='ocrx_word' id='word_1_328' title='bbox 3281 1748 3558 1805; x_wconf 68' lang='lat' dir='ltr'><strong>exsultavit</strong></span> <span class='ocrx_word' id='word_1_329' title='bbox 3609 1756 3661 1801; x_wconf 85' lang='lat' dir='ltr'><strong>ut</strong></span> <span class='ocrx_word' id='word_1_330' title='bbox 3703 1745 3855 1800; x_wconf 75' lang='lat' dir='ltr'><strong>rideret</strong></span> 
     </span>
    </p>
   </div>
   <div class='ocr_carea' id='block_1_48' title="bbox 2323 1836 3855 1909">
    <p class='ocr_par' dir='ltr' id='par_1_48' title="bbox 2323 1836 3855 1909">
     <span class='ocr_line' id='line_1_48' title="bbox 2323 1836 3855 1909; baseline -0.012 -3"><span class='ocrx_word' id='word_1_331' title='bbox 2323 1854 2459 1906; x_wconf 89' lang='lat' dir='ltr'><strong>diem</strong></span> <span class='ocrx_word' id='word_1_332' title='bbox 2512 1850 2725 1906; x_wconf 87' lang='lat' dir='ltr'><strong>Domini</strong></span> <span class='ocrx_word' id='word_1_333' title='bbox 2755 1848 2860 1909; x_wconf 86' lang='lat' dir='ltr'><strong>sui,</strong></span> <span class='ocrx_word' id='word_1_334' title='bbox 2907 1845 3131 1903; x_wconf 89' lang='lat' dir='ltr'><strong>seminis</strong></span> <span class='ocrx_word' id='word_1_335' title='bbox 3175 1844 3286 1908; x_wconf 84' lang='lat' dir='ltr'><strong>sui,</strong></span> <span class='ocrx_word' id='word_1_336' title='bbox 3333 1853 3383 1897; x_wconf 91' lang='lat' dir='ltr'><strong>et</strong></span> <span class='ocrx_word' id='word_1_337' title='bbox 3431 1840 3556 1896; x_wconf 80' lang='lat' dir='ltr'><strong>vidit</strong></span> <span class='ocrx_word' id='word_1_338' title='bbox 3607 1849 3651 1894; x_wconf 87' lang='lat' dir='ltr'><strong>et</strong></span> <span class='ocrx_word' id='word_1_339' title='bbox 3691 1836 3855 1908; x_wconf 69' lang='lat' dir='ltr'><strong>gavisus</strong></span> 
     </span>
    </p>
   </div>
   <div class='ocr_carea' id='block_1_49' title="bbox 2322 1927 3856 2010">
    <p class='ocr_par' dir='ltr' id='par_1_49' title="bbox 2322 1927 3856 2010">
     <span class='ocr_line' id='line_1_49' title="bbox 2322 1927 3856 2010; baseline -0.011 -12"><span class='ocrx_word' id='word_1_340' title='bbox 2322 1955 2396 1998; x_wconf 87' lang='lat' dir='ltr'><strong>est</strong></span> <span class='ocrx_word' id='word_1_341' title='bbox 2425 1944 2609 2010; x_wconf 78' lang='lat' dir='ltr'><strong>(Joan.</strong></span> <span class='ocrx_word' id='word_1_342' title='bbox 2645 1957 2764 2004; x_wconf 82' lang='lat' dir='ltr'><strong>\‘Ill,</strong></span> <span class='ocrx_word' id='word_1_343' title='bbox 2803 1939 2894 2007; x_wconf 81' lang='lat'><strong>56)</strong></span> <span class='ocrx_word' id='word_1_344' title='bbox 2927 1958 2939 1992; x_wconf 90' lang='lat'><strong>:</strong></span> <span class='ocrx_word' id='word_1_345' title='bbox 2982 1948 3038 1993; x_wconf 90' lang='lat' dir='ltr'><strong>et</strong></span> <span class='ocrx_word' id='word_1_346' title='bbox 3072 1947 3255 1992; x_wconf 89' lang='lat' dir='ltr'><strong>tamen</strong></span> <span class='ocrx_word' id='word_1_347' title='bbox 3289 1942 3416 2004; x_wconf 92' lang='lat' dir='ltr'><strong>post</strong></span> <span class='ocrx_word' id='word_1_348' title='bbox 3465 1933 3712 1987; x_wconf 71' lang='lat' dir='ltr'><strong>internum</strong></span> <span class='ocrx_word' id='word_1_349' title='bbox 3749 1927 3856 1982; x_wconf 87' lang='lat' dir='ltr'><strong>indi-</strong></span> 
     </span>
    </p>
   </div>
   <div class='ocr_carea' id='block_1_50' title="bbox 2325 2022 3857 2090">
    <p class='ocr_par' dir='ltr' id='par_1_50' title="bbox 2325 2022 3857 2090">
     <span class='ocr_line' id='line_1_50' title="bbox 2325 2022 3857 2090; baseline -0.008 -4"><span class='ocrx_word' id='word_1_350' title='bbox 2325 2036 2452 2090; x_wconf 66' lang='lat' dir='ltr'><strong>vism</strong></span> <span class='ocrx_word' id='word_1_351' title='bbox 2472 2034 2694 2089; x_wconf 84' lang='lat' dir='ltr'><strong>unitatis</strong></span> <span class='ocrx_word' id='word_1_352' title='bbox 2722 2041 2780 2088; x_wconf 89' lang='lat' dir='ltr'><strong>ct</strong></span> <span class='ocrx_word' id='word_1_353' title='bbox 2802 2030 3090 2086; x_wconf 75' lang='lat' dir='ltr'><strong>individua:</strong></span> <span class='ocrx_word' id='word_1_354' title='bbox 3119 2026 3410 2083; x_wconf 87' lang='lat' dir='ltr'><strong>Trinitatis</strong></span> <span class='ocrx_word' id='word_1_355' title='bbox 3439 2022 3786 2080; x_wconf 88' lang='lat' dir='ltr'><strong>revelationem</strong></span> <span class='ocrx_word' id='word_1_356' title='bbox 3806 2033 3857 2073; x_wconf 84' lang='lat' dir='ltr'><strong>ac</strong></span> 
     </span>
    </p>
   </div>
   <div class='ocr_carea' id='block_1_51' title="bbox 2324 2112 3856 2197">
    <p class='ocr_par' dir='ltr' id='par_1_51' title="bbox 2324 2112 3856 2197">
     <span class='ocr_line' id='line_1_51' title="bbox 2324 2112 3856 2197; baseline -0.012 -15"><span class='ocrx_word' id='word_1_357' title='bbox 2324 2118 2772 2197; x_wconf 85' lang='lat' dir='ltr'><strong>speculationem,</strong></span> <span class='ocrx_word' id='word_1_358' title='bbox 2795 2123 3007 2177; x_wconf 90' lang='lat' dir='ltr'><strong>locutus</strong></span> <span class='ocrx_word' id='word_1_359' title='bbox 3027 2129 3109 2176; x_wconf 90' lang='lat' dir='ltr'><strong>est</strong></span> <span class='ocrx_word' id='word_1_360' title='bbox 3131 2134 3226 2175; x_wconf 89' lang='lat' dir='ltr'><strong>ore</strong></span> <span class='ocrx_word' id='word_1_361' title='bbox 3247 2117 3468 2184; x_wconf 90' lang='lat' dir='ltr'><strong>humili,</strong></span> <span class='ocrx_word' id='word_1_362' title='bbox 3495 2131 3618 2172; x_wconf 87' lang='lat' dir='ltr'><strong>voce</strong></span> <span class='ocrx_word' id='word_1_363' title='bbox 3638 2112 3856 2184; x_wconf 84' lang='lat' dir='ltr'><strong>supplici:</strong></span> 
     </span>
    </p>
   </div>
   <div class='ocr_carea' id='block_1_52' title="bbox 2326 2205 3860 2289">
    <p class='ocr_par' dir='ltr' id='par_1_52' title="bbox 2326 2205 3860 2289">
     <span class='ocr_line' id='line_1_52' title="bbox 2326 2205 3860 2289; baseline -0.012 -15"><span class='ocrx_word' id='word_1_364' title='bbox 2326 2218 2537 2289; x_wconf 89' lang='lat' dir='ltr'><strong>Loquar</strong></span> <span class='ocrx_word' id='word_1_365' title='bbox 2563 2218 2632 2273; x_wconf 85' lang='lat' dir='ltr'><strong>ad</strong></span> <span class='ocrx_word' id='word_1_366' title='bbox 2657 2216 2941 2271; x_wconf 85' lang='lat' dir='ltr'><strong>Dominum</strong></span> <span class='ocrx_word' id='word_1_367' title='bbox 2970 2228 3164 2277; x_wconf 87' lang='lat' dir='ltr'><strong>meum,</strong></span> <span class='ocrx_word' id='word_1_368' title='bbox 3195 2228 3318 2267; x_wconf 87' lang='lat' dir='ltr'><strong>cum</strong></span> <span class='ocrx_word' id='word_1_369' title='bbox 3345 2210 3448 2265; x_wconf 87' lang='lat' dir='ltr'><strong>sim</strong></span> <span class='ocrx_word' id='word_1_370' title='bbox 3488 2208 3640 2279; x_wconf 77' lang='lat' dir='ltr'><strong>pulvis</strong></span> <span class='ocrx_word' id='word_1_371' title='bbox 3670 2216 3714 2261; x_wconf 86' lang='lat' dir='ltr'><strong>et</strong></span> <span class='ocrx_word' id='word_1_372' title='bbox 3747 2205 3860 2260; x_wconf 77' lang='lat' dir='ltr'><strong>cinis</strong></span> 
     </span>
    </p>
   </div>
   <div class='ocr_carea' id='block_1_53' title="bbox 2325 2303 3860 2382">
    <p class='ocr_par' dir='ltr' id='par_1_53' title="bbox 2325 2303 3860 2382">
     <span class='ocr_line' id='line_1_53' title="bbox 2325 2303 3860 2382; baseline -0.014 -15"><span class='ocrx_word' id='word_1_373' title='bbox 2325 2311 2477 2382; x_wconf 79' lang='lat' dir='ltr'><strong>(Gen.</strong></span> <span class='ocrx_word' id='word_1_374' title='bbox 2510 2325 2667 2371; x_wconf 70' lang='lat' dir='ltr'><strong>svnt,</strong></span> <span class='ocrx_word' id='word_1_375' title='bbox 2715 2307 2844 2378; x_wconf 72' lang='lat'><strong>27);</strong></span> <span class='ocrx_word' id='word_1_376' title='bbox 2889 2305 3173 2361; x_wconf 86' lang='lat' dir='ltr'><strong>redeamus</strong></span> <span class='ocrx_word' id='word_1_377' title='bbox 3215 2303 3288 2358; x_wconf 87' lang='lat' dir='ltr'><strong>ad</strong></span> <span class='ocrx_word' id='word_1_378' title='bbox 3330 2317 3454 2365; x_wconf 84' lang='lat' dir='ltr'><strong>nos,</strong></span> <span class='ocrx_word' id='word_1_379' title='bbox 3498 2311 3729 2371; x_wconf 87' lang='lat' dir='ltr'><strong>ponamus</strong></span> <span class='ocrx_word' id='word_1_380' title='bbox 3772 2308 3860 2348; x_wconf 90' lang='lat' dir='ltr'><strong>nos</strong></span> 
     </span>
    </p>
   </div>
   <div class='ocr_carea' id='block_1_54' title="bbox 2325 2387 3857 2465">
    <p class='ocr_par' dir='ltr' id='par_1_54' title="bbox 2325 2387 3857 2465">
     <span class='ocr_line' id='line_1_54' title="bbox 2325 2387 3857 2465; baseline -0.013 -8"><span class='ocrx_word' id='word_1_381' title='bbox 2325 2413 2450 2458; x_wconf 90' lang='lat' dir='ltr'><strong>ante</strong></span> <span class='ocrx_word' id='word_1_382' title='bbox 2471 2416 2588 2465; x_wconf 89' lang='lat' dir='ltr'><strong>nos,</strong></span> <span class='ocrx_word' id='word_1_383' title='bbox 2621 2402 2926 2454; x_wconf 89' lang='lat' dir='ltr'><strong>intueamur</strong></span> <span class='ocrx_word' id='word_1_384' title='bbox 2948 2404 3004 2450; x_wconf 92' lang='lat' dir='ltr'><strong>et</strong></span> <span class='ocrx_word' id='word_1_385' title='bbox 3036 2392 3400 2465; x_wconf 84' lang='lat' dir='ltr'><strong>respiciamus</strong></span> <span class='ocrx_word' id='word_1_386' title='bbox 3447 2387 3755 2461; x_wconf 79' lang='lat' dir='ltr'><strong>opprobrium</strong></span> <span class='ocrx_word' id='word_1_387' title='bbox 3778 2396 3857 2439; x_wconf 87' lang='lat' dir='ltr'><strong>no-</strong></span> 
     </span>
    </p>
   </div>
   <div class='ocr_carea' id='block_1_55' title="bbox 2327 2484 3849 2548">
    <p class='ocr_par' dir='ltr' id='par_1_55' title="bbox 2327 2484 3849 2548">
     <span class='ocr_line' id='line_1_55' title="bbox 2327 2484 3849 2548; baseline -0.011 0"><span class='ocrx_word' id='word_1_388' title='bbox 2327 2503 2518 2548; x_wconf 86' lang='lat' dir='ltr'><strong>strum.</strong></span> <span class='ocrx_word' id='word_1_389' title='bbox 2546 2491 2739 2546; x_wconf 82' lang='lat' dir='ltr'><strong>Lutum</strong></span> <span class='ocrx_word' id='word_1_390' title='bbox 2769 2503 2867 2544; x_wconf 88' lang='lat' dir='ltr'><strong>nos</strong></span> <span class='ocrx_word' id='word_1_391' title='bbox 2897 2486 3059 2543; x_wconf 88' lang='lat' dir='ltr'><strong>molle</strong></span> <span class='ocrx_word' id='word_1_392' title='bbox 3076 2500 3140 2541; x_wconf 89' lang='lat' dir='ltr'><strong>ac</strong></span> <span class='ocrx_word' id='word_1_393' title='bbox 3161 2484 3488 2541; x_wconf 90' lang='lat' dir='ltr'><strong>vilissimum</strong></span> <span class='ocrx_word' id='word_1_394' title='bbox 3511 2495 3619 2538; x_wconf 84' lang='lat' dir='ltr'><strong>esse</strong></span> <span class='ocrx_word' id='word_1_395' title='bbox 3639 2491 3849 2548; x_wconf 71' lang='lat' dir='ltr'><strong>recogito</strong></span> 
     </span>
    </p>
   </div>
   <div class='ocr_carea' id='block_1_56' title="bbox 2325 2566 3860 2647">
    <p class='ocr_par' dir='ltr' id='par_1_56' title="bbox 2325 2566 3860 2647">
     <span class='ocr_line' id='line_1_56' title="bbox 2325 2566 3860 2647; baseline -0.014 -7"><span class='ocrx_word' id='word_1_396' title='bbox 2325 2599 2562 2647; x_wconf 84' lang='lat' dir='ltr'><strong>scamus,</strong></span> <span class='ocrx_word' id='word_1_397' title='bbox 2609 2579 2869 2636; x_wconf 87' lang='lat' dir='ltr'><strong>immundi</strong></span> <span class='ocrx_word' id='word_1_398' title='bbox 2898 2578 3112 2634; x_wconf 89' lang='lat' dir='ltr'><strong>cineres</strong></span> <span class='ocrx_word' id='word_1_399' title='bbox 3162 2575 3402 2631; x_wconf 82' lang='lat' dir='ltr'><strong>viviﬁeis</strong></span> <span class='ocrx_word' id='word_1_400' title='bbox 3430 2582 3717 2629; x_wconf 88' lang='lat' dir='ltr'><strong>sanctorum</strong></span> <span class='ocrx_word' id='word_1_401' title='bbox 3740 2566 3860 2621; x_wconf 76' lang='lat' dir='ltr'><strong>cine-</strong></span> 
     </span>
    </p>
   </div>
   <div class='ocr_carea' id='block_1_57' title="bbox 2328 2662 3851 2740">
    <p class='ocr_par' dir='ltr' id='par_1_57' title="bbox 2328 2662 3851 2740">
     <span class='ocr_line' id='line_1_57' title="bbox 2328 2662 3851 2740; baseline -0.012 -11"><span class='ocrx_word' id='word_1_402' title='bbox 2328 2676 2496 2740; x_wconf 87' lang='lat' dir='ltr'><strong>ribus,</strong></span> <span class='ocrx_word' id='word_1_403' title='bbox 2519 2683 2576 2731; x_wconf 88' lang='lat' dir='ltr'><strong>et</strong></span> <span class='ocrx_word' id='word_1_404' title='bbox 2602 2672 2853 2728; x_wconf 83' lang='lat' dir='ltr'><strong>omnibus</strong></span> <span class='ocrx_word' id='word_1_405' title='bbox 2876 2670 3097 2727; x_wconf 89' lang='lat' dir='ltr'><strong>omnino</strong></span> <span class='ocrx_word' id='word_1_406' title='bbox 3122 2668 3289 2724; x_wconf 88' lang='lat' dir='ltr'><strong>rebus</strong></span> <span class='ocrx_word' id='word_1_407' title='bbox 3316 2668 3385 2722; x_wconf 89' lang='lat' dir='ltr'><strong>ad</strong></span> <span class='ocrx_word' id='word_1_408' title='bbox 3407 2682 3502 2723; x_wconf 89' lang='lat' dir='ltr'><strong>eos</strong></span> <span class='ocrx_word' id='word_1_409' title='bbox 3525 2665 3630 2720; x_wconf 89' lang='lat' dir='ltr'><strong>sive</strong></span> <span class='ocrx_word' id='word_1_410' title='bbox 3652 2662 3851 2716; x_wconf 81' lang='lat' dir='ltr'><strong>substan-</strong></span> 
     </span>
    </p>
   </div>
   <div class='ocr_carea' id='block_1_58' title="bbox 2327 2753 3857 2830">
    <p class='ocr_par' dir='ltr' id='par_1_58' title="bbox 2327 2753 3857 2830">
     <span class='ocr_line' id='line_1_58' title="bbox 2327 2753 3857 2830; baseline -0.012 -9"><span class='ocrx_word' id='word_1_411' title='bbox 2327 2767 2549 2830; x_wconf 84' lang='lat' dir='ltr'><strong>tialiter,</strong></span> <span class='ocrx_word' id='word_1_412' title='bbox 2607 2780 2704 2821; x_wconf 89' lang='lat' dir='ltr'><strong>seu</strong></span> <span class='ocrx_word' id='word_1_413' title='bbox 2746 2761 3154 2819; x_wconf 87' lang='lat' dir='ltr'><strong>accidentaliter</strong></span> <span class='ocrx_word' id='word_1_414' title='bbox 3197 2758 3613 2830; x_wconf 85' lang='lat' dir='ltr'><strong>pertinentibus,</strong></span> <span class='ocrx_word' id='word_1_415' title='bbox 3661 2753 3857 2809; x_wconf 74' lang='lat' dir='ltr'><strong>debitum</strong></span> 
     </span>
    </p>
   </div>
   <div class='ocr_carea' id='block_1_59' title="bbox 2327 2842 3859 2925">
    <p class='ocr_par' dir='ltr' id='par_1_59' title="bbox 2327 2842 3859 2925">
     <span class='ocr_line' id='line_1_59' title="bbox 2327 2842 3859 2925; baseline -0.011 -12"><span class='ocrx_word' id='word_1_416' title='bbox 2327 2860 2586 2915; x_wconf 86' lang='lat' dir='ltr'><strong>honorem</strong></span> <span class='ocrx_word' id='word_1_417' title='bbox 2608 2873 2673 2913; x_wconf 90' lang='lat' dir='ltr'><strong>ac</strong></span> <span class='ocrx_word' id='word_1_418' title='bbox 2695 2856 2975 2914; x_wconf 86' lang='lat' dir='ltr'><strong>servitium</strong></span> <span class='ocrx_word' id='word_1_419' title='bbox 3001 2854 3407 2925; x_wconf 82' lang='lat' dir='ltr'><strong>impendamus.</strong></span> <span class='ocrx_word' id='word_1_420' title='bbox 3445 2852 3511 2907; x_wconf 88' lang='lat' dir='ltr'><strong>Et</strong></span> <span class='ocrx_word' id='word_1_421' title='bbox 3545 2849 3659 2921; x_wconf 88' lang='lat' dir='ltr'><strong>quia</strong></span> <span class='ocrx_word' id='word_1_422' title='bbox 3683 2862 3739 2901; x_wconf 76' lang='lat' dir='ltr'><strong>ex</strong></span> <span class='ocrx_word' id='word_1_423' title='bbox 3779 2842 3859 2897; x_wconf 75' lang='lat' dir='ltr'><strong>illis</strong></span> 
     </span>
    </p>
   </div>
   <div class='ocr_carea' id='block_1_60' title="bbox 2326 2940 3861 3014">
    <p class='ocr_par' dir='ltr' id='par_1_60' title="bbox 2326 2940 3861 3014">
     <span class='ocr_line' id='line_1_60' title="bbox 2326 2940 3861 3014; baseline -0.014 -7"><span class='ocrx_word' id='word_1_424' title='bbox 2326 2967 2536 3007; x_wconf 85' lang='lat' dir='ltr'><strong>summa</strong></span> <span class='ocrx_word' id='word_1_425' title='bbox 2562 2951 2737 3006; x_wconf 87' lang='lat' dir='ltr'><strong>oritur</strong></span> <span class='ocrx_word' id='word_1_426' title='bbox 2768 2948 3084 3011; x_wconf 78' lang='lat' dir='ltr'><strong>exsultatio,</strong></span> <span class='ocrx_word' id='word_1_427' title='bbox 3111 2955 3167 3001; x_wconf 92' lang='lat' dir='ltr'><strong>et</strong></span> <span class='ocrx_word' id='word_1_428' title='bbox 3188 2960 3257 3001; x_wconf 79' lang='lat' dir='ltr'><strong>ex</strong></span> <span class='ocrx_word' id='word_1_429' title='bbox 3292 2945 3401 3000; x_wconf 91' lang='lat' dir='ltr'><strong>illis</strong></span> <span class='ocrx_word' id='word_1_430' title='bbox 3445 2942 3634 3014; x_wconf 87' lang='lat' dir='ltr'><strong>pendet</strong></span> <span class='ocrx_word' id='word_1_431' title='bbox 3655 2940 3861 2994; x_wconf 63' lang='lat' dir='ltr'><strong>humana)</strong></span> 
     </span>
    </p>
   </div>
   <div class='ocr_carea' id='block_1_61' title="bbox 2326 3026 3861 3114">
    <p class='ocr_par' dir='ltr' id='par_1_61' title="bbox 2326 3026 3861 3114">
     <span class='ocr_line' id='line_1_61' title="bbox 2326 3026 3861 3114; baseline -0.01 -16"><span class='ocrx_word' id='word_1_432' title='bbox 2326 3042 2636 3114; x_wconf 77' lang='lat' dir='ltr'><strong>propaginis</strong></span> <span class='ocrx_word' id='word_1_433' title='bbox 2666 3041 2898 3097; x_wconf 88' lang='lat' dir='ltr'><strong>salvatio</strong></span> <span class='ocrx_word' id='word_1_434' title='bbox 2925 3053 3118 3095; x_wconf 89' lang='lat' dir='ltr'><strong>omnes</strong></span> <span class='ocrx_word' id='word_1_435' title='bbox 3150 3047 3206 3093; x_wconf 89' lang='lat' dir='ltr'><strong>et</strong></span> <span class='ocrx_word' id='word_1_436' title='bbox 3231 3045 3383 3093; x_wconf 89' lang='lat' dir='ltr'><strong>totas</strong></span> <span class='ocrx_word' id='word_1_437' title='bbox 3432 3034 3606 3092; x_wconf 88' lang='lat' dir='ltr'><strong>cordis</strong></span> <span class='ocrx_word' id='word_1_438' title='bbox 3648 3026 3861 3087; x_wconf 77' lang='lat' dir='ltr'><strong>medullas</strong></span> 
     </span>
    </p>
   </div>
   <div class='ocr_carea' id='block_1_62' title="bbox 2329 3125 3861 3205">
    <p class='ocr_par' dir='ltr' id='par_1_62' title="bbox 2329 3125 3861 3205">
     <span class='ocr_line' id='line_1_62' title="bbox 2329 3125 3861 3205; baseline -0.01 -17"><span class='ocrx_word' id='word_1_439' title='bbox 2329 3138 2381 3189; x_wconf 92' lang='lat' dir='ltr'><strong>in</strong></span> <span class='ocrx_word' id='word_1_440' title='bbox 2408 3135 2622 3190; x_wconf 88' lang='lat' dir='ltr'><strong>illorum</strong></span> <span class='ocrx_word' id='word_1_441' title='bbox 2654 3132 2883 3205; x_wconf 80' lang='lat' dir='ltr'><strong>gloriam</strong></span> <span class='ocrx_word' id='word_1_442' title='bbox 2915 3145 2979 3186; x_wconf 91' lang='lat' dir='ltr'><strong>ac</strong></span> <span class='ocrx_word' id='word_1_443' title='bbox 3005 3128 3219 3185; x_wconf 82' lang='lat' dir='ltr'><strong>laudem</strong></span> <span class='ocrx_word' id='word_1_444' title='bbox 3267 3128 3634 3187; x_wconf 79' lang='lat' dir='ltr'><strong>etl‘undamus,</strong></span> <span class='ocrx_word' id='word_1_445' title='bbox 3679 3130 3731 3175; x_wconf 89' lang='lat' dir='ltr'><strong>ut</strong></span> <span class='ocrx_word' id='word_1_446' title='bbox 3768 3125 3861 3188; x_wconf 72' lang='lat' dir='ltr'><strong>post</strong></span> 
     </span>
    </p>
   </div>
   <div class='ocr_carea' id='block_1_63' title="bbox 641 3210 3859 3307">
    <p class='ocr_par' dir='ltr' id='par_1_63' title="bbox 641 3210 3859 3307">
     <span class='ocr_line' id='line_1_63' title="bbox 641 3210 3859 3307; baseline 0.002 -39"><span class='ocrx_word' id='word_1_447' title='bbox 641 3215 1105 3272; x_wconf 82' lang='lat' dir='ltr'><strong>transmittendum</strong></span> <span class='ocrx_word' id='word_1_448' title='bbox 1130 3220 1429 3290; x_wconf 86' lang='lat' dir='ltr'><strong>proposuit,</strong></span> <span class='ocrx_word' id='word_1_449' title='bbox 1456 3230 1512 3276; x_wconf 91' lang='lat' dir='ltr'><strong>et</strong></span> <span class='ocrx_word' id='word_1_450' title='bbox 1536 3223 1677 3294; x_wconf 82' lang='lat' dir='ltr'><strong>quod</strong></span> <span class='ocrx_word' id='word_1_451' title='bbox 1699 3222 2214 3279; x_wconf 79' lang='lat' dir='ltr'><strong>excellentissiumm</strong></span> <span class='ocrx_word' id='word_1_452' title='bbox 2243 3245 2290 3307; x_wconf 57' lang='grc' dir='ltr'><strong>(ς</strong></span> <span class='ocrx_word' id='word_1_453' title='bbox 2327 3241 2589 3291; x_wconf 79' lang='lat' dir='ltr'><strong>vei-mem,</strong></span> <span class='ocrx_word' id='word_1_454' title='bbox 2610 3224 2817 3281; x_wconf 89' lang='lat' dir='ltr'><strong>redacti</strong></span> <span class='ocrx_word' id='word_1_455' title='bbox 2847 3224 2900 3278; x_wconf 90' lang='lat' dir='ltr'><strong>iu</strong></span> <span class='ocrx_word' id='word_1_456' title='bbox 2937 3222 3237 3292; x_wconf 86' lang='lat' dir='ltr'><strong>pulverem.</strong></span> <span class='ocrx_word' id='word_1_457' title='bbox 3287 3236 3389 3292; x_wconf 87' lang='lat' dir='ltr'><strong>per</strong></span> <span class='ocrx_word' id='word_1_458' title='bbox 3436 3233 3619 3275; x_wconf 87' lang='lat' dir='ltr'><strong>eorum</strong></span> <span class='ocrx_word' id='word_1_459' title='bbox 3663 3210 3859 3270; x_wconf 65' lang='lat' dir='ltr'><strong>omnium</strong></span> 
     </span>
    </p>
   </div>
   <div class='ocr_carea' id='block_1_64' title="bbox 640 3306 2214 3387">
    <p class='ocr_par' dir='ltr' id='par_1_64' title="bbox 640 3306 2214 3387">
     <span class='ocr_line' id='line_1_64' title="bbox 640 3306 2214 3387; baseline 0.006 -24"><span class='ocrx_word' id='word_1_460' title='bbox 640 3306 880 3363; x_wconf 73' lang='lat' dir='ltr'><strong>cmlcstis</strong></span> <span class='ocrx_word' id='word_1_461' title='bbox 910 3311 1188 3367; x_wconf 82' lang='lat' dir='ltr'><strong>medicinae</strong></span> <span class='ocrx_word' id='word_1_462' title='bbox 1211 3313 1504 3369; x_wconf 87' lang='lat' dir='ltr'><strong>remedium</strong></span> <span class='ocrx_word' id='word_1_463' title='bbox 1539 3317 1847 3387; x_wconf 81' lang='lat' dir='ltr'><strong>excogitare</strong></span> <span class='ocrx_word' id='word_1_464' title='bbox 1874 3319 2066 3387; x_wconf 86' lang='lat' dir='ltr'><strong>potuit,</strong></span> <span class='ocrx_word' id='word_1_465' title='bbox 2100 3333 2214 3372; x_wconf 85' lang='lat' dir='ltr'><strong>me-</strong></span> 
     </span>
    </p>
   </div>
   <div class='ocr_carea' id='block_1_65' title="bbox 642 3400 2220 3478">
    <p class='ocr_par' dir='ltr' id='par_1_65' title="bbox 642 3400 2220 3478">
     <span class='ocr_line' id='line_1_65' title="bbox 642 3400 2220 3478; baseline 0.006 -25"><span class='ocrx_word' id='word_1_466' title='bbox 642 3400 835 3455; x_wconf 88' lang='lat' dir='ltr'><strong>dendis</strong></span> <span class='ocrx_word' id='word_1_467' title='bbox 859 3400 1118 3457; x_wconf 68' lang='lat' dir='ltr'><strong>Dominici</strong></span> <span class='ocrx_word' id='word_1_468' title='bbox 1149 3406 1326 3474; x_wconf 79' lang='lat' dir='ltr'><strong>gregis</strong></span> <span class='ocrx_word' id='word_1_469' title='bbox 1357 3405 1669 3463; x_wconf 88' lang='lat' dir='ltr'><strong>vulneribus</strong></span> <span class='ocrx_word' id='word_1_470' title='bbox 1692 3408 1927 3478; x_wconf 87' lang='lat' dir='ltr'><strong>providit</strong></span> <span class='ocrx_word' id='word_1_471' title='bbox 1948 3418 2003 3464; x_wconf 90' lang='lat' dir='ltr'><strong>et</strong></span> <span class='ocrx_word' id='word_1_472' title='bbox 2032 3419 2220 3464; x_wconf 82' lang='lat' dir='ltr'><strong>contu-</strong></span> 
     </span>
    </p>
   </div>
   <div class='ocr_carea' id='block_1_66' title="bbox 640 3493 2217 3571">
    <p class='ocr_par' dir='ltr' id='par_1_66' title="bbox 640 3493 2217 3571">
     <span class='ocr_line' id='line_1_66' title="bbox 640 3493 2217 3571; baseline 0.008 -26"><span class='ocrx_word' id='word_1_473' title='bbox 640 3493 731 3556; x_wconf 86' lang='lat' dir='ltr'><strong>iit;</strong></span> <span class='ocrx_word' id='word_1_474' title='bbox 756 3503 811 3547; x_wconf 88' lang='lat' dir='ltr'><strong>et</strong></span> <span class='ocrx_word' id='word_1_475' title='bbox 841 3502 921 3549; x_wconf 93' lang='lat' dir='ltr'><strong>tot</strong></span> <span class='ocrx_word' id='word_1_476' title='bbox 949 3506 1165 3551; x_wconf 81' lang='lat' dir='ltr'><strong>sanctos</strong></span> <span class='ocrx_word' id='word_1_477' title='bbox 1205 3497 1391 3568; x_wconf 83' lang='lat' dir='ltr'><strong>vigiles</strong></span> <span class='ocrx_word' id='word_1_478' title='bbox 1425 3515 1491 3556; x_wconf 88' lang='lat' dir='ltr'><strong>ae</strong></span> <span class='ocrx_word' id='word_1_479' title='bbox 1531 3502 1780 3557; x_wconf 88' lang='lat' dir='ltr'><strong>custodes</strong></span> <span class='ocrx_word' id='word_1_480' title='bbox 1820 3516 1983 3571; x_wconf 88' lang='lat' dir='ltr'><strong>super</strong></span> <span class='ocrx_word' id='word_1_481' title='bbox 2035 3512 2217 3557; x_wconf 80' lang='lat' dir='ltr'><strong>custo-</strong></span> 
     </span>
    </p>
   </div>
   <div class='ocr_carea' id='block_1_67' title="bbox 644 3588 2220 3666">
    <p class='ocr_par' dir='ltr' id='par_1_67' title="bbox 644 3588 2220 3666">
     <span class='ocr_line' id='line_1_67' title="bbox 644 3588 2220 3666; baseline 0.004 -26"><span class='ocrx_word' id='word_1_482' title='bbox 644 3588 789 3641; x_wconf 86' lang='lat' dir='ltr'><strong>diam</strong></span> <span class='ocrx_word' id='word_1_483' title='bbox 836 3604 947 3643; x_wconf 74' lang='lat' dir='ltr'><strong>sua:</strong></span> <span class='ocrx_word' id='word_1_484' title='bbox 984 3588 1268 3645; x_wconf 78' lang='lat' dir='ltr'><strong>familiaris</strong></span> <span class='ocrx_word' id='word_1_485' title='bbox 1300 3591 1556 3647; x_wconf 65' lang='lat' dir='ltr'><strong>Ecclesiae</strong></span> <span class='ocrx_word' id='word_1_486' title='bbox 1587 3596 1900 3663; x_wconf 86' lang='lat' dir='ltr'><strong>procuravit</strong></span> <span class='ocrx_word' id='word_1_487' title='bbox 1946 3604 2000 3650; x_wconf 89' lang='lat' dir='ltr'><strong>et</strong></span> <span class='ocrx_word' id='word_1_488' title='bbox 2038 3596 2220 3666; x_wconf 82' lang='lat' dir='ltr'><strong>dispu-</strong></span> 
     </span>
    </p>
   </div>
   <div class='ocr_carea' id='block_1_68' title="bbox 642 3679 2221 3754">
    <p class='ocr_par' dir='ltr' id='par_1_68' title="bbox 642 3679 2221 3754">
     <span class='ocr_line' id='line_1_68' title="bbox 642 3679 2221 3754; baseline 0.006 -22"><span class='ocrx_word' id='word_1_489' title='bbox 642 3679 770 3740; x_wconf 82' lang='lat' dir='ltr'><strong>suit,</strong></span> <span class='ocrx_word' id='word_1_490' title='bbox 792 3690 923 3749; x_wconf 86' lang='lat' dir='ltr'><strong>quot</strong></span> <span class='ocrx_word' id='word_1_491' title='bbox 950 3680 1241 3736; x_wconf 90' lang='lat' dir='ltr'><strong>electorum</strong></span> <span class='ocrx_word' id='word_1_492' title='bbox 1270 3683 1361 3737; x_wconf 83' lang='lat' dir='ltr'><strong>Dei</strong></span> <span class='ocrx_word' id='word_1_493' title='bbox 1386 3683 1697 3754; x_wconf 83' lang='lat' dir='ltr'><strong>pignoribus</strong></span> <span class='ocrx_word' id='word_1_494' title='bbox 1735 3687 1932 3741; x_wconf 89' lang='lat' dir='ltr'><strong>ibidem</strong></span> <span class='ocrx_word' id='word_1_495' title='bbox 1974 3689 2221 3743; x_wconf 61' lang='lat' dir='ltr'><strong>recondi-</strong></span> 
     </span>
    </p>
   </div>
   <div class='ocr_carea' id='block_1_69' title="bbox 641 3771 2221 3848">
    <p class='ocr_par' dir='ltr' id='par_1_69' title="bbox 641 3771 2221 3848">
     <span class='ocr_line' id='line_1_69' title="bbox 641 3771 2221 3848; baseline 0.006 -24"><span class='ocrx_word' id='word_1_496' title='bbox 641 3773 731 3831; x_wconf 79' lang='lat' dir='ltr'><strong>t&#39;s,</strong></span> <span class='ocrx_word' id='word_1_497' title='bbox 761 3771 1046 3839; x_wconf 77' lang='lat' dir='ltr'><strong>specialem</strong></span> <span class='ocrx_word' id='word_1_498' title='bbox 1077 3774 1334 3830; x_wconf 89' lang='lat' dir='ltr'><strong>honorem</strong></span> <span class='ocrx_word' id='word_1_499' title='bbox 1361 3791 1424 3830; x_wconf 90' lang='lat' dir='ltr'><strong>ac</strong></span> <span class='ocrx_word' id='word_1_500' title='bbox 1450 3779 1807 3832; x_wconf 85' lang='lat' dir='ltr'><strong>reverentiam</strong></span> <span class='ocrx_word' id='word_1_501' title='bbox 1831 3779 2063 3848; x_wconf 86' lang='lat' dir='ltr'><strong>impendi</strong></span> <span class='ocrx_word' id='word_1_502' title='bbox 2095 3795 2221 3834; x_wconf 91' lang='lat' dir='ltr'><strong>cen-</strong></span> 
     </span>
    </p>
   </div>
   <div class='ocr_carea' id='block_1_70' title="bbox 645 3861 2220 3941">
    <p class='ocr_par' dir='ltr' id='par_1_70' title="bbox 645 3861 2220 3941">
     <span class='ocr_line' id='line_1_70' title="bbox 645 3861 2220 3941; baseline 0.006 -26"><span class='ocrx_word' id='word_1_503' title='bbox 645 3861 771 3915; x_wconf 85' lang='lat' dir='ltr'><strong>suit.</strong></span> <span class='ocrx_word' id='word_1_504' title='bbox 798 3862 1036 3935; x_wconf 85' lang='lat' dir='ltr'><strong>Deniqne</strong></span> <span class='ocrx_word' id='word_1_505' title='bbox 1055 3864 1296 3921; x_wconf 86' lang='lat' dir='ltr'><strong>imitatus</strong></span> <span class='ocrx_word' id='word_1_506' title='bbox 1315 3867 1464 3939; x_wconf 68' lang='lat'><strong>(€260)</strong></span> <span class='ocrx_word' id='word_1_507' title='bbox 1482 3879 1734 3938; x_wconf 79' lang='lat' dir='ltr'><strong>quartum</strong></span> <span class='ocrx_word' id='word_1_508' title='bbox 1748 3886 1778 3924; x_wconf 90' lang='lat' dir='ltr'><strong>a</strong></span> <span class='ocrx_word' id='word_1_509' title='bbox 1809 3870 2220 3941; x_wconf 84' lang='lat' dir='ltr'><strong>vigilantissimo</strong></span> 
     </span>
    </p>
   </div>
   <div class='ocr_carea' id='block_1_71' title="bbox 643 3953 2221 4036">
    <p class='ocr_par' dir='ltr' id='par_1_71' title="bbox 643 3953 2221 4036">
     <span class='ocr_line' id='line_1_71' title="bbox 643 3953 2221 4036; baseline 0.008 -31"><span class='ocrx_word' id='word_1_510' title='bbox 643 3953 904 4024; x_wconf 77' lang='lat' dir='ltr'><strong>Gregorio</strong></span> <span class='ocrx_word' id='word_1_511' title='bbox 958 3958 1012 4010; x_wconf 89' lang='lat' dir='ltr'><strong>in</strong></span> <span class='ocrx_word' id='word_1_512' title='bbox 1044 3960 1172 4013; x_wconf 84' lang='lat' dir='ltr'><strong>sede</strong></span> <span class='ocrx_word' id='word_1_513' title='bbox 1221 3963 1511 4031; x_wconf 83' lang='lat' dir='ltr'><strong>apostolica</strong></span> <span class='ocrx_word' id='word_1_514' title='bbox 1546 3962 1881 4018; x_wconf 79' lang='lat' dir='ltr'><strong>Bonifacium</strong></span> <span class='ocrx_word' id='word_1_515' title='bbox 1934 3964 2048 4035; x_wconf 79' lang='lat' dir='ltr'><strong>(qui</strong></span> <span class='ocrx_word' id='word_1_516' title='bbox 2102 3977 2221 4036; x_wconf 87' lang='lat' dir='ltr'><strong>post</strong></span> 
     </span>
    </p>
   </div>
   <div class='ocr_carea' id='block_1_72' title="bbox 644 4049 2217 4113">
    <p class='ocr_par' dir='ltr' id='par_1_72' title="bbox 644 4049 2217 4113">
     <span class='ocr_line' id='line_1_72' title="bbox 644 4049 2217 4113; baseline 0.008 -18"><span class='ocrx_word' id='word_1_517' title='bbox 644 4057 1018 4102; x_wconf 78' lang='lat' dir='ltr'><strong>rotisecratum</strong></span> <span class='ocrx_word' id='word_1_518' title='bbox 1039 4065 1067 4102; x_wconf 87' lang='lat' dir='ltr'><strong>a</strong></span> <span class='ocrx_word' id='word_1_519' title='bbox 1101 4065 1159 4103; x_wconf 89' lang='lat' dir='ltr'><strong>se</strong></span> <span class='ocrx_word' id='word_1_520' title='bbox 1186 4049 1487 4113; x_wconf 84' lang='lat' dir='ltr'><strong>Pantheon.</strong></span> <span class='ocrx_word' id='word_1_521' title='bbox 1520 4053 1931 4109; x_wconf 83' lang='lat' dir='ltr'><strong>celeberrimam</strong></span> <span class='ocrx_word' id='word_1_522' title='bbox 1960 4054 2217 4110; x_wconf 87' lang='lat' dir='ltr'><strong>Omnium</strong></span> 
     </span>
    </p>
   </div>
   <div class='ocr_carea' id='block_1_73' title="bbox 646 4138 2221 4217">
    <p class='ocr_par' dir='ltr' id='par_1_73' title="bbox 646 4138 2221 4217">
     <span class='ocr_line' id='line_1_73' title="bbox 646 4138 2221 4217; baseline 0.006 -27"><span class='ocrx_word' id='word_1_523' title='bbox 646 4138 970 4195; x_wconf 89' lang='lat' dir='ltr'><strong>Sanctorum</strong></span> <span class='ocrx_word' id='word_1_524' title='bbox 1012 4142 1405 4199; x_wconf 81' lang='lat' dir='ltr'><strong>solemnitatem</strong></span> <span class='ocrx_word' id='word_1_525' title='bbox 1472 4145 1710 4217; x_wconf 75' lang='lat' dir='ltr'><strong>indixit),</strong></span> <span class='ocrx_word' id='word_1_526' title='bbox 1759 4144 2032 4209; x_wconf 87' lang='lat' dir='ltr'><strong>festivum,</strong></span> <span class='ocrx_word' id='word_1_527' title='bbox 2082 4148 2221 4200; x_wconf 84' lang='lat' dir='ltr'><strong>sicut</strong></span> 
     </span>
    </p>
   </div>
   <div class='ocr_carea' id='block_1_74' title="bbox 642 4234 2219 4308">
    <p class='ocr_par' dir='ltr' id='par_1_74' title="bbox 642 4234 2219 4308">
     <span class='ocr_line' id='line_1_74' title="bbox 642 4234 2219 4308; baseline 0.006 -25"><span class='ocrx_word' id='word_1_528' title='bbox 642 4234 1059 4300; x_wconf 71' lang='lat' dir='ltr'><strong>przenotavimus</strong></span> <span class='ocrx_word' id='word_1_529' title='bbox 1087 4236 1334 4304; x_wconf 85' lang='lat' dir='ltr'><strong>specialis</strong></span> <span class='ocrx_word' id='word_1_530' title='bbox 1354 4238 1889 4293; x_wconf 89' lang='lat' dir='ltr'><strong>commemoratiouis</strong></span> <span class='ocrx_word' id='word_1_531' title='bbox 1911 4238 2075 4303; x_wconf 87' lang='lat' dir='ltr'><strong>diem,</strong></span> <span class='ocrx_word' id='word_1_532' title='bbox 2101 4254 2219 4308; x_wconf 88' lang='lat' dir='ltr'><strong>spe-</strong></span> 
     </span>
    </p>
   </div>
   <div class='ocr_carea' id='block_1_75' title="bbox 641 4321 2216 4392">
    <p class='ocr_par' dir='ltr' id='par_1_75' title="bbox 641 4321 2216 4392">
     <span class='ocr_line' id='line_1_75' title="bbox 641 4321 2216 4392; baseline 0.005 -16"><span class='ocrx_word' id='word_1_533' title='bbox 641 4321 833 4376; x_wconf 86' lang='lat' dir='ltr'><strong>cialius</strong></span> <span class='ocrx_word' id='word_1_534' title='bbox 867 4338 1076 4377; x_wconf 89' lang='lat' dir='ltr'><strong>summa</strong></span> <span class='ocrx_word' id='word_1_535' title='bbox 1108 4325 1395 4382; x_wconf 86' lang='lat' dir='ltr'><strong>devotione</strong></span> <span class='ocrx_word' id='word_1_536' title='bbox 1420 4336 1475 4382; x_wconf 87' lang='lat' dir='ltr'><strong>et</strong></span> <span class='ocrx_word' id='word_1_537' title='bbox 1504 4328 1785 4384; x_wconf 88' lang='lat' dir='ltr'><strong>alacritate</strong></span> <span class='ocrx_word' id='word_1_538' title='bbox 1813 4329 2216 4392; x_wconf 83' lang='lat' dir='ltr'><strong>celebrandum.</strong></span> 
     </span>
    </p>
   </div>
   <div class='ocr_carea' id='block_1_76' title="bbox 644 4413 2219 4490">
    <p class='ocr_par' dir='ltr' id='par_1_76' title="bbox 644 4413 2219 4490">
     <span class='ocr_line' id='line_1_76' title="bbox 644 4413 2219 4490; baseline 0.005 -21"><span class='ocrx_word' id='word_1_539' title='bbox 644 4413 934 4470; x_wconf 76' lang='lat' dir='ltr'><strong>inmunem</strong></span> <span class='ocrx_word' id='word_1_540' title='bbox 968 4429 1168 4471; x_wconf 74' lang='lat' dir='ltr'><strong>saucuc</strong></span> <span class='ocrx_word' id='word_1_541' title='bbox 1192 4420 1628 4490; x_wconf 81' lang='lat' dir='ltr'><strong>congregationis</strong></span> <span class='ocrx_word' id='word_1_542' title='bbox 1659 4419 1777 4490; x_wconf 86' lang='lat' dir='ltr'><strong>ejus</strong></span> <span class='ocrx_word' id='word_1_543' title='bbox 1824 4422 2219 4477; x_wconf 85' lang='lat' dir='ltr'><strong>successionem</strong></span> 
     </span>
    </p>
   </div>
   <div class='ocr_carea' id='block_1_77' title="bbox 715 4573 2306 4657">
    <p class='ocr_par' dir='ltr' id='par_1_77' title="bbox 715 4573 2306 4657">
     <span class='ocr_line' id='line_1_77' title="bbox 715 4573 2306 4657; baseline 0.003 -28"><span class='ocrx_word' id='word_1_544' title='bbox 715 4573 866 4645; x_wconf 74' lang='lat'><strong>(239)</strong></span> <span class='ocrx_word' id='word_1_545' title='bbox 892 4574 961 4657; x_wconf 55' lang='lat' dir='ltr'><strong>in</strong></span> <span class='ocrx_word' id='word_1_546' title='bbox 984 4575 1199 4657; x_wconf 60' lang='lat' dir='ltr'><strong>:lericlto</strong></span> <span class='ocrx_word' id='word_1_547' title='bbox 1238 4577 1502 4657; x_wconf 48' lang='lat' dir='ltr'><strong>deﬂetum</strong></span> <span class='ocrx_word' id='word_1_548' title='bbox 1530 4580 1750 4657; x_wconf 74' lang='lat' dir='ltr'><strong>interna:</strong></span> <span class='ocrx_word' id='word_1_549' title='bbox 1774 4577 1927 4657; x_wconf 60' lang='lat' dir='ltr'><strong>iacis.</strong></span> <span class='ocrx_word' id='word_1_550' title='bbox 1981 4577 2225 4647; x_wconf 82' lang='lat' dir='ltr'><strong>Respicit</strong></span> <span class='ocrx_word' id='word_1_551' title='bbox 2256 4599 2306 4657; x_wconf 64' lang='grc' dir='ltr'>ι)</span> 
     </span>
    </p>
   </div>
   <div class='ocr_carea' id='block_1_78' title="bbox 645 4644 2225 4718">
    <p class='ocr_par' dir='ltr' id='par_1_78' title="bbox 645 4644 2225 4718">
     <span class='ocr_line' id='line_1_78' title="bbox 645 4644 2225 4718; baseline 0.003 -19"><span class='ocrx_word' id='word_1_552' title='bbox 645 4644 1116 4718; x_wconf 73' lang='lat' dir='ltr'><strong>notnenJericho,</strong></span> <span class='ocrx_word' id='word_1_553' title='bbox 1137 4649 1277 4716; x_wconf 78' lang='lat' dir='ltr'><strong>quod</strong></span> <span class='ocrx_word' id='word_1_554' title='bbox 1300 4644 1535 4704; x_wconf 58' lang='lat' dir='ltr'><strong>Hebraeis</strong></span> <span class='ocrx_word' id='word_1_555' title='bbox 1552 4647 1730 4702; x_wconf 81' lang='lat' dir='ltr'><strong>lauant</strong></span> <span class='ocrx_word' id='word_1_556' title='bbox 1753 4648 2040 4718; x_wconf 73' lang='lat' dir='ltr'><strong>signiﬁcat,</strong></span> <span class='ocrx_word' id='word_1_557' title='bbox 2063 4644 2225 4718; x_wconf 71' lang='lat' dir='ltr'><strong>cpiam</strong></span> 
     </span>
    </p>
   </div>
   <div class='ocr_carea' id='block_1_79' title="bbox 646 4717 1492 4787">
    <p class='ocr_par' dir='ltr' id='par_1_79' title="bbox 646 4717 1492 4787">
     <span class='ocr_line' id='line_1_79' title="bbox 646 4717 1492 4787; baseline 0.004 -18"><span class='ocrx_word' id='word_1_558' title='bbox 646 4725 889 4787; x_wconf 76' lang='lat' dir='ltr'><strong>mutuum</strong></span> <span class='ocrx_word' id='word_1_559' title='bbox 918 4717 1099 4787; x_wconf 86' lang='lat' dir='ltr'><strong>lumen</strong></span> <span class='ocrx_word' id='word_1_560' title='bbox 1126 4733 1265 4787; x_wconf 66' lang='lat' dir='ltr'><strong>saepe</strong></span> <span class='ocrx_word' id='word_1_561' title='bbox 1291 4719 1492 4774; x_wconf 80' lang='lat' dir='ltr'><strong>(lelicit.</strong></span> 
     </span>
    </p>
   </div>
   <div class='ocr_carea' id='block_1_80' title="bbox 719 4785 2224 4860">
    <p class='ocr_par' dir='ltr' id='par_1_80' title="bbox 719 4785 2224 4860">
     <span class='ocr_line' id='line_1_80' title="bbox 719 4785 2224 4860; baseline 0.007 -23"><span class='ocrx_word' id='word_1_562' title='bbox 719 4785 866 4853; x_wconf 72' lang='grc'>(260)</span> <span class='ocrx_word' id='word_1_563' title='bbox 898 4786 1156 4853; x_wconf 82' lang='lat' dir='ltr'><strong>Quartum</strong></span> <span class='ocrx_word' id='word_1_564' title='bbox 1186 4785 1219 4843; x_wconf 73' lang='grc' dir='ltr'><em>ἀ</em></span> <span class='ocrx_word' id='word_1_565' title='bbox 1274 4789 1582 4846; x_wconf 79' lang='lat' dir='ltr'><strong>viailantt&#39;ss.</strong></span> <span class='ocrx_word' id='word_1_566' title='bbox 1627 4788 1901 4860; x_wconf 83' lang='lat' dir='ltr'><strong>Gregorio.</strong></span> <span class='ocrx_word' id='word_1_567' title='bbox 1958 4789 2083 4845; x_wconf 87' lang='lat' dir='ltr'><strong>Fuit</strong></span> <span class='ocrx_word' id='word_1_568' title='bbox 2133 4791 2224 4847; x_wconf 86' lang='lat' dir='ltr'><strong>hic</strong></span> 
     </span>
    </p>
   </div>
   <div class='ocr_carea' id='block_1_81' title="bbox 2325 3314 3863 3383">
    <p class='ocr_par' dir='ltr' id='par_1_81' title="bbox 2325 3314 3863 3383">
     <span class='ocr_line' id='line_1_81' title="bbox 2325 3314 3863 3383; baseline -0.011 -9"><span class='ocrx_word' id='word_1_569' title='bbox 2325 3318 2660 3383; x_wconf 87' lang='lat' dir='ltr'><strong>continuam,</strong></span> <span class='ocrx_word' id='word_1_570' title='bbox 2689 3327 2744 3373; x_wconf 91' lang='lat' dir='ltr'><strong>et</strong></span> <span class='ocrx_word' id='word_1_571' title='bbox 2769 3316 3171 3373; x_wconf 85' lang='lat' dir='ltr'><strong>devotissimam</strong></span> <span class='ocrx_word' id='word_1_572' title='bbox 3225 3314 3665 3370; x_wconf 87' lang='lat' dir='ltr'><strong>interventionem</strong></span> <span class='ocrx_word' id='word_1_573' title='bbox 3694 3317 3863 3362; x_wconf 77' lang='lat' dir='ltr'><strong>merca-</strong></span> 
     </span>
    </p>
   </div>
   <div class='ocr_carea' id='block_1_82' title="bbox 2324 3395 3853 3468">
    <p class='ocr_par' dir='ltr' id='par_1_82' title="bbox 2324 3395 3853 3468">
     <span class='ocr_line' id='line_1_82' title="bbox 2324 3395 3853 3468; baseline -0.008 -5"><span class='ocrx_word' id='word_1_574' title='bbox 2324 3426 2445 3464; x_wconf 89' lang='lat' dir='ltr'><strong>mur</strong></span> <span class='ocrx_word' id='word_1_575' title='bbox 2473 3409 2710 3466; x_wconf 81' lang='lat' dir='ltr'><strong>transire</strong></span> <span class='ocrx_word' id='word_1_576' title='bbox 2731 3410 2798 3465; x_wconf 89' lang='lat' dir='ltr'><strong>de</strong></span> <span class='ocrx_word' id='word_1_577' title='bbox 2831 3407 3158 3463; x_wconf 85' lang='lat' dir='ltr'><strong>mortalitate</strong></span> <span class='ocrx_word' id='word_1_578' title='bbox 3179 3405 3246 3459; x_wconf 89' lang='lat' dir='ltr'><strong>ad</strong></span> <span class='ocrx_word' id='word_1_579' title='bbox 3303 3404 3780 3468; x_wconf 34' lang='lat' dir='ltr'><strong>immortalitatem...</strong></span> <span class='ocrx_word' id='word_1_580' title='bbox 3801 3395 3853 3449; x_wconf 82' lang='lat' dir='ltr'><strong>de</strong></span> 
     </span>
    </p>
   </div>
   <div class='ocr_carea' id='block_1_83' title="bbox 2321 3495 3859 3573">
    <p class='ocr_par' dir='ltr' id='par_1_83' title="bbox 2321 3495 3859 3573">
     <span class='ocr_line' id='line_1_83' title="bbox 2321 3495 3859 3573; baseline -0.01 -16"><span class='ocrx_word' id='word_1_581' title='bbox 2321 3504 2667 3573; x_wconf 83' lang='lat' dir='ltr'><strong>corruptione</strong></span> <span class='ocrx_word' id='word_1_582' title='bbox 2713 3501 2781 3556; x_wconf 91' lang='lat' dir='ltr'><strong>ad</strong></span> <span class='ocrx_word' id='word_1_583' title='bbox 2838 3500 3337 3569; x_wconf 86' lang='lat' dir='ltr'><strong>incorruptionem;</strong></span> <span class='ocrx_word' id='word_1_584' title='bbox 3392 3495 3622 3567; x_wconf 87' lang='lat' dir='ltr'><strong>propitio</strong></span> <span class='ocrx_word' id='word_1_585' title='bbox 3663 3500 3712 3547; x_wconf 90' lang='lat' dir='ltr'><strong>et</strong></span> <span class='ocrx_word' id='word_1_586' title='bbox 3752 3500 3859 3560; x_wconf 58' lang='lat' dir='ltr'><strong>pre</strong></span> 
     </span>
    </p>
   </div>
   <div class='ocr_carea' id='block_1_84' title="bbox 2322 3583 3856 3667">
    <p class='ocr_par' dir='ltr' id='par_1_84' title="bbox 2322 3583 3856 3667">
     <span class='ocr_line' id='line_1_84' title="bbox 2322 3583 3856 3667; baseline -0.012 -15"><span class='ocrx_word' id='word_1_587' title='bbox 2322 3606 2498 3653; x_wconf 86' lang='lat' dir='ltr'><strong>stante</strong></span> <span class='ocrx_word' id='word_1_588' title='bbox 2534 3595 2888 3667; x_wconf 87' lang='lat' dir='ltr'><strong>propitiatore</strong></span> <span class='ocrx_word' id='word_1_589' title='bbox 2932 3602 3142 3657; x_wconf 85' lang='lat' dir='ltr'><strong>nostro,</strong></span> <span class='ocrx_word' id='word_1_590' title='bbox 3192 3589 3352 3658; x_wconf 80' lang='lat' dir='ltr'><strong>cujus</strong></span> <span class='ocrx_word' id='word_1_591' title='bbox 3384 3605 3514 3646; x_wconf 80' lang='lat' dir='ltr'><strong>caro</strong></span> <span class='ocrx_word' id='word_1_592' title='bbox 3558 3601 3650 3659; x_wconf 88' lang='lat' dir='ltr'><strong>pro</strong></span> <span class='ocrx_word' id='word_1_593' title='bbox 3688 3583 3856 3639; x_wconf 51' lang='lat' dir='ltr'><strong>redeat.</strong></span> 
     </span>
    </p>
   </div>
   <div class='ocr_carea' id='block_1_85' title="bbox 2322 3668 3858 3756">
    <p class='ocr_par' dir='ltr' id='par_1_85' title="bbox 2322 3668 3858 3756">
     <span class='ocr_line' id='line_1_85' title="bbox 2322 3668 3858 3756; baseline -0.013 -16"><span class='ocrx_word' id='word_1_594' title='bbox 2322 3687 2508 3756; x_wconf 87' lang='lat' dir='ltr'><strong>ptione</strong></span> <span class='ocrx_word' id='word_1_595' title='bbox 2534 3700 2596 3740; x_wconf 89' lang='lat' dir='ltr'><strong>ac</strong></span> <span class='ocrx_word' id='word_1_596' title='bbox 2620 3683 2959 3753; x_wconf 83' lang='lat' dir='ltr'><strong>reparatione</strong></span> <span class='ocrx_word' id='word_1_597' title='bbox 2988 3682 3185 3736; x_wconf 72' lang='lat' dir='ltr'><strong>animm</strong></span> <span class='ocrx_word' id='word_1_598' title='bbox 3214 3696 3280 3734; x_wconf 85' lang='lat' dir='ltr'><strong>ac</strong></span> <span class='ocrx_word' id='word_1_599' title='bbox 3303 3678 3491 3734; x_wconf 84' lang='lat' dir='ltr'><strong>carnis</strong></span> <span class='ocrx_word' id='word_1_600' title='bbox 3516 3684 3702 3733; x_wconf 64' lang='lat' dir='ltr'><strong>nostra:</strong></span> <span class='ocrx_word' id='word_1_601' title='bbox 3721 3671 3778 3725; x_wconf 83' lang='lat' dir='ltr'><strong>ab</strong></span> <span class='ocrx_word' id='word_1_602' title='bbox 3796 3668 3858 3721; x_wconf 83' lang='lat' dir='ltr'><strong>in-</strong></span> 
     </span>
    </p>
   </div>
   <div class='ocr_carea' id='block_1_86' title="bbox 2320 3758 3859 3847">
    <p class='ocr_par' dir='ltr' id='par_1_86' title="bbox 2320 3758 3859 3847">
     <span class='ocr_line' id='line_1_86' title="bbox 2320 3758 3859 3847; baseline -0.015 -16"><span class='ocrx_word' id='word_1_603' title='bbox 2320 3786 2575 3847; x_wconf 85' lang='lat' dir='ltr'><strong>corrupta</strong></span> <span class='ocrx_word' id='word_1_604' title='bbox 2598 3775 2813 3830; x_wconf 73' lang='lat' dir='ltr'><strong>illibata:</strong></span> <span class='ocrx_word' id='word_1_605' title='bbox 2843 3773 3107 3829; x_wconf 87' lang='lat' dir='ltr'><strong>theoticos</strong></span> <span class='ocrx_word' id='word_1_606' title='bbox 3130 3786 3301 3827; x_wconf 90' lang='lat' dir='ltr'><strong>carne</strong></span> <span class='ocrx_word' id='word_1_607' title='bbox 3339 3778 3634 3839; x_wconf 84' lang='lat' dir='ltr'><strong>assumpta,</strong></span> <span class='ocrx_word' id='word_1_608' title='bbox 3656 3778 3744 3818; x_wconf 85' lang='lat' dir='ltr'><strong>non</strong></span> <span class='ocrx_word' id='word_1_609' title='bbox 3762 3758 3859 3813; x_wconf 74' lang='lat' dir='ltr'><strong>vidit</strong></span> 
     </span>
    </p>
   </div>
   <div class='ocr_carea' id='block_1_87' title="bbox 2320 3848 3861 3937">
    <p class='ocr_par' dir='ltr' id='par_1_87' title="bbox 2320 3848 3861 3937">
     <span class='ocr_line' id='line_1_87' title="bbox 2320 3848 3861 3937; baseline -0.014 -15"><span class='ocrx_word' id='word_1_610' title='bbox 2320 3869 2704 3937; x_wconf 69' lang='lat' dir='ltr'><strong>corruptione»:</strong></span> <span class='ocrx_word' id='word_1_611' title='bbox 2733 3865 2872 3936; x_wconf 76' lang='lat' dir='ltr'><strong>(Act.</strong></span> <span class='ocrx_word' id='word_1_612' title='bbox 2916 3881 2979 3929; x_wconf 89' lang='lat' dir='ltr'><strong>Il,</strong></span> <span class='ocrx_word' id='word_1_613' title='bbox 3015 3863 3143 3927; x_wconf 76' lang='lat'><strong>&#39;51);</strong></span> <span class='ocrx_word' id='word_1_614' title='bbox 3187 3863 3279 3932; x_wconf 82' lang='lat' dir='ltr'><strong>qui</strong></span> <span class='ocrx_word' id='word_1_615' title='bbox 3320 3860 3637 3928; x_wconf 80' lang='lat' dir='ltr'><strong>interﬁciens</strong></span> <span class='ocrx_word' id='word_1_616' title='bbox 3680 3848 3861 3907; x_wconf 76' lang='lat' dir='ltr'><strong>inimici-</strong></span> 
     </span>
    </p>
   </div>
   <div class='ocr_carea' id='block_1_88' title="bbox 2320 3941 3864 4027">
    <p class='ocr_par' dir='ltr' id='par_1_88' title="bbox 2320 3941 3864 4027">
     <span class='ocr_line' id='line_1_88' title="bbox 2320 3941 3864 4027; baseline -0.011 -13"><span class='ocrx_word' id='word_1_617' title='bbox 2320 3963 2421 4014; x_wconf 88' lang='lat' dir='ltr'><strong>tias</strong></span> <span class='ocrx_word' id='word_1_618' title='bbox 2448 3961 2503 4014; x_wconf 87' lang='lat' dir='ltr'><strong>in</strong></span> <span class='ocrx_word' id='word_1_619' title='bbox 2527 3974 2684 4012; x_wconf 87' lang='lat' dir='ltr'><strong>carne</strong></span> <span class='ocrx_word' id='word_1_620' title='bbox 2707 3974 2803 4012; x_wconf 85' lang='lat' dir='ltr'><strong>sua</strong></span> <span class='ocrx_word' id='word_1_621' title='bbox 2831 3955 3050 4027; x_wconf 78' lang='lat' dir='ltr'><strong>(Epltes.</strong></span> <span class='ocrx_word' id='word_1_622' title='bbox 3086 3971 3146 4017; x_wconf 86' lang='lat' dir='ltr'><strong>tt,</strong></span> <span class='ocrx_word' id='word_1_623' title='bbox 3178 3953 3245 4010; x_wconf 67' lang='grc'><strong>14</strong></span> <span class='ocrx_word' id='word_1_624' title='bbox 3299 3955 3402 4019; x_wconf 76' lang='grc' dir='ltr'><strong>16ς</strong></span> <span class='ocrx_word' id='word_1_625' title='bbox 3439 3952 3624 4022; x_wconf 81' lang='lat' dir='ltr'><strong>Epltes.</strong></span> <span class='ocrx_word' id='word_1_626' title='bbox 3652 3962 3724 4010; x_wconf 83' lang='grc' dir='ltr'>ιιι,</span> <span class='ocrx_word' id='word_1_627' title='bbox 3743 3941 3864 4013; x_wconf 75' lang='lat' dir='ltr'><strong>7).cl</strong></span> 
     </span>
    </p>
   </div>
   <div class='ocr_carea' id='block_1_89' title="bbox 2321 4030 3857 4118">
    <p class='ocr_par' dir='ltr' id='par_1_89' title="bbox 2321 4030 3857 4118">
     <span class='ocr_line' id='line_1_89' title="bbox 2321 4030 3857 4118; baseline -0.012 -15"><span class='ocrx_word' id='word_1_628' title='bbox 2321 4050 2504 4106; x_wconf 90' lang='lat' dir='ltr'><strong>delens</strong></span> <span class='ocrx_word' id='word_1_629' title='bbox 2533 4049 2728 4104; x_wconf 80' lang='lat' dir='ltr'><strong>veteris</strong></span> <span class='ocrx_word' id='word_1_630' title='bbox 2755 4047 2948 4118; x_wconf 90' lang='lat' dir='ltr'><strong>piaculi</strong></span> <span class='ocrx_word' id='word_1_631' title='bbox 2973 4046 3306 4111; x_wconf 83' lang='lat' dir='ltr'><strong>cautionem,</strong></span> <span class='ocrx_word' id='word_1_632' title='bbox 3337 4060 3558 4101; x_wconf 86' lang='lat' dir='ltr'><strong>carnem</strong></span> <span class='ocrx_word' id='word_1_633' title='bbox 3585 4048 3793 4097; x_wconf 86' lang='lat' dir='ltr'><strong>nostram</strong></span> <span class='ocrx_word' id='word_1_634' title='bbox 3814 4030 3857 4085; x_wconf 86' lang='lat' dir='ltr'><strong>in</strong></span> 
     </span>
    </p>
   </div>
   <div class='ocr_carea' id='block_1_90' title="bbox 2321 4133 3861 4208">
    <p class='ocr_par' dir='ltr' id='par_1_90' title="bbox 2321 4133 3861 4208">
     <span class='ocr_line' id='line_1_90' title="bbox 2321 4133 3861 4208; baseline -0.014 -13"><span class='ocrx_word' id='word_1_635' title='bbox 2321 4155 2399 4202; x_wconf 87' lang='lat' dir='ltr'><strong>se,</strong></span> <span class='ocrx_word' id='word_1_636' title='bbox 2425 4140 2710 4194; x_wconf 86' lang='lat' dir='ltr'><strong>secundum</strong></span> <span class='ocrx_word' id='word_1_637' title='bbox 2735 4138 2987 4208; x_wconf 73' lang='lat' dir='ltr'><strong>potentiae</strong></span> <span class='ocrx_word' id='word_1_638' title='bbox 3015 4137 3220 4192; x_wconf 84' lang='lat' dir='ltr'><strong>virtutis</strong></span> <span class='ocrx_word' id='word_1_639' title='bbox 3247 4153 3362 4192; x_wconf 77' lang='lat' dir='ltr'><strong>sure</strong></span> <span class='ocrx_word' id='word_1_640' title='bbox 3390 4133 3744 4203; x_wconf 80' lang='lat' dir='ltr'><strong>operationem,</strong></span> <span class='ocrx_word' id='word_1_641' title='bbox 3765 4136 3861 4176; x_wconf 78' lang='grc' dir='ltr'>ιοιιο</span> 
     </span>
    </p>
   </div>
   <div class='ocr_carea' id='block_1_91' title="bbox 2320 4226 3859 4305">
    <p class='ocr_par' dir='ltr' id='par_1_91' title="bbox 2320 4226 3859 4305">
     <span class='ocr_line' id='line_1_91' title="bbox 2320 4226 3859 4305; baseline -0.01 -21"><span class='ocrx_word' id='word_1_642' title='bbox 2320 4232 2486 4285; x_wconf 85' lang='lat' dir='ltr'><strong>stituit</strong></span> <span class='ocrx_word' id='word_1_643' title='bbox 2514 4230 2583 4284; x_wconf 78' lang='lat' dir='ltr'><strong>ari</strong></span> <span class='ocrx_word' id='word_1_644' title='bbox 2616 4229 2886 4284; x_wconf 75' lang='lat' dir='ltr'><strong>dexteram</strong></span> <span class='ocrx_word' id='word_1_645' title='bbox 2944 4227 3125 4283; x_wconf 85' lang='lat' dir='ltr'><strong>Patris</strong></span> <span class='ocrx_word' id='word_1_646' title='bbox 3150 4228 3204 4282; x_wconf 85' lang='lat' dir='ltr'><strong>in</strong></span> <span class='ocrx_word' id='word_1_647' title='bbox 3236 4226 3548 4288; x_wconf 67' lang='lat' dir='ltr'><strong>caelestibus,</strong></span> <span class='ocrx_word' id='word_1_648' title='bbox 3585 4233 3732 4287; x_wconf 81' lang='lat' dir='ltr'><strong>supra</strong></span> 
     </span>
    </p>
   </div>
   <div class='ocr_carea' id='block_1_92' title="bbox 2324 4304 3863 4391">
    <p class='ocr_par' dir='ltr' id='par_1_92' title="bbox 2324 4304 3863 4391">
     <span class='ocr_line' id='line_1_92' title="bbox 2324 4304 3863 4391; baseline -0.014 -16"><span class='ocrx_word' id='word_1_649' title='bbox 2324 4338 2443 4376; x_wconf 87' lang='lat' dir='ltr'><strong>nem</strong></span> <span class='ocrx_word' id='word_1_650' title='bbox 2464 4322 2845 4391; x_wconf 82' lang='lat' dir='ltr'><strong>principatum,</strong></span> <span class='ocrx_word' id='word_1_651' title='bbox 2869 4329 2917 4374; x_wconf 90' lang='lat' dir='ltr'><strong>et</strong></span> <span class='ocrx_word' id='word_1_652' title='bbox 2950 4327 3284 4388; x_wconf 85' lang='lat' dir='ltr'><strong>potestatem,</strong></span> <span class='ocrx_word' id='word_1_653' title='bbox 3307 4328 3357 4370; x_wconf 89' lang='lat' dir='ltr'><strong>et</strong></span> <span class='ocrx_word' id='word_1_654' title='bbox 3383 4317 3642 4377; x_wconf 78' lang='lat' dir='ltr'><strong>virtutem,</strong></span> <span class='ocrx_word' id='word_1_655' title='bbox 3659 4316 3703 4364; x_wconf 87' lang='lat' dir='ltr'><strong>et</strong></span> <span class='ocrx_word' id='word_1_656' title='bbox 3724 4304 3863 4358; x_wconf 80' lang='lat' dir='ltr'><strong>donu-</strong></span> 
     </span>
    </p>
   </div>
   <div class='ocr_carea' id='block_1_93' title="bbox 2323 4413 3169 4489">
    <p class='ocr_par' dir='ltr' id='par_1_93' title="bbox 2323 4413 3169 4489">
     <span class='ocr_line' id='line_1_93' title="bbox 2323 4413 3169 4489; baseline -0.011 -13"><span class='ocrx_word' id='word_1_657' title='bbox 2323 4421 2587 4476; x_wconf 84' lang='lat' dir='ltr'><strong>nationem</strong></span> <span class='ocrx_word' id='word_1_658' title='bbox 2620 4416 2839 4489; x_wconf 82' lang='lat' dir='ltr'><strong>(Epltes.</strong></span> <span class='ocrx_word' id='word_1_659' title='bbox 2870 4432 2908 4481; x_wconf 87' lang='grc' dir='ltr'>ι,</span> <span class='ocrx_word' id='word_1_660' title='bbox 2929 4414 3025 4479; x_wconf 69' lang='lat'><strong>20,</strong></span> <span class='ocrx_word' id='word_1_661' title='bbox 3051 4413 3169 4485; x_wconf 72' lang='lat'><strong>2|).</strong></span> 
     </span>
    </p>
   </div>
   <div class='ocr_carea' id='block_1_94' title="bbox 2332 4555 3860 4646">
    <p class='ocr_par' dir='ltr' id='par_1_94' title="bbox 2332 4555 3860 4646">
     <span class='ocr_line' id='line_1_94' title="bbox 2332 4555 3860 4646; baseline -0.013 -10"><span class='ocrx_word' id='word_1_662' title='bbox 2332 4568 2642 4636; x_wconf 81' lang='lat' dir='ltr'><strong>Bonifacius</strong></span> <span class='ocrx_word' id='word_1_663' title='bbox 2703 4583 2950 4646; x_wconf 86' lang='lat' dir='ltr'><strong>quartus,</strong></span> <span class='ocrx_word' id='word_1_664' title='bbox 2998 4571 3451 4646; x_wconf 28' lang='lat' dir='ltr'><strong>qni__Pa_ntAbeo_n,</strong></span> <span class='ocrx_word' id='word_1_665' title='bbox 3482 4584 3512 4646; x_wconf 84' lang='lat' dir='ltr'><strong>a_</strong></span> <span class='ocrx_word' id='word_1_666' title='bbox 3562 4564 3723 4646; x_wconf 56' lang='lat' dir='ltr'><strong>Pbgga</strong></span> 
     </span>
    </p>
   </div>
   <div class='ocr_carea' id='block_1_95' title="bbox 2333 4630 3864 4728">
    <p class='ocr_par' dir='ltr' id='par_1_95' title="bbox 2333 4630 3864 4728">
     <span class='ocr_line' id='line_1_95' title="bbox 2333 4630 3864 4728; baseline 0 -23"><span class='ocrx_word' id='word_1_667' title='bbox 2333 4630 2698 4721; x_wconf 66' lang='lat' dir='ltr'><strong>impetratum,</strong></span> <span class='ocrx_word' id='word_1_668' title='bbox 2722 4630 2777 4702; x_wconf 76' lang='lat' dir='ltr'><strong>in</strong></span> <span class='ocrx_word' id='word_1_669' title='bbox 2802 4630 3063 4728; x_wconf 72' lang='lat' dir='ltr'><strong>honorent</strong></span> <span class='ocrx_word' id='word_1_670' title='bbox 3086 4639 3615 4728; x_wconf 49' lang='lat' dir='ltr'><strong>Virginis:l</strong></span> 
     </span>
    </p>
   </div>
   <div class='ocr_carea' id='block_1_96' title="bbox 2334 4692 3866 4790">
    <p class='ocr_par' dir='ltr' id='par_1_96' title="bbox 2334 4692 3866 4790">
     <span class='ocr_line' id='line_1_96' title="bbox 2334 4692 3866 4790; baseline 0 -18"><span class='ocrx_word' id='word_1_671' title='bbox 2334 4692 2515 4790; x_wconf 59' lang='grc' dir='ltr'><strong>ἰξὲῗῖᾱὶ</strong></span> <span class='ocrx_word' id='word_1_672' title='bbox 2529 4692 3115 4783; x_wconf 62' lang='grc' dir='ltr'><strong>ὶὶὶ”τὶἔὲέὲάἶτῖίζ”ἐίὶὶὶο’</strong></span> <span class='ocrx_word' id='word_1_673' title='bbox 3138 4692 3497 4769; x_wconf 58' lang='lat' dir='ltr'><strong>eratiram.</strong></span> <span class='ocrx_word' id='word_1_674' title='bbox 3531 4707 3607 4763; x_wconf 85' lang='lat' dir='ltr'><strong>Ita</strong></span> <span class='ocrx_word' id='word_1_675' title='bbox 3651 4692 3866 4756; x_wconf 64' lang='lat' dir='ltr'><strong>Batavi”</strong></span> 
     </span>
    </p>
   </div>
   <div class='ocr_carea' id='block_1_97' title="bbox 2330 4790 2729 4847">
    <p class='ocr_par' dir='ltr' id='par_1_97' title="bbox 2330 4790 2729 4847">
     <span class='ocr_line' id='line_1_97' title="bbox 2330 4790 2729 4847; baseline -0.008 0"><span class='ocrx_word' id='word_1_676' title='bbox 2330 4807 2397 4847; x_wconf 79' lang='lat' dir='ltr'><strong>ex</strong></span> <span class='ocrx_word' id='word_1_677' title='bbox 2424 4790 2729 4846; x_wconf 82' lang='lat' dir='ltr'><strong>Anastasio.</strong></span> 
     </span>
    </p>
   </div>
   <div class='ocr_carea' id='block_1_98' title="bbox 1740 5044 2812 5125">
    <p class='ocr_par' dir='ltr' id='par_1_98' title="bbox 1740 5044 2812 5125">
     <span class='ocr_line' id='line_1_98' title="bbox 1740 5044 2812 5125; baseline -0.006 -11"><span class='ocrx_word' id='word_1_678' title='bbox 1740 5056 1923 5114; x_wconf 81' lang='lat' dir='ltr'><strong>LAUS</strong></span> <span class='ocrx_word' id='word_1_679' title='bbox 1974 5055 2108 5112; x_wconf 81' lang='lat' dir='ltr'><strong>DEO</strong></span> <span class='ocrx_word' id='word_1_680' title='bbox 2152 5056 2554 5125; x_wconf 76' lang='lat' dir='ltr'><strong>VlliGiNlQUE</strong></span> <span class='ocrx_word' id='word_1_681' title='bbox 2595 5044 2812 5111; x_wconf 60' lang='lat' dir='ltr'><strong>MATR!</strong></span> 
     </span>
    </p>
   </div>
   <div class='ocr_carea' id='block_1_99' title="bbox 3999 3137 4002 4137">
    <p class='ocr_par' dir='ltr' id='par_1_99' title="bbox 3999 3137 4001 3263">
     <span class='ocr_line' id='line_1_99' title="bbox 3999 3137 4001 3263; baseline 0 0"><span class='ocrx_word' id='word_1_682' title='bbox 3999 3137 4001 3263; x_wconf 53' lang='grc' dir='ltr'><em>Ν</em></span> 
     </span>
    </p>
   </div>
  </div>
