4106 6356
278 533 3283 577 mw

1715 402 1994 462 SERMON
2004 404 2103 461 ES.

3443 400 3549 456 ωδ

970 680 1960 797 THIOPBIDI
2092 683 2905 800 ABBATIS

1318 911 1883 1032 SERMON
1892 914 2059 1030 ES
2172 918 2502 1035 DUO.

260 1138 518 1211 (Evstant
556 1136 609 1192 in
642 1136 970 1195 Bibliotheca
999 1134 1222 1195 Patrum
1255 1139 1524 1212 Lugdun.,
1559 1148 1689 1195 tom.
1723 1138 1997 1212 Xll,gpag.
2030 1141 2157 1204 417,
2185 1141 2331 1197 inter
2357 1152 2714 1199 monumenta
2759 1146 2940 1199 saeculi
2972 1161 3086 1198 vni.
3125 1146 3255 1199 Vide
3282 1144 3543 1201 Notitiam

1376 1212 1696 1266 litterariam
1726 1211 1783 1266 in
1808 1210 2173 1279 Thiol'ridum,
2210 1214 2423 1284 supra.)

773 1503 1004 1561 SEllMO
1040 1505 1318 1564 PRIMUS.

682 1612 747 1651 DE
783 1612 1098 1656 SANCTORUI
1137 1615 1420 1664 BELIQUIIS.

332 1685 640 1743 Laudemus
673 1688 978 1755 Dominum,
1013 1692 1315 1749 mirabilem
1361 1693 1414 1748 in
1446 1693 1653 1750 sanctis
1698 1693 1846 1761 suis,

257 1781 357 1834 sed
407 1781 796 1837 mirabiliorem
829 1782 882 1837 in
913 1786 1228 1839 eorumdem
1265 1784 1535 1855 reliquiis,
1564 1784 1690 1855 quia
1722 1784 1849 1839 licet

257 1872 333 1925 sit
381 1888 608 1943 iuaguus
659 1874 711 1927 in
759 1875 991 1945 magnis,
1041 1876 1307 1946 gloriosus
1354 1888 1533 1934 tamen
1581 1876 1849 1933 mirabilia

256 1975 521 2035 operatur
558 1965 610 2018 in
649 1966 907 2021 minimis.
941 1964 1059 2022 Non
1084 1969 1220 2023 satis
1246 1978 1330 2023 est
1356 1969 1428 2024 illi
1459 1969 1602 2040 quod
1631 1978 1853 2026 sancto-

255 2070 383 2110 rum
417 2056 629 2112 animas
652 2058 705 2111 in
731 2067 950 2114 {Neruae
987 2057 1264 2115 felicitatis
1298 2061 1571 2133 gloriﬁcat
1605 2063 1845 2135 regione,

255 2146 362 2199 nisi
393 2155 451 2200 et
477 2160 663 2200 eorum
702 2147 1257 2219 reliquiasgloriﬁcet
1304 2153 1357 2207 in
1396 2154 1499 2209 bac
1533 2155 1851 2227 peregrina-

256 2239 433 2291 tione.
474 2235 659 2305 Neque
689 2238 887 2295 subicit
907 2241 1053 2310 quod
1083 2242 1512 2301 immortalitatis
1545 2245 1653 2301 illis
1681 2246 1850 2300 donat

254 2326 524 2393 delicias,
581 2328 682 2383 nisi
740 2339 795 2384 et
848 2331 1014 2384 totius
1060 2332 1245 2387 umndi
1301 2333 1551 2390 conferat
1610 2335 1847 2390 divitias.

256 2418 471 2486 Oppida
504 2420 650 2473 enim
677 2430 730 2473 ct
752 2419 998 2486 castella,
1020 2421 1171 2477 vicos
1197 2433 1249 2478 et
1286 2424 1451 2480 urbes
1477 2464 1493 2488 ,
1517 2440 1640 2494 qua:
1666 2426 1846 2480 omnia

254 2509 367 2577 jatn
418 2511 598 2581 ttiagui
651 2520 877 2567 tenuere
923 2514 1227 2584 principes.
1258 2517 1486 2585 exiguus
1530 2527 1847 2573 sanctorum

254 2600 438 2669 pulvis
467 2601 735 2670 possidet,
768 2602 1009 2673 locuples
1053 2619 1237 2660 rerum
1269 2606 1422 2676 copia
1477 2606 1690 2662 illorum
1725 2607 1850 2662 reli-

255 2688 407 2756 quiis
456 2688 720 2757 subjacet.
754 2692 963 2761 Anima:
1004 2694 1056 2748 in
1098 2695 1305 2750 caelesti
1350 2695 1585 2764 jubiiant
1625 2697 1847 2769 palatio,

255 2782 504 2851 reliquiae
528 2798 717 2839 eorum
754 2785 1068 2840 exalhmtur
1112 2786 1166 2842 in
1215 2786 1435 2845 subdito
1471 2789 1574 2846 sibi
1625 2789 1843 2845 saectdo.

1869 1507 2224 1572 Alocantur,
2274 1508 2327 1564 id
2356 1517 2440 1564 est
2478 1522 2587 1563 non
2619 1507 2672 1562 in
2704 1507 2886 1580 aliquo
2936 1510 3208 1567 indecenti
3238 1507 3323 1565 vel
3354 1514 3549 1583 ignoto

1952 1595 2072 1654 loco
2095 1598 2213 1654 sine
2240 1599 2447 1655 honore
2487 1598 2763 1654 locantur.
2793 1586 3067 1657 Occultari
3098 1618 3367 1672 nusquam
3407 1619 3537 1673 per-

1932 1687 2265 1753 .mittuutnr,
2306 1688 2402 1744 sed
2445 1703 2612 1759 supra
2639 1687 3054 1757 candelabrum,
3082 1693 3224 1761 quod
3263 1702 3348 1747 est
3374 1691 3541 1748 Chri-

1950 1786 2069 1835 stus
2122 1789 2178 1834 et
2227 1780 2490 1845 Ecclesia,
2546 1781 2829 1852 propatulo
2880 1792 3173 1852 ponuntur,
3206 1793 3267 1840 ut
3312 1784 3434 1841 ﬁdei
3485 1794 3543 1843 et

1951 1869 2150 1937 divinae
2181 1868 2693 1940 agnitionislumen
2724 1870 2983 1938 videant,
3018 1872 3109 1942 qui
3139 1873 3537 1943 ingrediuntur.

1952 1959 2022 2015 Ut
2067 1961 2272 2025 lumen,
2303 1962 2555 2030 inquam,
2592 1961 2828 2028 videant,
2877 1963 3004 2016 dum
3057 1972 3365 2019 sanctorum
3408 1966 3542 2021 reli-

1950 2053 2107 2122 quias
2140 2052 2414 2108 miraculis
2439 2067 2735 2108 coruscare
2765 2053 3142 2121 considerant,
3172 2069 3337 2124 quam
3369 2054 3536 2109 mira-

1949 2144 2075 2200 bilis
2097 2155 2153 2199 et
2176 2154 2393 2215 quantae
2416 2145 2491 2200 sit
2518 2145 2735 2216 pietatis
2767 2145 2909 2201 Deus
2953 2146 3279 2217 intelligant.
3325 2147 3384 2204 Si
3408 2163 3547 2204 vero

1948 2245 2287 2292 sanctorum.
2318 2237 2563 2308 reliquiae
2612 2237 3042 2307 occultarentur,
3080 2252 3135 2295 et
3162 2241 3422 2296 virtutum
3460 2243 3540 2298 si-

1948 2329 2072 2399 gnis
2100 2343 2205 2384 non
2232 2328 2802 2400 illustrarentur.quid
2833 2331 3026 2387 durum
3058 2343 3115 2387 et
3134 2332 3405 2402 lapideum
3434 2349 3537 2390 cor

1952 2420 2222 2486 hominis,
2262 2421 2330 2474 ad
2377 2421 2735 2477 desideranda
2778 2422 3024 2478 ctelestia
3068 2426 3379 2493 excitareti,
3405 2428 3545 2498 quid’

1949 2525 1981 2565 a
2010 2510 2155 2566 vitiis
2182 2512 2250 2565 ad
2279 2511 2510 2567 virtutes
2548 2513 2871 2567 renovaret?
2910 2514 3039 2580 Quae
3070 2514 3234 2570 homo
3285 2528 3538 2587 speraret

1946 2602 2204 2672 praemia,
2251 2604 2297 2656 si
2343 2618 2469 2665 eos.
2512 2619 2652 2672 quos
2700 2603 2754 2659 in
2789 2608 2898 2660 vita
2930 2606 3378 2676 suajustissimos
3413 2624 3540 2665 esse

1948 2694 2118 2757 novit,
2150 2709 2257 2748 non
2288 2694 2497 2749 videret
2531 2708 2652 2750 esse
2691 2694 2744 2750 in
2786 2696 3080 2761 memoria;
3118 2706 3175 2752 et
3206 2697 3298 2767 qui
3339 2698 3427 2753 vix
3465 2699 3543 2752 ad

1945 2785 2148 2841 cultum
2188 2794 2244 2841 et
2267 2801 2508 2842 amorem
2552 2787 2651 2843 Dei
2688 2803 2832 2842 nunc
2862 2787 3106 2858 proﬁcit,
3148 2789 3235 2843 vix
3266 2797 3541 2858 torporem

255 2872 377 2929 Non
407 2885 662 2945 poterunt
687 2892 924 2952 unquam
948 2886 1061 2933 tam
1085 2877 1423 2948 profundein
1446 2890 1607 2937 terra:
1627 2883 1844 2938 recondi
1877 2870 1925 2929 Β
1948 2893 1979 2930 a
2007 2892 2067 2932 se
2114 2877 2451 2934 inﬁdelitatis
2495 2892 2643 2934 nunc
2687 2880 2925 2945 excutit,
2953 2879 3080 2935 dum
3118 2879 3412 2935 electorum
3436 2884 3537 2937 Dei

257 2969 595 3034 visceribus,
649 2972 778 3040 quin
832 2987 995 3042 super
1049 2982 1251 3028 terram
1307 2989 1405 3045 per
1458 2975 1841 3031 miraculorum

255 3059 488 3116 effectus
510 3061 804 3134 ell'ulgeant
847 3065 964 3133 ipso
1001 3064 1112 3119 sole
1157 3064 1407 3122 lucidius.
1461 3067 1570 3124 Has
1615 3068 1845 3139 singulis

256 3154 663 3222 provinciarum
682 3165 740 3210 et
764 3157 1045 3212 civitatum
1068 3158 1278 3227 populis
1299 3160 1449 3214 dedit
1473 3160 1526 3214 in
1564 3161 1843 3227 solatium,

256 3261 315 3301 ut
368 3249 500 3302 dum
549 3248 876 3318 importunis
923 3262 1184 3320 urgentur
1239 3253 1550 3309 incursibus
1605 3255 1842 3310 hostium

254 3340 555 3395 visibilium
603 3350 660 3396 et
708 3341 1082 3404 invisibilium,
1129 3357 1226 3412 per
1268 3344 1459 3398 barum
1496 3345 1847 3401 defensentur

255 3431 539 3486 etcritum.
579 3430 698 3487 Rex
742 3434 887 3488 enim
921 3433 1147 3504 quilibet
1188 3434 1339 3490 urbis
1383 3433 1611 3506 alicujus
1655 3435 1843 3492 defen-

252 3539 421 3578 surus
452 3526 672 3590 tumnia,
722 3535 924 3594 quanto
972 3527 1259 3581 audaciora
1299 3534 1359 3581 et.
1402 3526 1558 3596 plura
1608 3526 1844 3581 hostium

251 3616 523 3684 comperit
552 3632 673 3672 esse
694 3617 928 3688 agmina,
962 3626 1112 3673 tanto
1143 3619 1367 3674 fortiora
1391 3627 1449 3673 et
1470 3619 1840 3674 numerosiora

254 3707 307 3761 in
365 3710 761 3765 uumitionilms
807 3711 1043 3766 militum
1090 3713 1313 3782 opponit
1359 3721 1598 3780 pectora.
1649 3709 1743 3766 Sic
1789 3721 1845 3766 et

253 3799 402 3857 Deus
429 3803 601 3858 nostri
632 3804 821 3859 videns
844 3805 1077 3860 hosﬁum
1118 3804 1517 3860 multitmlinem
1547 3820 1641 3872 per
1669 3814 1840 3859 totum

251 3892 491 3948 volitare
514 3909 697 3949 aerem
713 3935 731 3959 ,
759 3904 819 3951 et
839 3911 1072 3966 pugnam
1098 3896 1361 3951 adversus
1402 3895 1707 3966 adoptionis
1732 3912 1843 3953 suae

252 3989 397 4044 ﬁlius
422 3999 637 4043 struere
662 3988 1013 4059 inultiplicem
1031 4030 1047 4055 ,
1080 3991 1331 4044 humana:
1359 3989 1594 4045 miseria:
1625 3990 1841 4045 miseri-

250 4082 502 4136 corditer
553 4082 826 4147 consulit;
872 4090 929 4137 et
979 4081 1350 4152 multiplicatis
1398 4095 1563 4150 super
1618 4096 1838 4136 arenam

249 4172 605 4241 patrociniis,
645 4174 918 4230 civitatem
946 4188 1134 4238 suam,
1175 4173 1229 4228 id
1266 4182 1350 4229 est
1391 4172 1714 4239 Ecclesium,
1746 4187 1839 4227 cu-

1947 2968 2204 3040 reliquias
2227 2969 2609 3027 miraculorum
2633 2970 2806 3040 gratia
2833 2970 3089 3027 illustrari
3109 2970 3534 3040 aspicit?Sacra:

1946 3062 2191 3130 profecto
2242 3061 2369 3117 ﬁdei
2414 3063 2752 3119 constructio
2791 3079 2888 3133 per
2930 3063 3190 3118 miracula
3236 3063 3428 3128 crevit,
3479 3075 3538 3118 et

1947 3157 2150 3212 eisdem
2199 3155 2576 3213 deﬁcientibus
2610 3157 2662 3212 in
2699 3156 3023 3227 quibusdam
3066 3156 3316 3227 gentibus
3343 3156 3535 3211 dcere»

1944 3246 2044 3303 vit.
2090 3246 2203 3303 Nisi
2249 3247 2395 3302 enim
2428 3247 2600 3303 sancti
2640 3246 3025 3317 prtedicatorcs
3072 3243 3349 3303 miraculis
3376 3261 3543 3299 corn-9

1945 3347 2199 3402 soerent,
2247 3338 2450 3394 frustra
2482 3338 2704 3393 verbum
2742 3337 2866 3393 vitae
2895 3336 3270 3407 pmdicarent.
3304 3336 3372 3391 Et
3404 3336 3536 3391 licet

1945 3435 2096 3505 signa
2128 3451 2232 3490 non
2259 3434 2366 3491 sint
2394 3435 2661 3504 ﬁdelibus,
2702 3435 2793 3490 sed
2827 3434 3123 3504 inﬁdelibus
3153 3434 3205 3507 (1
3236 3433 3361 3490 Cor.
3393 3435 3531 3507 xw).

1945 3525 2081 3581 ﬁdes
2118 3534 2300 3581 tamen
2334 3526 2570 3583 ﬁdelium
2598 3543 2706 3597 per
2725 3527 2880 3597 signa
2921 3526 3204 3591 solidatur,
3231 3543 3352 3598 quae
3378 3536 3471 3583 aut
3502 3546 3543 3583 τι

1944 3618 2149 3675 sanctis
2172 3619 2463 3677 audierunt
2489 3621 2626 3677 facta
2655 3620 2907 3677 Patribus
2936 3629 3032 3675 aut
3061 3636 3157 3692 per
3182 3636 3369 3676 eorum
3398 3621 3527 3675 reli—

1944 3716 2102 3784 quias
2144 3716 2201 3771 in
2237 3714 2585 3773 suis.vident
2637 3712 2753 3769 ﬁeri
2810 3712 3112 3769 obtutibus.
3163 3712 3298 3770 Vere
3345 3713 3533 3768 mundi

1945 3803 2180 3861 lucernae
2208 3784 2521 3861 sanctorum
2571 3802 2811 3872 reliquiae
2838 3802 3104 3860 claritatis
3141 3820 3253 3861 suae
3278 3805 3531 3876 splendo-

1946 3913 2059 3952 rem
2109 3897 2324 3969 longius
2366 3904 2646 3968 spargunt,
2685 3909 2916 3964 easque,
2957 3904 3016 3950 ut
3062 3897 3275 3966 praefati
3306 3912 3529 3964 sumus,

1944 3989 2157 4045 illorqu
2188 3990 2406 4054 merita,
2436 4003 2666 4057 quorum
2696 3994 2854 4050 sunt,
2882 4001 3148 4056 nusquam
3187 3986 3526 4057 negligenter

1942 4082 2109 4137 latere
2151 4083 2359 4138 sinunt.
2405 4080 2450 4137 Ο
2483 4081 2617 4137 mira
2659 4079 2856 4137 divina:
2894 4080 3114 4152 pietatis
3149 4078 3456 4133 miseratio!
3488 4093 3525 4131 ο

1942 4174 2233 4231 ineffabilis
2260 4178 2405 4231 circa
2434 4185 2748 4230 sanctorum
2785 4173 3041 4245 reliquias
3074 4170 3343 4243 dignatio!
3380 4170 3532 4225 Deus

248 4262 419 4319 studit
447 4271 505 4318 et
528 4265 784 4336 protegit.
822 4265 1129 4336 Unicuique
1156 4264 1422 4331 locorum,
1454 4264 1599 4320 sicut
1623 4273 1679 4318 et
1708 4264 1834 4320 huic
1862 4235 1909 4299 ε
1940 4278 2167 4324 sanctus
2200 4277 2512 4323 sanctorum
2548 4274 2662 4330 est,
2703 4274 2761 4320 et
2804 4235 3120 4319 sanctorum
3170 4262 3535 4332 congregatio.

249 4361 464 4419 nostro,
496 4354 711 4409 abunde
734 4370 958 4427 magnas
983 4364 1297 4411 sanctorum
1336 4353 1593 4423 reliquias
1612 4370 1831 4409 accom-

247 4447 466 4511 modat;
495 4454 765 4516 quatenus
795 4449 922 4503 dum
960 4448 1029 4504 ab
1064 4446 1337 4517 indigenis
1378 4444 1540 4515 digne
1581 4459 1648 4500 ac
1670 4446 1834 4502 fami-

244 4535 439 4593 liarius
472 4540 828 4603 honorantur,
857 4539 1021 4595 iidem
1052 4540 1317 4610 indigena:
1353 4551 1542 4591 earum
1574 4547 1841 4609 perpetua

244 4629 569 4687 defensione
642 4633 944 4688 lirmentur.
1002 4632 1320 4704 Ubicunque
1369 4647 1502 4689 vero
1561 4643 1833 4689 terrarum

239 4722 451 4795 aliquid
500 4733 586 4780 est
631 4739 857 4793 earum,
906 4734 1136 4781 mortem
1188 4727 1391 4782 habent
1443 4727 1824 4789 lucernarum,

238 4815 482 4873 lucernae
532 4816 839 4888 ubicunque
891 4818 1131 4874 locorum
1189 4820 1330 4886 sint,
1392 4820 1648 4875 abscondi
1722 4834 1829 4873 non

239 4918 496 4979 possunt,
523 4909 617 4964 sed
648 4909 867 4965 luminis
906 4911 988 4966 sui
1030 4911 1374 4982 splendorem
1414 4910 1572 4983 longe
1617 4910 1833 4981 lateque

236 5011 525 5076 spargunt.
574 5003 744 5058 Nemo
785 5019 1019 5074 namque
1060 5005 1297 5061 accendit
1358 5004 1660 5071 lucernam,
1699 5005 1831 5059 etin

236 5078 552 5151 abscondito
580 5097 744 5167 ponit,
775 5114 940 5169 neque
962 5104 1057 5153 sub
1085 5098 1261 5153 modio
1289 5115 1310 5153 :
1335 5099 1426 5153 sed
1452 5115 1613 5169 supra
1635 5100 1830 5154 cunde»

235 5185 474 5249 labrum,
501 5198 556 5241 ut
574 5204 695 5241 cum
715 5189 1084 5259 ingrediuntur
1125 5188 1300 5243 lumen
1320 5189 1525 5243 videant
1547 5186 1698 5250 (Luc.
1726 5193 1823 5258 xi).

236 5278 502 5334 Accensa:
530 5278 765 5336 lucerna:
814 5291 1123 5336 sanctorum
1154 5292 1283 5337 sunt
1321 5281 1591 5351 reliquiae;
1624 5281 1749 5335 licet
1772 5290 1827 5337 ct

236 5370 724 5444 lucernam-ipsum
758 5373 1017 5431 Sanctum
1043 5385 1354 5429 sanctorum
1392 5390 1497 5428 non
1536 5390 1566 5427 a
1599 5374 1827 5429 creden-

239 5465 389 5520 tibus
417 5466 786 5530 absconsum,
832 5480 932 5521 nec
981 5465 1083 5520 sub
1111 5466 1309 5530 modio,
1352 5466 1403 5521 id
1432 5476 1518 5521 est
1563 5465 1664 5521 sub
1694 5466 1827 5538 legis

239 5569 498 5612 mensura
544 5556 840 5623 inclusum,
874 5558 1013 5611 intra
1055 5556 1213 5610 unius
1257 5555 1455 5611 ludam
1501 5557 1679 5625 gentis
1718 5566 1825 5613 ter-
1856 5594 1902 5649 Β

235 5650 418 5706 minos
446 5650 775 5715 cohibitum,
822 5651 993 5706 sancti
1038 5650 1290 5706 doctores
1340 5649 1573 5705 doceant
1620 5648 1821 5705 intelli-

236 5755 385 5807 gere.
438 5740 531 5796 liae
550 5782 567 5806 ,
608 5741 828 5813 inquam
851 5783 867 5807 ,
898 5742 1133 5798 lucerna:
1172 5741 1241 5796 ab
1272 5740 1358 5796 illa
1387 5740 1578 5797 salutis
1604 5750 1821 5797 κιαι-ηαξ

244 5841 455 5887 licerna
483 5845 723 5887 accensae
745 5846 854 5888 non
879 5832 933 5888 in
962 5832 1301 5898 abscondito,
1326 5845 1499 5900 neque
1524 5830 1623 5889 sub
1641 5831 1819 5888 modio

1941 4362 2034 4417 Dei
2082 4358 2346 4415 habitatio
2370 4366 2475 4411 est.
2507 4356 2625 4413 Non
2656 4357 2807 4425 parvi
2847 4356 2943 4411 sed
2976 4353 3195 4409 maximi
3229 4354 3369 4423 apud
3394 4368 3523 4406 eum

1937 4450 2097 4520 pretii
2137 4456 2265 4505 sunt
2322 4446 2565 4516 reliquiae
2617 4446 2869 4510 illorum,
2921 4458 3060 4516 quas
3103 4443 3309 4500 exaltat
3359 4458 3525 4510 super

1936 4556 2151 4596 omnem
2182 4539 2364 4594 mundi
2387 4548 2663 4594 ornatum.
2695 4537 2941 4610 Namque
2969 4552 3154 4593 earum
3187 4534 3523 4590 excellentia:

1935 4631 2114 4687 onmis
2159 4630 2297 4701 lapis
2325 4631 2598 4701 pretiosus
2646 4645 2754 4685 non
2799 4638 3166 4699 comparatur,
3216 4628 3310 4683 sed
3359 4627 3522 4697 quid-

1933 4723 2063 4792 quid
2090 4722 2142 4776 in
2181 4720 2342 4776 rebus
2367 4720 2709 4777 volventibus
2754 4721 3050 4791 pretiosum
3081 4728 3196 4784 est,
3233 4718 3284 4773 in
3328 4732 3524 4772 earum

1935 4815 2347 4885 comparatione
2370 4813 2692 4869 vilissinuun
2727 4811 3027 4882 judicatur.
3064 4809 3355 4863 Terrarum
3390 4816 3523 4862 sunt

1933 4907 2271 4958 munimenta
2301 4914 2357 4959 et
2386 4914 2604 4959 aeternae
2642 4902 3045 4965 retributionis,
3077 4901 3380 4972 divinaeque
3408 4916 3525 4955 ma-

1932 4995 2233 5065 gnitudinis
2260 4993 2608 5049 documenta.
2662 4993 2795 5048 Nam
2823 4992 3165 5050 evidentibus
3191 5001 3340 5063 patet
3368 4991 3521 5062 judi-

1931 5086 2052 5148 ciis.
2078 5096 2278 5155 quanta
2308 5085 2381 5141 sit
2416 5085 2511 5141 Dei
2548 5086 2984 5156 magniﬁcentia,
3024 5101 3149 5141 cutn
3199 5093 3515 5140 sanctorum

1934 5178 2175 5249 reliquie:
2205 5188 2356 5231 tanta
2382 5177 2620 5248 polleant
2640 5179 2830 5248 gloria.
2862 5177 2919 5233 Si
2944 5179 3087 5235 enim
3118 5178 3352 5233 humana
3380 5176 3517 5232 divi-

1930 5273 2036 5335 nis,
2084 5271 2130 5325 si
2182 5287 2347 5341 parva
2399 5271 2524 5327 licet
2568 5288 2887 5342 comparare
2932 5272 3163 5342 magnis.
3204 5272 3523 5339 quicunque

1928 5363 2157 5435 alicujus
2202 5362 2520 5433 temporalis
2573 5363 2787 5418 Domini
2836 5378 3024 5419 servos
3070 5365 3277 5427 cernit,
3328 5363 3381 5416 in
3432 5362 3514 5415 eis

1926 5468 2146 5530 quantae
2185 5456 2467 5530 dignitatis
2489 5457 2584 5525 sit,
2613 5456 2754 5513 idem
2785 5456 3046 5511 Dominus
3080 5454 3387 5526 perpendit.
3448 5452 3511 5507 Si

1926 5558 2176 5620 potentes
2200 5558 2256 5606 et
2282 5549 2480 5605 divites
2498 5558 2627 5604 sunt
2652 5549 2816 5615 servi,
2835 5548 3000 5603 ditior
3020 5557 3076 5602 et
3097 5547 3266 5602 multo
3287 5545 3513 5615 amplio-

1928 5646 2002 5699 ris
2026 5644 2280 5713 potentia:
2309 5657 2430 5699 esse
2469 5643 2730 5707 creditur,
2777 5640 2931 5709 cujus
2966 5640 3248 5711 subjaceut
3294 5632 3515 5693 o‘itioni.

1929 5738 2022 5794 Sic
2072 5739 2423 5810 perpenditur
2474 5748 2679 5810 quanta
2725 5738 2796 5792 sit
2845 5736 3027 5793 divina
3091 5736 3407 5807 magnitudo
3455 5745 3515 5791 et

1929 5828 2213 5899 maiestas,
2274 5848 2394 5891 cum
2442 5841 2496 5888 ct
2544 5830 2658 5901 ejus
2714 5830 2961 5900 gratuito.
2998 5829 3140 5886 dono
3188 5839 3511 5887 sanctorum
