4106 6356
561 345 661 400 407

1520 351 1862 408 TlllOFRlDl
1900 353 2190 409 ABBATIS
2231 349 2801 407 EFT’ERNACENSIS

3723 357 3836 415 ωε

567 461 814 532 reliquiis
864 472 1010 516 tanta
1061 478 1318 516 concessa
1371 465 1615 518 cernitur
1662 481 1784 520 esse
1825 467 2045 522 claritas
2089 475 2142 520 et
2173 473 2220 527 Α
2249 466 2452 520 cultum
2478 466 2606 520 olim
2647 465 2698 518 in
2729 464 2981 520 Patrihus
3005 465 3308 533 decoravit,
3339 483 3484 522 mmo
3513 483 3841 528 senescente

565 568 828 629 potestas.
857 558 934 610 Ad
967 557 1114 610 arida
1143 557 1285 610 enim
1318 573 1504 612 eorum
1529 571 1751 625 ossa,ut
1778 561 1955 617 Patris
1991 562 2144 617 lucu-

566 650 852 706 lentissimi
891 649 1049 702 dictis
1080 659 1298 703 utamur
1336 651 1608 721 Gregorii,
1659 653 1787 723 :egri
1834 656 2056 708 veniunt
2092 666 2148 711 ct

563 751 850 806 sanantur;
879 741 1083 811 perjuri
1126 744 1369 806 veniunt,
1405 755 1458 796 et
1497 761 1526 798 a
1553 745 1820 800 daemonio
1851 757 2141 813 vexantur;

513 832 873 896 ,δίκαιολίᾉοὶ
897 833 1138 896 veniunt,
1165 843 1220 888 et
1248 833 1565 900 liberantur,
1598 837 1796 906 leprosi
1823 839 2066 904 veniunt,
2093 849 2146 894 et

562 923 921 988 nnmdantur;
953 923 1271 978 deferuntur
1299 928 1518 993 mortui,
1552 937 1607 982 et
1631 929 1984 983 suscitantur.
2011 929 2144 984 Nam

561 1026 620 1070 ut
651 1033 716 1070 ex
749 1032 854 1070 uno
892 1015 1020 1085 quid
1061 1017 1314 1072 omnibus
1366 1021 1435 1073 sit
1489 1021 1878 1077 advertendum
1921 1039 2146 1092 perpen-

559 1107 776 1169 damus,
808 1121 905 1174 per
947 1106 1123 1160 Eliszei
1155 1110 1431 1176 propheta:
1467 1126 1586 1166 ossa
1631 1115 1826 1166 revixit
1877 1125 2142 1177 mortuus,

561 1199 884 1256 benedictus
941 1203 1085 1257 Deus
1135 1203 1188 1256 in
1251 1203 1524 1258 onmibus.
1578 1203 1712 1260 Ossa
1760 1205 1933 1260 Elisazi
1978 1207 2144 1261 vitam

561 1295 827 1348 dederunt
876 1304 1122 1357 mortuo,
1185 1307 1455 1352 mortuum
1501 1300 1568 1352 de
1619 1300 1810 1353 mortis
1863 1301 2147 1354 solvebant

561 1385 825 1454 periculo.
851 1386 980 1442 Post
1012 1397 1238 1442 mortem
1264 1405 1394 1457 ergo
1421 1392 1604 1444 carnis
1627 1393 1805 1445 sancti
1835 1392 1926 1444 Dei
1957 1391 2148 1445 melius

559 1475 750 1528 vivunt
783 1491 1014 1544 quorum
1049 1478 1134 1531 hic
1164 1493 1288 1532 ossa
1328 1479 1380 1532 in
1411 1488 1491 1532 tot
1519 1479 1796 1533 miraculis
1826 1481 2036 1534 vivunt.
2073 1481 2146 1534 Dc.

566 1566 653 1620 his
681 1566 927 1620 mirificis
956 1577 1271 1622 sanctorum
1310 1570 1524 1624 ossibus
1552 1571 1683 1625 dicit
1719 1571 1982 1639 propheta
2008 1572 2148 1624 veri-

564 1657 746 1711 dicus:
767 1657 835 1712 Et
859 1675 978 1713 ossa
998 1671 1164 1713 vestra
1183 1671 1235 1714 ut
1257 1661 1416 1714 herba
1439 1663 1800 1730 germinabunt
1816 1661 2094 1732 (Isaiuvt
2108 1667 2144 1727 ).

565 1748 700 1803 Ossa
743 1762 1056 1805 sanctorum
1089 1752 1214 1806 licet
1265 1753 1476 1807 mortali
1523 1754 1833 1808 conditione
1872 1764 2140 1815 arescant,

562 1845 822 1897 virtutum
855 1856 1032 1900 tamen
1063 1846 1334 1900 viriditate
1351 1856 1409 1900 ut
1433 1848 1599 1901 herba
1623 1849 1950 1917 germinant,
1974 1865 2146 1917 qttan-
2181 1817 2223 1874 κ

562 1949 724 2001 quam
784 1936 923 1990 idem
994 1937 1046 1991 in
1108 1939 1345 2008 generali
1407 1940 1804 1994 resurrectione
1857 1940 2149 2010 perfectius

568 2026 897 2096 implendum
974 2043 1094 2083 esse
1148 2031 1345 2086 divina:
1404 2029 1703 2101 Scriptura:
1762 2043 2043 2097 astruunl;
2095 2034 2146 2086 in

567 2117 983 2188 dispositissima
1038 2137 1169 2176 sane
1213 2124 1303 2178 Dei
1355 2133 1503 2177 tanta
1559 2125 1712 2192 quasi
1744 2123 2150 2193 patri~familias

563 2209 722 2262 dumo
774 2226 902 2265 vasa
958 2213 1009 2265 in
1069 2215 1274 2267 honore
1329 2213 1502 2282 (Rom.
1555 2216 1633 2283 Ix)
1691 2229 1811 2268 esse
1871 2230 1934 2268 ac
1985 2213 2151 2268 fuisse

562 2301 718 2355 electi
754 2305 1086 2370 creduntur,
1142 2307 1260 2360 ideo
1291 2317 1346 2359 et
1389 2321 1577 2360 eorum
1623 2306 1866 2375 reliquiae
1911 2307 1964 2360 in
2005 2308 2152 2361 vasis

569 2397 756 2458 aureis
787 2406 949 2465 atque
975 2399 1248 2468 argenteis
1281 2408 1334 2450 et
1361 2397 1680 2467 gemmatis,
1719 2414 1781 2451 ac
1814 2399 1864 2451 in
1897 2399 2152 2453 omnibus

576 2508 698 2560 qua:
726 2491 964 2561 pretiosa
1000 2500 1148 2554 sunt,
1182 2493 1569 2543 reconduntur.
1611 2489 1696 2552 Et,
1731 2491 1872 2544 sicut
1903 2502 2150 2544 sanctum

571 2585 746 2638 altare
772 2599 878 2637 non
905 2583 1276 2637 sanctificatur
1309 2583 1376 2637 ab
1409 2600 1542 2636 auro
1579 2583 1674 2636 sed
1711 2584 2037 2640 sanctificat.
2073 2585 2153 2638 sic

565 2686 619 2728 et
641 2675 918 2745 quodlibet
947 2690 1062 2739 vas,
1099 2677 1242 2743 quod
1272 2685 1586 2729 sanctarum
1617 2675 1970 2744 reliquiarum
2005 2677 2055 2730 in
2094 2691 2154 2731 se

566 2767 808 2821 continet
857 2766 1210 2831 thesaurum,
1263 2781 1372 2819 non
1423 2767 1518 2819 dat
1553 2765 1647 2819 sed
1693 2766 1892 2835 accipit
1920 2766 2150 2836 gratiam

571 2859 902 2924 sanitatum;
933 2867 988 2911 et
1020 2866 1222 2911 tactum
1243 2898 1258 2916 ,
1285 2856 1439 2925 quasi
1469 2856 1633 2910 etiam
1661 2856 1808 2920 illud,
1843 2857 1984 2926 quod
2016 2859 2154 2911 inte-

577 2954 689 3007 rius
719 2953 872 3020 latet,
905 2962 1178 3020 tangatur,
1225 2951 1375 3016 fugat
1421 2949 1586 3004 multa
1617 2965 1813 3020 genera
1867 2950 2153 3004 infirmita-

581 3061 715 3099 tum.
760 3046 983 3100 Inimica
1025 3042 1373 3098 invisibilium
1429 3043 1662 3113 phalanx
1710 3051 1835 3096 ante
1865 3058 1960 3098 cas
2008 3051 2153 3098 stare

570 3155 677 3196 non
723 3137 947 3210 poterit,
995 3135 1274 3189 confusam
1311 3145 1366 3190 et
1395 3135 1663 3188 devictam
1711 3149 1771 3188 se
1804 3134 2057 3204 ingenuit,
2099 3147 2154 3189 et
2181 3171 2224 3229 C

568 3235 659 3304 qui
705 3233 890 3288 sedem
920 3247 1073 3288 suam
1109 3231 1160 3284 in
1193 3239 1374 3291 monte
1435 3231 1742 3283 testamenti
1799 3231 1850 3283 in
1892 3229 2152 3284 lateribus

573 3325 860 3395 Aquilonis
908 3340 966 3380 se
996 3323 1324 3393 positurum,
1374 3337 1541 3390 seque
1592 3321 1872 3376 Altissimo
1922 3322 2154 3376 similem

572 3419 812 3473 fnturmn
845 3417 1179 3489 gloriabatur
1205 3415 1358 3483 (Isai.
1394 3416 1508 3485 le)
1531 3457 1544 3481 ,
1577 3433 1604 3468 a
1639 3415 1903 3470 dissoluto
1941 3426 2156 3469 sancte-

579 3530 698 3567 rum
728 3511 948 3582 pulvere
979 3520 1288 3580 superatur,
1333 3510 1614 3579 igneisqne
1637 3509 1845 3563 catenis
1875 3509 2155 3580 religatur.

574 3603 759 3660 Pulvis
796 3603 897 3656 iste
943 3603 1067 3656 licet
1121 3601 1417 3655 dissolutus
1465 3602 1534 3655 sit
1585 3610 1640 3654 et
1693 3601 1948 3670 exiguus,
2000 3599 2158 3668 hujus

579 3705 758 3748 tamen
795 3693 938 3746 aeris
968 3692 1280 3744 dominatur
1318 3692 1710 3760 potestatibus,
1745 3691 2043 3744 honoratur
2078 3691 2160 3743 di-

579 3800 682 3858 gne
707 3801 735 3838 a
766 3784 979 3837 cunctis
1005 3783 1324 3838 mortalibus
1358 3782 1566 3852 pusillis
1593 3796 1648 3837 et
1680 3782 1998 3850 majoribus,
2030 3785 2154 3850 quia

579 3887 636 3931 ut
665 3876 815 3931 calor
839 3875 1274 3945 inseparabiliter
1307 3875 1500 3929 insitus
1537 3884 1620 3929 est
1665 3875 1717 3928 in
1755 3884 1945 3928 natura
1997 3874 2154 3943 ignis,

578 3971 658 4027 sic
687 3971 950 4025 sanctitas
998 3980 1082 4023 est
1133 3969 1237 4023 sita
1291 3969 1342 4022 in
1388 3968 1517 4021 illis.
1569 3969 1623 4022 Si
1659 3969 1804 4022 enim
1852 3967 2161 4022 sanctitatis

575 4062 892 4117 amitterent
940 4061 1138 4115 donmn
1165 4103 1180 4126 ,
1218 4062 1533 4114 amitterent
1575 4061 1779 4130 pariter
1834 4061 2000 4114 etiam
2035 4077 2161 4114 san-

573 4166 806 4210 ctorum.
840 4156 913 4210 Ex
941 4154 1221 4211 accedenti
1248 4155 1390 4208 dono
1419 4155 1618 4208 habent
1651 4153 2022 4216 sanetitatem,
2063 4153 2157 4206 sed

521 4233 539 4248 ’
575 4264 680 4302 ιιοιι
708 4249 964 4303 amittunt
1015 4247 1280 4308 eamdem,
1311 4247 1438 4316 quia
1471 4262 1535 4300 ex
1592 4245 2003 4300 immortalitate
2052 4261 2158 4298 non

577 4342 637 4396 lit
686 4339 944 4392 transitus
987 4338 1054 4391 ad
1106 4336 1507 4390 mortalitatem.
1546 4335 1590 4388 0
1631 4351 1790 4405 quam
1820 4335 2158 4404 magniﬁcum

579 4441 700 4485 sunt
739 4446 894 4499 opera
925 4427 1160 4488 Domini,
1186 4427 1340 4478 ninn's
1369 4426 1649 4494 profunda:
1682 4425 1837 4492 facta:
1872 4433 1996 4480 sunt
2019 4425 2162 4493 cogi-

2253 558 2452 612 tnundo
2481 567 2535 612 et
2579 567 2924 612 accrescente
2970 568 3214 627 peccato,
3248 560 3300 612 in
3341 558 3465 614 filiis
3493 559 3752 624 decessit,
3782 574 3845 616 et

2251 652 2514 704 intantum
2547 650 2600 703 in
2630 647 2858 718 singulis
2885 649 3164 711 dilabitur,
3192 661 3251 704 ut
3278 651 3368 704 vix
3410 652 3462 704 in
3509 653 3698 720 paucis
3723 653 3846 722 ejus

2249 743 2537 813 vestigium
2601 752 3041 813 recognoscatur.
3124 743 3291 811 Hujus
3348 745 3546 798 etenitn
3613 746 3844 814 periculi

2249 839 2559 892 discrimina
2592 839 3002 893 clementissimi
3035 838 3411 907 Redemptoris
3449 840 3617 894 nostri
3653 840 3848 909 ιιι-τιξγί-

2251 931 2382 985 deus
2423 931 2593 999 gratia
2635 941 2838 985 sancta:
2887 931 3183 998 Scripturze
3233 931 3519 984 thesauros
3564 932 3842 994 ostendit,

2249 1033 2564 1074 samztorum
2589 1020 2836 1087 exempla
2861 1021 3163 1089 proposuit,
3192 1030 3250 1073 ut
3282 1030 3336 1072 et
3359 1021 3528 1089 pietas
3565 1022 3620 1072 in
3643 1035 3846 1090 opera-

2251 1114 2396 1165 tione
2423 1127 2639 1180 semper
2685 1111 2918 1180 fulgeat,
2962 1121 3017 1163 et
3057 1109 3322 1164 doctrinae
3350 1111 3651 1164 remedium
3700 1128 3845 1164 Imu-

2249 1219 2408 1272 quam
2444 1203 2495 1257 in
2524 1202 2704 1272 lingua
2754 1212 3053 1272 torpescat.
3084 1203 3222 1270 Quia
3247 1218 3398 1272 ergo,
3433 1205 3651 1268 fratres,
3683 1204 3850 1258 habe-

2249 1311 2366 1350 mus
2387 1296 2630 1364 exempla
2659 1303 2996 1358 sanctorum,
3027 1296 3179 1364 quasi
3209 1296 3526 1350 certissima:
3544 1296 3851 1352 curationis

2249 1386 2572 1449 antidotum,
2615 1397 2820 1441 sanctm
2847 1387 3136 1440 charitatis
3166 1388 3338 1440 virtus
3391 1389 3442 1440 in
3477 1387 3636 1440 nobis
3667 1387 3852 1440 redin—

2251 1488 2512 1550 tegrctur,
2541 1489 2599 1534 ut
2635 1479 2685 1532 in
2716 1480 2920 1534 sanctis
2947 1480 3062 1533 suis
3095 1480 3234 1534 Deus
3263 1495 3359 1548 per
3396 1495 3492 1534 nos
3525 1480 3691 1549 digne
3729 1480 3852 1532 lau-

2249 1572 2425 1625 detur.
2467 1571 2634 1642 lgitur
2657 1571 2710 1624 in
2733 1571 2938 1625 sanctis
2961 1572 3075 1625 suis
3101 1569 3383 1624 laudemus
3411 1571 3726 1636 Dominum,
3755 1573 3850 1639 qui

2249 1672 2329 1715 est
2357 1661 2526 1731 gloria
2555 1672 2610 1714 et
2633 1663 2807 1716 virtus
2829 1673 3144 1716 sanctorum
3171 1659 3349 1730 (Psal.
3381 1663 3491 1731 CL),
3520 1669 3579 1714 ul.
3603 1677 3701 1730 per
3731 1661 3852 1728 ejus

2253 1753 2709 1817 misericordiam,
2741 1754 2808 1806 ad
2844 1769 3034 1807 eorum
3066 1752 3353 1822 pervenire
3382 1752 3668 1806 valeamus
3717 1767 3855 1806 con-

2254 1847 2503 1899 sortium.
2535 1846 2589 1898 ln
2617 1847 2877 1900 memoria
2898 1846 3169 1914 justorum
3195 1845 3419 1914 justitize
3443 1855 3766 1908 auctorem;
3800 1847 3852 1898 in

2254 1939 2460 1992 meritis
2489 1949 2801 1992 sanctorum
2833 1939 3142 1993 sanctitatis
3183 1938 3597 2008 magnificentius
3626 1937 3855 2008 largito-

2255 2046 2366 2084 rem
2397 2048 2408 2084 :
2439 2031 2600 2099 digna
2650 2032 2794 2085 enim
2839 2031 3099 2085 memoria
3137 2030 3410 2095 justornm
3438 2031 3547 2083 erit
3575 2045 3700 2083 cum
3737 2029 3859 2083 latt—

2253 2123 2412 2178 dibus
2445 2121 2627 2193 (Prov.
2659 2125 2738 2193 ς).
2773 2125 2827 2178 in
2871 2125 3070 2194 quibus
3099 2123 3397 2178 delectetur
3436 2121 3579 2176 Deus
3627 2122 3858 2176 illorum

2253 2225 2308 2267 et
2335 2215 2614 2280 Dominus,
2659 2225 2713 2268 ut
2759 2230 2856 2284 per
2902 2230 3090 2270 eorum
3138 2215 3580 2268 interecssiomau
3639 2213 3862 2267 nostris

2255 2308 2582 2362 misereatur
2605 2309 2941 2363 excessibus.
3001 2309 3262 2376 Exemplo
3291 2307 3460 2361 ﬁdelis
3500 2305 3665 2376 Moysi
3714 2314 3860 2360 sunt

2257 2401 2402 2454 inter
2448 2415 2548 2454 nos
2593 2409 2648 2455 et
2687 2403 2854 2456 Deutn
2909 2400 3237 2455 mediatores
3291 2400 3469 2468 positi,
3520 2409 3579 2451 ut
3617 2398 3714 2468 qui
3749 2413 3862 2468 per

2255 2505 2352 2558 per
2383 2500 2569 2544 nostra
2595 2492 2926 2560 despicimur
2977 2493 3170 2546 merita
3222 2507 3345 2545 cum
3393 2491 3862 2560 Pharisazofiper

2257 2580 2470 2634 illorum
2508 2579 2955 2648 justilicationem
2999 2579 3367 2649 justilicemur
3394 2595 3519 2634 cum
3551 2579 3862 2635 Publicano

2257 2673 2409 2743 (Luc.
2449 2677 2624 2741 xvnt).
2660 2674 2946 2729 Credimus
2974 2689 3070 2729 eos
3090 2675 3230 2743 ame
3263 2673 3430 2727 Demu
3465 2673 3634 2746 multa
3668 2689 3858 2743 posse,

2255 2763 2411 2832 cujus
2441 2764 2718 2819 dilectioni
2761 2764 2896 2818 nihil
2945 2765 2999 2818 in
3063 2765 3166 2818 hoc
3215 2763 3420 2817 mundo
3479 2779 3858 2832 praeposuere.

2256 2855 2374 2910 Non
2403 2871 2580 2919 suam,
2612 2855 2705 2909 sed
2729 2856 2972 2910 cmlestis
3010 2855 3340 2909 voluntatem
3367 2853 3548 2908 Patris
3583 2855 3635 2908 in
3674 2856 3861 2908 omni-

2257 2950 2356 3003 hus
2383 2949 2768 3017 adimplcntes,
2795 2947 2921 3002 Jesu
2952 2948 3146 3001 merito
3177 2957 3234 3000 et
3262 2947 3366 3001 dici
3394 2955 3448 3001 et
3488 2962 3611 3001 esse
3639 2963 3864 3000 merue-

2259 3054 2384 3098 runt
2421 3045 2616 3098 fratres
2642 3055 2696 3097 et
2727 3058 2946 3097 sorores
2973 3040 3190 3110 (Matth.
3222 3039 3502 3109 xu),cujus
3531 3041 3861 3109 propinqui.

2262 3136 2386 3189 tatis
2410 3135 2608 3188 lineam
2642 3134 2782 3186 tutlla
2814 3132 3162 3201 degeneravit
3186 3130 3463 3200 superbia,
3489 3131 3583 3184 sed
3611 3131 3664 3184 in
3691 3146 3862 3200 gene-

2259 3227 2499 3281 rationes
2525 3238 2579 3280 et
2607 3227 2990 3296 generationes
3014 3223 3610 3279 nobilitavitlmmilitas
3641 3233 3863 3276 sancta.

2258 3319 2314 3372 In
2347 3329 2642 3388 conspectu
2669 3317 2786 3384 Dei,
2817 3317 3034 3382 fratres,
3066 3331 3284 3386 semper
3313 3317 3486 3370 sancti
3513 3317 3676 3367 talem
3702 3314 3866 3369 exhi-

2261 3413 2462 3465 bebant
2493 3412 2673 3465 cordis
2705 3410 3133 3475 meditationem,
3177 3419 3236 3463 ut
3279 3417 3652 3462 transetnitem
3686 3407 3861 3458 lilium

2263 3501 2430 3554 David
2460 3501 2685 3570 figerent
2713 3503 2778 3554 ad
2797 3501 3128 3570 spiritualem
3149 3500 3345 3553 uncinis
3375 3498 3859 3552 illuminationem.

2263 3592 2378 3646 Non
2410 3592 2609 3648 defecit
2638 3593 2720 3647 eis
2755 3593 3017 3647 virtutum
3072 3592 3360 3652 sanctitas,
3408 3605 3643 3659 quorum
3677 3590 3731 3642 in
3763 3606 3865 3643 ore

2262 3693 2485 3739 nonest
2537 3684 2800 3738 diminuta
2853 3685 3081 3748 veritas;
3133 3699 3363 3752 quorum
3417 3681 3557 3734 labia
3612 3681 3866 3734 caelestis

2263 3779 2514 3850 purgavit
2548 3775 2785 3832 calculus
2812 3775 2948 3845 (lsa.
2983 3775 3078 3845 vi),
3113 3790 3342 3842 quorum
3376 3772 3594 3841 eloquia
3641 3772 3727 3825 sui
3775 3789 3868 3824 ar-

2262 3869 2410 3921 doris
2440 3866 2656 3920 flamma
2686 3874 2908 3919 sanctus
2935 3865 3194 3918 animavit
3228 3864 3482 3932 Spiritus.
3515 3863 3570 3916 lu
3598 3862 3868 3932 aperibus

2263 3974 2520 4012 tnanuum
2551 3972 2771 4010 suarum
2805 3971 2910 4010 non
2962 3956 3336 4022 comprehensi
3382 3962 3508 4006 sunt
3559 3963 3616 4005 ut
3661 3967 3866 4020 μεραι-

2265 4060 2410 4104 tores
2438 4048 2611 4116 (Paal.
2644 4048 2721 4116 ιχ)
2748 4048 2841 4116 qui
2869 4046 3107 4099 minimis
3131 4045 3570 4098 llotuinintunem
3593 4043 3867 4097 exhibueo

2265 4150 2389 4194 runt
2412 4139 2828 4202 hutnanilatem,
2859 4150 2918 4192 ut
2951 4137 3154 4191 fideles.
3181 4137 3316 4190 Cum
3347 4137 3503 4190 beato
3533 4134 3637 4189 Job
3665 4139 3866 4188 oculus

2263 4250 2407 4290 caeco
2436 4244 2490 4288 et
2533 4248 2627 4302 pes
2655 4234 2850 4286 claudo
2903 4231 3025 4298 (Job
3070 4237 3184 4301 xx),
3226 4231 3277 4284 in
3310 4239 3646 4283 mortuorum
3673 4230 3865 4298 sepul-

2266 4341 2386 4382 tura
2423 4345 2529 4382 non
2581 4325 2866 4381 inferiores
2899 4325 3098 4378 inventi
3153 4334 3281 4377 stitit
3313 4323 3482 4376 Tubia
3533 4321 3694 4390 (Tob.
3737 4335 3864 4386 λιι).

2265 4419 2450 4476 Oratio
2488 4434 2676 4472 eorum
2709 4418 2879 4470 nubes
2921 4417 3230 4486 penetravit
3263 4412 3456 4486 (Ereti.
3497 4420 3694 4483 xxxv),
3744 4431 3870 4484 qua:

575 4524 799 4579 taliones
849 4521 944 4577 Dei
978 4519 1148 4572 nostri
1181 4517 1354 4585 (Paul.
1391 4517 1491 4584 ix).
1548 4516 1810 4586 Reliquia:
1843 4526 2155 4572 sanctorum
2192 4535 2236 4592 ο
2267 4511 2643 4582 perjejunintn
2667 4521 2722 4563 et
2751 4510 3149 4580 eleemosyuam
3178 4510 3230 4562 in
3278 4509 3474 4562 cmlum
3527 4507 3756 4571 volavit,
3813 4517 3870 4562 et

582 4623 730 4676 sunt,
765 4623 822 4666 ut
851 4612 1089 4682 pretiosa
1123 4619 1392 4674 aromata,
1424 4619 1480 4663 et
1525 4623 1685 4676 poma
1716 4608 2010 4673 odorifera,
2041 4623 2162 4677 qua:

581 4706 782 4775 siquis
826 4721 986 4758 manu
1042 4703 1379 4764 tractaverit,
1426 4718 1619 4756 manus
1669 4706 1786 4770 ejus
1835 4703 1903 4756 ab
1959 4703 2161 4757 eisdem

579 4796 802 4850 odorem
819 4795 1065 4866 suscipit,
1087 4805 1144 4848 ut
1165 4795 1298 4858 lilia,
1320 4795 1560 4863 inquam,
1585 4802 1639 4847 et
1659 4795 1895 4862 pretiosa
1921 4805 2163 4848 aromata

585 4884 850 4948 redolent,
908 4901 1068 4940 nares
1117 4885 1427 4940 mortalium
1482 4885 1602 4938 miri
1661 4884 1845 4940 odoris
1900 4885 2168 4940 suavitate

580 4978 875 5048 complent.
901 4978 1168 5035 Distantia
1194 4977 1391 5048 quippe
1418 4978 1608 5048 grandi
1632 4978 1806 5031 divisit
1828 4977 1968 5032 Deus
2000 4978 2166 5032 lucem

587 5092 618 5127 α
643 5073 863 5127 tenebris
899 5072 1052 5145 (Gen.
1089 5075 1151 5138 ι),
1185 5074 1235 5126 id
1266 5082 1352 5128 est
1378 5073 1494 5142 pios
1542 5071 1611 5125 ab
1657 5072 1862 5141 impiis,
1903 5081 1958 5126 et
1988 5072 2167 5127 minus

590 5165 952 5240 perfectorem
988 5181 1109 5222 ossa
1135 5183 1165 5218 a
1201 5173 1509 5220 sanctorum
1552 5163 1812 5234 reliquiis.

1221 5255 1452 5310 SEBMO
1482 5255 1544 5311 ll.

959 5367 1023 5405 οε
1063 5365 1430 5405 \‘ENEBATIONE
1461 5363 1795 5404 SANCTORUM.

660 5443 969 5498 Christiana
1012 5441 1198 5511 religio
1251 5441 1569 5494 vocabulum
1623 5450 1906 5510 propterea
1945 5439 2110 5493 trahit
2140 5456 2168 5492 a

593 5536 836 5596 Christo,
871 5545 928 5588 ut
955 5534 1296 5587 Christianus
1332 5547 1546 5601 semper
1576 5532 1773 5586 habeat
1810 5532 1860 5584 in
1911 5531 2169 5584 memoria

594 5631 864 5699 quomodo
923 5638 1086 5682 tantm
1129 5626 1408 5698 dignitatis
1456 5625 1792 5680 custodiatur
1843 5624 2010 5696 gloria
2039 5664 2054 5685 ,
2107 5639 2173 5677 ne

598 5725 873 5779 dissonum
924 5723 1170 5776 videatur
1211 5721 1262 5774 in
1309 5734 1491 5789 opere,
1536 5719 1678 5789 quod
1707 5719 1882 5788 lingua
1914 5729 2070 5774 sonat
2120 5719 2172 5772 in

599 5816 832 5874 nomine.
885 5815 991 5870 Sed
1041 5815 1210 5868 virtus
1263 5820 1463 5869 sancta:
1517 5812 1835 5878 charitatis,
1887 5828 2004 5879 quae
2052 5810 2172 5866 fidei

2269 4605 2732 4677 implevitphialas
2761 4602 2948 4674 viginti
2979 4611 3215 4671 quatuor
3241 4601 3519 4655 seniorum
3551 4601 3745 4668 (Apoc.
3784 4603 3868 4668 ν),

2269 4707 2326 4752 ιιι
2355 4699 2422 4752 sit
2455 4697 2743 4751 suavitatis
2789 4694 3201 4748 odoramentum
3242 4700 3367 4744 ante
3416 4689 3721 4758 maiestatis
3769 4688 3868 4743 Dei

2271 4793 2546 4844 thronum.
2575 4787 2767 4842 Carnis
2798 4782 3207 4852 corruptionem
3240 4781 3394 4835 labor
3439 4779 3566 4833 vita:
3591 4778 3865 4848 gravavit,

2269 4882 2573 4935 libertatem
2599 4879 2792 4931 anima:
2823 4876 3099 4929 actionum
3125 4873 3332 4942 paritas
3382 4870 3653 4939 expiavit.
3685 4868 3868 4938 Nise-

2273 4981 2397 5026 runt
2423 4970 2642 5040 pietatis
2671 4968 2828 5023 amici
2863 4983 2959 5037 per
3011 4965 3228 5035 pietatis
3274 4978 3438 5032 opera
3487 4962 3867 5031 spectaculum

2271 5065 2398 5118 facti
2429 5062 2540 5116 Deo
2563 5072 2617 5117 et
2639 5061 2952 5116 hominibus
2993 5059 3045 5130 (Ι
3079 5055 3202 5111 Cor.
3237 5070 3336 5126 tv).
3382 5053 3506 5108 ιιωε
3531 5053 3868 5123 operationis

2271 5174 2441 5227 grana
2468 5159 2518 5210 in
2547 5157 2737 5210 activa:
2775 5155 2903 5209 vita:
2925 5159 3246 5224 sparserunt
3272 5163 3400 5203 area
3430 5189 3446 5214 ,
3492 5157 3553 5201 ut
3607 5147 3866 5201 horreum

2274 5252 2560 5320 implerent
2591 5248 3025 5317 contemplativa:
3052 5246 3106 5299 iu
3147 5258 3400 5313 superna:
3445 5240 3597 5310 pacis
3623 5241 3863 5300 visione;

2277 5345 2590 5396 thesaurmn
2625 5340 2766 5402 fidei,
2799 5355 2958 5410 quem
2998 5337 3304 5391 habuerunt
3336 5335 3388 5389 in
3415 5333 3562 5387 vasis
3586 5331 3865 5392 ﬁctilibus,

2276 5448 2382 5486 non
2414 5431 2719 5486 effuderunt
2751 5430 2984 5499 negotiis
3007 5426 3379 5487 swcularibus,
3402 5427 3498 5478 sed
3529 5422 3618 5476 ubi
3657 5421 3860 5474 nullum

2278 5527 2410 5582 latet
2436 5526 2844 5586 detrimentum,
2880 5524 2932 5577 in
2973 5522 3215 5576 caalcstis
3263 5528 3559 5590 posuerunt
3593 5516 3740 5584 regis
3771 5529 3864 5584 gae

2277 5619 2686 5693 zophylacium;
2756 5617 2880 5686 quia
2934 5616 3059 5667 dum
3120 5613 3344 5682 spiritus
3393 5608 3628 5679 tegmina
3683 5607 3864 5662 carnis

2279 5715 2449 5777 exuit,
2482 5713 2688 5768 liberet
2724 5708 3004 5778 expeditus
3037 5705 3102 5759 ad
3133 5703 3300 5758 cwlos
3345 5700 3563 5754 volavit.
3598 5699 3862 5759 Ecclesia,

2281 5822 2398 5879 quia
2427 5805 2480 5859 in
2519 5813 2832 5860 transcursu
2866 5799 3008 5854 dubii
3041 5798 3283 5855 ccrnitur
3323 5796 3471 5851 orbis
3494 5837 3508 5860 ,
3544 5795 3685 5851 (ilius
3734 5809 3862 5847 cun-
