4106 6356
424 346 529 401 490
1871 341 2003 394 διιιι
2011 341 2260 393 Μυλιειδ.
3583 348 3615 402 ι
3629 349 3644 401 ι
3657 349 3686 402 0

427 470 576 521 trivit
603 463 878 533 probatos.
908 464 959 514 lit
975 461 1227 525 operibus
1247 459 1422 522 bouls,
1446 470 1582 524 quos
1597 467 1822 507 manens
1845 467 2008 520 super
2036 457 2082 512 Λ
2114 453 2356 505 vinctum
2398 451 2557 505 solvit
2587 450 2880 507 Philotam.
2926 452 3032 507 llas
3076 454 3304 508 virtutes
3349 460 3686 511 curationum

424 568 569 611 astra
599 553 1050 620 suscepitspousa
1078 547 1634 603 cmbstisllseuntes
1654 545 1722 600 de
1751 544 2002 615 Egypto,
2109 544 2483 613 operabatttur
2517 559 2808 615 corporum
2852 547 3081 614 species,
3137 556 3193 600 ut
3246 549 3508 618 intelligat
3559 551 3688 604 lich

423 649 588 705 idest
617 647 682 700 de
718 655 1064 714 peceatorutn
1100 638 1357 700 tenebris,
1391 653 1487 706 per
1511 637 1816 692 columnam
1846 638 2005 690 nubis
2108 637 2441 692 credentium
2501 639 2660 708 quale
2693 650 3010 692 sanctorum
3039 640 3108 693 sit
3139 643 3411 709 nti-ritum,
3453 655 3506 697 et
3557 643 3686 712 quid

427 746 690 791 venerunt
729 735 781 788 itt
833 743 1034 786 terram
1085 730 1481 800 promissionis,
1527 743 1649 797 qua:
1695 737 1779 782 est
1806 729 2001 796 patria,
2109 729 2283 797 potuit
2311 743 2498 782 eorum
2533 729 2824 798 prmsentia
2860 730 2944 782 ubi
2979 731 3029 782 itt
3062 741 3206 784 tanta
3238 732 3434 785 virtute
3477 730 3686 785 refulsit

423 833 491 883 ad
521 843 682 898 quam
719 825 1072 896 suspirabant
1097 823 1359 892 quotidie,
1386 838 1508 876 cum
1541 823 1716 876 adhuc
1739 830 1922 875 essent
1950 821 2003 874 itt
2107 819 2370 873 absentia.
2411 818 2525 872 Non
2548 820 2722 874 solum
2747 821 2861 874 haec
2892 823 2958 874 de
2990 822 3248 890 apostolis
3271 824 3566 886 credimus,
3597 838 3684 874 vc.-

426 919 586 986 ltujus
644 915 1033 986 peregratiouis
1079 915 1408 984 captivitate.
1452 912 1526 966 lbi
1570 921 1653 966 est
1701 913 2001 975 habitatio,
2110 927 2225 962 rum
2257 911 2421 964 etiant
2455 912 2521 965 de
2549 913 2752 965 sanctis
2781 913 3034 966 omnibus
3069 911 3296 981 plurima
3338 923 3686 983 suppeterent

422 1027 586 1081 quam
625 1009 858 1062 tidelium
888 1007 1161 1060 desiderat
1189 1005 1436 1068 intentio,
1465 1004 1553 1073 qui
1597 1004 1760 1058 Deum
1787 1012 2005 1072 portant
2105 1001 2372 1069 exempla,
2407 1002 2450 1055 si
2474 1001 2751 1056 fastidium
2790 1019 2901 1056 non
2932 1015 3216 1072 generaret
3253 1007 3426 1058 oratio
3455 1006 3681 1074 prolixa.

424 1103 476 1155 iu
509 1112 722 1162 mente,
755 1099 991 1168 quatnliu
1034 1107 1290 1150 tenentur
1344 1097 1394 1150 itt
1447 1096 1630 1150 carnis
1678 1109 1915 1149 carcere.
1959 1094 2003 1147 0
2109 1093 2245 1158 Quid
2275 1094 2560 1158 mirum,si
2589 1095 2723 1149 tanti
2776 1095 2994 1148 fuerunt
3023 1095 3198 1148 meriti
3238 1097 3512 1164 spiritales
3554 1112 3682 1150 san-

422 1209 584 1260 qnaut
623 1192 750 1244 felix
779 1190 988 1250 civitas,
1027 1189 1114 1242 ubi
1168 1187 1310 1241 nulla
1363 1197 1548 1256 regnat
1587 1187 1891 1256 captivitas,
1937 1187 2002 1240 ad
2104 1195 2206 1238 ctu:
2237 1188 2418 1240 matris
2447 1187 2702 1242 Ecclesia:
2745 1188 2838 1242 lilii
2863 1228 2878 1252 ,
2915 1205 3035 1241 cum
3079 1190 3241 1242 etiam
3279 1190 3512 1244 carnalis
3540 1193 3681 1260 Syn-

421 1299 584 1352 quam
616 1283 706 1350 qui
754 1281 1014 1334 virtutum
1062 1278 1310 1348 passibus
1353 1279 1678 1346 contugerit,
1703 1276 1816 1344 jam
1863 1279 2000 1331 ultra
2105 1291 2287 1344 agngze
2307 1278 3091 1348 sobolespersintilespolleret
3118 1280 3683 1350 virtutes?lu.£gypto

422 1373 668 1441 Captivus
694 1388 814 1426 esse
841 1370 1040 1425 desiit!
1106 1368 1274 1437 llujus
1322 1378 1596 1421 structura
1642 1379 1768 1422 sunt
1797 1368 2002 1436 lapides
2053 1409 2058 1418 .
2105 1364 2272 1438 Moysi
2312 1369 2460 1438 virga
2490 1369 2643 1438 signa
2679 1369 2804 1422 fecit
2840 1380 2892 1422 et
2920 1371 3184 1440 prodigia,
3218 1380 3271 1422 et
3304 1370 3402 1423 sub
3429 1371 3678 1439 baptismi

427 1463 556 1524 vivi,
588 1478 723 1532 quos
755 1476 854 1530 pax
877 1471 931 1515 et
964 1459 1254 1514 concordia
1285 1458 1683 1526 compaginavit
1715 1459 2002 1527 reprobato
2105 1461 2284 1529 specie
2309 1460 2548 1516 Rubrum
2574 1459 2756 1515 divisit
2780 1480 2926 1516 mare
2965 1463 3162 1533 (Exod.
3210 1466 3353 1534 xu).
3413 1465 3538 1518 Ehe
3570 1467 3682 1534 pal-

423 1551 616 1620 lapidc,
646 1551 734 1618 qui
758 1551 930 1618 [actus
955 1560 1028 1602 est
1069 1552 1124 1602 in
1169 1557 1323 1617 caput
1368 1547 1548 1616 anguli
1597 1544 1770 1617 (Psal.
1812 1551 1999 1615 cxvlt).
2105 1553 2234 1606 littttt
2269 1553 2445 1606 Eliseo
2482 1554 2777 1623 duplicavit
2812 1555 3081 1624 spiritum,
3111 1566 3160 1610 et
3189 1573 3404 1609 cursutu
3427 1555 3680 1609 Jordauis

422 1643 594 1710 Quam
620 1643 816 1696 nullius
848 1639 1447 1708 adversitatisprocella
1489 1650 1658 1709 potest
1689 1649 1999 1699 concutere.
2103 1647 2286 1702 divisit
2312 1650 2497 1701 eadem
2526 1649 2689 1703 vestis
2719 1645 2820 1715 (IV
2871 1647 2993 1717 Reg.
3034 1647 3120 1718 ιι).
3167 1648 3289 1701 llaec
3329 1650 3426 1702 sub
3467 1649 3579 1716 lege
3625 1657 3682 1700 ct

421 1736 577 1800 cujus
609 1736 1012 1788 fundamentum
1061 1733 1242 1803 (Apoc.
1285 1735 1398 1802 XXI)
1445 1734 1749 1800 ἰιιψυδῖιιιηι
1781 1742 1862 1786 (‘al
1887 1741 1999 1784 sta-
2035 1807 2064 1811 ξ
2105 1741 2277 1809 gratia
2305 1739 2431 1794 fecit
2461 1741 2600 1795 [)eus
2631 1757 2725 1811 per
2749 1752 2966 1795 sanctos
2997 1742 3047 1794 in
3095 1758 3260 1795 carne
3315 1741 3569 1795 miracula
3621 1751 3675 1793 ιιι

421 1827 515 1882 bili
551 1838 714 1895 petra:
745 1827 989 1881 :-luutiue
1017 1843 1121 1880 ttott
1151 1835 1271 1896 eget
1318 1827 1569 1891 lucrruzr,
1596 1826 1748 1894 cujus
1777 1825 1998 1879 claritas
2033 1807 2071 1862 Β
2105 1831 2464 1900 intelligamus
2503 1843 2556 1885 ct
2588 1833 2817 1885 lideliter
2842 1843 3117 1885 teneamus
3165 1833 3291 1893 quid
3332 1833 3470 1902 apml
3504 1834 3674 1901 ipsum

419 1928 506 1971 cst
535 1919 618 1971 ille
651 1918 787 1986 lapis
813 1917 1107 1987 augularis,
1136 1918 1225 1986 qui
1261 1925 1408 1984 petra
1447 1917 1780 1970 fundamenti
1820 1915 1998 1985 Agnus
2102 1939 2290 1975 eorum
2313 1924 2484 1992 possit
2510 1926 2749 1993 spiritus.
2774 1925 3060 1993 Quidquid,
3102 1923 3316 1984 fratres,
3350 1926 3412 1976 de
3440 1926 3679 1995 reliquiis

417 2012 513 2078 qui
551 2010 682 2063 tollit
714 2021 923 2076 peccata
967 2011 1149 2063 mum/1'
1197 2009 1377 2078 (latnt.
1433 2009 1492 2080 t).
1549 2009 1666 2078 lpsc
1710 2020 1792 2062 est
1836 2020 1997 2061 clla!"
2103 2025 2414 2069 sanctorum
2441 2019 2798 2085 possidemus,
2819 2019 2930 2070 sive
2956 2019 3005 2070 itt
3025 2019 3326 2080 veste,sive
3357 2019 3408 2070 itt
3434 2018 3676 2088 pulvere,

419 2117 678 2170 sponsus,
710 2102 800 2170 qui
835 2111 1020 2170 regnat
1055 2101 1106 2154 iu
1157 2103 1256 2156 hoc
1305 2101 1653 2155 tabernaculo
1697 2101 1838 2154 Deus
1877 2117 1998 2154 cutn
2104 2107 2187 2158 vel
2219 2107 2268 2160 itt
2293 2108 2506 2161 ossilms
2543 2108 2832 2178 diligenter
2870 2117 2925 2162 ct
2975 2119 3134 2162 cattle
3184 2109 3574 2175 custodiamus,
3623 2119 3681 2162 et

422 2194 758 2258 hominibus,
799 2207 923 2247 autc
969 2194 1122 2262 cujus
1169 2195 1350 2248 sedem
1399 2204 1690 2265 personant
1729 2195 1999 2248 canticum
2104 2200 2246 2268 quod
2278 2200 2538 2262 valetttus,
2565 2202 2906 2271 potissimum
2951 2201 3208 2256 servitute
3267 2202 3478 2255 illoruut
3531 2204 3680 2256 exhi-

422 2289 647 2358 Spiritus
675 2299 728 2342 et
753 2289 1263 2357 animatjustoruut.
1296 2290 1439 2344 Laus
1469 2308 1658 2344 eorum
1687 2301 1741 2344 et
1767 2291 2002 2346 exsulta-
2106 2291 2326 2346 beamus
2362 2294 2718 2347 venerationi.
2758 2294 2909 2363 Digiti
2933 2303 3056 2347 sunt
3102 2295 3242 2363 apud
3291 2295 3534 2350 homines
3585 2296 3680 2349 Ιιωο

421 2382 498 2434 tio
532 2381 644 2450 ipse
665 2392 767 2446 est,
800 2383 888 2451 qui
921 2393 1146 2436 coronat
1179 2399 1273 2438 eos
1315 2384 1366 2437 in
1427 2385 1645 2452 gaudio,
1699 2399 1793 2450 per
1838 2399 1996 2450 quem
2106 2400 2261 2449 ttore,
2293 2387 2385 2455 qui
2416 2387 2657 2455 quotidie
2688 2386 3142 2456 inlerpeilattlpt’o
3175 2386 3450 2439 hominum
3483 2389 3676 2443 salute.

411 2472 556 2528 bene
579 2485 859 2528 currentes
883 2475 933 2528 itt
961 2475 1118 2545 hujus
1143 2477 1322 2530 tutnnli
1360 2478 1554 2544 stadio,
1581 2477 1740 2544 digno
1769 2477 1818 2530 iu
1847 2475 2002 2530 caelis
2105 2475 2311 2530 Memor
2342 2478 2590 2532 humanae
2624 2477 2947 2548 fragilitatis,
2989 2463 3088 2529 hoc
3132 2475 3320 2546 gratia:
3365 2476 3518 2531 nobis
3568 2479 3680 2532 cle-

421 2574 840 2618 remunerantur
874 2565 1086 2619 bravio.
1118 2565 1229 2618 Non
1261 2577 1347 2618 est
1374 2567 1512 2619 ultra
1555 2569 1694 2635 quod
1751 2569 2003 2637 concupi-
2107 2570 2305 2626 utentia
2339 2569 2640 2624 Salvatoris
2669 2569 2916 2634 contulit,
2951 2580 3007 2622 ιιι
3037 2568 3176 2635 quod
3224 2580 3536 2636 peccatores
3588 2586 3679 2639 per

421 2667 593 2721 scettl,
625 2657 712 2710 ubi
741 2657 903 2710 Deum
928 2657 1062 2712 facie
1091 2659 1156 2710 ad
1185 2659 1374 2712 facient
1402 2660 1766 2719 considerant,
1795 2661 1884 2728 qui
1909 2677 2002 2716 eos
2107 2671 2292 2713 nostra
2325 2677 2429 2714 non
2459 2676 2744 2730 possumus
2785 2663 3001 2723 merita,
3029 2675 3125 2730 per
3162 2669 3474 2713 sanctorum
3516 2661 3686 2730 impc-

423 2748 672 2815 perduxit
699 2749 764 2801 ad
791 2749 1020 2817 palmam
1049 2750 1306 2812 victoriae,
1332 2767 1438 2818 quo
1463 2751 1740 2819 praecessit
1763 2751 1876 2820 ipse
1907 2768 2000 2805 rex
2108 2763 2313 2806 tremus
2340 2753 2662 2821 patrocinia.
2695 2751 2813 2806 Jatu
2844 2754 3020 2806 securi
3052 2755 3117 2809 de
3145 2771 3238 2808 sua
3291 2755 3504 2809 solliciti
3557 2765 3684 2809 sunt

420 2839 1168 2910 gloriae,diguitaslelicitatis
1189 2843 1823 2895 cnrumlnnnanisensus
1847 2857 2002 2894 exce-
2105 2855 2201 2908 pro
2233 2851 2414 2895 nostra
2438 2841 2640 2905 salute;
2694 2853 2747 2896 et
2802 2845 2941 2898 umle
2985 2860 3084 2898 uec
3138 2861 3324 2899 eorum
3374 2844 3686 2913 perﬁcietur

421 2931 855 3000 ditmodum,qui
882 2932 1236 2986 reveraincor
1255 2933 1478 2984 hominis
1502 2933 2002 3002 imituscendit,quw
2105 2931 2383 3000 gaudium,
2422 2933 2662 3000 quauditt
2711 2943 2909 2986 nostra:
2951 2935 3402 3004 peregrinationis
3453 2947 3686 2990 cernunt

420 3019 564 3074 Deus
590 3021 693 3075 illis
717 3022 1027 3090 pra-paravit
1061 3020 1217 3091 (limi.
1249 3037 1408 3086 LXIV;
1453 3021 1479 3074 I
1523 3021 1645 3075 Car.
1683 3022 1769 3090 tt).
1805 3021 2001 3075 Decer-
2107 3023 2385 3088 cvsiliunt;
2418 3039 2517 3078 nec
2545 3025 2649 3078 erit
2676 3025 2780 3078 illis
2805 3025 3039 3094 perfecta
3076 3027 3372 3089 beatitudo,
3407 3028 3577 3082 donec
3605 3037 3686 3080 to-

423 3122 518 3164 nat
543 3113 706 3184 igitur
735 3113 908 3182 pietas
932 3112 1188 3175 ﬁdelLum,
1222 3115 1349 3183 quid
1388 3115 1752 3168 venerationis
1785 3114 2002 3183 potissi-
2029 3165 2071 3186 η
2109 3115 2216 3169 tius
2241 3116 2493 3170 Ecclesia:
2523 3115 2808 3170 intraverit
2847 3117 3142 3186 plenitudo.
3191 3119 3268 3170 Ad
3298 3117 3531 3179 illorum,
3563 3118 3684 3172 rha-

561 3165 591 3184 .,
735 3165 751 3182 .
778 3165 816 3167 ν-
856 3165 1051 3168 η
1085 3165 1103 3166 κ
1176 3165 1187 3175 .
1230 3165 1254 3183 ν.
1530 3165 1534 3166 κ
1786 3165 1837 3183 τί
2113 3165 2212 3169 -νη-
2241 3165 2491 3170 --ηνν--η
2847 3165 3141 3186 ram"---
3567 3165 3660 3172 ----

422 3218 570 3256 ιιιιιιιι
624 3204 946 3274 corporibus
976 3205 1234 3260 debeatur
1265 3216 1598 3270 sanctorum,
1627 3222 1853 3276 quorum
1891 3207 2002 3275 spi-
2028 3165 2072 3224 C
2107 3207 2330 3272 rissimi,
2375 3209 2732 3274 consortium,
2789 3210 2913 3278 quia
2973 3226 3068 3264 nos
3111 3210 3354 3264 habitare
3413 3209 3462 3262 in
3495 3226 3681 3275 unum,

427 3297 565 3350 ritus
618 3297 976 3352 inaestimabili
1025 3299 1192 3369 gloria
1233 3299 1564 3352 honorantur
1610 3299 1750 3368 apud
1811 3295 1998 3354 Deum.
2106 3300 2386 3370 pulchrum
2415 3301 2520 3356 erit
2548 3309 2711 3370 atque
2731 3299 3223 3370 juemnltmt(Psal.
3249 3304 3456 3368 cutx),
3481 3312 3684 3370 quanto

423 3387 598 3442 Tanto
659 3391 846 3458 itaque
881 3390 1105 3444 devotus
1153 3406 1338 3444 eorum
1407 3390 1617 3444 laudem
1667 3390 2004 3445 celebremus
2107 3392 2326 3446 illorum
2362 3391 2517 3446 nobis
2546 3393 2802 3462 prodesse
2847 3393 3118 3445 credimus
3162 3394 3487 3453 orationem,
3535 3401 3684 3445 lauto

424 3481 478 3534 in
517 3481 702 3546 terris,
741 3490 940 3550 quanto
988 3483 1208 3552 majoris
1245 3482 1419 3537 meriti
1453 3499 1546 3536 eos
1584 3483 1854 3537 credimus
1885 3499 2004 3540 esse
2108 3484 2354 3536 devotius
2388 3482 2600 3536 illorum
2627 3482 2832 3536 meritis
2857 3481 3210 3536 exhibeaunts
3257 3483 3679 3541 venerationem.

425 3576 479 3629 itt
511 3575 681 3630 cmlis.
708 3575 846 3642 Quid
881 3579 1022 3645 apud
1050 3575 1217 3629 Deum
1248 3592 1433 3630 eorum
1460 3577 1667 3646 possint
1691 3578 2004 3639 anima:,aro
2106 3573 2407 3628 Ull'eramus
2431 3574 2573 3628 illius
2601 3574 2948 3638 sacriticium,
2981 3587 3037 3628 ut
3069 3590 3166 3644 pro
3195 3574 3350 3628 nobis
3377 3575 3556 3628 fumus
3595 3575 3682 3626 in.

426 3677 514 3720 tus
546 3665 976 3720 crauintatorum
1018 3681 1306 3735 corporum
1333 3667 1622 3721 ostendunt
1653 3669 1912 3736 quotidie.
1945 3668 2002 3723 Si
2107 3683 2390 3720 censorum
2419 3669 2676 3722 ascendat
2705 3670 2771 3720 de
2809 3669 3054 3722 oratione
3081 3678 3418 3730 sanctorum,
3458 3667 3546 3735 qui
3589 3683 3684 3736 per

422 3759 551 3830 quid
580 3759 717 3812 forte
739 3770 929 3812 natura
960 3768 1144 3830 negat,
1179 3759 1261 3812 vel
1293 3760 1616 3828 improxisus
1641 3775 1800 3814 casus
1828 3762 1879 3815 in
1906 3763 2006 3815 ltu-
2107 3773 2324 3811 manum
2351 3757 2526 3825 angeli
2555 3757 2736 3810 divino
2763 3767 3117 3826 prtescntatur
3155 3758 3466 3825 conspectui
3497 3757 3679 3828 (Aper.

425 3851 602 3904 mauis
634 3827 982 3912 debilitat,ad
1013 3865 1202 3902 eorum
1255 3849 1498 3918 sepulcra
1528 3850 1808 3904 clementia
1824 3852 2000 3905 divina
2108 3848 2259 3913 vttt);
2290 3848 2513 3918 vestigia
2551 3863 2844 3917 seqtiamur
2879 3864 3088 3910 eorum,
3113 3850 3311 3917 quibus
3361 3833 3458 3918 ipsi
3510 3846 3683 3904 secuti

427 3952 717 3995 restaurat.
741 3940 1626 4011 Cteeitatemilluminant,gressus
1648 3942 2002 4004 consolidant,
2107 3947 2231 3993 sunt
2277 3938 2580 3992 Dominum.
2609 3937 2933 3992 Gradiamur
2960 3955 3054 4008 per
3079 3941 3323 3992 semitam
3350 3940 3570 4020 iustitiae
3627 3950 3686 3996 ut

425 4034 644 4104 linguas
675 4044 946 4103 reparant,
981 4050 1143 4088 aurcs
1177 4045 1439 4098 reseraut,
1473 4035 1803 4088 dzemouibus
1835 4034 2005 4102 iutpe-
2108 4032 2486 4102 perveniamus
2506 4031 2570 4084 ad
2605 4031 2935 4084 mansionem
2985 4030 3224 4085 caelestis
3271 4032 3476 4100 patriae.
3516 4031 3686 4099 Inspi—

431 4136 576 4192 rant,
613 4140 864 4179 carceres
904 4126 1173 4194 aperiunt,
1235 4124 1444 4176 vincula
1499 4123 1792 4190 resolvunt,
1847 4109 2008 4178 elisos
2107 4125 2316 4178 ciamus
2353 4123 2863 4192 pert‘ectameoruut
2897 4123 3082 4188 vitam,
3115 4135 3167 4176 ct
3217 4139 3334 4191 qua:
3386 4123 3562 4175 minus
3600 4133 3687 4178 est

429 4223 667 4290 erigunt,
722 4221 950 4290 injustas
999 4221 1316 4289 corrigunt.
1359 4219 1537 4287 justus
1582 4219 1825 4288 diligunt.
1885 4218 2009 4271 Hzec
2109 4217 2407 4285 composita
2435 4256 2449 4278 ,
2479 4214 2827 4268 etueudemus
2859 4226 3096 4269 uestram
3121 4227 3176 4268 ut
3205 4216 3377 4270 nostri
3401 4218 3506 4270 sint
3536 4216 3686 4282 adju.

426 4323 725 4380 operantur
757 4328 851 4382 per
877 4328 1102 4380 corpora
1131 4312 1375 4380 spiritus,
1400 4309 1613 4380 quiiam
1646 4311 1844 4365 divinis
1874 4311 2009 4363 assi-
2111 4312 2316 4364 toresiu
2339 4310 2588 4380 precibus
2603 4325 2829 4378 quorum
2854 4327 3037 4362 smnus
3061 4311 3359 4364 imitatores
3385 4313 3434 4364 itt
3454 4311 3681 4368 artibus.

429 4416 578 4458 stunt
617 4404 910 4458 obtutibus.
939 4404 1077 4470 Quid
1114 4403 1331 4466 tuirum,
1355 4403 1401 4454 si
1430 4403 1788 4471 possunttalia
1821 4401 1870 4455 itt
1903 4402 2002 4455 im-
2111 4402 2902 4472 lieliuquaumsutmapostolis
2925 4404 3122 4464 omnia,
3145 4403 3381 4456 utlibere
3397 4420 3686 4473 sequamur

429 4498 778 4553 mortalitatis
811 4498 976 4566 gloria
1012 4495 1310 4558 constituti,
1343 4494 1432 4563 qui
1476 4494 1670 4547 similia
1721 4504 2005 4564 [statuerunt
2034 4525 2082 4582 υ
2113 4498 2318 4551 Domini
2347 4497 2590 4567 vestigia.
2624 4497 2946 4564 Martyribus
2976 4496 3305 4550 associemur
3331 4498 3380 4547 in
3407 4497 3685 4564 pass’one,

427 4594 526 4644 sub
559 4591 905 4644 mortalitatis
931 4592 1195 4645 velamine
1245 4591 1426 4660 p0silt.
1451 4589 1705 4660 Legimus
1743 4602 1797 4644 et
1827 4591 2000 4645 credi-
2111 4600 2166 4642 ut
2193 4589 2396 4644 eisdem
2437 4588 2820 4657 participentur
2851 4589 2902 4640 itt
2934 4589 3321 4641 consolatione.
3347 4585 3424 4641 Ne
3465 4589 3548 4640 lur
3595 4587 3687 4639 do.

432 4700 578 4745 Inus,
607 4687 821 4748 fratres,
859 4683 1043 4746 multa,
1083 4699 1200 4751 qua:
1248 4681 1511 4737 mirabilis
1559 4683 1610 4735 itt
1665 4682 1868 4737 sanctis
1909 4700 2002 4751 per
2111 4696 2252 4732 tttttttt
2279 4688 2514 4733 nostram
2543 4679 2808 4747 pet-fodiat
2835 4677 2984 4746 (Luc.
3011 4680 3129 4746 sit),
3163 4676 3530 4730 confessorqu
3560 4677 3690 4744 vigis

428 4782 649 4828 sanctos
671 4783 929 4840 eperatus
949 4784 1030 4826 est
1063 4775 1200 4827 Deus
1231 4771 1401 4842 (l’sal.
1440 4772 1607 4840 vau)
1655 4771 1707 4824 itt
1749 4772 1848 4826 hac
1873 4774 1998 4824 vita.
2112 4775 2373 4828 liasmcus
2392 4786 2572 4827 nostra
2593 4773 2873 4826 custodiat.
2893 4771 3158 4825 Orucums
3187 4770 3688 4840 lampadesuostras

430 4865 732 4921 Tzlceiillllls
766 4881 984 4918 ‘fal'tlt'lll
1027 4874 1082 4918 Cl
1128 4879 1274 4926 05$".
1332 4864 1576 4916 dicamus
1609 4863 1835 4928 "littora,
1887 4878 2004 4930 qm:
2111 4862 3692 4935 cumvirgiuilms,utintreutusadnuptias,quandovetterit

430 4970 556 5014 sunt
578 4975 742 5013 carne
790 4959 1065 5012 inferiora.
1106 4956 1421 5027 Exemplum
1452 4959 1640 5012 damus
1683 4959 1749 5012 de
1795 4957 2003 5026 paucis,
2115 4973 2368 5026 sponsus,
2391 4966 2445 5010 et
2471 4957 2558 5009 tibi
2595 4971 2692 5008 nos
2714 4965 3010 5025 per-terreat
3037 4953 3162 5006 illud
3192 4949 3690 5006 durissimuunNm

432 5060 487 5102 ut
530 5051 664 5103 lidcs
708 5048 1069 5102 dubitamium
1121 5048 1382 5102 solidetur
1438 5049 1488 5102 itt
1542 5048 1746 5103 multis.
1809 5045 2004 5101 Umbra
2109 5050 2220 5102 scio
2260 5065 2345 5102 vos
2379 5046 2765 5116 (Muttinxxv),
2798 5047 2938 5115 quod
2969 5045 3069 5099 erit
3101 5029 3386 5112 impiorum
3418 5042 3690 5106 confusio;

431 5144 657 5197 curabat
685 5141 828 5196 Petri
874 5150 1136 5211 quotquot
1170 5148 1221 5194 tu
1248 5140 1442 5210 plateis
1469 5141 1807 5208 ponebantur
1826 5139 2012 5209 aegroti
2114 5143 2205 5196 sed
2250 5140 2479 5194 Iaztilicet
2534 5154 2630 5192 cur
2673 5146 2914 5190 ttostrum
2941 5135 3206 5206 justorum
3238 5134 3563 5195 benedimio,
3600 5148 3692 5200 per

432 5237 572 5304 (Act.
612 5236 687 5304 v.)
741 5233 890 5288 l’auli
947 5233 1279 5289 setniciuctizt
1317 5234 1639 5303 expulerunt
1679 5236 1744 5289 ab
1773 5234 2012 5289 obsessis
2114 5248 2259 5293 cum,
2290 5231 2380 5302 qui
2411 5230 2624 5285 estvita
2651 5239 2700 5284 et
2719 5229 3067 5292 resurrectio,
3095 5226 3234 5283 Deus
3262 5227 3482 5279 deorum
3509 5233 3558 5277 et
3587 5223 3692 5276 Do-

431 5329 752 5399 corporibus
806 5327 1071 5382 daemonia
1123 5326 1258 5379 (Act.
1306 5329 1454 5396 six);
1511 5326 1694 5383 Jacobi
1732 5329 2008 5383 sudarium
2121 5326 2300 5381 minus
2319 5323 2681 5387 dominorum,
2710 5338 2806 5394 per
2835 5321 3027 5378 secula
3058 5319 3397 5376 saeculorum.
3431 5317 3626 5372 Anien.
