3926 6428
240 379 346 438 “3

1378 523 1616 552 ξαππς-ε

241 521 1368 556 I=z==========a=====am===m

964 380 1112 437 PIBO
1148 378 1531 438 EPISCOPUS
1563 377 1965 435 TULLENSIS.
2002 367 2091 422 --'
2113 376 2390 436 NOTITIA
2432 375 2813 434 HISTORICA.

3413 368 3526 427 ’διε

1579 517 3523 551 Mm

880 683 1545 776 RHYTHMUS
1618 685 1767 774 DE
1836 684 1931 774 S.
2019 679 2901 777 WILLIBRORDO

1217 876 1370 941 (Dom
1405 877 1685 937 Genesar.
1720 873 1916 945 Script.
1941 875 2005 930 de
2026 874 2253 940 musica,
2291 873 2355 939 ll,
2391 874 2539 940 121.)

378 1091 600 1146 Laudes
629 1091 858 1147 Christo
887 1091 973 1146 die
999 1107 1143 1147 nunc
1170 1093 1273 1147 isto

370 1184 676 1239 Celebrent
699 1199 891 1239 omnes
927 1186 1126 1248 ubique
1152 1185 1336 1241 ﬁdeles

371 1277 573 1346 Magno
610 1278 875 1347 tripudio,

368 1372 453 1429 Ob
483 1373 910 1427 venerationem
944 1373 1116 1442 patris
1147 1372 1333 1428 eximii

376 1462 575 1517 Sancti
622 1463 990 1519 Willibrordi.

377 1555 536 1610 Iluuc
561 1555 792 1609 caelitus
817 1553 1034 1623 delapsa
1065 1554 1280 1609 enitens
1310 1554 1515 1610 notavit
1543 1553 1693 1623 luna,

371 1644 507 1710 Quae
531 1643 660 1710 ejus
697 1644 863 1698 matri
894 1646 1012 1697 visa
1046 1657 1144 1713 per
1169 1642 1391 1700 cteleste
1413 1661 1623 1699 omnia.

374 1737 510 1791 llinc
542 1736 717 1791 veluti
752 1738 903 1791 sidus
933 1738 1295 1792 clarissimum

374 1828 468 1883 Sui
492 1827 631 1904 jnba
641 1829 720 1884 ris
747 1829 959 1883 radium

386 1918 489 1973 l‘er
515 1919 715 1972 mundi
747 1928 1023 1989 sparserat
1048 1919 1305 1974 circulum

391 2011 519 2064 Dum
551 2021 739 2065 tetras
767 2011 976 2080 peccati
1003 2013 1258 2069 tenebras

386 2103 541 2155 Cordi
579 2101 874 2157 hominum
902 2104 1095 2158 insitas

381 2192 535 2247 Verbi
565 2194 874 2263 splendore
902 2195 1021 2266 fuga
1032 2201 1200 2248 verat.

374 2282 486 2338 lloc
515 2298 661 2354 gens
704 2284 988 2338 Britouuin
1021 2293 1185 2355 atque
1217 2284 1472 2340 lliberuia

372 2380 505 2429 tium
534 2376 698 2431 eiuni
728 2376 941 2442 Fresia,

376 2467 491 2523 Hoc
523 2477 816 2525 testantur
841 2469 1036 2525 Francn
1058 2480 1115 2526 et
1138 2469 1391 2527 Germani

379 2561 676 2616 Gallorum
709 2562 913 2632 populi.

369 2647 478 2704 Nec
505 2649 710 2703 inclita
745 2649 1014 2720 ignoravit
1040 2651 1186 2707 hunc
1213 2654 1343 2707 urbs
1371 2653 1596 2710 llomula

370 2744 481 2798 Etsi
511 2751 726 2812 potens
751 2744 935 2799 mundi
964 2745 1204 2800 domina.

365 2835 647 2906 Angelico
673 2836 888 2906 quando
908 2836 1105 2907 pracsul
1132 2838 1326 2894 doctus
1354 2841 1575 2895 oraculo

1859 1104 1908 1163 Α

2083 1095 2235 1151 Illum
2276 1093 2618 1147 subsccravit
2658 1092 2905 1146 Domino.

2086 1189 2289 1243 Dehine
2310 1187 2432 1241 ﬁdei
2463 1185 2675 1240 fervore
2703 1201 3018 1249 succensus,

2079 1283 2222 1335 Aras
2248 1281 2552 1334 daemonum
2587 1278 2749 1350 fregit
2786 1280 3059 1350 providus.

2079 1372 2254 1431 Gladii
2293 1373 2430 1427 ictus
2462 1371 2642 1445 attigit

2086 1465 2259 1536 Ipsius
2280 1473 2468 1533 caput,
2492 1462 2700 1533 aliquid
2728 1461 2825 1518 sed
2862 1474 2970 1516 non
3001 1467 3204 1515 nocmt.
3256 1490 3259 1493 -

2078 1553 2214 1611 Nam
2249 1554 2467 1627 lympha
2489 1570 2601 1610 sua:
2631 1553 2776 1625 preci
2807 1552 3006 1608 tradita

2082 1644 2202 1700 Jam
2232 1646 2521 1700 multorum
2557 1646 2770 1717 agmina
2801 1643 3009 1715 potavit
3035 1641 3089 1697 in
3121 1639 3296 1697 arida.

2082 1736 2221 1794 Tum
2255 1737 2365 1792 vini
2394 1738 2547 1791 auxit
2576 1737 2712 1791 satis
2741 1736 2929 1806 pocula
2955 1752 2970 1790 :

2084 1829 2319 1884 lnlirmis
2348 1829 2681 1899 perplurima
2702 1830 2936 1885 contulit
2964 1826 3207 1885 subsidia

2085 1919 2185 1977 llic
2215 1921 2376 1976 hodie
2410 1936 2575 1975 verus
2604 1920 2844 1975 lsraelita

2082 2013 2304 2085 ΕΒΗ)ιί
2336 2014 2588 2068 tenebras
2613 2013 2786 2067 evasit

2085 2104 2256 2159 Vicini
2287 2112 2480 2158 auctus
2521 2104 2733 2172 spoliis.

2085 2196 2151 2251 Et
2173 2197 2395 2252 veniens
2412 2212 2535 2251 eum
2569 2196 2720 2251 lucro
2744 2195 2994 2259 ﬁdeliter.

2080 2286 2285 2341 Audire
2311 2288 2511 2341 meruit
2547 2297 2849 2356 gratanter,

2084 2378 2232 2450 Euge
2262 2378 2405 2433 intra
2437 2377 2687 2433 feliciter.

2084 2470 2177 2526 Eia
2209 2485 2357 2526 nunc
2387 2471 2566 2525 devoti
2598 2487 2758 2541 quem
2798 2481 3097 2544 rogitemus

2079 2562 2272 2619 Cuncti
2298 2578 2414 2629 ore,
2444 2564 2613 2619 corde
2639 2563 2934 2634 psallentes
2958 2581 3024 2621 ac
3056 2564 3300 2622 dicentes
3323 2578 3355 2619 :-

2082 2653 2192 2711 Nos
2224 2657 2299 2710 tui
2326 2656 2418 2726 qui
2449 2655 2586 2711 festa
2617 2656 2845 2710 colimus

2080 2745 2260 2802 Mente
2288 2748 2399 2817 pia,
2428 2763 2462 2802 ο
2492 2747 2751 2810 clemens,
2784 2747 3079 2803 clementer

2081 2838 2290 2909 Adjuva
2319 2855 2557 2910 semper.

250 3035 3515 3087 ηΕΕΞΞΞΞΞΞΞΞΞΞΞΞΞΞΞΞΞΞΞΞΞΞΞΞΞΞΞΞΞΞΞΞΞΞΞΞΞΞΞΞΞΞΞΞΞΞΕΞΞΞΞΕΕΞΕΞΞΞΞΞΞΞΞΞΞΞΕΞΞ.

1532 3212 1703 3256 ΛΧΝΟ
1754 3214 1979 3256 DOMINI
2042 3215 2217 3257 ICVII

576 3380 1026 3707 uno
1177 3384 2083 3619 uisurus
2231 3385 3131 3661 militum

2584 3624 2743 3647 μμ..-

1165 3906 1763 4022 ΝΟΤΙΤΙΑ
1846 3904 2624 4022 HISTORICA

990 4127 1088 4199 (εἰς
1122 4125 1298 4181 Gallia
1326 4125 1619 4180 christiana
1654 4137 1806 4178 nova:
1840 4124 2115 4187 editionis,
2150 4134 2279 4178 tom.
2330 4123 2469 4185 XIII,
2498 4137 2620 4193 pag.
2648 4121 2773 4185 99f)

310 4408 534 4464 Natione
578 4403 895 4461 Saxoniens
924 4400 1055 4456 Pilio
1085 4402 1169 4457 vel
1204 4400 1406 4470 Poppo,
1455 4410 1708 4472 parentes
1735 4413 1828 4470 ge~
1858 4405 1900 4462 C
1932 4400 2314 4454 assistentibus
2363 4399 2587 4454 Metensi
2621 4410 2678 4455 et
2701 4399 3022 4453 Virdunensi
3062 4400 3401 4469 praesulibus,
3430 4403 3522 4471 qui

247 4516 363 4556 nere
386 4501 567 4556 claros
599 4496 819 4557 habuit,
860 4502 1069 4565 patrem
1121 4493 1329 4551 scilicet
1360 4490 1748 4548 Thcotmarum
1775 4498 1832 4545 et
1938 4503 2134 4543 novum
2175 4491 2491 4561 episcopum
2523 4506 2695 4560 usque
2745 4489 2958 4544 Tullum
2995 4492 3266 4555 comitati,
3300 4494 3519 4563 pmuiﬂ.

249 4598 460 4645 matrem
488 4588 843 4661 Dnguercam
884 4584 958 4638 al.
986 4580 1236 4639 Udicam.
1271 4582 1386 4637 Sub
1412 4583 1640 4637 Aunone
1664 4580 1835 4652 magi-

244 4691 370 4750 ιιι-ο,
392 4681 487 4750 qui
509 4690 704 4752 postea
746 4675 1082 4733 Coloniensis
1138 4674 1311 4730 factus
1335 4674 1434 4730 fuit
1475 4673 1836 4742 archiepisco-

243 4784 352 4838 pus,
385 4787 490 4827 sex
521 4773 766 4840 integros
795 4782 966 4822 annos
988 4766 1184 4821 litteris
1210 4766 1435 4819 studuit.
1465 4763 1709 4818 Primum
1734 4764 1836 4818 fuit

245 4863 543 4917 canonicos
570 4861 623 4914 in
653 4858 884 4913 ecclesia
914 4856 1363 4913 Alberstadieusi.
1388 4865 1500 4910 tum
1528 4855 1580 4910 in
1608 4855 1833 4926 Mogun-

246 4954 449 5008 liuensi.
495 4952 701 5007 Dehinc
728 4949 797 5004 ab
827 4949 1160 5018 imperatore
1187 4945 1420 5001 Henrico
1439 4945 1504 5002 IV
1531 4945 1833 5016 eleemosy-

246 5047 373 5102 uarii
399 5057 461 5103 et
515 5042 829 5102 cancellarii
862 5055 1085 5097 munere
1116 5042 1453 5103 honestatus,
1491 5054 1614 5094 cum
1640 5039 1832 5092 eodem

244 5136 491 5207 principe
519 5151 661 5190 anno
690 5134 830 5187 1070
882 5131 1094 5186 Tullum
1146 5130 1393 5190 accessit,
1446 5130 1561 5198 ipso
1591 5138 1834 5200 tempore

167 5291 175 5298 _
245 5243 343 5294 quo
368 5231 437 5284 de
472 5226 721 5297 przesulis
753 5224 1019 5281 elecﬁone
1043 5221 1323 5294 agebatur.
1374 5221 1593 5278 Pibonis
1623 5237 1834 5295 genua-

247 5335 338 5374 nus
357 5319 672 5375 Bernardns
698 5331 881 5372 comes
908 5316 1038 5371 nihil
1062 5331 1168 5370 non
1201 5314 1370 5369 movit
1389 5316 1529 5384 apud
1552 5314 1831 5368 Caesarem

245 5418 300 5461 ut
319 5408 383 5463 ad
409 5406 789 5478 epise0palem
830 5405 1149 5473 dignitatem
1188 5402 1359 5458 frater
1396 5414 1528 5457 suus
1547 5416 1833 5470 promove-

247 5511 408 5556 retur.
440 5501 707 5570 Equidem
755 5498 1026 5562 cauonici,
1076 5497 1335 5568 principis
1376 5495 1595 5566 cognita
1643 5495 1831 5550 volun-

252 5608 372 5664 tate,
398 5598 641 5655 unanimi
668 5607 797 5653 voto
822 5596 1081 5651 Pibonein
1113 5595 1162 5649 iu
1192 5595 1504 5664 episcopum
1529 5592 1827 5664 elegerunt.

249 5684 496 5747 Probavit
522 5689 847 5746 electionem
884 5686 1223 5743 Trevireusis
1248 5684 1713 5755 archiepiscopus,
1739 5697 1829 5737 ro-

250 5786 501 5853 gatusque
535 5782 602 5835 ah
636 5783 961 5851 imperatore
991 5778 1147 5834 lictis
1190 5778 1420 5834 electum
1454 5777 1815 5841 consecravit;

1937 4579 2042 4635 cali
2072 4580 2186 4637 sedi
2234 4582 2636 4652 imposuerunt.
2690 4580 2910 4650 Linguae
2943 4581 3273 4638 Tullensium
3322 4584 3520 4640 inscius

1937 4669 2090 4731 Pibo,
2117 4670 2273 4725 valde
2323 4668 2757 4743 ingemuitquod
2805 4671 3060 4742 populum
3110 4673 3212 4727 sibi
3254 4672 3521 4730 creditum

1937 4762 2109 4832 patria
2157 4762 2338 4833 lingua
2384 4761 2604 4818 erudire
2640 4778 2746 4817 non
2793 4770 2985 4832 posset
3013 4780 3028 4817 :
3054 4778 3244 4818 verum
3270 4766 3373 4820 etsi
3401 4765 3517 4835 jam

1936 4853 2354 4923 sexagenarius,
2410 4862 2612 4908 tantam
2683 4853 2960 4909 Francieae
3019 4854 3218 4923 lingua:
3273 4857 3521 4913 exhibuit

1934 4957 2175 5011 operam,
2199 4952 2259 4996 ut
2281 4958 2394 4997 uno
2415 4943 2597 4997 minus
2628 4959 2772 4998 anno
2791 4943 3003 5014 plebem
3032 4960 3185 4999 suam
3211 4962 3382 5015 capax
3411 4947 3521 5001 fue-

1938 5034 2010 5089 rit
2029 5037 2284 5090 edocere.
2312 5034 2641 5090 Adalberoui
2665 5036 2848 5090 abbati
2883 5037 2942 5091 S.
2974 5036 3198 5109 Beuigni
3231 5039 3522 5097 Divionen-

1936 5126 2013 5180 sis
2061 5124 2233 5181 factas
2282 5143 2312 5180 a
2342 5126 2723 5182 decessoribus
2761 5128 2878 5182 suis
2908 5128 3231 5186 donationes
3262 5132 3365 5188 hoc
3401 5133 3521 5202 ipso

1934 5233 2077 5272 anno
2101 5218 2236 5274 l090
2256 5218 2616 5274 conﬁrmavit.
2647 5219 2942 5289 Epistulam
2972 5222 3116 5277 circa
3148 5238 3349 5279 annum
3380 5227 3520 5281 1079.

1934 5313 2005 5368 ab
2027 5312 2336 5367 Alexandro
2366 5311 2408 5366 ll
2431 5328 2564 5383 papa
2589 5314 2821 5382 accepit,
2853 5329 2957 5384 qua
2990 5315 3237 5385 pontifex
3268 5319 3520 5386 queritur

1933 5403 2075 5473 quod
2104 5402 2192 5458 ille
2213 5402 2499 5459 ecclesiam
2547 5405 2733 5460 Sancti
2778 5405 3043 5474 Mauricii,
3080 5408 3241 5463 sitam
3304 5409 3358 5465 in
3393 5408 3516 5467 loro

1933 5496 2024 5565 qui
2056 5495 2255 5551 dicitur
2281 5496 2443 5560 Villa,
2469 5511 2630 5566 super
2652 5496 2887 5562 Blesain,
2915 5497 3104 5551 eadem
3131 5498 3380 5555 libertate
3405 5500 3519 5554 vela

1933 5588 2007 5644 let
2046 5589 2333 5645 destruere
2374 5604 2478 5658 qua
2524 5591 2757 5645 donmus
2797 5588 2917 5644 Leo-
2953 5604 3092 5661 papa
3150 5590 3516 5648 Dervensibus

1932 5689 2301 5744 concesserat,
2326 5690 2387 5735 ut
2407 5681 2537 5736 inibi
2572 5680 2880 5736 habitantes
2904 5683 3154 5738 monachi
3182 5684 3387 5752 absque
3408 5683 3513 5738 ulla

1932 5774 2205 5845 emptione
2238 5773 2414 5828 altare
2480 5770 2537 5827 S.
2592 5771 2832 5827 Mauricii
2865 5782 3125 5842 perpetuo
3153 5774 3513 5844 possiderent,
