  <div class='ocr_page' id='page_1' title='image "/cluster/home/n/w/nwhite01/storage/ocr_20150623/157/hvd.32044010248185/213.png"; bbox 0 0 4106 6356; ppageno 0'>
   <div class='ocr_carea' id='block_1_1' title="bbox 485 326 590 384">
    <p class='ocr_par' dir='ltr' id='par_1_1' title="bbox 485 326 590 384">
     <span class='ocr_line' id='line_1_1' title="bbox 485 326 590 384; baseline 0.019 -2"><span class='ocrx_word' id='word_1_1' title='bbox 485 326 590 384; x_wconf 73' lang='grc'><strong>415</strong></span> 
     </span>
    </p>
   </div>
   <div class='ocr_carea' id='block_1_2' title="bbox 484 537 2064 606">
    <p class='ocr_par' dir='ltr' id='par_1_2' title="bbox 484 537 2064 606">
     <span class='ocr_line' id='line_1_2' title="bbox 484 537 2064 606; baseline 0.012 -19"><span class='ocrx_word' id='word_1_2' title='bbox 484 548 705 589; x_wconf 88' lang='lat' dir='ltr'><strong>censum</strong></span> <span class='ocrx_word' id='word_1_3' title='bbox 740 537 1088 605; x_wconf 78' lang='lat' dir='ltr'><strong>persolveret.</strong></span> <span class='ocrx_word' id='word_1_4' title='bbox 1120 539 1389 597; x_wconf 87' lang='lat' dir='ltr'><strong>Plorimas</strong></span> <span class='ocrx_word' id='word_1_5' title='bbox 1427 559 1514 597; x_wconf 86' lang='lat' dir='ltr'><strong>res</strong></span> <span class='ocrx_word' id='word_1_6' title='bbox 1542 547 1732 602; x_wconf 89' lang='lat' dir='ltr'><strong>eodem</strong></span> <span class='ocrx_word' id='word_1_7' title='bbox 1776 566 1918 604; x_wconf 88' lang='lat' dir='ltr'><strong>anno</strong></span> <span class='ocrx_word' id='word_1_8' title='bbox 1946 568 2064 606; x_wconf 88' lang='lat' dir='ltr'><strong>mo-</strong></span> 
     </span>
    </p>
   </div>
   <div class='ocr_carea' id='block_1_3' title="bbox 488 629 2061 721">
    <p class='ocr_par' dir='ltr' id='par_1_3' title="bbox 488 629 2061 721">
     <span class='ocr_line' id='line_1_3' title="bbox 488 629 2061 721; baseline 0.011 -40"><span class='ocrx_word' id='word_1_9' title='bbox 488 629 727 683; x_wconf 85' lang='lat' dir='ltr'><strong>nasterio</strong></span> <span class='ocrx_word' id='word_1_10' title='bbox 772 630 944 685; x_wconf 83' lang='lat' dir='ltr'><strong>sancti</strong></span> <span class='ocrx_word' id='word_1_11' title='bbox 986 632 1117 701; x_wconf 77' lang='lat' dir='ltr'><strong>Apri</strong></span> <span class='ocrx_word' id='word_1_12' title='bbox 1165 632 1298 688; x_wconf 86' lang='lat' dir='ltr'><strong>Pibo</strong></span> <span class='ocrx_word' id='word_1_13' title='bbox 1324 634 1572 704; x_wconf 83' lang='lat' dir='ltr'><strong>indulsit,</strong></span> <span class='ocrx_word' id='word_1_14' title='bbox 1601 640 1854 696; x_wconf 79' lang='lat' dir='ltr'><strong>videlicet</strong></span> <span class='ocrx_word' id='word_1_15' title='bbox 1886 642 2061 721; x_wconf 82' lang='lat' dir='ltr'><strong>altare</strong></span> 
     </span>
    </p>
   </div>
   <div class='ocr_carea' id='block_1_4' title="bbox 484 718 2060 795">
    <p class='ocr_par' dir='ltr' id='par_1_4' title="bbox 484 718 2060 795">
     <span class='ocr_line' id='line_1_4' title="bbox 484 718 2060 795; baseline 0.015 -26"><span class='ocrx_word' id='word_1_16' title='bbox 484 718 553 770; x_wconf 87' lang='lat' dir='ltr'><strong>de</strong></span> <span class='ocrx_word' id='word_1_17' title='bbox 583 718 885 775; x_wconf 78' lang='lat' dir='ltr'><strong>Bladcuaco</strong></span> <span class='ocrx_word' id='word_1_18' title='bbox 920 738 1085 792; x_wconf 82' lang='lat' dir='ltr'><strong>super</strong></span> <span class='ocrx_word' id='word_1_19' title='bbox 1128 723 1427 795; x_wconf 82' lang='lat' dir='ltr'><strong>Mosellam,</strong></span> <span class='ocrx_word' id='word_1_20' title='bbox 1473 739 1523 784; x_wconf 92' lang='lat' dir='ltr'><strong>et</strong></span> <span class='ocrx_word' id='word_1_21' title='bbox 1568 731 1741 787; x_wconf 87' lang='lat' dir='ltr'><strong>altare</strong></span> <span class='ocrx_word' id='word_1_22' title='bbox 1787 736 1854 789; x_wconf 91' lang='lat' dir='ltr'><strong>de</strong></span> <span class='ocrx_word' id='word_1_23' title='bbox 1894 718 2060 792; x_wconf 87' lang='lat' dir='ltr'><strong>Fanis</strong></span> 
     </span>
    </p>
   </div>
   <div class='ocr_carea' id='block_1_5' title="bbox 481 810 2061 891">
    <p class='ocr_par' dir='ltr' id='par_1_5' title="bbox 481 810 2061 891">
     <span class='ocr_line' id='line_1_5' title="bbox 481 810 2061 891; baseline 0.015 -29"><span class='ocrx_word' id='word_1_24' title='bbox 481 810 625 865; x_wconf 90' lang='lat' dir='ltr'><strong>ultra</strong></span> <span class='ocrx_word' id='word_1_25' title='bbox 672 810 876 867; x_wconf 85' lang='lat' dir='ltr'><strong>Mosam</strong></span> <span class='ocrx_word' id='word_1_26' title='bbox 934 813 1092 883; x_wconf 75' lang='lat' dir='ltr'><strong>juxta</strong></span> <span class='ocrx_word' id='word_1_27' title='bbox 1139 817 1368 875; x_wconf 88' lang='lat' dir='ltr'><strong>Barrum</strong></span> <span class='ocrx_word' id='word_1_28' title='bbox 1398 833 1668 891; x_wconf 89' lang='lat' dir='ltr'><strong>castrum;</strong></span> <span class='ocrx_word' id='word_1_29' title='bbox 1718 828 2061 886; x_wconf 80' lang='lat' dir='ltr'><strong>conﬁrmavit</strong></span> 
     </span>
    </p>
   </div>
   <div class='ocr_carea' id='block_1_6' title="bbox 476 902 2058 981">
    <p class='ocr_par' dir='ltr' id='par_1_6' title="bbox 476 902 2058 981">
     <span class='ocr_line' id='line_1_6' title="bbox 476 902 2058 981; baseline 0.017 -28"><span class='ocrx_word' id='word_1_30' title='bbox 476 902 640 955; x_wconf 89' lang='lat' dir='ltr'><strong>etiam</strong></span> <span class='ocrx_word' id='word_1_31' title='bbox 666 904 850 959; x_wconf 83' lang='lat' dir='ltr'><strong>omnia</strong></span> <span class='ocrx_word' id='word_1_32' title='bbox 877 921 998 977; x_wconf 83' lang='lat' dir='ltr'><strong>quae</strong></span> <span class='ocrx_word' id='word_1_33' title='bbox 1046 910 1222 966; x_wconf 88' lang='lat' dir='ltr'><strong>eidem</strong></span> <span class='ocrx_word' id='word_1_34' title='bbox 1252 912 1371 969; x_wconf 89' lang='lat' dir='ltr'><strong>loco</strong></span> <span class='ocrx_word' id='word_1_35' title='bbox 1392 915 1459 968; x_wconf 87' lang='lat' dir='ltr'><strong>ab</strong></span> <span class='ocrx_word' id='word_1_36' title='bbox 1482 922 1919 977; x_wconf 75' lang='lat' dir='ltr'><strong>antecessoribus</strong></span> <span class='ocrx_word' id='word_1_37' title='bbox 1942 924 2058 981; x_wconf 91' lang='lat' dir='ltr'><strong>suis</strong></span> 
     </span>
    </p>
   </div>
   <div class='ocr_carea' id='block_1_7' title="bbox 480 992 2060 1086">
    <p class='ocr_par' dir='ltr' id='par_1_7' title="bbox 480 992 2060 1086">
     <span class='ocr_line' id='line_1_7' title="bbox 480 992 2060 1086; baseline 0.018 -41"><span class='ocrx_word' id='word_1_38' title='bbox 480 992 669 1049; x_wconf 77' lang='lat' dir='ltr'><strong>aliisve</strong></span> <span class='ocrx_word' id='word_1_39' title='bbox 694 996 1047 1057; x_wconf 70' lang='lat' dir='ltr'><strong>donator-ibus</strong></span> <span class='ocrx_word' id='word_1_40' title='bbox 1082 1006 1282 1061; x_wconf 86' lang='lat' dir='ltr'><strong>tradita</strong></span> <span class='ocrx_word' id='word_1_41' title='bbox 1335 1008 1571 1064; x_wconf 85' lang='lat' dir='ltr'><strong>fuerant.</strong></span> <span class='ocrx_word' id='word_1_42' title='bbox 1626 1012 1812 1068; x_wconf 69' lang='lat' dir='ltr'><strong>Vetuit</strong></span> <span class='ocrx_word' id='word_1_43' title='bbox 1839 1015 2060 1086; x_wconf 90' lang='lat' dir='ltr'><strong>insuper</strong></span> 
     </span>
    </p>
   </div>
   <div class='ocr_carea' id='block_1_8' title="bbox 476 1082 2057 1162">
    <p class='ocr_par' dir='ltr' id='par_1_8' title="bbox 476 1082 2057 1162">
     <span class='ocr_line' id='line_1_8' title="bbox 476 1082 2057 1162; baseline 0.016 -26"><span class='ocrx_word' id='word_1_44' title='bbox 476 1082 531 1138; x_wconf 89' lang='lat' dir='ltr'><strong>in</strong></span> <span class='ocrx_word' id='word_1_45' title='bbox 559 1086 767 1154; x_wconf 77' lang='lat' dir='ltr'><strong>synodo</strong></span> <span class='ocrx_word' id='word_1_46' title='bbox 797 1104 863 1143; x_wconf 91' lang='lat' dir='ltr'><strong>ne</strong></span> <span class='ocrx_word' id='word_1_47' title='bbox 898 1090 1040 1145; x_wconf 90' lang='lat' dir='ltr'><strong>ullus</strong></span> <span class='ocrx_word' id='word_1_48' title='bbox 1067 1096 1322 1162; x_wconf 82' lang='lat' dir='ltr'><strong>toparclta</strong></span> <span class='ocrx_word' id='word_1_49' title='bbox 1356 1099 1956 1159; x_wconf 75' lang='lat' dir='ltr'><strong>vassallosmouastcrii</strong></span> <span class='ocrx_word' id='word_1_50' title='bbox 1989 1108 2057 1161; x_wconf 89' lang='lat' dir='ltr'><strong>ad</strong></span> 
     </span>
    </p>
   </div>
   <div class='ocr_carea' id='block_1_9' title="bbox 474 1178 2052 1265">
    <p class='ocr_par' dir='ltr' id='par_1_9' title="bbox 474 1178 2052 1265">
     <span class='ocr_line' id='line_1_9' title="bbox 474 1178 2052 1265; baseline 0.015 -36"><span class='ocrx_word' id='word_1_51' title='bbox 474 1178 738 1245; x_wconf 73' lang='lat' dir='ltr'><strong>capienda</strong></span> <span class='ocrx_word' id='word_1_52' title='bbox 783 1196 935 1236; x_wconf 83' lang='lat' dir='ltr'><strong>artua</strong></span> <span class='ocrx_word' id='word_1_53' title='bbox 981 1194 1201 1254; x_wconf 78' lang='lat' dir='ltr'><strong>cogeret</strong></span> <span class='ocrx_word' id='word_1_54' title='bbox 1240 1188 1445 1258; x_wconf 77' lang='lat' dir='ltr'><strong>absque</strong></span> <span class='ocrx_word' id='word_1_55' title='bbox 1496 1206 1762 1248; x_wconf 86' lang='lat' dir='ltr'><strong>consensu</strong></span> <span class='ocrx_word' id='word_1_56' title='bbox 1821 1196 2052 1265; x_wconf 90' lang='lat' dir='ltr'><strong>abbatis,</strong></span> 
     </span>
    </p>
   </div>
   <div class='ocr_carea' id='block_1_10' title="bbox 472 1270 2053 1359">
    <p class='ocr_par' dir='ltr' id='par_1_10' title="bbox 472 1270 2053 1359">
     <span class='ocr_line' id='line_1_10' title="bbox 472 1270 2053 1359; baseline 0.015 -39"><span class='ocrx_word' id='word_1_57' title='bbox 472 1284 633 1336; x_wconf 85' lang='lat' dir='ltr'><strong>quem</strong></span> <span class='ocrx_word' id='word_1_58' title='bbox 685 1270 882 1335; x_wconf 89' lang='lat' dir='ltr'><strong>solum,</strong></span> <span class='ocrx_word' id='word_1_59' title='bbox 939 1274 1023 1328; x_wconf 77' lang='lat' dir='ltr'><strong>vel</strong></span> <span class='ocrx_word' id='word_1_60' title='bbox 1077 1281 1398 1334; x_wconf 88' lang='lat' dir='ltr'><strong>tuonachuut</strong></span> <span class='ocrx_word' id='word_1_61' title='bbox 1457 1284 1527 1338; x_wconf 89' lang='lat' dir='ltr'><strong>ab</strong></span> <span class='ocrx_word' id='word_1_62' title='bbox 1577 1301 1643 1340; x_wconf 92' lang='lat' dir='ltr'><strong>co</strong></span> <span class='ocrx_word' id='word_1_63' title='bbox 1690 1288 2053 1359; x_wconf 76' lang='lat' dir='ltr'><strong>designatum,</strong></span> 
     </span>
    </p>
   </div>
   <div class='ocr_carea' id='block_1_11' title="bbox 477 1360 2056 1434">
    <p class='ocr_par' dir='ltr' id='par_1_11' title="bbox 477 1360 2056 1434">
     <span class='ocr_line' id='line_1_11' title="bbox 477 1360 2056 1434; baseline 0.015 -24"><span class='ocrx_word' id='word_1_64' title='bbox 477 1360 755 1428; x_wconf 81' lang='lat' dir='ltr'><strong>pcnesjus</strong></span> <span class='ocrx_word' id='word_1_65' title='bbox 800 1373 946 1417; x_wconf 84' lang='lat' dir='ltr'><strong>esset</strong></span> <span class='ocrx_word' id='word_1_66' title='bbox 993 1364 1114 1420; x_wconf 85' lang='lat' dir='ltr'><strong>illos</strong></span> <span class='ocrx_word' id='word_1_67' title='bbox 1168 1368 1234 1422; x_wconf 89' lang='lat' dir='ltr'><strong>ad</strong></span> <span class='ocrx_word' id='word_1_68' title='bbox 1289 1370 1535 1426; x_wconf 76' lang='lat' dir='ltr'><strong>militiam</strong></span> <span class='ocrx_word' id='word_1_69' title='bbox 1563 1374 2056 1434; x_wconf 85' lang='lat' dir='ltr'><strong>deducendi.lnter</strong></span> 
     </span>
    </p>
   </div>
   <div class='ocr_carea' id='block_1_12' title="bbox 476 1448 2055 1537">
    <p class='ocr_par' dir='ltr' id='par_1_12' title="bbox 476 1448 2055 1537">
     <span class='ocr_line' id='line_1_12' title="bbox 476 1448 2055 1537; baseline 0.018 -38"><span class='ocrx_word' id='word_1_70' title='bbox 476 1448 762 1506; x_wconf 78' lang='lat' dir='ltr'><strong>Widoncm</strong></span> <span class='ocrx_word' id='word_1_71' title='bbox 795 1452 1034 1523; x_wconf 78' lang='lat' dir='ltr'><strong>cjusdettt</strong></span> <span class='ocrx_word' id='word_1_72' title='bbox 1064 1462 1295 1515; x_wconf 75' lang='lat' dir='ltr'><strong>t-(euobii</strong></span> <span class='ocrx_word' id='word_1_73' title='bbox 1329 1463 1514 1520; x_wconf 79' lang='lat' dir='ltr'><strong>Sancti</strong></span> <span class='ocrx_word' id='word_1_74' title='bbox 1557 1466 1688 1537; x_wconf 82' lang='lat' dir='ltr'><strong>Apri</strong></span> <span class='ocrx_word' id='word_1_75' title='bbox 1720 1470 1972 1527; x_wconf 79' lang='lat' dir='ltr'><strong>abbatem</strong></span> <span class='ocrx_word' id='word_1_76' title='bbox 1999 1483 2055 1528; x_wconf 89' lang='lat' dir='ltr'><strong>et</strong></span> 
     </span>
    </p>
   </div>
   <div class='ocr_carea' id='block_1_13' title="bbox 472 1542 2053 1633">
    <p class='ocr_par' dir='ltr' id='par_1_13' title="bbox 472 1542 2053 1633">
     <span class='ocr_line' id='line_1_13' title="bbox 472 1542 2053 1633; baseline 0.016 -37"><span class='ocrx_word' id='word_1_77' title='bbox 472 1542 782 1599; x_wconf 86' lang='lat' dir='ltr'><strong>Odclricuut</strong></span> <span class='ocrx_word' id='word_1_78' title='bbox 815 1549 1037 1603; x_wconf 87' lang='lat' dir='ltr'><strong>militem</strong></span> <span class='ocrx_word' id='word_1_79' title='bbox 1061 1566 1304 1609; x_wconf 78' lang='lat' dir='ltr'><strong>exortam</strong></span> <span class='ocrx_word' id='word_1_80' title='bbox 1333 1556 1399 1613; x_wconf 86' lang='lat' dir='ltr'><strong>de</strong></span> <span class='ocrx_word' id='word_1_81' title='bbox 1429 1561 1675 1628; x_wconf 86' lang='lat' dir='ltr'><strong>portione</strong></span> <span class='ocrx_word' id='word_1_82' title='bbox 1718 1565 1901 1633; x_wconf 68' lang='lat' dir='ltr'><strong>praedii</strong></span> <span class='ocrx_word' id='word_1_83' title='bbox 1925 1565 2053 1620; x_wconf 87' lang='lat' dir='ltr'><strong>Bai-</strong></span> 
     </span>
    </p>
   </div>
   <div class='ocr_carea' id='block_1_14' title="bbox 472 1635 2050 1717">
    <p class='ocr_par' dir='ltr' id='par_1_14' title="bbox 472 1635 2050 1717">
     <span class='ocr_line' id='line_1_14' title="bbox 472 1635 2050 1717; baseline 0.017 -30"><span class='ocrx_word' id='word_1_84' title='bbox 472 1635 672 1690; x_wconf 71' lang='lat' dir='ltr'><strong>nivillre</strong></span> <span class='ocrx_word' id='word_1_85' title='bbox 698 1644 1121 1697; x_wconf 87' lang='lat' dir='ltr'><strong>controversiam</strong></span> <span class='ocrx_word' id='word_1_86' title='bbox 1151 1652 1486 1717; x_wconf 81' lang='lat' dir='ltr'><strong>compescuit</strong></span> <span class='ocrx_word' id='word_1_87' title='bbox 1509 1669 1538 1707; x_wconf 94' lang='lat' dir='ltr'><strong>v</strong></span> <span class='ocrx_word' id='word_1_88' title='bbox 1558 1653 1637 1708; x_wconf 90' lang='lat' dir='ltr'><strong>ld.</strong></span> <span class='ocrx_word' id='word_1_89' title='bbox 1668 1654 1856 1711; x_wconf 86' lang='lat' dir='ltr'><strong>Octob.</strong></span> <span class='ocrx_word' id='word_1_90' title='bbox 1892 1658 2050 1715; x_wconf 76' lang='grc'>1074.</span> 
     </span>
    </p>
   </div>
   <div class='ocr_carea' id='block_1_15' title="bbox 467 1726 2051 1812">
    <p class='ocr_par' dir='ltr' id='par_1_15' title="bbox 467 1726 2051 1812">
     <span class='ocr_line' id='line_1_15' title="bbox 467 1726 2051 1812; baseline 0.018 -32"><span class='ocrx_word' id='word_1_91' title='bbox 467 1726 549 1781; x_wconf 75' lang='grc' dir='ltr'><strong>Λᾶ</strong></span> <span class='ocrx_word' id='word_1_92' title='bbox 574 1730 744 1811; x_wconf 69' lang='lat' dir='ltr'><strong>ipsius</strong></span> <span class='ocrx_word' id='word_1_93' title='bbox 764 1731 1013 1792; x_wconf 85' lang='lat' dir='ltr'><strong>Widouis</strong></span> <span class='ocrx_word' id='word_1_94' title='bbox 1061 1738 1275 1795; x_wconf 81' lang='lat' dir='ltr'><strong>abbatis</strong></span> <span class='ocrx_word' id='word_1_95' title='bbox 1306 1759 1494 1812; x_wconf 81' lang='lat' dir='ltr'><strong>preces</strong></span> <span class='ocrx_word' id='word_1_96' title='bbox 1547 1762 1692 1802; x_wconf 89' lang='lat' dir='ltr'><strong>anno</strong></span> <span class='ocrx_word' id='word_1_97' title='bbox 1729 1750 1860 1807; x_wconf 79' lang='lat' dir='ltr'><strong>l0&#39;9</strong></span> <span class='ocrx_word' id='word_1_98' title='bbox 1887 1762 1943 1807; x_wconf 91' lang='lat' dir='ltr'><strong>et</strong></span> <span class='ocrx_word' id='word_1_99' title='bbox 1970 1754 2051 1807; x_wconf 84' lang='lat' dir='ltr'><strong>iu-</strong></span> 
     </span>
    </p>
   </div>
   <div class='ocr_carea' id='block_1_16' title="bbox 468 1825 2045 1913">
    <p class='ocr_par' dir='ltr' id='par_1_16' title="bbox 468 1825 2045 1913">
     <span class='ocr_line' id='line_1_16' title="bbox 468 1825 2045 1913; baseline 0.018 -41"><span class='ocrx_word' id='word_1_100' title='bbox 468 1825 715 1891; x_wconf 89' lang='lat' dir='ltr'><strong>sequenti</strong></span> <span class='ocrx_word' id='word_1_101' title='bbox 790 1843 881 1882; x_wconf 88' lang='lat' dir='ltr'><strong>res</strong></span> <span class='ocrx_word' id='word_1_102' title='bbox 933 1845 1124 1886; x_wconf 91' lang='lat' dir='ltr'><strong>omnes</strong></span> <span class='ocrx_word' id='word_1_103' title='bbox 1171 1843 1280 1889; x_wconf 89' lang='lat' dir='ltr'><strong>tam</strong></span> <span class='ocrx_word' id='word_1_104' title='bbox 1335 1853 1366 1891; x_wconf 88' lang='lat' dir='ltr'><strong>a</strong></span> <span class='ocrx_word' id='word_1_105' title='bbox 1427 1839 1738 1897; x_wconf 83' lang='lat' dir='ltr'><strong>Bruchardo</strong></span> <span class='ocrx_word' id='word_1_106' title='bbox 1800 1859 1963 1913; x_wconf 90' lang='lat' dir='ltr'><strong>quam</strong></span> <span class='ocrx_word' id='word_1_107' title='bbox 2015 1865 2045 1901; x_wconf 89' lang='lat' dir='ltr'><strong>a</strong></span> 
     </span>
    </p>
   </div>
   <div class='ocr_carea' id='block_1_17' title="bbox 465 1910 2044 2001">
    <p class='ocr_par' dir='ltr' id='par_1_17' title="bbox 465 1910 2044 2001">
     <span class='ocr_line' id='line_1_17' title="bbox 465 1910 2044 2001; baseline 0.018 -34"><span class='ocrx_word' id='word_1_108' title='bbox 465 1910 732 1969; x_wconf 85' lang='lat' dir='ltr'><strong>Gauzlino</strong></span> <span class='ocrx_word' id='word_1_109' title='bbox 754 1929 809 1973; x_wconf 86' lang='lat' dir='ltr'><strong>ct</strong></span> <span class='ocrx_word' id='word_1_110' title='bbox 837 1919 1089 1980; x_wconf 87' lang='lat' dir='ltr'><strong>Bruuouc</strong></span> <span class='ocrx_word' id='word_1_111' title='bbox 1111 1923 1311 1982; x_wconf 88' lang='lat' dir='ltr'><strong>Sancto</strong></span> <span class='ocrx_word' id='word_1_112' title='bbox 1345 1928 1495 2001; x_wconf 74' lang='lat' dir='ltr'><strong>Apro</strong></span> <span class='ocrx_word' id='word_1_113' title='bbox 1526 1934 1756 1990; x_wconf 84' lang='lat' dir='ltr'><strong>traditas</strong></span> <span class='ocrx_word' id='word_1_114' title='bbox 1782 1910 2044 1997; x_wconf 76' lang='lat' dir='ltr'><strong>laudavit.</strong></span> 
     </span>
    </p>
   </div>
   <div class='ocr_carea' id='block_1_18' title="bbox 470 2001 2037 2096">
    <p class='ocr_par' dir='ltr' id='par_1_18' title="bbox 470 2001 2037 2096">
     <span class='ocr_line' id='line_1_18' title="bbox 470 2001 2037 2096; baseline 0.019 -37"><span class='ocrx_word' id='word_1_115' title='bbox 470 2001 585 2059; x_wconf 87' lang='lat' dir='ltr'><strong>Una</strong></span> <span class='ocrx_word' id='word_1_116' title='bbox 612 2021 735 2062; x_wconf 91' lang='lat' dir='ltr'><strong>cum</strong></span> <span class='ocrx_word' id='word_1_117' title='bbox 766 2009 1099 2071; x_wconf 86' lang='lat' dir='ltr'><strong>Herimanno</strong></span> <span class='ocrx_word' id='word_1_118' title='bbox 1125 2019 1378 2092; x_wconf 82' lang='lat' dir='ltr'><strong>episcopo</strong></span> <span class='ocrx_word' id='word_1_119' title='bbox 1420 2023 1665 2091; x_wconf 82' lang='lat' dir='ltr'><strong>llletensi,</strong></span> <span class='ocrx_word' id='word_1_120' title='bbox 1706 2030 1860 2096; x_wconf 60' lang='lat' dir='ltr'><strong>cujus</strong></span> <span class='ocrx_word' id='word_1_121' title='bbox 1886 2032 2037 2087; x_wconf 83' lang='lat' dir='ltr'><strong>inau-</strong></span> 
     </span>
    </p>
   </div>
   <div class='ocr_carea' id='block_1_19' title="bbox 465 2097 2043 2182">
    <p class='ocr_par' dir='ltr' id='par_1_19' title="bbox 465 2097 2043 2182">
     <span class='ocr_line' id='line_1_19' title="bbox 465 2097 2043 2182; baseline 0.023 -36"><span class='ocrx_word' id='word_1_122' title='bbox 465 2097 735 2165; x_wconf 75' lang='lat' dir='ltr'><strong>gurationi</strong></span> <span class='ocrx_word' id='word_1_123' title='bbox 761 2103 970 2159; x_wconf 80' lang='lat' dir='ltr'><strong>adstitit</strong></span> <span class='ocrx_word' id='word_1_124' title='bbox 996 2124 1140 2163; x_wconf 89' lang='lat' dir='ltr'><strong>anno</strong></span> <span class='ocrx_word' id='word_1_125' title='bbox 1171 2110 1325 2180; x_wconf 81' lang='lat' dir='ltr'><strong>l073,</strong></span> <span class='ocrx_word' id='word_1_126' title='bbox 1364 2117 1519 2171; x_wconf 80' lang='lat' dir='ltr'><strong>testis</strong></span> <span class='ocrx_word' id='word_1_127' title='bbox 1544 2128 1600 2172; x_wconf 90' lang='lat' dir='ltr'><strong>et</strong></span> <span class='ocrx_word' id='word_1_128' title='bbox 1619 2121 1826 2179; x_wconf 82' lang='lat' dir='ltr'><strong>arbiter</strong></span> <span class='ocrx_word' id='word_1_129' title='bbox 1854 2126 1955 2179; x_wconf 89' lang='lat' dir='ltr'><strong>luit</strong></span> <span class='ocrx_word' id='word_1_130' title='bbox 1984 2143 2043 2182; x_wconf 86' lang='lat' dir='ltr'><strong>tu</strong></span> 
     </span>
    </p>
   </div>
   <div class='ocr_carea' id='block_1_20' title="bbox 468 2186 2047 2280">
    <p class='ocr_par' dir='ltr' id='par_1_20' title="bbox 468 2186 2047 2280">
     <span class='ocr_line' id='line_1_20' title="bbox 468 2186 2047 2280; baseline 0.021 -38"><span class='ocrx_word' id='word_1_131' title='bbox 468 2186 589 2243; x_wconf 83' lang='lat' dir='ltr'><strong>Kal.</strong></span> <span class='ocrx_word' id='word_1_132' title='bbox 633 2190 755 2248; x_wconf 80' lang='lat' dir='ltr'><strong>Maii</strong></span> <span class='ocrx_word' id='word_1_133' title='bbox 789 2196 1014 2263; x_wconf 84' lang='lat' dir='ltr'><strong>hujusce</strong></span> <span class='ocrx_word' id='word_1_134' title='bbox 1065 2204 1192 2258; x_wconf 85' lang='lat' dir='ltr'><strong>anni</strong></span> <span class='ocrx_word' id='word_1_135' title='bbox 1232 2203 1390 2262; x_wconf 69' lang='lat' dir='ltr'><strong>factae</strong></span> <span class='ocrx_word' id='word_1_136' title='bbox 1441 2213 1852 2280; x_wconf 80' lang='lat' dir='ltr'><strong>compositionis</strong></span> <span class='ocrx_word' id='word_1_137' title='bbox 1903 2218 2047 2275; x_wconf 82' lang='lat' dir='ltr'><strong>inter</strong></span> 
     </span>
    </p>
   </div>
   <div class='ocr_carea' id='block_1_21' title="bbox 463 2277 2044 2367">
    <p class='ocr_par' dir='ltr' id='par_1_21' title="bbox 463 2277 2044 2367">
     <span class='ocr_line' id='line_1_21' title="bbox 463 2277 2044 2367; baseline 0.023 -35"><span class='ocrx_word' id='word_1_138' title='bbox 463 2277 750 2339; x_wconf 87' lang='lat' dir='ltr'><strong>Walouetn</strong></span> <span class='ocrx_word' id='word_1_139' title='bbox 802 2288 1050 2346; x_wconf 82' lang='lat' dir='ltr'><strong>abbatem</strong></span> <span class='ocrx_word' id='word_1_140' title='bbox 1112 2293 1170 2349; x_wconf 91' lang='lat' dir='ltr'><strong>S.</strong></span> <span class='ocrx_word' id='word_1_141' title='bbox 1210 2298 1418 2354; x_wconf 84' lang='lat' dir='ltr'><strong>Arnnlfi</strong></span> <span class='ocrx_word' id='word_1_142' title='bbox 1472 2277 1729 2362; x_wconf 80' lang='lat' dir='ltr'><strong>Metettsis</strong></span> <span class='ocrx_word' id='word_1_143' title='bbox 1780 2317 1836 2364; x_wconf 89' lang='lat' dir='ltr'><strong>et</strong></span> <span class='ocrx_word' id='word_1_144' title='bbox 1870 2309 2044 2367; x_wconf 79' lang='lat' dir='ltr'><strong>Buxe-</strong></span> 
     </span>
    </p>
   </div>
   <div class='ocr_carea' id='block_1_22' title="bbox 465 2374 2044 2461">
    <p class='ocr_par' dir='ltr' id='par_1_22' title="bbox 465 2374 2044 2461">
     <span class='ocr_line' id='line_1_22' title="bbox 465 2374 2044 2461; baseline 0.022 -35"><span class='ocrx_word' id='word_1_145' title='bbox 465 2374 701 2432; x_wconf 86' lang='lat' dir='ltr'><strong>riensem</strong></span> <span class='ocrx_word' id='word_1_146' title='bbox 756 2381 1116 2455; x_wconf 83' lang='lat' dir='ltr'><strong>abbatissam,</strong></span> <span class='ocrx_word' id='word_1_147' title='bbox 1167 2390 1252 2444; x_wconf 92' lang='lat' dir='ltr'><strong>cui</strong></span> <span class='ocrx_word' id='word_1_148' title='bbox 1304 2391 1513 2450; x_wconf 90' lang='lat' dir='ltr'><strong>licitutn</strong></span> <span class='ocrx_word' id='word_1_149' title='bbox 1564 2397 1668 2453; x_wconf 92' lang='lat' dir='ltr'><strong>fuit</strong></span> <span class='ocrx_word' id='word_1_150' title='bbox 1727 2412 2044 2461; x_wconf 90' lang='lat' dir='ltr'><strong>construere</strong></span> 
     </span>
    </p>
   </div>
   <div class='ocr_carea' id='block_1_23' title="bbox 464 2476 2042 2553">
    <p class='ocr_par' dir='ltr' id='par_1_23' title="bbox 464 2476 2042 2553">
     <span class='ocr_line' id='line_1_23' title="bbox 464 2476 2042 2553; baseline 0.022 -33"><span class='ocrx_word' id='word_1_151' title='bbox 464 2478 683 2536; x_wconf 88' lang='lat' dir='ltr'><strong>pontem</strong></span> <span class='ocrx_word' id='word_1_152' title='bbox 733 2487 896 2546; x_wconf 82' lang='lat' dir='ltr'><strong>super</strong></span> <span class='ocrx_word' id='word_1_153' title='bbox 940 2476 1159 2536; x_wconf 82' lang='lat' dir='ltr'><strong>ﬂuvium</strong></span> <span class='ocrx_word' id='word_1_154' title='bbox 1191 2482 1394 2549; x_wconf 67' lang='grc' dir='ltr'><strong>Μαι-αι.</strong></span> <span class='ocrx_word' id='word_1_155' title='bbox 1425 2503 1487 2543; x_wconf 88' lang='lat' dir='ltr'><strong>ea</strong></span> <span class='ocrx_word' id='word_1_156' title='bbox 1513 2493 1827 2553; x_wconf 91' lang='lat' dir='ltr'><strong>conditione</strong></span> <span class='ocrx_word' id='word_1_157' title='bbox 1854 2506 1912 2552; x_wconf 89' lang='lat' dir='ltr'><strong>ut</strong></span> <span class='ocrx_word' id='word_1_158' title='bbox 1940 2515 2042 2553; x_wconf 91' lang='lat' dir='ltr'><strong>au-</strong></span> 
     </span>
    </p>
   </div>
   <div class='ocr_carea' id='block_1_24' title="bbox 468 2559 2039 2645">
    <p class='ocr_par' dir='ltr' id='par_1_24' title="bbox 468 2559 2039 2645">
     <span class='ocr_line' id='line_1_24' title="bbox 468 2559 2039 2645; baseline 0.023 -35"><span class='ocrx_word' id='word_1_159' title='bbox 468 2559 675 2614; x_wconf 89' lang='lat' dir='ltr'><strong>nuatim</strong></span> <span class='ocrx_word' id='word_1_160' title='bbox 720 2563 834 2633; x_wconf 75' lang='lat' dir='ltr'><strong>ipsa</strong></span> <span class='ocrx_word' id='word_1_161' title='bbox 866 2567 1046 2623; x_wconf 85' lang='lat' dir='ltr'><strong>abbati</strong></span> <span class='ocrx_word' id='word_1_162' title='bbox 1083 2586 1307 2628; x_wconf 89' lang='lat' dir='ltr'><strong>censum</strong></span> <span class='ocrx_word' id='word_1_163' title='bbox 1349 2577 1633 2636; x_wconf 88' lang='lat' dir='ltr'><strong>duodecim</strong></span> <span class='ocrx_word' id='word_1_164' title='bbox 1691 2584 2039 2645; x_wconf 89' lang='lat' dir='ltr'><strong>denariorum</strong></span> 
     </span>
    </p>
   </div>
   <div class='ocr_carea' id='block_1_25' title="bbox 463 2651 2040 2748">
    <p class='ocr_par' dir='ltr' id='par_1_25' title="bbox 463 2651 2040 2748">
     <span class='ocr_line' id='line_1_25' title="bbox 463 2651 2040 2748; baseline 0.021 -44"><span class='ocrx_word' id='word_1_165' title='bbox 463 2651 811 2717; x_wconf 76' lang='lat' dir='ltr'><strong>rersolveret.</strong></span> <span class='ocrx_word' id='word_1_166' title='bbox 852 2657 1009 2714; x_wconf 88' lang='lat' dir='ltr'><strong>Dedit</strong></span> <span class='ocrx_word' id='word_1_167' title='bbox 1053 2664 1271 2735; x_wconf 84' lang='lat' dir='ltr'><strong>quidem</strong></span> <span class='ocrx_word' id='word_1_168' title='bbox 1318 2665 1451 2725; x_wconf 82' lang='lat' dir='ltr'><strong>Pibo</strong></span> <span class='ocrx_word' id='word_1_169' title='bbox 1480 2670 1693 2730; x_wconf 86' lang='lat' dir='ltr'><strong>litteras</strong></span> <span class='ocrx_word' id='word_1_170' title='bbox 1728 2677 1781 2732; x_wconf 87' lang='lat' dir='ltr'><strong>in</strong></span> <span class='ocrx_word' id='word_1_171' title='bbox 1810 2681 2040 2748; x_wconf 69' lang='lat' dir='ltr'><strong>gratiam</strong></span> 
     </span>
    </p>
   </div>
   <div class='ocr_carea' id='block_1_26' title="bbox 459 2742 2041 2832">
    <p class='ocr_par' dir='ltr' id='par_1_26' title="bbox 459 2742 2041 2832">
     <span class='ocr_line' id='line_1_26' title="bbox 459 2742 2041 2832; baseline 0.021 -36"><span class='ocrx_word' id='word_1_172' title='bbox 459 2742 705 2800; x_wconf 68' lang='lat' dir='ltr'><strong>ecclesiae</strong></span> <span class='ocrx_word' id='word_1_173' title='bbox 755 2746 938 2805; x_wconf 88' lang='lat' dir='ltr'><strong>Sancti</strong></span> <span class='ocrx_word' id='word_1_174' title='bbox 983 2753 1224 2811; x_wconf 86' lang='lat' dir='ltr'><strong>Deodati.</strong></span> <span class='ocrx_word' id='word_1_175' title='bbox 1258 2759 1579 2832; x_wconf 79' lang='lat' dir='ltr'><strong>Designatus</strong></span> <span class='ocrx_word' id='word_1_176' title='bbox 1604 2776 1693 2823; x_wconf 83' lang='lat' dir='ltr'><strong>est</strong></span> <span class='ocrx_word' id='word_1_177' title='bbox 1722 2742 1867 2825; x_wconf 82' lang='lat' dir='ltr'><strong>anno</strong></span> <span class='ocrx_word' id='word_1_178' title='bbox 1903 2772 2041 2830; x_wconf 67' lang='lat' dir='ltr'><strong>107i</strong></span> 
     </span>
    </p>
   </div>
   <div class='ocr_carea' id='block_1_27' title="bbox 461 2839 2043 2932">
    <p class='ocr_par' dir='ltr' id='par_1_27' title="bbox 461 2839 2043 2932">
     <span class='ocr_line' id='line_1_27' title="bbox 461 2839 2043 2932; baseline 0.023 -41"><span class='ocrx_word' id='word_1_179' title='bbox 461 2854 586 2893; x_wconf 90' lang='lat' dir='ltr'><strong>cum</strong></span> <span class='ocrx_word' id='word_1_180' title='bbox 615 2839 801 2899; x_wconf 89' lang='lat' dir='ltr'><strong>Udone</strong></span> <span class='ocrx_word' id='word_1_181' title='bbox 832 2844 1139 2906; x_wconf 85' lang='lat' dir='ltr'><strong>Trevireusi</strong></span> <span class='ocrx_word' id='word_1_182' title='bbox 1184 2857 1596 2932; x_wconf 86' lang='lat' dir='ltr'><strong>archiepiscopo</strong></span> <span class='ocrx_word' id='word_1_183' title='bbox 1632 2874 1688 2920; x_wconf 92' lang='lat' dir='ltr'><strong>et</strong></span> <span class='ocrx_word' id='word_1_184' title='bbox 1726 2865 2043 2926; x_wconf 81' lang='lat' dir='ltr'><strong>Herntanno</strong></span> 
     </span>
    </p>
   </div>
   <div class='ocr_carea' id='block_1_28' title="bbox 462 2928 2041 3025">
    <p class='ocr_par' dir='ltr' id='par_1_28' title="bbox 462 2928 2041 3025">
     <span class='ocr_line' id='line_1_28' title="bbox 462 2928 2041 3025; baseline 0.022 -41"><span class='ocrx_word' id='word_1_185' title='bbox 462 2928 686 2989; x_wconf 80' lang='lat' dir='ltr'><strong>Metensi</strong></span> <span class='ocrx_word' id='word_1_186' title='bbox 715 2938 944 3005; x_wconf 65' lang='lat' dir='ltr'><strong>praesule</strong></span> <span class='ocrx_word' id='word_1_187' title='bbox 967 2961 998 2997; x_wconf 90' lang='lat' dir='ltr'><strong>a</strong></span> <span class='ocrx_word' id='word_1_188' title='bbox 1029 2944 1291 3018; x_wconf 73' lang='lat' dir='ltr'><strong>Gregorio</strong></span> <span class='ocrx_word' id='word_1_189' title='bbox 1323 2950 1410 3007; x_wconf 81' lang='lat' dir='ltr'><strong>Vll</strong></span> <span class='ocrx_word' id='word_1_190' title='bbox 1436 2928 1712 3025; x_wconf 77' lang='lat' dir='ltr'><strong>pontifice,</strong></span> <span class='ocrx_word' id='word_1_191' title='bbox 1759 2969 1819 3015; x_wconf 91' lang='lat' dir='ltr'><strong>ut</strong></span> <span class='ocrx_word' id='word_1_192' title='bbox 1864 2961 2041 3018; x_wconf 87' lang='lat' dir='ltr'><strong>Theo-</strong></span> 
     </span>
    </p>
   </div>
   <div class='ocr_carea' id='block_1_29' title="bbox 458 3025 2040 3114">
    <p class='ocr_par' dir='ltr' id='par_1_29' title="bbox 458 3025 2040 3114">
     <span class='ocr_line' id='line_1_29' title="bbox 458 3025 2040 3114; baseline 0.023 -36"><span class='ocrx_word' id='word_1_193' title='bbox 458 3025 704 3084; x_wconf 87' lang='lat' dir='ltr'><strong>dericum</strong></span> <span class='ocrx_word' id='word_1_194' title='bbox 755 3030 1185 3107; x_wconf 86' lang='lat' dir='ltr'><strong>Virduneusem,</strong></span> <span class='ocrx_word' id='word_1_195' title='bbox 1227 3044 1319 3114; x_wconf 92' lang='lat' dir='ltr'><strong>qui</strong></span> <span class='ocrx_word' id='word_1_196' title='bbox 1372 3049 1668 3106; x_wconf 85' lang='lat' dir='ltr'><strong>monachos</strong></span> <span class='ocrx_word' id='word_1_197' title='bbox 1708 3051 1891 3111; x_wconf 89' lang='lat' dir='ltr'><strong>Sancti</strong></span> <span class='ocrx_word' id='word_1_198' title='bbox 1941 3057 2040 3112; x_wconf 88' lang='lat' dir='ltr'><strong>Mi-</strong></span> 
     </span>
    </p>
   </div>
   <div class='ocr_carea' id='block_1_30' title="bbox 1584 340 2590 405">
    <p class='ocr_par' dir='ltr' id='par_1_30' title="bbox 1584 340 2590 405">
     <span class='ocr_line' id='line_1_30' title="bbox 1584 340 2590 405; baseline 0.005 -8"><span class='ocrx_word' id='word_1_199' title='bbox 1584 341 1736 399; x_wconf 85' lang='lat' dir='ltr'><strong>PlBO</strong></span> <span class='ocrx_word' id='word_1_200' title='bbox 1776 340 2152 402; x_wconf 77' lang='lat' dir='ltr'><strong>EPISCOPUS</strong></span> <span class='ocrx_word' id='word_1_201' title='bbox 2188 345 2590 405; x_wconf 78' lang='lat' dir='ltr'><strong>TULLENSIS.</strong></span> 
     </span>
    </p>
   </div>
   <div class='ocr_carea' id='block_1_31' title="bbox 483 444 2804 553">
    <p class='ocr_par' dir='ltr' id='par_1_31' title="bbox 483 444 2804 553">
     <span class='ocr_line' id='line_1_31' title="bbox 483 444 2804 553; baseline 0.009 -57"><span class='ocrx_word' id='word_1_202' title='bbox 483 450 713 513; x_wconf 80' lang='lat' dir='ltr'><strong>excepto</strong></span> <span class='ocrx_word' id='word_1_203' title='bbox 732 444 875 508; x_wconf 86' lang='lat' dir='ltr'><strong>quod</strong></span> <span class='ocrx_word' id='word_1_204' title='bbox 903 446 1235 517; x_wconf 79' lang='lat' dir='ltr'><strong>capellanus,</strong></span> <span class='ocrx_word' id='word_1_205' title='bbox 1283 451 1369 505; x_wconf 87' lang='lat' dir='ltr'><strong>cui</strong></span> <span class='ocrx_word' id='word_1_206' title='bbox 1398 467 1526 506; x_wconf 90' lang='lat' dir='ltr'><strong>cura</strong></span> <span class='ocrx_word' id='word_1_207' title='bbox 1554 455 1695 508; x_wconf 72' lang='lat' dir='ltr'><strong>villze</strong></span> <span class='ocrx_word' id='word_1_208' title='bbox 1719 458 2057 529; x_wconf 82' lang='lat' dir='ltr'><strong>contigisset,</strong></span> <span class='ocrx_word' id='word_1_209' title='bbox 2090 467 2134 519; x_wconf 80' lang='grc' dir='ltr'><strong>Α</strong></span> <span class='ocrx_word' id='word_1_210' title='bbox 2157 481 2448 550; x_wconf 50' lang='lat' dir='ltr'><strong>justitiam.</strong></span> <span class='ocrx_word' id='word_1_211' title='bbox 2509 506 2528 537; x_wconf 54' lang='grc' dir='ltr'>ί</span> <span class='ocrx_word' id='word_1_212' title='bbox 2570 479 2804 553; x_wconf 54' lang='lat' dir='ltr'><strong>Deinde,</strong></span> 
     </span>
    </p>
   </div>
   <div class='ocr_carea' id='block_1_32' title="bbox 3642 354 3747 411">
    <p class='ocr_par' dir='ltr' id='par_1_32' title="bbox 3642 354 3747 411">
     <span class='ocr_line' id='line_1_32' title="bbox 3642 354 3747 411; baseline 0.01 -1"><span class='ocrx_word' id='word_1_213' title='bbox 3642 354 3747 411; x_wconf 69' lang='lat' dir='ltr'><strong>H6</strong></span> 
     </span>
    </p>
   </div>
   <div class='ocr_carea' id='block_1_33' title="bbox 2870 490 3771 562">
    <p class='ocr_par' dir='ltr' id='par_1_33' title="bbox 2870 490 3771 562">
     <span class='ocr_line' id='line_1_33' title="bbox 2870 490 3771 562; baseline 0.007 -19"><span class='ocrx_word' id='word_1_214' title='bbox 2870 492 3054 560; x_wconf 89' lang='lat' dir='ltr'><strong>-tnquit</strong></span> <span class='ocrx_word' id='word_1_215' title='bbox 3105 490 3382 562; x_wconf 79' lang='lat' dir='ltr'><strong>pontifex,</strong></span> <span class='ocrx_word' id='word_1_216' title='bbox 3441 496 3771 549; x_wconf 73' lang='lat' dir='ltr'><strong>convocatis</strong></span> 
     </span>
    </p>
   </div>
   <div class='ocr_carea' id='block_1_34' title="bbox 2163 574 3753 651">
    <p class='ocr_par' dir='ltr' id='par_1_34' title="bbox 2163 574 3753 651">
     <span class='ocr_line' id='line_1_34' title="bbox 2163 574 3753 651; baseline 0.006 -21"><span class='ocrx_word' id='word_1_217' title='bbox 2163 574 2508 633; x_wconf 81' lang='lat' dir='ltr'><strong>Tullensibus</strong></span> <span class='ocrx_word' id='word_1_218' title='bbox 2531 578 2742 634; x_wconf 89' lang='lat' dir='ltr'><strong>clericis</strong></span> <span class='ocrx_word' id='word_1_219' title='bbox 2772 596 2868 651; x_wconf 88' lang='lat' dir='ltr'><strong>per</strong></span> <span class='ocrx_word' id='word_1_220' title='bbox 2896 597 3080 636; x_wconf 87' lang='lat' dir='ltr'><strong>veram</strong></span> <span class='ocrx_word' id='word_1_221' title='bbox 3109 597 3205 637; x_wconf 90' lang='lat' dir='ltr'><strong>eos</strong></span> <span class='ocrx_word' id='word_1_222' title='bbox 3227 582 3615 647; x_wconf 87' lang='lat' dir='ltr'><strong>obedientiam,</strong></span> <span class='ocrx_word' id='word_1_223' title='bbox 3640 600 3753 639; x_wconf 85' lang='lat' dir='ltr'><strong>tmo</strong></span> 
     </span>
    </p>
   </div>
   <div class='ocr_carea' id='block_1_35' title="bbox 2162 667 3753 746">
    <p class='ocr_par' dir='ltr' id='par_1_35' title="bbox 2162 667 3753 746">
     <span class='ocr_line' id='line_1_35' title="bbox 2162 667 3753 746; baseline 0.004 -26"><span class='ocrx_word' id='word_1_224' title='bbox 2162 667 2264 721; x_wconf 90' lang='lat' dir='ltr'><strong>sub</strong></span> <span class='ocrx_word' id='word_1_225' title='bbox 2286 669 2663 726; x_wconf 88' lang='lat' dir='ltr'><strong>criminatione</strong></span> <span class='ocrx_word' id='word_1_226' title='bbox 2712 673 3076 729; x_wconf 88' lang='lat' dir='ltr'><strong>auathematis</strong></span> <span class='ocrx_word' id='word_1_227' title='bbox 3107 675 3488 746; x_wconf 77' lang='lat' dir='ltr'><strong>constringite,</strong></span> <span class='ocrx_word' id='word_1_228' title='bbox 3512 686 3572 730; x_wconf 87' lang='grc' dir='ltr'><strong>ιιι</strong></span> <span class='ocrx_word' id='word_1_229' title='bbox 3591 677 3753 745; x_wconf 85' lang='lat' dir='ltr'><strong>quid-</strong></span> 
     </span>
    </p>
   </div>
   <div class='ocr_carea' id='block_1_36' title="bbox 2162 760 3751 836">
    <p class='ocr_par' dir='ltr' id='par_1_36' title="bbox 2162 760 3751 836">
     <span class='ocr_line' id='line_1_36' title="bbox 2162 760 3751 836; baseline 0.006 -23"><span class='ocrx_word' id='word_1_230' title='bbox 2162 760 2290 829; x_wconf 91' lang='lat' dir='ltr'><strong>quid</strong></span> <span class='ocrx_word' id='word_1_231' title='bbox 2324 760 2391 814; x_wconf 80' lang='lat' dir='ltr'><strong>de</strong></span> <span class='ocrx_word' id='word_1_232' title='bbox 2421 762 2639 817; x_wconf 87' lang='lat' dir='ltr'><strong>introitu</strong></span> <span class='ocrx_word' id='word_1_233' title='bbox 2676 774 2731 819; x_wconf 90' lang='lat' dir='ltr'><strong>et</strong></span> <span class='ocrx_word' id='word_1_234' title='bbox 2757 765 2869 819; x_wconf 86' lang='lat' dir='ltr'><strong>vita</strong></span> <span class='ocrx_word' id='word_1_235' title='bbox 2919 766 3159 836; x_wconf 86' lang='lat' dir='ltr'><strong>episcopi</strong></span> <span class='ocrx_word' id='word_1_236' title='bbox 3196 768 3396 832; x_wconf 89' lang='lat' dir='ltr'><strong>sciunt,</strong></span> <span class='ocrx_word' id='word_1_237' title='bbox 3428 778 3485 822; x_wconf 91' lang='lat' dir='ltr'><strong>et</strong></span> <span class='ocrx_word' id='word_1_238' title='bbox 3518 784 3618 824; x_wconf 85' lang='lat' dir='ltr'><strong>vos</strong></span> <span class='ocrx_word' id='word_1_239' title='bbox 3646 786 3751 823; x_wconf 85' lang='lat' dir='ltr'><strong>uu-</strong></span> 
     </span>
    </p>
   </div>
   <div class='ocr_carea' id='block_1_37' title="bbox 2161 851 3749 928">
    <p class='ocr_par' dir='ltr' id='par_1_37' title="bbox 2161 851 3749 928">
     <span class='ocr_line' id='line_1_37' title="bbox 2161 851 3749 928; baseline 0.009 -26"><span class='ocrx_word' id='word_1_240' title='bbox 2161 851 2324 920; x_wconf 88' lang='lat' dir='ltr'><strong>dique</strong></span> <span class='ocrx_word' id='word_1_241' title='bbox 2344 853 2622 924; x_wconf 81' lang='lat' dir='ltr'><strong>explorata</strong></span> <span class='ocrx_word' id='word_1_242' title='bbox 2656 857 2905 923; x_wconf 89' lang='lat' dir='ltr'><strong>veritate,</strong></span> <span class='ocrx_word' id='word_1_243' title='bbox 2933 858 3065 928; x_wconf 89' lang='lat' dir='ltr'><strong>quid</strong></span> <span class='ocrx_word' id='word_1_244' title='bbox 3088 859 3244 916; x_wconf 91' lang='lat' dir='ltr'><strong>nobis</strong></span> <span class='ocrx_word' id='word_1_245' title='bbox 3269 859 3395 914; x_wconf 87' lang='lat' dir='ltr'><strong>inde</strong></span> <span class='ocrx_word' id='word_1_246' title='bbox 3415 861 3749 917; x_wconf 67' lang='lat' dir='ltr'><strong>credendum</strong></span> 
     </span>
    </p>
   </div>
   <div class='ocr_carea' id='block_1_38' title="bbox 2161 944 3749 1022">
    <p class='ocr_par' dir='ltr' id='par_1_38' title="bbox 2161 944 3749 1022">
     <span class='ocr_line' id='line_1_38' title="bbox 2161 944 3749 1022; baseline 0.007 -25"><span class='ocrx_word' id='word_1_247' title='bbox 2161 944 2251 1011; x_wconf 91' lang='lat' dir='ltr'><strong>sit,</strong></span> <span class='ocrx_word' id='word_1_248' title='bbox 2286 944 2339 999; x_wconf 91' lang='lat' dir='ltr'><strong>in</strong></span> <span class='ocrx_word' id='word_1_249' title='bbox 2394 948 2600 1016; x_wconf 88' lang='lat' dir='ltr'><strong>synodo</strong></span> <span class='ocrx_word' id='word_1_250' title='bbox 2651 949 2888 1004; x_wconf 88' lang='lat' dir='ltr'><strong>velante</strong></span> <span class='ocrx_word' id='word_1_251' title='bbox 2946 951 3245 1022; x_wconf 88' lang='lat' dir='ltr'><strong>synodum,</strong></span> <span class='ocrx_word' id='word_1_252' title='bbox 3275 967 3435 1020; x_wconf 88' lang='lat' dir='ltr'><strong>quatn</strong></span> <span class='ocrx_word' id='word_1_253' title='bbox 3484 953 3538 1007; x_wconf 94' lang='lat' dir='ltr'><strong>in</strong></span> <span class='ocrx_word' id='word_1_254' title='bbox 3570 954 3749 1022; x_wconf 86' lang='lat' dir='ltr'><strong>prima</strong></span> 
     </span>
    </p>
   </div>
   <div class='ocr_carea' id='block_1_39' title="bbox 2160 1032 3752 1115">
    <p class='ocr_par' dir='ltr' id='par_1_39' title="bbox 2160 1032 3752 1115">
     <span class='ocr_line' id='line_1_39' title="bbox 2160 1032 3752 1115; baseline 0.008 -29"><span class='ocrx_word' id='word_1_255' title='bbox 2160 1032 2501 1090; x_wconf 85' lang='lat' dir='ltr'><strong>ltehdontada</strong></span> <span class='ocrx_word' id='word_1_256' title='bbox 2548 1037 2986 1109; x_wconf 73' lang='lat' dir='ltr'><strong>Quatlragesitnae</strong></span> <span class='ocrx_word' id='word_1_257' title='bbox 3031 1041 3356 1097; x_wconf 85' lang='lat' dir='ltr'><strong>celebraturi</strong></span> <span class='ocrx_word' id='word_1_258' title='bbox 3402 1058 3612 1109; x_wconf 90' lang='lat' dir='ltr'><strong>sumus,</strong></span> <span class='ocrx_word' id='word_1_259' title='bbox 3648 1060 3752 1115; x_wconf 87' lang='lat' dir='ltr'><strong>per</strong></span> 
     </span>
    </p>
   </div>
   <div class='ocr_carea' id='block_1_40' title="bbox 2158 1125 3743 1204">
    <p class='ocr_par' dir='ltr' id='par_1_40' title="bbox 2158 1125 3743 1204">
     <span class='ocr_line' id='line_1_40' title="bbox 2158 1125 3743 1204; baseline 0.008 -26"><span class='ocrx_word' id='word_1_260' title='bbox 2158 1125 2370 1181; x_wconf 76' lang='lat' dir='ltr'><strong>litteras</strong></span> <span class='ocrx_word' id='word_1_261' title='bbox 2418 1141 2627 1185; x_wconf 87' lang='lat' dir='ltr'><strong>vestras</strong></span> <span class='ocrx_word' id='word_1_262' title='bbox 2652 1132 2932 1188; x_wconf 86' lang='lat' dir='ltr'><strong>notiticare</strong></span> <span class='ocrx_word' id='word_1_263' title='bbox 2976 1133 3284 1189; x_wconf 89' lang='lat' dir='ltr'><strong>nullatenus</strong></span> <span class='ocrx_word' id='word_1_264' title='bbox 3315 1136 3743 1204; x_wconf 75' lang='lat' dir='ltr'><strong>prretermittite.</strong></span> 
     </span>
    </p>
   </div>
   <div class='ocr_carea' id='block_1_41' title="bbox 2159 1217 3747 1295">
    <p class='ocr_par' dir='ltr' id='par_1_41' title="bbox 2159 1217 3747 1295">
     <span class='ocr_line' id='line_1_41' title="bbox 2159 1217 3747 1295; baseline 0.011 -27"><span class='ocrx_word' id='word_1_265' title='bbox 2159 1217 2312 1283; x_wconf 87' lang='lat' dir='ltr'><strong>Quod</strong></span> <span class='ocrx_word' id='word_1_266' title='bbox 2343 1221 2385 1275; x_wconf 91' lang='lat' dir='ltr'><strong>si</strong></span> <span class='ocrx_word' id='word_1_267' title='bbox 2410 1223 2716 1293; x_wconf 87' lang='lat' dir='ltr'><strong>episcopus,</strong></span> <span class='ocrx_word' id='word_1_268' title='bbox 2755 1235 2812 1277; x_wconf 93' lang='lat' dir='ltr'><strong>ut</strong></span> <span class='ocrx_word' id='word_1_269' title='bbox 2844 1236 3117 1295; x_wconf 77' lang='lat' dir='ltr'><strong>Optamus.</strong></span> <span class='ocrx_word' id='word_1_270' title='bbox 3162 1227 3422 1283; x_wconf 85' lang='lat' dir='ltr'><strong>innocens</strong></span> <span class='ocrx_word' id='word_1_271' title='bbox 3461 1229 3530 1284; x_wconf 90' lang='lat' dir='ltr'><strong>de</strong></span> <span class='ocrx_word' id='word_1_272' title='bbox 3570 1238 3648 1284; x_wconf 88' lang='lat' dir='ltr'><strong>tot</strong></span> <span class='ocrx_word' id='word_1_273' title='bbox 3677 1246 3747 1284; x_wconf 85' lang='lat' dir='ltr'><strong>ac.</strong></span> 
     </span>
    </p>
   </div>
   <div class='ocr_carea' id='block_1_42' title="bbox 2161 1310 3747 1396">
    <p class='ocr_par' dir='ltr' id='par_1_42' title="bbox 2161 1310 3747 1396">
     <span class='ocr_line' id='line_1_42' title="bbox 2161 1310 3747 1396; baseline 0.009 -34"><span class='ocrx_word' id='word_1_274' title='bbox 2161 1310 2327 1363; x_wconf 87' lang='lat' dir='ltr'><strong>tantis</strong></span> <span class='ocrx_word' id='word_1_275' title='bbox 2355 1313 2676 1368; x_wconf 87' lang='lat' dir='ltr'><strong>criminibus</strong></span> <span class='ocrx_word' id='word_1_276' title='bbox 2721 1318 3052 1385; x_wconf 89' lang='lat' dir='ltr'><strong>apparuerit,</strong></span> <span class='ocrx_word' id='word_1_277' title='bbox 3103 1322 3245 1390; x_wconf 90' lang='lat' dir='ltr'><strong>quod</strong></span> <span class='ocrx_word' id='word_1_278' title='bbox 3274 1321 3507 1377; x_wconf 84' lang='lat' dir='ltr'><strong>clericus</strong></span> <span class='ocrx_word' id='word_1_279' title='bbox 3534 1329 3747 1396; x_wconf 53' lang='lat' dir='ltr'><strong>temere</strong></span> 
     </span>
    </p>
   </div>
   <div class='ocr_carea' id='block_1_43' title="bbox 2157 1402 3741 1478">
    <p class='ocr_par' dir='ltr' id='par_1_43' title="bbox 2157 1402 3741 1478">
     <span class='ocr_line' id='line_1_43' title="bbox 2157 1402 3741 1478; baseline 0.01 -27"><span class='ocrx_word' id='word_1_280' title='bbox 2157 1413 2191 1468; x_wconf 78' lang='grc' dir='ltr'><strong>ιι</strong></span> <span class='ocrx_word' id='word_1_281' title='bbox 2225 1402 2422 1467; x_wconf 87' lang='lat' dir='ltr'><strong>ccavit,</strong></span> <span class='ocrx_word' id='word_1_282' title='bbox 2466 1405 2723 1473; x_wconf 90' lang='lat' dir='ltr'><strong>quoniam</strong></span> <span class='ocrx_word' id='word_1_283' title='bbox 2773 1408 2840 1460; x_wconf 90' lang='lat' dir='ltr'><strong>ad</strong></span> <span class='ocrx_word' id='word_1_284' title='bbox 2871 1420 3115 1464; x_wconf 89' lang='lat' dir='ltr'><strong>nostram</strong></span> <span class='ocrx_word' id='word_1_285' title='bbox 3175 1413 3326 1466; x_wconf 87' lang='lat' dir='ltr'><strong>venit</strong></span> <span class='ocrx_word' id='word_1_286' title='bbox 3381 1412 3741 1478; x_wconf 86' lang='lat' dir='ltr'><strong>audientiam,</strong></span> 
     </span>
    </p>
   </div>
   <div class='ocr_carea' id='block_1_44' title="bbox 2155 1492 3739 1575">
    <p class='ocr_par' dir='ltr' id='par_1_44' title="bbox 2155 1492 3739 1575">
     <span class='ocr_line' id='line_1_44' title="bbox 2155 1492 3739 1575; baseline 0.01 -33"><span class='ocrx_word' id='word_1_287' title='bbox 2155 1492 2562 1562; x_wconf 86' lang='lat' dir='ltr'><strong>qualiterjuste</strong></span> <span class='ocrx_word' id='word_1_288' title='bbox 2585 1499 2911 1570; x_wconf 79' lang='lat' dir='ltr'><strong>corrigatur,</strong></span> <span class='ocrx_word' id='word_1_289' title='bbox 2948 1500 3057 1555; x_wconf 91' lang='lat' dir='ltr'><strong>Deo</strong></span> <span class='ocrx_word' id='word_1_290' title='bbox 3099 1504 3376 1572; x_wconf 89' lang='lat' dir='ltr'><strong>aspirante</strong></span> <span class='ocrx_word' id='word_1_291' title='bbox 3414 1506 3739 1575; x_wconf 89' lang='lat' dir='ltr'><strong>procurabi-</strong></span> 
     </span>
    </p>
   </div>
   <div class='ocr_carea' id='block_1_45' title="bbox 2156 1584 3738 1666">
    <p class='ocr_par' dir='ltr' id='par_1_45' title="bbox 2156 1584 3738 1666">
     <span class='ocr_line' id='line_1_45' title="bbox 2156 1584 3738 1666; baseline 0.009 -29"><span class='ocrx_word' id='word_1_292' title='bbox 2156 1600 2301 1644; x_wconf 82' lang='lat' dir='ltr'><strong>tnus,</strong></span> <span class='ocrx_word' id='word_1_293' title='bbox 2328 1584 2384 1640; x_wconf 93' lang='lat' dir='ltr'><strong>Si</strong></span> <span class='ocrx_word' id='word_1_294' title='bbox 2414 1601 2541 1641; x_wconf 88' lang='lat' dir='ltr'><strong>vero</strong></span> <span class='ocrx_word' id='word_1_295' title='bbox 2563 1589 2847 1661; x_wconf 78' lang='lat' dir='ltr'><strong>episcOpus</strong></span> <span class='ocrx_word' id='word_1_296' title='bbox 2894 1607 2980 1656; x_wconf 91' lang='lat' dir='ltr'><strong>ea,</strong></span> <span class='ocrx_word' id='word_1_297' title='bbox 3026 1608 3148 1663; x_wconf 81' lang='lat' dir='ltr'><strong>quae</strong></span> <span class='ocrx_word' id='word_1_298' title='bbox 3195 1597 3298 1651; x_wconf 89' lang='lat' dir='ltr'><strong>sibi</strong></span> <span class='ocrx_word' id='word_1_299' title='bbox 3350 1598 3738 1666; x_wconf 86' lang='lat' dir='ltr'><strong>intenduntur,</strong></span> 
     </span>
    </p>
   </div>
   <div class='ocr_carea' id='block_1_46' title="bbox 2154 1677 3739 1753">
    <p class='ocr_par' dir='ltr' id='par_1_46' title="bbox 2154 1677 3739 1753">
     <span class='ocr_line' id='line_1_46' title="bbox 2154 1677 3739 1753; baseline 0.012 -28"><span class='ocrx_word' id='word_1_300' title='bbox 2154 1677 2424 1731; x_wconf 80' lang='lat' dir='ltr'><strong>veraciter</strong></span> <span class='ocrx_word' id='word_1_301' title='bbox 2455 1695 2732 1737; x_wconf 89' lang='lat' dir='ltr'><strong>removere</strong></span> <span class='ocrx_word' id='word_1_302' title='bbox 2771 1699 2878 1738; x_wconf 91' lang='lat' dir='ltr'><strong>non</strong></span> <span class='ocrx_word' id='word_1_303' title='bbox 2910 1687 3130 1753; x_wconf 88' lang='lat' dir='ltr'><strong>poterit,</strong></span> <span class='ocrx_word' id='word_1_304' title='bbox 3172 1686 3319 1741; x_wconf 90' lang='lat' dir='ltr'><strong>nullo</strong></span> <span class='ocrx_word' id='word_1_305' title='bbox 3347 1688 3506 1742; x_wconf 88' lang='lat' dir='ltr'><strong>modo</strong></span> <span class='ocrx_word' id='word_1_306' title='bbox 3551 1688 3739 1743; x_wconf 84' lang='lat' dir='ltr'><strong>feren-</strong></span> 
     </span>
    </p>
   </div>
   <div class='ocr_carea' id='block_1_47' title="bbox 2155 1764 3740 1850">
    <p class='ocr_par' dir='ltr' id='par_1_47' title="bbox 2155 1764 3740 1850">
     <span class='ocr_line' id='line_1_47' title="bbox 2155 1764 3740 1850; baseline 0.011 -32"><span class='ocrx_word' id='word_1_307' title='bbox 2155 1764 2281 1819; x_wconf 88' lang='lat' dir='ltr'><strong>dum</strong></span> <span class='ocrx_word' id='word_1_308' title='bbox 2308 1777 2392 1823; x_wconf 89' lang='lat' dir='ltr'><strong>est</strong></span> <span class='ocrx_word' id='word_1_309' title='bbox 2419 1769 2575 1823; x_wconf 89' lang='lat' dir='ltr'><strong>nobis</strong></span> <span class='ocrx_word' id='word_1_310' title='bbox 2623 1772 2705 1827; x_wconf 90' lang='lat' dir='ltr'><strong>vel</strong></span> <span class='ocrx_word' id='word_1_311' title='bbox 2753 1776 2924 1839; x_wconf 83' lang='lat' dir='ltr'><strong>vobis,</strong></span> <span class='ocrx_word' id='word_1_312' title='bbox 2969 1786 3029 1830; x_wconf 92' lang='lat' dir='ltr'><strong>ut</strong></span> <span class='ocrx_word' id='word_1_313' title='bbox 3074 1777 3249 1832; x_wconf 88' lang='lat' dir='ltr'><strong>locum</strong></span> <span class='ocrx_word' id='word_1_314' title='bbox 3296 1779 3534 1848; x_wconf 84' lang='lat' dir='ltr'><strong>pastoris</strong></span> <span class='ocrx_word' id='word_1_315' title='bbox 3577 1780 3740 1850; x_wconf 85' lang='lat' dir='ltr'><strong>lupus</strong></span> 
     </span>
    </p>
   </div>
   <div class='ocr_carea' id='block_1_48' title="bbox 2150 1857 3737 1940">
    <p class='ocr_par' dir='ltr' id='par_1_48' title="bbox 2150 1857 3737 1940">
     <span class='ocr_line' id='line_1_48' title="bbox 2150 1857 3737 1940; baseline 0.011 -31"><span class='ocrx_word' id='word_1_316' title='bbox 2150 1857 2412 1914; x_wconf 88' lang='lat' dir='ltr'><strong>obtineat.</strong></span> <span class='ocrx_word' id='word_1_317' title='bbox 2450 1881 2468 1912; x_wconf 77' lang='grc' dir='ltr'><strong>ι</strong></span> <span class='ocrx_word' id='word_1_318' title='bbox 2496 1860 2703 1917; x_wconf 86' lang='lat' dir='ltr'><strong>Interea</strong></span> <span class='ocrx_word' id='word_1_319' title='bbox 2730 1864 2864 1921; x_wconf 87' lang='lat' dir='ltr'><strong>Pibo</strong></span> <span class='ocrx_word' id='word_1_320' title='bbox 2900 1868 3369 1923; x_wconf 83' lang='lat' dir='ltr'><strong>scltistnatirornm</strong></span> <span class='ocrx_word' id='word_1_321' title='bbox 3407 1878 3594 1940; x_wconf 86' lang='lat' dir='ltr'><strong>partes</strong></span> <span class='ocrx_word' id='word_1_322' title='bbox 3612 1885 3737 1926; x_wconf 86' lang='lat' dir='ltr'><strong>sus-</strong></span> 
     </span>
    </p>
   </div>
   <div class='ocr_carea' id='block_1_49' title="bbox 2149 1949 3738 2033">
    <p class='ocr_par' dir='ltr' id='par_1_49' title="bbox 2149 1949 3738 2033">
     <span class='ocr_line' id='line_1_49' title="bbox 2149 1949 3738 2033; baseline 0.009 -30"><span class='ocrx_word' id='word_1_323' title='bbox 2149 1949 2315 2018; x_wconf 88' lang='lat' dir='ltr'><strong>cepit,</strong></span> <span class='ocrx_word' id='word_1_324' title='bbox 2356 1966 2422 2007; x_wconf 89' lang='lat' dir='ltr'><strong>ac</strong></span> <span class='ocrx_word' id='word_1_325' title='bbox 2467 1954 2628 2023; x_wconf 88' lang='lat' dir='ltr'><strong>paulo</strong></span> <span class='ocrx_word' id='word_1_326' title='bbox 2665 1967 2784 2027; x_wconf 89' lang='lat' dir='ltr'><strong>post</strong></span> <span class='ocrx_word' id='word_1_327' title='bbox 2814 1959 3054 2015; x_wconf 87' lang='lat' dir='ltr'><strong>comitiis</strong></span> <span class='ocrx_word' id='word_1_328' title='bbox 3110 1962 3178 2017; x_wconf 91' lang='lat' dir='ltr'><strong>ab</strong></span> <span class='ocrx_word' id='word_1_329' title='bbox 3211 1961 3443 2017; x_wconf 90' lang='lat' dir='ltr'><strong>llenrico</strong></span> <span class='ocrx_word' id='word_1_330' title='bbox 3466 1962 3535 2019; x_wconf 81' lang='lat' dir='ltr'><strong>iV</strong></span> <span class='ocrx_word' id='word_1_331' title='bbox 3561 1964 3738 2033; x_wconf 82' lang='lat' dir='ltr'><strong>impe-</strong></span> 
     </span>
    </p>
   </div>
   <div class='ocr_carea' id='block_1_50' title="bbox 2149 2041 3736 2118">
    <p class='ocr_par' dir='ltr' id='par_1_50' title="bbox 2149 2041 3736 2118">
     <span class='ocr_line' id='line_1_50' title="bbox 2149 2041 3736 2118; baseline 0.012 -26"><span class='ocrx_word' id='word_1_332' title='bbox 2149 2049 2332 2095; x_wconf 85' lang='lat' dir='ltr'><strong>ratore</strong></span> <span class='ocrx_word' id='word_1_333' title='bbox 2358 2041 2650 2099; x_wconf 75' lang='lat' dir='ltr'><strong>Vormatia:</strong></span> <span class='ocrx_word' id='word_1_334' title='bbox 2679 2046 2876 2102; x_wconf 85' lang='lat' dir='ltr'><strong>habitis</strong></span> <span class='ocrx_word' id='word_1_335' title='bbox 2901 2064 3165 2118; x_wconf 66' lang='lat' dir='ltr'><strong>prarsens,</strong></span> <span class='ocrx_word' id='word_1_336' title='bbox 3213 2068 3337 2107; x_wconf 89' lang='lat' dir='ltr'><strong>cum</strong></span> <span class='ocrx_word' id='word_1_337' title='bbox 3378 2053 3562 2108; x_wconf 90' lang='lat' dir='ltr'><strong>multis</strong></span> <span class='ocrx_word' id='word_1_338' title='bbox 3607 2054 3736 2111; x_wconf 85' lang='lat' dir='ltr'><strong>aliis</strong></span> 
     </span>
    </p>
   </div>
   <div class='ocr_carea' id='block_1_51' title="bbox 2149 2131 3735 2215">
    <p class='ocr_par' dir='ltr' id='par_1_51' title="bbox 2149 2131 3735 2215">
     <span class='ocr_line' id='line_1_51' title="bbox 2149 2131 3735 2215; baseline 0.01 -30"><span class='ocrx_word' id='word_1_339' title='bbox 2149 2131 2469 2200; x_wconf 72' lang='lat' dir='ltr'><strong>prtesulibus</strong></span> <span class='ocrx_word' id='word_1_340' title='bbox 2525 2136 2626 2192; x_wconf 90' lang='lat' dir='ltr'><strong>sub</strong></span> <span class='ocrx_word' id='word_1_341' title='bbox 2677 2137 2935 2194; x_wconf 83' lang='lat' dir='ltr'><strong>falsorum</strong></span> <span class='ocrx_word' id='word_1_342' title='bbox 2988 2141 3276 2197; x_wconf 88' lang='lat' dir='ltr'><strong>criminum</strong></span> <span class='ocrx_word' id='word_1_343' title='bbox 3332 2145 3513 2215; x_wconf 82' lang='lat' dir='ltr'><strong>specie</strong></span> <span class='ocrx_word' id='word_1_344' title='bbox 3546 2143 3735 2201; x_wconf 85' lang='lat' dir='ltr'><strong>Hilde-</strong></span> 
     </span>
    </p>
   </div>
   <div class='ocr_carea' id='block_1_52' title="bbox 2149 2221 3729 2307">
    <p class='ocr_par' dir='ltr' id='par_1_52' title="bbox 2149 2221 3729 2307">
     <span class='ocr_line' id='line_1_52' title="bbox 2149 2221 3729 2307; baseline 0.012 -32"><span class='ocrx_word' id='word_1_345' title='bbox 2149 2221 2412 2280; x_wconf 88' lang='lat' dir='ltr'><strong>brandutn</strong></span> <span class='ocrx_word' id='word_1_346' title='bbox 2469 2242 2739 2285; x_wconf 89' lang='lat' dir='ltr'><strong>summum</strong></span> <span class='ocrx_word' id='word_1_347' title='bbox 2780 2233 3085 2301; x_wconf 81' lang='lat' dir='ltr'><strong>pontificem</strong></span> <span class='ocrx_word' id='word_1_348' title='bbox 3143 2251 3250 2291; x_wconf 91' lang='lat' dir='ltr'><strong>non</strong></span> <span class='ocrx_word' id='word_1_349' title='bbox 3304 2251 3427 2292; x_wconf 89' lang='lat' dir='ltr'><strong>esse</strong></span> <span class='ocrx_word' id='word_1_350' title='bbox 3478 2237 3729 2307; x_wconf 76' lang='lat' dir='ltr'><strong>judicare</strong></span> 
     </span>
    </p>
   </div>
   <div class='ocr_carea' id='block_1_53' title="bbox 2146 2315 3723 2393">
    <p class='ocr_par' dir='ltr' id='par_1_53' title="bbox 2146 2315 3723 2393">
     <span class='ocr_line' id='line_1_53' title="bbox 2146 2315 3723 2393; baseline 0.011 -28"><span class='ocrx_word' id='word_1_351' title='bbox 2146 2328 2311 2369; x_wconf 89' lang='lat' dir='ltr'><strong>ausus</strong></span> <span class='ocrx_word' id='word_1_352' title='bbox 2334 2325 2437 2370; x_wconf 90' lang='lat' dir='ltr'><strong>est.</strong></span> <span class='ocrx_word' id='word_1_353' title='bbox 2469 2315 2659 2373; x_wconf 88' lang='lat' dir='ltr'><strong>Plures</strong></span> <span class='ocrx_word' id='word_1_354' title='bbox 2683 2337 2747 2375; x_wconf 82' lang='lat' dir='ltr'><strong>ex</strong></span> <span class='ocrx_word' id='word_1_355' title='bbox 2783 2322 3049 2391; x_wconf 83' lang='lat' dir='ltr'><strong>episcopis</strong></span> <span class='ocrx_word' id='word_1_356' title='bbox 3062 2324 3152 2393; x_wconf 87' lang='lat' dir='ltr'><strong>qui</strong></span> <span class='ocrx_word' id='word_1_357' title='bbox 3177 2326 3468 2380; x_wconf 90' lang='lat' dir='ltr'><strong>adfuerunt</strong></span> <span class='ocrx_word' id='word_1_358' title='bbox 3486 2341 3723 2381; x_wconf 83' lang='lat' dir='ltr'><strong>conven-</strong></span> 
     </span>
    </p>
   </div>
   <div class='ocr_carea' id='block_1_54' title="bbox 2148 2406 3727 2479">
    <p class='ocr_par' dir='ltr' id='par_1_54' title="bbox 2148 2406 3727 2479">
     <span class='ocr_line' id='line_1_54' title="bbox 2148 2406 3727 2479; baseline 0.009 -19"><span class='ocrx_word' id='word_1_359' title='bbox 2148 2406 2244 2471; x_wconf 91' lang='lat' dir='ltr'><strong>tui,</strong></span> <span class='ocrx_word' id='word_1_360' title='bbox 2267 2422 2403 2476; x_wconf 91' lang='lat' dir='ltr'><strong>quos</strong></span> <span class='ocrx_word' id='word_1_361' title='bbox 2425 2409 2567 2464; x_wconf 89' lang='lat' dir='ltr'><strong>inter</strong></span> <span class='ocrx_word' id='word_1_362' title='bbox 2594 2410 2712 2467; x_wconf 85' lang='lat' dir='ltr'><strong>Udo</strong></span> <span class='ocrx_word' id='word_1_363' title='bbox 2742 2413 3100 2479; x_wconf 85' lang='lat' dir='ltr'><strong>Trevirensis,</strong></span> <span class='ocrx_word' id='word_1_364' title='bbox 3128 2417 3497 2475; x_wconf 81' lang='lat' dir='ltr'><strong>Theodericus</strong></span> <span class='ocrx_word' id='word_1_365' title='bbox 3525 2418 3727 2475; x_wconf 77' lang='lat' dir='ltr'><strong>Vit-du-</strong></span> 
     </span>
    </p>
   </div>
   <div class='ocr_carea' id='block_1_55' title="bbox 2145 2500 3725 2581">
    <p class='ocr_par' dir='ltr' id='par_1_55' title="bbox 2145 2500 3725 2581">
     <span class='ocr_line' id='line_1_55' title="bbox 2145 2500 3725 2581; baseline 0.009 -31"><span class='ocrx_word' id='word_1_366' title='bbox 2145 2500 2331 2555; x_wconf 90' lang='lat' dir='ltr'><strong>uensis</strong></span> <span class='ocrx_word' id='word_1_367' title='bbox 2354 2510 2410 2554; x_wconf 90' lang='lat' dir='ltr'><strong>et</strong></span> <span class='ocrx_word' id='word_1_368' title='bbox 2431 2500 2796 2559; x_wconf 84' lang='lat' dir='ltr'><strong>Herimaunus</strong></span> <span class='ocrx_word' id='word_1_369' title='bbox 2827 2504 3081 2561; x_wconf 77' lang='lat' dir='ltr'><strong>Metensis</strong></span> <span class='ocrx_word' id='word_1_370' title='bbox 3106 2508 3159 2562; x_wconf 92' lang='lat' dir='ltr'><strong>iu</strong></span> <span class='ocrx_word' id='word_1_371' title='bbox 3189 2508 3328 2564; x_wconf 91' lang='lat' dir='ltr'><strong>adeo</strong></span> <span class='ocrx_word' id='word_1_372' title='bbox 3365 2525 3582 2581; x_wconf 78' lang='lat' dir='ltr'><strong>gravem</strong></span> <span class='ocrx_word' id='word_1_373' title='bbox 3609 2511 3725 2566; x_wconf 87' lang='lat' dir='ltr'><strong>cul-</strong></span> 
     </span>
    </p>
   </div>
   <div class='ocr_carea' id='block_1_56' title="bbox 2143 2590 3728 2672">
    <p class='ocr_par' dir='ltr' id='par_1_56' title="bbox 2143 2590 3728 2672">
     <span class='ocr_line' id='line_1_56' title="bbox 2143 2590 3728 2672; baseline 0.009 -31"><span class='ocrx_word' id='word_1_374' title='bbox 2143 2603 2267 2658; x_wconf 83' lang='lat' dir='ltr'><strong>pant</strong></span> <span class='ocrx_word' id='word_1_375' title='bbox 2290 2590 2552 2649; x_wconf 89' lang='lat' dir='ltr'><strong>cecidisse</strong></span> <span class='ocrx_word' id='word_1_376' title='bbox 2574 2592 2970 2665; x_wconf 82' lang='lat' dir='ltr'><strong>ingemuerunt.</strong></span> <span class='ocrx_word' id='word_1_377' title='bbox 2994 2595 3146 2663; x_wconf 81' lang='lat' dir='ltr'><strong>Quod</strong></span> <span class='ocrx_word' id='word_1_378' title='bbox 3170 2598 3258 2654; x_wconf 92' lang='lat' dir='ltr'><strong>ubi</strong></span> <span class='ocrx_word' id='word_1_379' title='bbox 3280 2598 3543 2669; x_wconf 77' lang='lat' dir='ltr'><strong>Gregorio</strong></span> <span class='ocrx_word' id='word_1_380' title='bbox 3569 2616 3728 2672; x_wconf 70' lang='lat' dir='ltr'><strong>papa:</strong></span> 
     </span>
    </p>
   </div>
   <div class='ocr_carea' id='block_1_57' title="bbox 2146 2681 3728 2761">
    <p class='ocr_par' dir='ltr' id='par_1_57' title="bbox 2146 2681 3728 2761">
     <span class='ocr_line' id='line_1_57' title="bbox 2146 2681 3728 2761; baseline 0.009 -29"><span class='ocrx_word' id='word_1_381' title='bbox 2146 2688 2332 2734; x_wconf 90' lang='lat' dir='ltr'><strong>notum</strong></span> <span class='ocrx_word' id='word_1_382' title='bbox 2364 2681 2487 2747; x_wconf 89' lang='lat' dir='ltr'><strong>fuit,</strong></span> <span class='ocrx_word' id='word_1_383' title='bbox 2521 2683 2716 2740; x_wconf 86' lang='lat' dir='ltr'><strong>litteris</strong></span> <span class='ocrx_word' id='word_1_384' title='bbox 2746 2701 2842 2741; x_wconf 89' lang='lat' dir='ltr'><strong>eos</strong></span> <span class='ocrx_word' id='word_1_385' title='bbox 2863 2688 3164 2754; x_wconf 85' lang='lat' dir='ltr'><strong>admonuit,</strong></span> <span class='ocrx_word' id='word_1_386' title='bbox 3206 2699 3265 2743; x_wconf 93' lang='lat' dir='ltr'><strong>ut</strong></span> <span class='ocrx_word' id='word_1_387' title='bbox 3292 2691 3435 2761; x_wconf 90' lang='lat' dir='ltr'><strong>quod</strong></span> <span class='ocrx_word' id='word_1_388' title='bbox 3460 2693 3728 2749; x_wconf 84' lang='lat' dir='ltr'><strong>schisma—</strong></span> 
     </span>
    </p>
   </div>
   <div class='ocr_carea' id='block_1_58' title="bbox 2146 2772 3727 2853">
    <p class='ocr_par' dir='ltr' id='par_1_58' title="bbox 2146 2772 3727 2853">
     <span class='ocr_line' id='line_1_58' title="bbox 2146 2772 3727 2853; baseline 0.009 -28"><span class='ocrx_word' id='word_1_389' title='bbox 2146 2772 2373 2829; x_wconf 88' lang='lat' dir='ltr'><strong>ticorum</strong></span> <span class='ocrx_word' id='word_1_390' title='bbox 2397 2775 2723 2844; x_wconf 87' lang='lat' dir='ltr'><strong>pervasionc</strong></span> <span class='ocrx_word' id='word_1_391' title='bbox 2742 2777 3102 2847; x_wconf 82' lang='lat' dir='ltr'><strong>deliquerant,</strong></span> <span class='ocrx_word' id='word_1_392' title='bbox 3124 2783 3447 2853; x_wconf 88' lang='lat' dir='ltr'><strong>competenti</strong></span> <span class='ocrx_word' id='word_1_393' title='bbox 3466 2784 3727 2840; x_wconf 82' lang='lat' dir='ltr'><strong>emenda-</strong></span> 
     </span>
    </p>
   </div>
   <div class='ocr_carea' id='block_1_59' title="bbox 2144 2865 3725 2946">
    <p class='ocr_par' dir='ltr' id='par_1_59' title="bbox 2144 2865 3725 2946">
     <span class='ocr_line' id='line_1_59' title="bbox 2144 2865 3725 2946; baseline 0.009 -28"><span class='ocrx_word' id='word_1_394' title='bbox 2144 2865 2291 2921; x_wconf 89' lang='lat' dir='ltr'><strong>tione</strong></span> <span class='ocrx_word' id='word_1_395' title='bbox 2315 2867 2673 2937; x_wconf 79' lang='lat' dir='ltr'><strong>corrigereut,</strong></span> <span class='ocrx_word' id='word_1_396' title='bbox 2708 2888 2727 2921; x_wconf 79' lang='grc' dir='ltr'><strong>ι</strong></span> <span class='ocrx_word' id='word_1_397' title='bbox 2770 2870 3010 2936; x_wconf 90' lang='lat' dir='ltr'><strong>utsicut,</strong></span> <span class='ocrx_word' id='word_1_398' title='bbox 3043 2873 3220 2944; x_wconf 87' lang='lat' dir='ltr'><strong>inquit</strong></span> <span class='ocrx_word' id='word_1_399' title='bbox 3246 2875 3511 2946; x_wconf 79' lang='lat' dir='ltr'><strong>pontifex,</strong></span> <span class='ocrx_word' id='word_1_400' title='bbox 3544 2888 3725 2933; x_wconf 87' lang='lat' dir='ltr'><strong>mater</strong></span> 
     </span>
    </p>
   </div>
   <div class='ocr_carea' id='block_1_60' title="bbox 2141 2960 3727 3032">
    <p class='ocr_par' dir='ltr' id='par_1_60' title="bbox 2141 2960 3727 3032">
     <span class='ocr_line' id='line_1_60' title="bbox 2141 2960 3727 3032; baseline 0.009 -20"><span class='ocrx_word' id='word_1_401' title='bbox 2141 2968 2324 3014; x_wconf 86' lang='lat' dir='ltr'><strong>vestra</strong></span> <span class='ocrx_word' id='word_1_402' title='bbox 2374 2960 2440 3015; x_wconf 87' lang='lat' dir='ltr'><strong>de</strong></span> <span class='ocrx_word' id='word_1_403' title='bbox 2486 2976 2712 3019; x_wconf 82' lang='lat' dir='ltr'><strong>excessu</strong></span> <span class='ocrx_word' id='word_1_404' title='bbox 2741 2975 2923 3020; x_wconf 90' lang='lat' dir='ltr'><strong>vestro</strong></span> <span class='ocrx_word' id='word_1_405' title='bbox 2967 2966 3263 3032; x_wconf 90' lang='lat' dir='ltr'><strong>condoluit,</strong></span> <span class='ocrx_word' id='word_1_406' title='bbox 3305 2968 3381 3023; x_wconf 91' lang='lat' dir='ltr'><strong>ita</strong></span> <span class='ocrx_word' id='word_1_407' title='bbox 3421 2969 3489 3025; x_wconf 90' lang='lat' dir='ltr'><strong>de</strong></span> <span class='ocrx_word' id='word_1_408' title='bbox 3507 2969 3727 3027; x_wconf 82' lang='lat' dir='ltr'><strong>satisfa-</strong></span> 
     </span>
    </p>
   </div>
   <div class='ocr_carea' id='block_1_61' title="bbox 2140 3050 3726 3127">
    <p class='ocr_par' dir='ltr' id='par_1_61' title="bbox 2140 3050 3726 3127">
     <span class='ocr_line' id='line_1_61' title="bbox 2140 3050 3726 3127; baseline 0.007 -22"><span class='ocrx_word' id='word_1_409' title='bbox 2140 3050 2326 3105; x_wconf 90' lang='lat' dir='ltr'><strong>ctione</strong></span> <span class='ocrx_word' id='word_1_410' title='bbox 2353 3050 2585 3107; x_wconf 84' lang='lat' dir='ltr'><strong>laetetur.</strong></span> <span class='ocrx_word' id='word_1_411' title='bbox 2608 3071 2626 3103; x_wconf 78' lang='grc' dir='ltr'><strong>ι</strong></span> <span class='ocrx_word' id='word_1_412' title='bbox 2662 3053 2817 3109; x_wconf 83' lang='lat' dir='ltr'><strong>Dedit</strong></span> <span class='ocrx_word' id='word_1_413' title='bbox 2837 3065 2893 3109; x_wconf 93' lang='lat' dir='ltr'><strong>et</strong></span> <span class='ocrx_word' id='word_1_414' title='bbox 2918 3057 3123 3112; x_wconf 89' lang='lat' dir='ltr'><strong>eisdem</strong></span> <span class='ocrx_word' id='word_1_415' title='bbox 3151 3059 3468 3127; x_wconf 72' lang='lat' dir='ltr'><strong>pnesulibus</strong></span> <span class='ocrx_word' id='word_1_416' title='bbox 3498 3064 3726 3118; x_wconf 72' lang='lat' dir='ltr'><strong>tutanda-</strong></span> 
     </span>
    </p>
   </div>
   <div class='ocr_carea' id='block_1_62' title="bbox 459 3116 3720 3221">
    <p class='ocr_par' dir='ltr' id='par_1_62' title="bbox 459 3116 3720 3221">
     <span class='ocr_line' id='line_1_62' title="bbox 459 3116 3720 3221; baseline 0.012 -50"><span class='ocrx_word' id='word_1_417' title='bbox 459 3116 665 3175; x_wconf 88' lang='lat' dir='ltr'><strong>cltaelis</strong></span> <span class='ocrx_word' id='word_1_418' title='bbox 689 3124 1035 3184; x_wconf 85' lang='lat' dir='ltr'><strong>anathemate</strong></span> <span class='ocrx_word' id='word_1_419' title='bbox 1053 3144 1417 3201; x_wconf 83' lang='lat' dir='ltr'><strong>percusserat,</strong></span> <span class='ocrx_word' id='word_1_420' title='bbox 1446 3153 1514 3193; x_wconf 83' lang='lat' dir='ltr'><strong>ex</strong></span> <span class='ocrx_word' id='word_1_421' title='bbox 1542 3155 1608 3196; x_wconf 88' lang='lat' dir='ltr'><strong>eo</strong></span> <span class='ocrx_word' id='word_1_422' title='bbox 1628 3144 1772 3212; x_wconf 91' lang='lat' dir='ltr'><strong>quod</strong></span> <span class='ocrx_word' id='word_1_423' title='bbox 1796 3149 2038 3216; x_wconf 73' lang='lat' dir='ltr'><strong>generali</strong></span> <span class='ocrx_word' id='word_1_424' title='bbox 2067 3152 2109 3209; x_wconf 90' lang='lat' dir='ltr'><strong><em>C</em></strong></span> <span class='ocrx_word' id='word_1_425' title='bbox 2145 3154 2257 3199; x_wconf 86' lang='lat' dir='ltr'><strong>tum</strong></span> <span class='ocrx_word' id='word_1_426' title='bbox 2311 3144 2570 3200; x_wconf 84' lang='lat' dir='ltr'><strong>Piboneut</strong></span> <span class='ocrx_word' id='word_1_427' title='bbox 2601 3147 2944 3214; x_wconf 84' lang='lat' dir='ltr'><strong>admouendi,</strong></span> <span class='ocrx_word' id='word_1_428' title='bbox 2989 3160 3048 3203; x_wconf 91' lang='lat' dir='ltr'><strong>ut</strong></span> <span class='ocrx_word' id='word_1_429' title='bbox 3091 3163 3155 3203; x_wconf 91' lang='lat' dir='ltr'><strong>ea</strong></span> <span class='ocrx_word' id='word_1_430' title='bbox 3183 3165 3305 3221; x_wconf 66' lang='lat' dir='ltr'><strong>quae</strong></span> <span class='ocrx_word' id='word_1_431' title='bbox 3354 3151 3428 3206; x_wconf 89' lang='lat' dir='ltr'><strong>illi</strong></span> <span class='ocrx_word' id='word_1_432' title='bbox 3479 3151 3720 3221; x_wconf 86' lang='lat' dir='ltr'><strong>injuncta</strong></span> 
     </span>
    </p>
   </div>
   <div class='ocr_carea' id='block_1_63' title="bbox 458 3211 2037 3297">
    <p class='ocr_par' dir='ltr' id='par_1_63' title="bbox 458 3211 2037 3297">
     <span class='ocr_line' id='line_1_63' title="bbox 458 3211 2037 3297; baseline 0.02 -31"><span class='ocrx_word' id='word_1_433' title='bbox 458 3211 654 3270; x_wconf 89' lang='lat' dir='ltr'><strong>adesse</strong></span> <span class='ocrx_word' id='word_1_434' title='bbox 705 3216 1100 3279; x_wconf 86' lang='lat' dir='ltr'><strong>detrectassent</strong></span> <span class='ocrx_word' id='word_1_435' title='bbox 1145 3228 1558 3297; x_wconf 90' lang='lat' dir='ltr'><strong>supplicationi,</strong></span> <span class='ocrx_word' id='word_1_436' title='bbox 1609 3211 1679 3291; x_wconf 85' lang='lat' dir='ltr'><strong>ad</strong></span> <span class='ocrx_word' id='word_1_437' title='bbox 1725 3211 2037 3297; x_wconf 66' lang='lat' dir='ltr'><strong>solvendam</strong></span> 
     </span>
    </p>
   </div>
   <div class='ocr_carea' id='block_1_64' title="bbox 456 3312 2042 3399">
    <p class='ocr_par' dir='ltr' id='par_1_64' title="bbox 456 3312 2042 3399">
     <span class='ocr_line' id='line_1_64' title="bbox 456 3312 2042 3399; baseline 0.02 -42"><span class='ocrx_word' id='word_1_438' title='bbox 456 3312 1077 3372; x_wconf 60' lang='lat' dir='ltr'><strong>«communicationem</strong></span> <span class='ocrx_word' id='word_1_439' title='bbox 1133 3319 1407 3379; x_wconf 78' lang='lat' dir='ltr'><strong>incitaret.</strong></span> <span class='ocrx_word' id='word_1_440' title='bbox 1450 3323 1800 3399; x_wconf 71' lang='lat' dir='ltr'><strong>Privileglum</strong></span> <span class='ocrx_word' id='word_1_441' title='bbox 1853 3346 2042 3389; x_wconf 84' lang='lat' dir='ltr'><strong>mona-</strong></span> 
     </span>
    </p>
   </div>
   <div class='ocr_carea' id='block_1_65' title="bbox 457 3399 2037 3492">
    <p class='ocr_par' dir='ltr' id='par_1_65' title="bbox 457 3399 2037 3492">
     <span class='ocr_line' id='line_1_65' title="bbox 457 3399 2037 3492; baseline 0.02 -41"><span class='ocrx_word' id='word_1_442' title='bbox 457 3399 625 3455; x_wconf 87' lang='lat' dir='ltr'><strong>sterio</strong></span> <span class='ocrx_word' id='word_1_443' title='bbox 678 3401 735 3457; x_wconf 93' lang='lat' dir='ltr'><strong>S.</strong></span> <span class='ocrx_word' id='word_1_444' title='bbox 799 3404 1076 3467; x_wconf 79' lang='lat' dir='ltr'><strong>Michaelis</strong></span> <span class='ocrx_word' id='word_1_445' title='bbox 1122 3411 1189 3469; x_wconf 88' lang='lat' dir='ltr'><strong>ad</strong></span> <span class='ocrx_word' id='word_1_446' title='bbox 1227 3403 1432 3470; x_wconf 72' lang='lat' dir='ltr'><strong>Mosam</strong></span> <span class='ocrx_word' id='word_1_447' title='bbox 1480 3416 1705 3475; x_wconf 88' lang='lat' dir='ltr'><strong>indulsit</strong></span> <span class='ocrx_word' id='word_1_448' title='bbox 1739 3437 1829 3477; x_wconf 86' lang='lat' dir='ltr'><strong>an.</strong></span> <span class='ocrx_word' id='word_1_449' title='bbox 1873 3422 2037 3492; x_wconf 70' lang='lat'><strong>{076,</strong></span> 
     </span>
    </p>
   </div>
   <div class='ocr_carea' id='block_1_66' title="bbox 456 3497 2036 3573">
    <p class='ocr_par' dir='ltr' id='par_1_66' title="bbox 456 3497 2036 3573">
     <span class='ocr_line' id='line_1_66' title="bbox 456 3497 2036 3573; baseline 0.018 -30"><span class='ocrx_word' id='word_1_450' title='bbox 456 3506 565 3560; x_wconf 88' lang='lat' dir='ltr'><strong>quo</strong></span> <span class='ocrx_word' id='word_1_451' title='bbox 588 3497 908 3561; x_wconf 74' lang='lat' dir='ltr'><strong>gravissima</strong></span> <span class='ocrx_word' id='word_1_452' title='bbox 934 3500 985 3555; x_wconf 89' lang='lat' dir='ltr'><strong>ei</strong></span> <span class='ocrx_word' id='word_1_453' title='bbox 1033 3498 1241 3557; x_wconf 88' lang='lat' dir='ltr'><strong>intenta</strong></span> <span class='ocrx_word' id='word_1_454' title='bbox 1270 3514 1354 3560; x_wconf 81' lang='lat' dir='ltr'><strong>est</strong></span> <span class='ocrx_word' id='word_1_455' title='bbox 1385 3509 1528 3564; x_wconf 81' lang='lat' dir='ltr'><strong>actio</strong></span> <span class='ocrx_word' id='word_1_456' title='bbox 1562 3529 1575 3564; x_wconf 89' lang='lat'><strong>:</strong></span> <span class='ocrx_word' id='word_1_457' title='bbox 1618 3513 1848 3570; x_wconf 78' lang='lat' dir='ltr'><strong>clericus</strong></span> <span class='ocrx_word' id='word_1_458' title='bbox 1888 3517 2036 3573; x_wconf 89' lang='lat' dir='ltr'><strong>enim</strong></span> 
     </span>
    </p>
   </div>
   <div class='ocr_carea' id='block_1_67' title="bbox 456 3582 2039 3676">
    <p class='ocr_par' dir='ltr' id='par_1_67' title="bbox 456 3582 2039 3676">
     <span class='ocr_line' id='line_1_67' title="bbox 456 3582 2039 3676; baseline 0.018 -42"><span class='ocrx_word' id='word_1_459' title='bbox 456 3582 698 3651; x_wconf 86' lang='lat' dir='ltr'><strong>quidam,</strong></span> <span class='ocrx_word' id='word_1_460' title='bbox 735 3585 1010 3646; x_wconf 85' lang='lat' dir='ltr'><strong>Tulleusis</strong></span> <span class='ocrx_word' id='word_1_461' title='bbox 1031 3593 1279 3649; x_wconf 79' lang='lat' dir='ltr'><strong>ecclesia:</strong></span> <span class='ocrx_word' id='word_1_462' title='bbox 1309 3606 1513 3666; x_wconf 91' lang='lat' dir='ltr'><strong>custos,</strong></span> <span class='ocrx_word' id='word_1_463' title='bbox 1536 3603 1813 3670; x_wconf 86' lang='lat' dir='ltr'><strong>querelam</strong></span> <span class='ocrx_word' id='word_1_464' title='bbox 1838 3606 1906 3660; x_wconf 88' lang='lat' dir='ltr'><strong>ad</strong></span> <span class='ocrx_word' id='word_1_465' title='bbox 1942 3623 2039 3676; x_wconf 85' lang='lat' dir='ltr'><strong>pa-</strong></span> 
     </span>
    </p>
   </div>
   <div class='ocr_carea' id='block_1_68' title="bbox 457 3677 2039 3755">
    <p class='ocr_par' dir='ltr' id='par_1_68' title="bbox 457 3677 2039 3755">
     <span class='ocr_line' id='line_1_68' title="bbox 457 3677 2039 3755; baseline 0.017 -28"><span class='ocrx_word' id='word_1_466' title='bbox 457 3688 583 3745; x_wconf 89' lang='lat' dir='ltr'><strong>pam</strong></span> <span class='ocrx_word' id='word_1_467' title='bbox 618 3677 831 3745; x_wconf 87' lang='lat' dir='ltr'><strong>detulit,</strong></span> <span class='ocrx_word' id='word_1_468' title='bbox 871 3682 1015 3748; x_wconf 88' lang='lat' dir='ltr'><strong>quod</strong></span> <span class='ocrx_word' id='word_1_469' title='bbox 1061 3683 1348 3755; x_wconf 69' lang='lat' dir='ltr'><strong>episcopus</strong></span> <span class='ocrx_word' id='word_1_470' title='bbox 1393 3705 1498 3744; x_wconf 91' lang='lat' dir='ltr'><strong>non</strong></span> <span class='ocrx_word' id='word_1_471' title='bbox 1522 3691 1572 3745; x_wconf 92' lang='lat' dir='ltr'><strong>ei</strong></span> <span class='ocrx_word' id='word_1_472' title='bbox 1628 3702 1838 3749; x_wconf 87' lang='lat' dir='ltr'><strong>tantum</strong></span> <span class='ocrx_word' id='word_1_473' title='bbox 1863 3697 2039 3753; x_wconf 86' lang='lat' dir='ltr'><strong>eccle-</strong></span> 
     </span>
    </p>
   </div>
   <div class='ocr_carea' id='block_1_69' title="bbox 455 3764 2034 3855">
    <p class='ocr_par' dir='ltr' id='par_1_69' title="bbox 455 3764 2034 3855">
     <span class='ocr_line' id='line_1_69' title="bbox 455 3764 2034 3855; baseline 0.015 -37"><span class='ocrx_word' id='word_1_474' title='bbox 455 3764 593 3819; x_wconf 82' lang='lat' dir='ltr'><strong>siam</strong></span> <span class='ocrx_word' id='word_1_475' title='bbox 651 3767 719 3822; x_wconf 89' lang='lat' dir='ltr'><strong>ab</strong></span> <span class='ocrx_word' id='word_1_476' title='bbox 752 3768 928 3826; x_wconf 83' lang='lat' dir='ltr'><strong>ollicio</strong></span> <span class='ocrx_word' id='word_1_477' title='bbox 974 3775 1216 3831; x_wconf 79' lang='lat' dir='ltr'><strong>custodis</strong></span> <span class='ocrx_word' id='word_1_478' title='bbox 1249 3779 1641 3848; x_wconf 84' lang='lat' dir='ltr'><strong>dependentem</strong></span> <span class='ocrx_word' id='word_1_479' title='bbox 1691 3783 2034 3855; x_wconf 83' lang='lat' dir='ltr'><strong>denegasset,</strong></span> 
     </span>
    </p>
   </div>
   <div class='ocr_carea' id='block_1_70' title="bbox 454 3861 2039 3945">
    <p class='ocr_par' dir='ltr' id='par_1_70' title="bbox 454 3861 2039 3945">
     <span class='ocr_line' id='line_1_70' title="bbox 454 3861 2039 3945; baseline 0.013 -29"><span class='ocrx_word' id='word_1_480' title='bbox 454 3861 549 3916; x_wconf 83' lang='lat' dir='ltr'><strong>sed</strong></span> <span class='ocrx_word' id='word_1_481' title='bbox 600 3868 652 3917; x_wconf 91' lang='lat' dir='ltr'><strong>et</strong></span> <span class='ocrx_word' id='word_1_482' title='bbox 697 3864 873 3933; x_wconf 88' lang='lat' dir='ltr'><strong>ipsum</strong></span> <span class='ocrx_word' id='word_1_483' title='bbox 905 3881 934 3920; x_wconf 93' lang='lat' dir='ltr'><strong>a</strong></span> <span class='ocrx_word' id='word_1_484' title='bbox 971 3866 1341 3928; x_wconf 86' lang='lat' dir='ltr'><strong>functiouibns</strong></span> <span class='ocrx_word' id='word_1_485' title='bbox 1387 3876 1779 3945; x_wconf 84' lang='lat' dir='ltr'><strong>suspendisset.</strong></span> <span class='ocrx_word' id='word_1_486' title='bbox 1829 3878 2039 3939; x_wconf 64' lang='lat' dir='ltr'><strong>Praeter</strong></span> 
     </span>
    </p>
   </div>
   <div class='ocr_carea' id='block_1_71' title="bbox 452 3952 2034 4035">
    <p class='ocr_par' dir='ltr' id='par_1_71' title="bbox 452 3952 2034 4035">
     <span class='ocr_line' id='line_1_71' title="bbox 452 3952 2034 4035; baseline 0.013 -26"><span class='ocrx_word' id='word_1_487' title='bbox 452 3952 571 4009; x_wconf 68' lang='lat' dir='ltr'><strong>haec</strong></span> <span class='ocrx_word' id='word_1_488' title='bbox 598 3955 780 4010; x_wconf 86' lang='lat' dir='ltr'><strong>aiebat</strong></span> <span class='ocrx_word' id='word_1_489' title='bbox 821 3972 883 4013; x_wconf 87' lang='lat' dir='ltr'><strong>se</strong></span> <span class='ocrx_word' id='word_1_490' title='bbox 914 3960 1167 4031; x_wconf 90' lang='lat' dir='ltr'><strong>episcopo</strong></span> <span class='ocrx_word' id='word_1_491' title='bbox 1216 3966 1563 4035; x_wconf 81' lang='lat' dir='ltr'><strong>respondisse</strong></span> <span class='ocrx_word' id='word_1_492' title='bbox 1588 3956 1792 4025; x_wconf 71' lang='lat' dir='ltr'><strong>nullam</strong></span> <span class='ocrx_word' id='word_1_493' title='bbox 1847 3973 1899 4027; x_wconf 90' lang='lat' dir='ltr'><strong>ei</strong></span> <span class='ocrx_word' id='word_1_494' title='bbox 1936 3973 2034 4029; x_wconf 90' lang='lat' dir='ltr'><strong>de-</strong></span> 
     </span>
    </p>
   </div>
   <div class='ocr_carea' id='block_1_72' title="bbox 454 4044 2030 4127">
    <p class='ocr_par' dir='ltr' id='par_1_72' title="bbox 454 4044 2030 4127">
     <span class='ocr_line' id='line_1_72' title="bbox 454 4044 2030 4127; baseline 0.014 -27"><span class='ocrx_word' id='word_1_495' title='bbox 454 4044 569 4101; x_wconf 87' lang='lat' dir='ltr'><strong>beri</strong></span> <span class='ocrx_word' id='word_1_496' title='bbox 598 4048 981 4118; x_wconf 89' lang='lat' dir='ltr'><strong>obedientiam,</strong></span> <span class='ocrx_word' id='word_1_497' title='bbox 1009 4068 1075 4109; x_wconf 79' lang='lat' dir='ltr'><strong>ex</strong></span> <span class='ocrx_word' id='word_1_498' title='bbox 1111 4068 1178 4110; x_wconf 93' lang='lat' dir='ltr'><strong>eo</strong></span> <span class='ocrx_word' id='word_1_499' title='bbox 1214 4058 1362 4127; x_wconf 85' lang='lat' dir='ltr'><strong>quod</strong></span> <span class='ocrx_word' id='word_1_500' title='bbox 1395 4056 1654 4116; x_wconf 83' lang='lat' dir='ltr'><strong>Simoniae</strong></span> <span class='ocrx_word' id='word_1_501' title='bbox 1684 4077 1810 4125; x_wconf 85' lang='lat' dir='ltr'><strong>reus</strong></span> <span class='ocrx_word' id='word_1_502' title='bbox 1848 4075 2030 4123; x_wconf 88' lang='lat' dir='ltr'><strong>esset:</strong></span> 
     </span>
    </p>
   </div>
   <div class='ocr_carea' id='block_1_73' title="bbox 452 4136 2033 4228">
    <p class='ocr_par' dir='ltr' id='par_1_73' title="bbox 452 4136 2033 4228">
     <span class='ocr_line' id='line_1_73' title="bbox 452 4136 2033 4228; baseline 0.016 -36"><span class='ocrx_word' id='word_1_503' title='bbox 452 4136 603 4193; x_wconf 88' lang='lat' dir='ltr'><strong>illum</strong></span> <span class='ocrx_word' id='word_1_504' title='bbox 631 4141 900 4211; x_wconf 89' lang='lat' dir='ltr'><strong>siquidem</strong></span> <span class='ocrx_word' id='word_1_505' title='bbox 927 4153 1115 4203; x_wconf 84' lang='lat' dir='ltr'><strong>custos</strong></span> <span class='ocrx_word' id='word_1_506' title='bbox 1141 4149 1494 4207; x_wconf 87' lang='lat' dir='ltr'><strong>insinndabat</strong></span> <span class='ocrx_word' id='word_1_507' title='bbox 1533 4156 2033 4228; x_wconf 84' lang='lat' dir='ltr'><strong>archidiaconatus,</strong></span> 
     </span>
    </p>
   </div>
   <div class='ocr_carea' id='block_1_74' title="bbox 449 4231 2032 4316">
    <p class='ocr_par' dir='ltr' id='par_1_74' title="bbox 449 4231 2032 4316">
     <span class='ocr_line' id='line_1_74' title="bbox 449 4231 2032 4316; baseline 0.015 -32"><span class='ocrx_word' id='word_1_508' title='bbox 449 4231 804 4290; x_wconf 85' lang='lat' dir='ltr'><strong>ecclesiarum</strong></span> <span class='ocrx_word' id='word_1_509' title='bbox 829 4241 1291 4310; x_wconf 84' lang='lat' dir='ltr'><strong>consecrationes,</strong></span> <span class='ocrx_word' id='word_1_510' title='bbox 1330 4244 1589 4316; x_wconf 86' lang='lat' dir='ltr'><strong>ipsasque</strong></span> <span class='ocrx_word' id='word_1_511' title='bbox 1611 4249 1875 4306; x_wconf 85' lang='lat' dir='ltr'><strong>ecclesias</strong></span> <span class='ocrx_word' id='word_1_512' title='bbox 1897 4267 2032 4307; x_wconf 88' lang='lat' dir='ltr'><strong>ven-</strong></span> 
     </span>
    </p>
   </div>
   <div class='ocr_carea' id='block_1_75' title="bbox 450 4318 2031 4409">
    <p class='ocr_par' dir='ltr' id='par_1_75' title="bbox 450 4318 2031 4409">
     <span class='ocr_line' id='line_1_75' title="bbox 450 4318 2031 4409; baseline 0.013 -29"><span class='ocrx_word' id='word_1_513' title='bbox 450 4324 681 4391; x_wconf 82' lang='lat' dir='ltr'><strong>didisse;</strong></span> <span class='ocrx_word' id='word_1_514' title='bbox 737 4327 952 4396; x_wconf 88' lang='lat' dir='ltr'><strong>publice</strong></span> <span class='ocrx_word' id='word_1_515' title='bbox 998 4347 1121 4387; x_wconf 90' lang='lat' dir='ltr'><strong>cum</strong></span> <span class='ocrx_word' id='word_1_516' title='bbox 1168 4324 1721 4409; x_wconf 36' lang='lat' dir='ltr'><strong>concubinafquam</strong></span> <span class='ocrx_word' id='word_1_517' title='bbox 1765 4318 2031 4401; x_wconf 64' lang='lat' dir='ltr'><strong>laicorum</strong></span> 
     </span>
    </p>
   </div>
   <div class='ocr_carea' id='block_1_76' title="bbox 447 4419 2026 4503">
    <p class='ocr_par' dir='ltr' id='par_1_76' title="bbox 447 4419 2026 4503">
     <span class='ocr_line' id='line_1_76' title="bbox 447 4419 2026 4503; baseline 0.012 -30"><span class='ocrx_word' id='word_1_518' title='bbox 447 4432 603 4475; x_wconf 88' lang='lat' dir='ltr'><strong>more</strong></span> <span class='ocrx_word' id='word_1_519' title='bbox 622 4419 726 4476; x_wconf 85' lang='lat' dir='ltr'><strong>sibi</strong></span> <span class='ocrx_word' id='word_1_520' title='bbox 753 4422 1105 4490; x_wconf 85' lang='lat' dir='ltr'><strong>copulaverat</strong></span> <span class='ocrx_word' id='word_1_521' title='bbox 1128 4438 1494 4494; x_wconf 82' lang='lat' dir='ltr'><strong>sacramento,</strong></span> <span class='ocrx_word' id='word_1_522' title='bbox 1519 4442 1576 4486; x_wconf 88' lang='lat' dir='ltr'><strong>et</strong></span> <span class='ocrx_word' id='word_1_523' title='bbox 1607 4446 1678 4486; x_wconf 75' lang='lat' dir='ltr'><strong>ex</strong></span> <span class='ocrx_word' id='word_1_524' title='bbox 1712 4450 1818 4503; x_wconf 87' lang='lat' dir='ltr'><strong>qua</strong></span> <span class='ocrx_word' id='word_1_525' title='bbox 1855 4434 2026 4492; x_wconf 83' lang='lat' dir='ltr'><strong>filium</strong></span> 
     </span>
    </p>
   </div>
   <div class='ocr_carea' id='block_1_77' title="bbox 444 4516 2029 4596">
    <p class='ocr_par' dir='ltr' id='par_1_77' title="bbox 444 4516 2029 4596">
     <span class='ocr_line' id='line_1_77' title="bbox 444 4516 2029 4596; baseline 0.008 -26"><span class='ocrx_word' id='word_1_526' title='bbox 444 4524 787 4583; x_wconf 71' lang='lat' dir='ltr'><strong>susceperat,</strong></span> <span class='ocrx_word' id='word_1_527' title='bbox 843 4516 1072 4587; x_wconf 72' lang='lat' dir='ltr'><strong>degere;</strong></span> <span class='ocrx_word' id='word_1_528' title='bbox 1130 4520 1261 4589; x_wconf 88' lang='lat' dir='ltr'><strong>quin</strong></span> <span class='ocrx_word' id='word_1_529' title='bbox 1319 4531 1377 4576; x_wconf 91' lang='lat' dir='ltr'><strong>et</strong></span> <span class='ocrx_word' id='word_1_530' title='bbox 1425 4522 1797 4594; x_wconf 84' lang='lat' dir='ltr'><strong>episcopatum</strong></span> <span class='ocrx_word' id='word_1_531' title='bbox 1852 4528 2029 4596; x_wconf 89' lang='lat' dir='ltr'><strong>pretio</strong></span> 
     </span>
    </p>
   </div>
   <div class='ocr_carea' id='block_1_78' title="bbox 446 4609 2025 4689">
    <p class='ocr_par' dir='ltr' id='par_1_78' title="bbox 446 4609 2025 4689">
     <span class='ocr_line' id='line_1_78' title="bbox 446 4609 2025 4689; baseline 0.009 -28"><span class='ocrx_word' id='word_1_532' title='bbox 446 4620 815 4677; x_wconf 72' lang='lat' dir='ltr'><strong>comparasse.</strong></span> <span class='ocrx_word' id='word_1_533' title='bbox 847 4610 929 4664; x_wconf 80' lang='lat' dir='ltr'><strong>Ad</strong></span> <span class='ocrx_word' id='word_1_534' title='bbox 961 4609 1077 4666; x_wconf 65' lang='lat' dir='ltr'><strong>hanc</strong></span> <span class='ocrx_word' id='word_1_535' title='bbox 1124 4611 1360 4669; x_wconf 81' lang='lat' dir='ltr'><strong>addebat</strong></span> <span class='ocrx_word' id='word_1_536' title='bbox 1384 4615 1617 4672; x_wconf 85' lang='lat' dir='ltr'><strong>clericus</strong></span> <span class='ocrx_word' id='word_1_537' title='bbox 1666 4633 1729 4674; x_wconf 90' lang='lat' dir='ltr'><strong>se</strong></span> <span class='ocrx_word' id='word_1_538' title='bbox 1776 4618 2025 4689; x_wconf 84' lang='lat' dir='ltr'><strong>aliosque</strong></span> 
     </span>
    </p>
   </div>
   <div class='ocr_carea' id='block_1_79' title="bbox 448 4698 2027 4767">
    <p class='ocr_par' dir='ltr' id='par_1_79' title="bbox 448 4698 2027 4767">
     <span class='ocr_line' id='line_1_79' title="bbox 448 4698 2027 4767; baseline 0.009 -15"><span class='ocrx_word' id='word_1_539' title='bbox 448 4698 743 4754; x_wconf 82' lang='lat' dir='ltr'><strong>canonicos</strong></span> <span class='ocrx_word' id='word_1_540' title='bbox 768 4699 1041 4756; x_wconf 87' lang='lat' dir='ltr'><strong>audivisse</strong></span> <span class='ocrx_word' id='word_1_541' title='bbox 1068 4700 1331 4758; x_wconf 87' lang='lat' dir='ltr'><strong>Pibonem</strong></span> <span class='ocrx_word' id='word_1_542' title='bbox 1360 4707 1589 4762; x_wconf 87' lang='lat' dir='ltr'><strong>crimina</strong></span> <span class='ocrx_word' id='word_1_543' title='bbox 1619 4708 1737 4765; x_wconf 58' lang='lat' dir='ltr'><strong>haec</strong></span> <span class='ocrx_word' id='word_1_544' title='bbox 1765 4707 2027 4767; x_wconf 82' lang='lat' dir='ltr'><strong>fatentem</strong></span> 
     </span>
    </p>
   </div>
   <div class='ocr_carea' id='block_1_80' title="bbox 443 4789 2030 4868">
    <p class='ocr_par' dir='ltr' id='par_1_80' title="bbox 443 4789 2030 4868">
     <span class='ocr_line' id='line_1_80' title="bbox 443 4789 2030 4868; baseline 0.008 -21"><span class='ocrx_word' id='word_1_545' title='bbox 443 4803 512 4847; x_wconf 76' lang='lat' dir='ltr'><strong>ac</strong></span> <span class='ocrx_word' id='word_1_546' title='bbox 539 4789 809 4845; x_wconf 86' lang='lat' dir='ltr'><strong>dicentem</strong></span> <span class='ocrx_word' id='word_1_547' title='bbox 860 4792 997 4847; x_wconf 89' lang='lat' dir='ltr'><strong>velle</strong></span> <span class='ocrx_word' id='word_1_548' title='bbox 1044 4795 1414 4863; x_wconf 70' lang='lat' dir='ltr'><strong>paenitentiam</strong></span> <span class='ocrx_word' id='word_1_549' title='bbox 1446 4813 1627 4868; x_wconf 72' lang='lat' dir='ltr'><strong>agere.</strong></span> <span class='ocrx_word' id='word_1_550' title='bbox 1660 4800 1744 4855; x_wconf 90' lang='lat' dir='ltr'><strong>lra</strong></span> <span class='ocrx_word' id='word_1_551' title='bbox 1788 4801 2030 4860; x_wconf 79' lang='lat' dir='ltr'><strong>fervidus</strong></span> 
     </span>
    </p>
   </div>
   <div class='ocr_carea' id='block_1_81' title="bbox 447 4878 2027 4952">
    <p class='ocr_par' dir='ltr' id='par_1_81' title="bbox 447 4878 2027 4952">
     <span class='ocr_line' id='line_1_81' title="bbox 447 4878 2027 4952; baseline 0.008 -15"><span class='ocrx_word' id='word_1_552' title='bbox 447 4878 606 4946; x_wconf 88' lang='lat' dir='ltr'><strong>Pibo,</strong></span> <span class='ocrx_word' id='word_1_553' title='bbox 634 4882 874 4952; x_wconf 70' lang='lat' dir='ltr'><strong>graviter</strong></span> <span class='ocrx_word' id='word_1_554' title='bbox 894 4885 1095 4940; x_wconf 88' lang='lat' dir='ltr'><strong>clerico</strong></span> <span class='ocrx_word' id='word_1_555' title='bbox 1145 4889 1456 4943; x_wconf 86' lang='lat' dir='ltr'><strong>succensuit</strong></span> <span class='ocrx_word' id='word_1_556' title='bbox 1501 4899 1557 4943; x_wconf 87' lang='lat' dir='ltr'><strong>et</strong></span> <span class='ocrx_word' id='word_1_557' title='bbox 1597 4891 1731 4947; x_wconf 86' lang='lat' dir='ltr'><strong>urbe</strong></span> <span class='ocrx_word' id='word_1_558' title='bbox 1752 4892 2027 4950; x_wconf 83' lang='lat' dir='ltr'><strong>discessit.</strong></span> 
     </span>
    </p>
   </div>
   <div class='ocr_carea' id='block_1_82' title="bbox 446 4975 2029 5051">
    <p class='ocr_par' dir='ltr' id='par_1_82' title="bbox 446 4975 2029 5051">
     <span class='ocr_line' id='line_1_82' title="bbox 446 4975 2029 5051; baseline 0.011 -26"><span class='ocrx_word' id='word_1_559' title='bbox 446 4975 567 5040; x_wconf 78' lang='lat' dir='ltr'><strong>Quo</strong></span> <span class='ocrx_word' id='word_1_560' title='bbox 610 4975 856 5036; x_wconf 80' lang='lat' dir='ltr'><strong>absente.</strong></span> <span class='ocrx_word' id='word_1_561' title='bbox 888 4976 1087 5034; x_wconf 83' lang='lat' dir='ltr'><strong>milites</strong></span> <span class='ocrx_word' id='word_1_562' title='bbox 1112 4979 1171 5033; x_wconf 87' lang='lat' dir='ltr'><strong>iu</strong></span> <span class='ocrx_word' id='word_1_563' title='bbox 1203 4979 1497 5037; x_wconf 73' lang='lat' dir='ltr'><strong>claustrum</strong></span> <span class='ocrx_word' id='word_1_564' title='bbox 1530 4983 1896 5051; x_wconf 85' lang='lat' dir='ltr'><strong>introeuntes,</strong></span> <span class='ocrx_word' id='word_1_565' title='bbox 1925 4988 2029 5042; x_wconf 89' lang='lat' dir='ltr'><strong>mi-</strong></span> 
     </span>
    </p>
   </div>
   <div class='ocr_carea' id='block_1_83' title="bbox 448 5064 2029 5142">
    <p class='ocr_par' dir='ltr' id='par_1_83' title="bbox 448 5064 2029 5142">
     <span class='ocr_line' id='line_1_83' title="bbox 448 5064 2029 5142; baseline 0.011 -23"><span class='ocrx_word' id='word_1_566' title='bbox 448 5079 552 5119; x_wconf 88' lang='lat' dir='ltr'><strong>nas</strong></span> <span class='ocrx_word' id='word_1_567' title='bbox 609 5064 893 5121; x_wconf 87' lang='lat' dir='ltr'><strong>intendere</strong></span> <span class='ocrx_word' id='word_1_568' title='bbox 937 5067 1158 5136; x_wconf 86' lang='lat' dir='ltr'><strong>clerico,</strong></span> <span class='ocrx_word' id='word_1_569' title='bbox 1187 5072 1279 5142; x_wconf 90' lang='lat' dir='ltr'><strong>qui</strong></span> <span class='ocrx_word' id='word_1_570' title='bbox 1310 5073 1573 5130; x_wconf 75' lang='lat' dir='ltr'><strong>vittesute</strong></span> <span class='ocrx_word' id='word_1_571' title='bbox 1597 5084 1654 5130; x_wconf 92' lang='lat' dir='ltr'><strong>et</strong></span> <span class='ocrx_word' id='word_1_572' title='bbox 1698 5077 1892 5134; x_wconf 91' lang='lat' dir='ltr'><strong>honori</strong></span> <span class='ocrx_word' id='word_1_573' title='bbox 1933 5096 2029 5137; x_wconf 84' lang='lat' dir='ltr'><strong>ve-</strong></span> 
     </span>
    </p>
   </div>
   <div class='ocr_carea' id='block_1_84' title="bbox 447 5154 2027 5243">
    <p class='ocr_par' dir='ltr' id='par_1_84' title="bbox 447 5154 2027 5243">
     <span class='ocr_line' id='line_1_84' title="bbox 447 5154 2027 5243; baseline 0.011 -32"><span class='ocrx_word' id='word_1_574' title='bbox 447 5156 611 5221; x_wconf 87' lang='lat' dir='ltr'><strong>ritus,</strong></span> <span class='ocrx_word' id='word_1_575' title='bbox 640 5154 778 5211; x_wconf 76' lang='lat' dir='ltr'><strong>clam</strong></span> <span class='ocrx_word' id='word_1_576' title='bbox 810 5158 943 5214; x_wconf 86' lang='lat' dir='ltr'><strong>urbe</strong></span> <span class='ocrx_word' id='word_1_577' title='bbox 969 5176 1222 5232; x_wconf 70' lang='lat' dir='ltr'><strong>egressus</strong></span> <span class='ocrx_word' id='word_1_578' title='bbox 1249 5175 1352 5220; x_wconf 88' lang='lat' dir='ltr'><strong>est.</strong></span> <span class='ocrx_word' id='word_1_579' title='bbox 1402 5166 1666 5231; x_wconf 80' lang='lat' dir='ltr'><strong>Antistes,</strong></span> <span class='ocrx_word' id='word_1_580' title='bbox 1694 5180 1916 5243; x_wconf 81' lang='lat' dir='ltr'><strong>accepta</strong></span> <span class='ocrx_word' id='word_1_581' title='bbox 1937 5189 2027 5228; x_wconf 91' lang='lat' dir='ltr'><strong>cu-</strong></span> 
     </span>
    </p>
   </div>
   <div class='ocr_carea' id='block_1_85' title="bbox 444 5247 2028 5323">
    <p class='ocr_par' dir='ltr' id='par_1_85' title="bbox 444 5247 2028 5323">
     <span class='ocr_line' id='line_1_85' title="bbox 444 5247 2028 5323; baseline 0.009 -18"><span class='ocrx_word' id='word_1_582' title='bbox 444 5248 619 5306; x_wconf 67' lang='lat' dir='ltr'><strong>stodis</strong></span> <span class='ocrx_word' id='word_1_583' title='bbox 640 5247 793 5322; x_wconf 70' lang='lat' dir='ltr'><strong>fuga,</strong></span> <span class='ocrx_word' id='word_1_584' title='bbox 818 5265 1011 5308; x_wconf 83' lang='lat' dir='ltr'><strong>omnes</strong></span> <span class='ocrx_word' id='word_1_585' title='bbox 1034 5252 1152 5323; x_wconf 87' lang='lat' dir='ltr'><strong>ejus</strong></span> <span class='ocrx_word' id='word_1_586' title='bbox 1181 5255 1467 5314; x_wconf 80' lang='lat' dir='ltr'><strong>facultates</strong></span> <span class='ocrx_word' id='word_1_587' title='bbox 1512 5261 1766 5317; x_wconf 81' lang='lat' dir='ltr'><strong>exhausit</strong></span> <span class='ocrx_word' id='word_1_588' title='bbox 1800 5278 1869 5319; x_wconf 87' lang='lat' dir='ltr'><strong>ac</strong></span> <span class='ocrx_word' id='word_1_589' title='bbox 1893 5264 2028 5320; x_wconf 87' lang='lat' dir='ltr'><strong>diri-</strong></span> 
     </span>
    </p>
   </div>
   <div class='ocr_carea' id='block_1_86' title="bbox 448 5342 2027 5423">
    <p class='ocr_par' dir='ltr' id='par_1_86' title="bbox 448 5342 2027 5423">
     <span class='ocr_line' id='line_1_86' title="bbox 448 5342 2027 5423; baseline 0.012 -29"><span class='ocrx_word' id='word_1_590' title='bbox 448 5342 585 5412; x_wconf 86' lang='lat' dir='ltr'><strong>puit,</strong></span> <span class='ocrx_word' id='word_1_591' title='bbox 612 5357 847 5413; x_wconf 89' lang='lat' dir='ltr'><strong>eumque</strong></span> <span class='ocrx_word' id='word_1_592' title='bbox 889 5346 958 5399; x_wconf 92' lang='lat' dir='ltr'><strong>ad</strong></span> <span class='ocrx_word' id='word_1_593' title='bbox 984 5355 1283 5403; x_wconf 79' lang='lat' dir='ltr'><strong>extremam</strong></span> <span class='ocrx_word' id='word_1_594' title='bbox 1312 5349 1495 5420; x_wconf 80' lang='lat' dir='ltr'><strong>adegit</strong></span> <span class='ocrx_word' id='word_1_595' title='bbox 1533 5361 1851 5423; x_wconf 68' lang='lat' dir='ltr'><strong>egestatem.</strong></span> <span class='ocrx_word' id='word_1_596' title='bbox 1889 5354 2027 5413; x_wconf 82' lang='lat' dir='ltr'><strong>Huic</strong></span> 
     </span>
    </p>
   </div>
   <div class='ocr_carea' id='block_1_87' title="bbox 444 5434 2024 5518">
    <p class='ocr_par' dir='ltr' id='par_1_87' title="bbox 444 5434 2024 5518">
     <span class='ocr_line' id='line_1_87' title="bbox 444 5434 2024 5518; baseline 0.01 -29"><span class='ocrx_word' id='word_1_597' title='bbox 444 5435 628 5503; x_wconf 83' lang='lat' dir='ltr'><strong>itaque</strong></span> <span class='ocrx_word' id='word_1_598' title='bbox 679 5434 857 5493; x_wconf 84' lang='lat' dir='ltr'><strong>visum</strong></span> <span class='ocrx_word' id='word_1_599' title='bbox 907 5448 992 5497; x_wconf 80' lang='lat' dir='ltr'><strong>est</strong></span> <span class='ocrx_word' id='word_1_600' title='bbox 1044 5454 1317 5496; x_wconf 85' lang='lat' dir='ltr'><strong>summum</strong></span> <span class='ocrx_word' id='word_1_601' title='bbox 1368 5443 1683 5514; x_wconf 73' lang='lat' dir='ltr'><strong>pontificem</strong></span> <span class='ocrx_word' id='word_1_602' title='bbox 1731 5447 2024 5518; x_wconf 83' lang='lat' dir='ltr'><strong>appellare,</strong></span> 
     </span>
    </p>
   </div>
   <div class='ocr_carea' id='block_1_88' title="bbox 440 5526 2024 5612">
    <p class='ocr_par' dir='ltr' id='par_1_88' title="bbox 440 5526 2024 5612">
     <span class='ocr_line' id='line_1_88' title="bbox 440 5526 2024 5612; baseline 0.012 -33"><span class='ocrx_word' id='word_1_603' title='bbox 440 5526 536 5595; x_wconf 87' lang='lat' dir='ltr'><strong>qui</strong></span> <span class='ocrx_word' id='word_1_604' title='bbox 560 5541 625 5582; x_wconf 76' lang='lat' dir='ltr'><strong>ea</strong></span> <span class='ocrx_word' id='word_1_605' title='bbox 666 5527 818 5585; x_wconf 86' lang='lat' dir='ltr'><strong>dere</strong></span> <span class='ocrx_word' id='word_1_606' title='bbox 850 5530 920 5586; x_wconf 76' lang='lat' dir='ltr'><strong>ad</strong></span> <span class='ocrx_word' id='word_1_607' title='bbox 960 5530 1204 5589; x_wconf 87' lang='lat' dir='ltr'><strong>Udouem</strong></span> <span class='ocrx_word' id='word_1_608' title='bbox 1247 5533 1625 5596; x_wconf 78' lang='lat' dir='ltr'><strong>&#39;l&#39;revirensem</strong></span> <span class='ocrx_word' id='word_1_609' title='bbox 1660 5540 1883 5612; x_wconf 83' lang='lat' dir='ltr'><strong>ejusque</strong></span> <span class='ocrx_word' id='word_1_610' title='bbox 1905 5541 2024 5597; x_wconf 81' lang='lat' dir='ltr'><strong>suf-</strong></span> 
     </span>
    </p>
   </div>
   <div class='ocr_carea' id='block_1_89' title="bbox 438 5615 2025 5689">
    <p class='ocr_par' dir='ltr' id='par_1_89' title="bbox 438 5615 2025 5689">
     <span class='ocr_line' id='line_1_89' title="bbox 438 5615 2025 5689; baseline 0.01 -18"><span class='ocrx_word' id='word_1_611' title='bbox 438 5615 731 5689; x_wconf 78' lang='lat' dir='ltr'><strong>fraganeos</strong></span> <span class='ocrx_word' id='word_1_612' title='bbox 758 5620 1155 5681; x_wconf 79' lang='lat' dir='ltr'><strong>Theodericum</strong></span> <span class='ocrx_word' id='word_1_613' title='bbox 1205 5625 1598 5685; x_wconf 80' lang='lat' dir='ltr'><strong>Virdunensem</strong></span> <span class='ocrx_word' id='word_1_614' title='bbox 1648 5642 1705 5688; x_wconf 91' lang='lat' dir='ltr'><strong>et</strong></span> <span class='ocrx_word' id='word_1_615' title='bbox 1737 5630 2025 5687; x_wconf 77' lang='lat' dir='ltr'><strong>Heriman-</strong></span> 
     </span>
    </p>
   </div>
   <div class='ocr_carea' id='block_1_90' title="bbox 442 5710 2022 5794">
    <p class='ocr_par' dir='ltr' id='par_1_90' title="bbox 442 5710 2022 5794">
     <span class='ocr_line' id='line_1_90' title="bbox 442 5710 2022 5794; baseline 0.009 -29"><span class='ocrx_word' id='word_1_616' title='bbox 442 5724 574 5765; x_wconf 86' lang='lat' dir='ltr'><strong>nutu</strong></span> <span class='ocrx_word' id='word_1_617' title='bbox 616 5710 908 5773; x_wconf 78' lang='lat' dir='ltr'><strong>Metensem</strong></span> <span class='ocrx_word' id='word_1_618' title='bbox 962 5717 1100 5775; x_wconf 89' lang='lat' dir='ltr'><strong>duas</strong></span> <span class='ocrx_word' id='word_1_619' title='bbox 1150 5719 1354 5775; x_wconf 79' lang='lat' dir='ltr'><strong>direxit</strong></span> <span class='ocrx_word' id='word_1_620' title='bbox 1404 5720 1660 5791; x_wconf 87' lang='lat' dir='ltr'><strong>epistolas</strong></span> <span class='ocrx_word' id='word_1_621' title='bbox 1709 5722 2022 5794; x_wconf 83' lang='lat' dir='ltr'><strong>episcopum</strong></span> 
     </span>
    </p>
   </div>
   <div class='ocr_carea' id='block_1_91' title="bbox 441 5807 2020 5874">
    <p class='ocr_par' dir='ltr' id='par_1_91' title="bbox 441 5807 2020 5874">
     <span class='ocr_line' id='line_1_91' title="bbox 441 5807 2020 5874; baseline 0.011 -20"><span class='ocrx_word' id='word_1_622' title='bbox 441 5814 573 5870; x_wconf 80' lang='lat' dir='ltr'><strong>ergo</strong></span> <span class='ocrx_word' id='word_1_623' title='bbox 626 5807 1023 5874; x_wconf 86' lang='lat' dir='ltr'><strong>commonendi,</strong></span> <span class='ocrx_word' id='word_1_624' title='bbox 1078 5817 1137 5863; x_wconf 92' lang='lat' dir='ltr'><strong>ut</strong></span> <span class='ocrx_word' id='word_1_625' title='bbox 1197 5809 1431 5867; x_wconf 86' lang='lat' dir='ltr'><strong>debitam</strong></span> <span class='ocrx_word' id='word_1_626' title='bbox 1480 5811 1678 5870; x_wconf 87' lang='lat' dir='ltr'><strong>clerico</strong></span> <span class='ocrx_word' id='word_1_627' title='bbox 1739 5813 2020 5871; x_wconf 78' lang='lat' dir='ltr'><strong>exhiberet</strong></span> 
     </span>
    </p>
   </div>
   <div class='ocr_carea' id='block_1_92' title="bbox 2142 3234 3720 3312">
    <p class='ocr_par' dir='ltr' id='par_1_92' title="bbox 2142 3234 3720 3312">
     <span class='ocr_line' id='line_1_92' title="bbox 2142 3234 3720 3312; baseline 0.006 -22"><span class='ocrx_word' id='word_1_628' title='bbox 2142 3244 2286 3301; x_wconf 85' lang='lat' dir='ltr'><strong>sunt,</strong></span> <span class='ocrx_word' id='word_1_629' title='bbox 2322 3234 2574 3306; x_wconf 91' lang='lat' dir='ltr'><strong>deinceps</strong></span> <span class='ocrx_word' id='word_1_630' title='bbox 2602 3235 2781 3293; x_wconf 86' lang='lat' dir='ltr'><strong>facere</strong></span> <span class='ocrx_word' id='word_1_631' title='bbox 2806 3255 2910 3292; x_wconf 91' lang='lat' dir='ltr'><strong>non</strong></span> <span class='ocrx_word' id='word_1_632' title='bbox 2928 3241 3141 3295; x_wconf 89' lang='lat' dir='ltr'><strong>omittat</strong></span> <span class='ocrx_word' id='word_1_633' title='bbox 3173 3259 3186 3294; x_wconf 89' lang='lat'><strong>:</strong></span> <span class='ocrx_word' id='word_1_634' title='bbox 3219 3260 3237 3292; x_wconf 83' lang='lat' dir='ltr'><strong>t</strong></span> <span class='ocrx_word' id='word_1_635' title='bbox 3271 3243 3720 3312; x_wconf 84' lang='lat' dir='ltr'><strong>Decueratenim,</strong></span> 
     </span>
    </p>
   </div>
   <div class='ocr_carea' id='block_1_93' title="bbox 2143 3324 3723 3398">
    <p class='ocr_par' dir='ltr' id='par_1_93' title="bbox 2143 3324 3723 3398">
     <span class='ocr_line' id='line_1_93' title="bbox 2143 3324 3723 3398; baseline 0.009 -21"><span class='ocrx_word' id='word_1_636' title='bbox 2143 3324 2292 3379; x_wconf 85' lang='lat' dir='ltr'><strong>addit</strong></span> <span class='ocrx_word' id='word_1_637' title='bbox 2319 3324 2406 3380; x_wconf 89' lang='lat' dir='ltr'><strong>hic</strong></span> <span class='ocrx_word' id='word_1_638' title='bbox 2434 3325 2703 3396; x_wconf 79' lang='lat' dir='ltr'><strong>pontifex,</strong></span> <span class='ocrx_word' id='word_1_639' title='bbox 2731 3337 2791 3384; x_wconf 87' lang='lat' dir='ltr'><strong>ut</strong></span> <span class='ocrx_word' id='word_1_640' title='bbox 2835 3328 2905 3385; x_wconf 90' lang='lat' dir='ltr'><strong>de</strong></span> <span class='ocrx_word' id='word_1_641' title='bbox 2945 3329 3169 3398; x_wconf 88' lang='lat' dir='ltr'><strong>objectis</strong></span> <span class='ocrx_word' id='word_1_642' title='bbox 3196 3332 3301 3389; x_wconf 87' lang='lat' dir='ltr'><strong>sibi</strong></span> <span class='ocrx_word' id='word_1_643' title='bbox 3336 3332 3613 3390; x_wconf 87' lang='lat' dir='ltr'><strong>debuisset</strong></span> <span class='ocrx_word' id='word_1_644' title='bbox 3635 3352 3723 3392; x_wconf 86' lang='lat' dir='ltr'><strong>re-</strong></span> 
     </span>
    </p>
   </div>
   <div class='ocr_carea' id='block_1_94' title="bbox 2141 3417 3721 3499">
    <p class='ocr_par' dir='ltr' id='par_1_94' title="bbox 2141 3417 3721 3499">
     <span class='ocr_line' id='line_1_94' title="bbox 2141 3417 3721 3499; baseline 0.009 -28"><span class='ocrx_word' id='word_1_645' title='bbox 2141 3417 2409 3485; x_wconf 70' lang='lat' dir='ltr'><strong>Spmtdere</strong></span> <span class='ocrx_word' id='word_1_646' title='bbox 2435 3421 2627 3491; x_wconf 74' lang='lat' dir='ltr'><strong>magis,</strong></span> <span class='ocrx_word' id='word_1_647' title='bbox 2659 3434 2822 3488; x_wconf 80' lang='lat' dir='ltr'><strong>quam</strong></span> <span class='ocrx_word' id='word_1_648' title='bbox 2853 3426 3041 3477; x_wconf 86' lang='lat' dir='ltr'><strong>contra</strong></span> <span class='ocrx_word' id='word_1_649' title='bbox 3072 3425 3415 3480; x_wconf 88' lang='lat' dir='ltr'><strong>acloritatem</strong></span> <span class='ocrx_word' id='word_1_650' title='bbox 3460 3428 3721 3499; x_wconf 83' lang='lat' dir='ltr'><strong>principis</strong></span> 
     </span>
    </p>
   </div>
   <div class='ocr_carea' id='block_1_95' title="bbox 2140 3511 3717 3587">
    <p class='ocr_par' dir='ltr' id='par_1_95' title="bbox 2140 3511 3717 3587">
     <span class='ocr_line' id='line_1_95' title="bbox 2140 3511 3717 3587; baseline 0.008 -24"><span class='ocrx_word' id='word_1_651' title='bbox 2140 3511 2508 3579; x_wconf 84' lang='lat' dir='ltr'><strong>apostolorum</strong></span> <span class='ocrx_word' id='word_1_652' title='bbox 2557 3513 2627 3567; x_wconf 88' lang='lat' dir='ltr'><strong>ad</strong></span> <span class='ocrx_word' id='word_1_653' title='bbox 2690 3511 3058 3570; x_wconf 85' lang='lat' dir='ltr'><strong>defensionem</strong></span> <span class='ocrx_word' id='word_1_654' title='bbox 3104 3515 3447 3587; x_wconf 84' lang='lat' dir='ltr'><strong>iuiquitatum</strong></span> <span class='ocrx_word' id='word_1_655' title='bbox 3498 3535 3717 3577; x_wconf 87' lang='lat' dir='ltr'><strong>suarum</strong></span> 
     </span>
    </p>
   </div>
   <div class='ocr_carea' id='block_1_96' title="bbox 2141 3604 3718 3676">
    <p class='ocr_par' dir='ltr' id='par_1_96' title="bbox 2141 3604 3718 3676">
     <span class='ocr_line' id='line_1_96' title="bbox 2141 3604 3718 3676; baseline 0.008 -20"><span class='ocrx_word' id='word_1_656' title='bbox 2141 3617 2292 3657; x_wconf 88' lang='lat' dir='ltr'><strong>arma</strong></span> <span class='ocrx_word' id='word_1_657' title='bbox 2322 3604 2617 3674; x_wconf 85' lang='lat' dir='ltr'><strong>corripere,</strong></span> <span class='ocrx_word' id='word_1_658' title='bbox 2653 3615 2816 3676; x_wconf 88' lang='lat' dir='ltr'><strong>atque</strong></span> <span class='ocrx_word' id='word_1_659' title='bbox 2860 3622 3038 3676; x_wconf 77' lang='lat' dir='ltr'><strong>regem</strong></span> <span class='ocrx_word' id='word_1_660' title='bbox 3078 3606 3409 3676; x_wconf 76' lang='lat' dir='ltr'><strong>sollicitare,</strong></span> <span class='ocrx_word' id='word_1_661' title='bbox 3443 3610 3498 3666; x_wconf 89' lang='lat' dir='ltr'><strong>id</strong></span> <span class='ocrx_word' id='word_1_662' title='bbox 3525 3622 3718 3669; x_wconf 89' lang='lat' dir='ltr'><strong>contra</strong></span> 
     </span>
    </p>
   </div>
   <div class='ocr_carea' id='block_1_97' title="bbox 2140 3700 3720 3775">
    <p class='ocr_par' dir='ltr' id='par_1_97' title="bbox 2140 3700 3720 3775">
     <span class='ocr_line' id='line_1_97' title="bbox 2140 3700 3720 3775; baseline 0.009 -28"><span class='ocrx_word' id='word_1_663' title='bbox 2140 3709 2241 3750; x_wconf 89' lang='lat' dir='ltr'><strong>nos</strong></span> <span class='ocrx_word' id='word_1_664' title='bbox 2266 3711 2613 3765; x_wconf 73' lang='lat' dir='ltr'><strong>praesumere,</strong></span> <span class='ocrx_word' id='word_1_665' title='bbox 2657 3700 2798 3768; x_wconf 91' lang='lat' dir='ltr'><strong>quod</strong></span> <span class='ocrx_word' id='word_1_666' title='bbox 2841 3715 3114 3769; x_wconf 86' lang='lat' dir='ltr'><strong>ntmquatn</strong></span> <span class='ocrx_word' id='word_1_667' title='bbox 3162 3701 3334 3765; x_wconf 89' lang='lat' dir='ltr'><strong>licuit,</strong></span> <span class='ocrx_word' id='word_1_668' title='bbox 3387 3718 3563 3775; x_wconf 85' lang='lat' dir='ltr'><strong>neque</strong></span> <span class='ocrx_word' id='word_1_669' title='bbox 3606 3705 3720 3761; x_wconf 88' lang='lat' dir='ltr'><strong>Deo</strong></span> 
     </span>
    </p>
   </div>
   <div class='ocr_carea' id='block_1_98' title="bbox 2140 3788 3716 3865">
    <p class='ocr_par' dir='ltr' id='par_1_98' title="bbox 2140 3788 3716 3865">
     <span class='ocr_line' id='line_1_98' title="bbox 2140 3788 3716 3865; baseline 0.008 -24"><span class='ocrx_word' id='word_1_670' title='bbox 2140 3797 2414 3843; x_wconf 88' lang='lat' dir='ltr'><strong>annuente</strong></span> <span class='ocrx_word' id='word_1_671' title='bbox 2448 3788 2630 3845; x_wconf 87' lang='lat' dir='ltr'><strong>licebit</strong></span> <span class='ocrx_word' id='word_1_672' title='bbox 2659 3790 2712 3846; x_wconf 92' lang='lat' dir='ltr'><strong>in</strong></span> <span class='ocrx_word' id='word_1_673' title='bbox 2743 3790 2976 3860; x_wconf 85' lang='lat' dir='ltr'><strong>aliquem</strong></span> <span class='ocrx_word' id='word_1_674' title='bbox 3028 3792 3286 3848; x_wconf 88' lang='lat' dir='ltr'><strong>clericum</strong></span> <span class='ocrx_word' id='word_1_675' title='bbox 3342 3794 3481 3851; x_wconf 84' lang='lat' dir='ltr'><strong>fieri.</strong></span> <span class='ocrx_word' id='word_1_676' title='bbox 3519 3795 3622 3865; x_wconf 85' lang='lat' dir='ltr'><strong>Qui</strong></span> <span class='ocrx_word' id='word_1_677' title='bbox 3670 3799 3716 3853; x_wconf 88' lang='lat' dir='ltr'><strong>si</strong></span> 
     </span>
    </p>
   </div>
   <div class='ocr_carea' id='block_1_99' title="bbox 2137 3878 3719 3955">
    <p class='ocr_par' dir='ltr' id='par_1_99' title="bbox 2137 3878 3719 3955">
     <span class='ocr_line' id='line_1_99' title="bbox 2137 3878 3719 3955; baseline 0.009 -26"><span class='ocrx_word' id='word_1_678' title='bbox 2137 3878 2303 3934; x_wconf 88' lang='lat' dir='ltr'><strong>verba</strong></span> <span class='ocrx_word' id='word_1_679' title='bbox 2323 3879 2719 3937; x_wconf 85' lang='lat' dir='ltr'><strong>exhortationis</strong></span> <span class='ocrx_word' id='word_1_680' title='bbox 2739 3892 2935 3936; x_wconf 69' lang='lat' dir='ltr'><strong>nostra:</strong></span> <span class='ocrx_word' id='word_1_681' title='bbox 2962 3884 3369 3955; x_wconf 78' lang='lat' dir='ltr'><strong>contempserit,</strong></span> <span class='ocrx_word' id='word_1_682' title='bbox 3394 3888 3719 3944; x_wconf 88' lang='lat' dir='ltr'><strong>auctoritate</strong></span> 
     </span>
    </p>
   </div>
   <div class='ocr_carea' id='block_1_100' title="bbox 2139 3968 3719 4051">
    <p class='ocr_par' dir='ltr' id='par_1_100' title="bbox 2139 3968 3719 4051">
     <span class='ocr_line' id='line_1_100' title="bbox 2139 3968 3719 4051; baseline 0.008 -28"><span class='ocrx_word' id='word_1_683' title='bbox 2139 3968 2281 4025; x_wconf 88' lang='lat' dir='ltr'><strong>beati</strong></span> <span class='ocrx_word' id='word_1_684' title='bbox 2311 3968 2456 4026; x_wconf 88' lang='lat' dir='ltr'><strong>Petri</strong></span> <span class='ocrx_word' id='word_1_685' title='bbox 2500 3986 2624 4026; x_wconf 90' lang='lat' dir='ltr'><strong>eum</strong></span> <span class='ocrx_word' id='word_1_686' title='bbox 2651 3988 2680 4026; x_wconf 89' lang='lat' dir='ltr'><strong>a</strong></span> <span class='ocrx_word' id='word_1_687' title='bbox 2725 3974 3106 4030; x_wconf 86' lang='lat' dir='ltr'><strong>communione</strong></span> <span class='ocrx_word' id='word_1_688' title='bbox 3129 3979 3376 4046; x_wconf 90' lang='lat' dir='ltr'><strong>corporis</strong></span> <span class='ocrx_word' id='word_1_689' title='bbox 3415 3987 3469 4033; x_wconf 90' lang='lat' dir='ltr'><strong>et</strong></span> <span class='ocrx_word' id='word_1_690' title='bbox 3499 3980 3719 4051; x_wconf 64' lang='lat' dir='ltr'><strong>sanguio</strong></span> 
     </span>
    </p>
   </div>
   <div class='ocr_carea' id='block_1_101' title="bbox 2138 4052 3717 4134">
    <p class='ocr_par' dir='ltr' id='par_1_101' title="bbox 2138 4052 3717 4134">
     <span class='ocr_line' id='line_1_101' title="bbox 2138 4052 3717 4134; baseline 0.009 -21"><span class='ocrx_word' id='word_1_691' title='bbox 2138 4061 2222 4116; x_wconf 90' lang='lat' dir='ltr'><strong>nis</strong></span> <span class='ocrx_word' id='word_1_692' title='bbox 2247 4060 2458 4116; x_wconf 89' lang='lat' dir='ltr'><strong>Domini</strong></span> <span class='ocrx_word' id='word_1_693' title='bbox 2498 4062 2666 4117; x_wconf 90' lang='lat' dir='ltr'><strong>nostri</strong></span> <span class='ocrx_word' id='word_1_694' title='bbox 2695 4052 2822 4117; x_wconf 83' lang='lat' dir='ltr'><strong>Jesit</strong></span> <span class='ocrx_word' id='word_1_695' title='bbox 2868 4062 3068 4119; x_wconf 87' lang='lat' dir='ltr'><strong>Christi</strong></span> <span class='ocrx_word' id='word_1_696' title='bbox 3113 4077 3423 4134; x_wconf 87' lang='lat' dir='ltr'><strong>separatum</strong></span> <span class='ocrx_word' id='word_1_697' title='bbox 3464 4083 3586 4124; x_wconf 89' lang='lat' dir='ltr'><strong>esse.</strong></span> <span class='ocrx_word' id='word_1_698' title='bbox 3612 4070 3717 4127; x_wconf 89' lang='lat' dir='ltr'><strong>sibi</strong></span> 
     </span>
    </p>
   </div>
   <div class='ocr_carea' id='block_1_102' title="bbox 2136 4151 3719 4226">
    <p class='ocr_par' dir='ltr' id='par_1_102' title="bbox 2136 4151 3719 4226">
     <span class='ocr_line' id='line_1_102' title="bbox 2136 4151 3719 4226; baseline 0.006 -19"><span class='ocrx_word' id='word_1_699' title='bbox 2136 4151 2449 4208; x_wconf 80' lang='lat' dir='ltr'><strong>notificetis.</strong></span> <span class='ocrx_word' id='word_1_700' title='bbox 2482 4172 2501 4205; x_wconf 68' lang='grc' dir='ltr'><strong>ι</strong></span> <span class='ocrx_word' id='word_1_701' title='bbox 2536 4151 2707 4209; x_wconf 90' lang='lat' dir='ltr'><strong>Porro</strong></span> <span class='ocrx_word' id='word_1_702' title='bbox 2732 4155 2968 4209; x_wconf 89' lang='lat' dir='ltr'><strong>schisma</strong></span> <span class='ocrx_word' id='word_1_703' title='bbox 2995 4156 3228 4226; x_wconf 87' lang='lat' dir='ltr'><strong>ejuravit</strong></span> <span class='ocrx_word' id='word_1_704' title='bbox 3262 4158 3397 4214; x_wconf 82' lang='lat' dir='ltr'><strong>Pibo</strong></span> <span class='ocrx_word' id='word_1_705' title='bbox 3443 4159 3591 4215; x_wconf 89' lang='lat' dir='ltr'><strong>circa</strong></span> <span class='ocrx_word' id='word_1_706' title='bbox 3619 4177 3719 4216; x_wconf 82' lang='lat' dir='ltr'><strong>an-</strong></span> 
     </span>
    </p>
   </div>
   <div class='ocr_carea' id='block_1_103' title="bbox 2136 4243 3715 4319">
    <p class='ocr_par' dir='ltr' id='par_1_103' title="bbox 2136 4243 3715 4319">
     <span class='ocr_line' id='line_1_103' title="bbox 2136 4243 3715 4319; baseline 0.004 -21"><span class='ocrx_word' id='word_1_707' title='bbox 2136 4258 2264 4298; x_wconf 89' lang='lat' dir='ltr'><strong>num</strong></span> <span class='ocrx_word' id='word_1_708' title='bbox 2294 4243 2453 4310; x_wconf 82' lang='grc'><strong>1078,</strong></span> <span class='ocrx_word' id='word_1_709' title='bbox 2477 4253 2531 4300; x_wconf 89' lang='lat' dir='ltr'><strong>et</strong></span> <span class='ocrx_word' id='word_1_710' title='bbox 2560 4244 2612 4299; x_wconf 90' lang='lat' dir='ltr'><strong>in</strong></span> <span class='ocrx_word' id='word_1_711' title='bbox 2633 4245 2865 4316; x_wconf 77' lang='lat' dir='ltr'><strong>gratiam</strong></span> <span class='ocrx_word' id='word_1_712' title='bbox 2892 4261 3015 4300; x_wconf 91' lang='lat' dir='ltr'><strong>cum</strong></span> <span class='ocrx_word' id='word_1_713' title='bbox 3029 4262 3175 4318; x_wconf 79' lang='lat' dir='ltr'><strong>papa</strong></span> <span class='ocrx_word' id='word_1_714' title='bbox 3202 4247 3383 4302; x_wconf 84' lang='lat' dir='ltr'><strong>rediit.</strong></span> <span class='ocrx_word' id='word_1_715' title='bbox 3403 4247 3715 4319; x_wconf 86' lang='lat' dir='ltr'><strong>Insequenti</strong></span> 
     </span>
    </p>
   </div>
   <div class='ocr_carea' id='block_1_104' title="bbox 2136 4335 3713 4410">
    <p class='ocr_par' dir='ltr' id='par_1_104' title="bbox 2136 4335 3713 4410">
     <span class='ocr_line' id='line_1_104' title="bbox 2136 4335 3713 4410; baseline 0.004 -19"><span class='ocrx_word' id='word_1_716' title='bbox 2136 4337 2311 4393; x_wconf 88' lang='lat' dir='ltr'><strong>astitit</strong></span> <span class='ocrx_word' id='word_1_717' title='bbox 2358 4353 2485 4393; x_wconf 88' lang='lat' dir='ltr'><strong>cum</strong></span> <span class='ocrx_word' id='word_1_718' title='bbox 2538 4335 3083 4407; x_wconf 84' lang='lat' dir='ltr'><strong>comprovincialibus</strong></span> <span class='ocrx_word' id='word_1_719' title='bbox 3137 4339 3409 4410; x_wconf 89' lang='lat' dir='ltr'><strong>episcopis</strong></span> <span class='ocrx_word' id='word_1_720' title='bbox 3459 4340 3713 4398; x_wconf 88' lang='lat' dir='ltr'><strong>electioni</strong></span> 
     </span>
    </p>
   </div>
   <div class='ocr_carea' id='block_1_105' title="bbox 2134 4429 3713 4503">
    <p class='ocr_par' dir='ltr' id='par_1_105' title="bbox 2134 4429 3713 4503">
     <span class='ocr_line' id='line_1_105' title="bbox 2134 4429 3713 4503; baseline 0.003 -16"><span class='ocrx_word' id='word_1_721' title='bbox 2134 4429 2393 4503; x_wconf 77' lang='lat' dir='ltr'><strong>Egilberti</strong></span> <span class='ocrx_word' id='word_1_722' title='bbox 2451 4429 2809 4496; x_wconf 86' lang='lat' dir='ltr'><strong>Trevireusis,</strong></span> <span class='ocrx_word' id='word_1_723' title='bbox 2844 4431 2930 4485; x_wconf 92' lang='lat' dir='ltr'><strong>cui</strong></span> <span class='ocrx_word' id='word_1_724' title='bbox 2972 4431 3114 4486; x_wconf 87' lang='lat' dir='ltr'><strong>haud</strong></span> <span class='ocrx_word' id='word_1_725' title='bbox 3160 4433 3424 4488; x_wconf 88' lang='lat' dir='ltr'><strong>canonica</strong></span> <span class='ocrx_word' id='word_1_726' title='bbox 3471 4434 3579 4496; x_wconf 87' lang='lat' dir='ltr'><strong>via.</strong></span> <span class='ocrx_word' id='word_1_727' title='bbox 3616 4434 3713 4491; x_wconf 88' lang='lat' dir='ltr'><strong>sed</strong></span> 
     </span>
    </p>
   </div>
   <div class='ocr_carea' id='block_1_106' title="bbox 2137 4520 3711 4593">
    <p class='ocr_par' dir='ltr' id='par_1_106' title="bbox 2137 4520 3711 4593">
     <span class='ocr_line' id='line_1_106' title="bbox 2137 4520 3711 4593; baseline 0.003 -17"><span class='ocrx_word' id='word_1_728' title='bbox 2137 4523 2283 4593; x_wconf 74' lang='lat' dir='ltr'><strong>regia</strong></span> <span class='ocrx_word' id='word_1_729' title='bbox 2311 4523 2634 4578; x_wconf 88' lang='lat' dir='ltr'><strong>auctoritate</strong></span> <span class='ocrx_word' id='word_1_730' title='bbox 2673 4520 2843 4576; x_wconf 90' lang='lat' dir='ltr'><strong>electo</strong></span> <span class='ocrx_word' id='word_1_731' title='bbox 2871 4536 3063 4576; x_wconf 87' lang='lat' dir='ltr'><strong>manus</strong></span> <span class='ocrx_word' id='word_1_732' title='bbox 3101 4522 3381 4592; x_wconf 89' lang='lat' dir='ltr'><strong>imponere</strong></span> <span class='ocrx_word' id='word_1_733' title='bbox 3417 4526 3711 4580; x_wconf 87' lang='lat' dir='ltr'><strong>recusavit.</strong></span> 
     </span>
    </p>
   </div>
   <div class='ocr_carea' id='block_1_107' title="bbox 2131 4614 3713 4686">
    <p class='ocr_par' dir='ltr' id='par_1_107' title="bbox 2131 4614 3713 4686">
     <span class='ocr_line' id='line_1_107' title="bbox 2131 4614 3713 4686; baseline 0.001 -16"><span class='ocrx_word' id='word_1_734' title='bbox 2131 4616 2214 4670; x_wconf 75' lang='lat' dir='ltr'><strong>Ad</strong></span> <span class='ocrx_word' id='word_1_735' title='bbox 2259 4616 2311 4671; x_wconf 91' lang='lat' dir='ltr'><strong>id</strong></span> <span class='ocrx_word' id='word_1_736' title='bbox 2361 4625 2572 4686; x_wconf 90' lang='lat' dir='ltr'><strong>tempus</strong></span> <span class='ocrx_word' id='word_1_737' title='bbox 2602 4614 2851 4686; x_wconf 90' lang='lat' dir='ltr'><strong>imposita</strong></span> <span class='ocrx_word' id='word_1_738' title='bbox 2891 4614 2993 4669; x_wconf 89' lang='lat' dir='ltr'><strong>sibi</strong></span> <span class='ocrx_word' id='word_1_739' title='bbox 3047 4630 3077 4668; x_wconf 89' lang='lat' dir='ltr'><strong>a</strong></span> <span class='ocrx_word' id='word_1_740' title='bbox 3133 4614 3333 4670; x_wconf 90' lang='lat' dir='ltr'><strong>clerico</strong></span> <span class='ocrx_word' id='word_1_741' title='bbox 3385 4614 3713 4672; x_wconf 73' lang='lat' dir='ltr'><strong>Virdunensi</strong></span> 
     </span>
    </p>
   </div>
   <div class='ocr_carea' id='block_1_108' title="bbox 2131 4706 3712 4779">
    <p class='ocr_par' dir='ltr' id='par_1_108' title="bbox 2131 4706 3712 4779">
     <span class='ocr_line' id='line_1_108' title="bbox 2131 4706 3712 4779; baseline 0 -15"><span class='ocrx_word' id='word_1_742' title='bbox 2131 4708 2362 4764; x_wconf 87' lang='lat' dir='ltr'><strong>crimina</strong></span> <span class='ocrx_word' id='word_1_743' title='bbox 2393 4708 2599 4763; x_wconf 86' lang='lat' dir='ltr'><strong>diluere</strong></span> <span class='ocrx_word' id='word_1_744' title='bbox 2626 4706 2931 4762; x_wconf 89' lang='lat' dir='ltr'><strong>constituit.</strong></span> <span class='ocrx_word' id='word_1_745' title='bbox 2956 4706 3071 4775; x_wconf 84' lang='lat' dir='ltr'><strong>Qua</strong></span> <span class='ocrx_word' id='word_1_746' title='bbox 3103 4707 3170 4762; x_wconf 90' lang='lat' dir='ltr'><strong>de</strong></span> <span class='ocrx_word' id='word_1_747' title='bbox 3198 4723 3257 4764; x_wconf 88' lang='lat' dir='ltr'><strong>re</strong></span> <span class='ocrx_word' id='word_1_748' title='bbox 3279 4717 3454 4763; x_wconf 77' lang='lat' dir='ltr'><strong>exstat</strong></span> <span class='ocrx_word' id='word_1_749' title='bbox 3481 4708 3712 4779; x_wconf 91' lang='lat' dir='ltr'><strong>epistola</strong></span> 
     </span>
    </p>
   </div>
   <div class='ocr_carea' id='block_1_109' title="bbox 2130 4797 3715 4872">
    <p class='ocr_par' dir='ltr' id='par_1_109' title="bbox 2130 4797 3715 4872">
     <span class='ocr_line' id='line_1_109' title="bbox 2130 4797 3715 4872; baseline 0.001 -17"><span class='ocrx_word' id='word_1_750' title='bbox 2130 4797 2379 4872; x_wconf 71' lang='lat' dir='ltr'><strong>Gregorii</strong></span> <span class='ocrx_word' id='word_1_751' title='bbox 2423 4798 2509 4854; x_wconf 77' lang='lat' dir='ltr'><strong>Vll</strong></span> <span class='ocrx_word' id='word_1_752' title='bbox 2543 4798 2610 4855; x_wconf 88' lang='lat' dir='ltr'><strong>ad</strong></span> <span class='ocrx_word' id='word_1_753' title='bbox 2638 4798 3021 4854; x_wconf 85' lang='lat' dir='ltr'><strong>Herimannnm</strong></span> <span class='ocrx_word' id='word_1_754' title='bbox 3059 4798 3374 4864; x_wconf 81' lang='lat' dir='ltr'><strong>Mctensetn,</strong></span> <span class='ocrx_word' id='word_1_755' title='bbox 3419 4803 3472 4854; x_wconf 92' lang='lat' dir='ltr'><strong>in</strong></span> <span class='ocrx_word' id='word_1_756' title='bbox 3500 4814 3604 4869; x_wconf 87' lang='lat' dir='ltr'><strong>qua</strong></span> <span class='ocrx_word' id='word_1_757' title='bbox 3634 4802 3715 4856; x_wconf 87' lang='lat' dir='ltr'><strong>ait</strong></span> 
     </span>
    </p>
   </div>
   <div class='ocr_carea' id='block_1_110' title="bbox 2131 4890 3712 4963">
    <p class='ocr_par' dir='ltr' id='par_1_110' title="bbox 2131 4890 3712 4963">
     <span class='ocr_line' id='line_1_110' title="bbox 2131 4890 3712 4963; baseline 0.001 -16"><span class='ocrx_word' id='word_1_758' title='bbox 2131 4890 2374 4962; x_wconf 76' lang='lat' dir='ltr'><strong>pontifex</strong></span> <span class='ocrx_word' id='word_1_759' title='bbox 2399 4891 2540 4961; x_wconf 90' lang='lat' dir='ltr'><strong>quod</strong></span> <span class='ocrx_word' id='word_1_760' title='bbox 2569 4906 2695 4947; x_wconf 90' lang='lat' dir='ltr'><strong>cum</strong></span> <span class='ocrx_word' id='word_1_761' title='bbox 2734 4890 2869 4947; x_wconf 90' lang='lat' dir='ltr'><strong>Pibo</strong></span> <span class='ocrx_word' id='word_1_762' title='bbox 2898 4900 3119 4962; x_wconf 89' lang='lat' dir='ltr'><strong>propter</strong></span> <span class='ocrx_word' id='word_1_763' title='bbox 3156 4892 3366 4963; x_wconf 90' lang='lat' dir='ltr'><strong>imperii</strong></span> <span class='ocrx_word' id='word_1_764' title='bbox 3401 4893 3587 4948; x_wconf 83' lang='lat' dir='ltr'><strong>turbas</strong></span> <span class='ocrx_word' id='word_1_765' title='bbox 3614 4909 3712 4949; x_wconf 79' lang='lat' dir='ltr'><strong>sex</strong></span> 
     </span>
    </p>
   </div>
   <div class='ocr_carea' id='block_1_111' title="bbox 2128 4982 3713 5055">
    <p class='ocr_par' dir='ltr' id='par_1_111' title="bbox 2128 4982 3713 5055">
     <span class='ocr_line' id='line_1_111' title="bbox 2128 4982 3713 5055; baseline 0.003 -17"><span class='ocrx_word' id='word_1_766' title='bbox 2128 4982 2436 5053; x_wconf 86' lang='lat' dir='ltr'><strong>episcopos.</strong></span> <span class='ocrx_word' id='word_1_767' title='bbox 2470 4983 2563 5052; x_wconf 89' lang='lat' dir='ltr'><strong>qui</strong></span> <span class='ocrx_word' id='word_1_768' title='bbox 2591 4983 2960 5039; x_wconf 86' lang='lat' dir='ltr'><strong>innocentiam</strong></span> <span class='ocrx_word' id='word_1_769' title='bbox 2988 4983 3107 5055; x_wconf 90' lang='lat' dir='ltr'><strong>ejus</strong></span> <span class='ocrx_word' id='word_1_770' title='bbox 3137 4983 3584 5053; x_wconf 82' lang='lat' dir='ltr'><strong>testificarentur,</strong></span> <span class='ocrx_word' id='word_1_771' title='bbox 3619 5002 3713 5042; x_wconf 82' lang='lat' dir='ltr'><strong>co-</strong></span> 
     </span>
    </p>
   </div>
   <div class='ocr_carea' id='block_1_112' title="bbox 2128 5075 3715 5149">
    <p class='ocr_par' dir='ltr' id='par_1_112' title="bbox 2128 5075 3715 5149">
     <span class='ocr_line' id='line_1_112' title="bbox 2128 5075 3715 5149; baseline 0.003 -20"><span class='ocrx_word' id='word_1_772' title='bbox 2128 5089 2262 5146; x_wconf 73' lang='lat' dir='ltr'><strong>gere.</strong></span> <span class='ocrx_word' id='word_1_773' title='bbox 2284 5090 2391 5130; x_wconf 91' lang='lat' dir='ltr'><strong>non</strong></span> <span class='ocrx_word' id='word_1_774' title='bbox 2419 5075 2705 5144; x_wconf 89' lang='lat' dir='ltr'><strong>potuisset,</strong></span> <span class='ocrx_word' id='word_1_775' title='bbox 2729 5075 2779 5131; x_wconf 89' lang='lat' dir='ltr'><strong>ei</strong></span> <span class='ocrx_word' id='word_1_776' title='bbox 2826 5076 3011 5130; x_wconf 89' lang='lat' dir='ltr'><strong>munia</strong></span> <span class='ocrx_word' id='word_1_777' title='bbox 3042 5076 3371 5147; x_wconf 88' lang='lat' dir='ltr'><strong>episcopalia</strong></span> <span class='ocrx_word' id='word_1_778' title='bbox 3406 5077 3558 5133; x_wconf 90' lang='lat' dir='ltr'><strong>obire</strong></span> <span class='ocrx_word' id='word_1_779' title='bbox 3590 5094 3715 5149; x_wconf 88' lang='lat' dir='ltr'><strong>per-</strong></span> 
     </span>
    </p>
   </div>
   <div class='ocr_carea' id='block_1_113' title="bbox 2127 5165 3712 5240">
    <p class='ocr_par' dir='ltr' id='par_1_113' title="bbox 2127 5165 3712 5240">
     <span class='ocr_line' id='line_1_113' title="bbox 2127 5165 3712 5240; baseline 0.004 -21"><span class='ocrx_word' id='word_1_780' title='bbox 2127 5165 2334 5231; x_wconf 87' lang='lat' dir='ltr'><strong>mittat,</strong></span> <span class='ocrx_word' id='word_1_781' title='bbox 2364 5165 2517 5234; x_wconf 88' lang='lat' dir='ltr'><strong>prius</strong></span> <span class='ocrx_word' id='word_1_782' title='bbox 2539 5175 2719 5220; x_wconf 88' lang='lat' dir='ltr'><strong>tamen</strong></span> <span class='ocrx_word' id='word_1_783' title='bbox 2748 5166 2975 5238; x_wconf 84' lang='lat' dir='ltr'><strong>probata</strong></span> <span class='ocrx_word' id='word_1_784' title='bbox 3020 5181 3203 5221; x_wconf 86' lang='lat' dir='ltr'><strong>coram</strong></span> <span class='ocrx_word' id='word_1_785' title='bbox 3236 5176 3471 5236; x_wconf 88' lang='lat' dir='ltr'><strong>quatuor</strong></span> <span class='ocrx_word' id='word_1_786' title='bbox 3494 5170 3712 5240; x_wconf 81' lang='lat' dir='ltr'><strong>episco-</strong></span> 
     </span>
    </p>
   </div>
   <div class='ocr_carea' id='block_1_114' title="bbox 2127 5255 3713 5329">
    <p class='ocr_par' dir='ltr' id='par_1_114' title="bbox 2127 5255 3713 5329">
     <span class='ocr_line' id='line_1_114' title="bbox 2127 5255 3713 5329; baseline 0.002 -16"><span class='ocrx_word' id='word_1_787' title='bbox 2127 5259 2212 5329; x_wconf 90' lang='lat' dir='ltr'><strong>pis</strong></span> <span class='ocrx_word' id='word_1_788' title='bbox 2238 5257 2568 5313; x_wconf 90' lang='lat' dir='ltr'><strong>innocentia.</strong></span> <span class='ocrx_word' id='word_1_789' title='bbox 2609 5255 2669 5312; x_wconf 86' lang='lat' dir='ltr'><strong>Si</strong></span> <span class='ocrx_word' id='word_1_790' title='bbox 2694 5272 2840 5321; x_wconf 89' lang='lat' dir='ltr'><strong>eum,</strong></span> <span class='ocrx_word' id='word_1_791' title='bbox 2869 5258 3048 5328; x_wconf 78' lang='lat' dir='ltr'><strong>pergit</strong></span> <span class='ocrx_word' id='word_1_792' title='bbox 3071 5257 3181 5322; x_wconf 90' lang='lat' dir='ltr'><strong>ille,</strong></span> <span class='ocrx_word' id='word_1_793' title='bbox 3227 5258 3713 5329; x_wconf 80' lang='lat' dir='ltr'><strong>inculpabilemin—</strong></span> 
     </span>
    </p>
   </div>
   <div class='ocr_carea' id='block_1_115' title="bbox 2129 5337 3711 5440">
    <p class='ocr_par' dir='ltr' id='par_1_115' title="bbox 2129 5337 3711 5440">
     <span class='ocr_line' id='line_1_115' title="bbox 2129 5337 3711 5440; baseline 0.001 -33"><span class='ocrx_word' id='word_1_794' title='bbox 2129 5337 2444 5407; x_wconf 74' lang='lat' dir='ltr'><strong>dubitanter</strong></span> <span class='ocrx_word' id='word_1_795' title='bbox 2514 5363 2636 5407; x_wconf 90' lang='lat' dir='ltr'><strong>esse</strong></span> <span class='ocrx_word' id='word_1_796' title='bbox 2693 5351 3057 5420; x_wconf 80' lang='lat' dir='ltr'><strong>cognoveris.</strong></span> <span class='ocrx_word' id='word_1_797' title='bbox 3119 5349 3416 5440; x_wconf 66' lang='lat' dir='ltr'><strong>fraternam</strong></span> <span class='ocrx_word' id='word_1_798' title='bbox 3486 5365 3711 5408; x_wconf 83' lang='lat' dir='ltr'><strong>manum</strong></span> 
     </span>
    </p>
   </div>
   <div class='ocr_carea' id='block_1_116' title="bbox 2129 5438 2988 5513">
    <p class='ocr_par' dir='ltr' id='par_1_116' title="bbox 2129 5438 2988 5513">
     <span class='ocr_line' id='line_1_116' title="bbox 2129 5438 2988 5513; baseline -0.005 -14"><span class='ocrx_word' id='word_1_799' title='bbox 2129 5442 2316 5499; x_wconf 79' lang='lat' dir='ltr'><strong>auxilii</strong></span> <span class='ocrx_word' id='word_1_800' title='bbox 2343 5439 2587 5513; x_wconf 69' lang='lat' dir='ltr'><strong>praebere</strong></span> <span class='ocrx_word' id='word_1_801' title='bbox 2606 5454 2715 5496; x_wconf 90' lang='lat' dir='ltr'><strong>non</strong></span> <span class='ocrx_word' id='word_1_802' title='bbox 2750 5438 2988 5496; x_wconf 79' lang='lat' dir='ltr'><strong>diﬂ&#39;eras.</strong></span> 
     </span>
    </p>
   </div>
   <div class='ocr_carea' id='block_1_117' title="bbox 2199 5533 3707 5603">
    <p class='ocr_par' dir='ltr' id='par_1_117' title="bbox 2199 5533 3707 5603">
     <span class='ocr_line' id='line_1_117' title="bbox 2199 5533 3707 5603; baseline -0.001 -12"><span class='ocrx_word' id='word_1_803' title='bbox 2199 5535 2609 5600; x_wconf 75' lang='lat' dir='ltr'><strong>Verumtamen,</strong></span> <span class='ocrx_word' id='word_1_804' title='bbox 2663 5548 2769 5603; x_wconf 89' lang='lat' dir='ltr'><strong>qua</strong></span> <span class='ocrx_word' id='word_1_805' title='bbox 2816 5533 3000 5589; x_wconf 90' lang='lat' dir='ltr'><strong>nescio</strong></span> <span class='ocrx_word' id='word_1_806' title='bbox 3049 5533 3436 5601; x_wconf 82' lang='lat' dir='ltr'><strong>inconstantia,</strong></span> <span class='ocrx_word' id='word_1_807' title='bbox 3467 5534 3535 5589; x_wconf 84' lang='lat' dir='ltr'><strong>ad</strong></span> <span class='ocrx_word' id='word_1_808' title='bbox 3558 5533 3707 5591; x_wconf 86' lang='lat' dir='ltr'><strong>schi-</strong></span> 
     </span>
    </p>
   </div>
   <div class='ocr_carea' id='block_1_118' title="bbox 2123 5623 3709 5697">
    <p class='ocr_par' dir='ltr' id='par_1_118' title="bbox 2123 5623 3709 5697">
     <span class='ocr_line' id='line_1_118' title="bbox 2123 5623 3709 5697; baseline 0 -15"><span class='ocrx_word' id='word_1_809' title='bbox 2123 5626 2479 5682; x_wconf 85' lang='lat' dir='ltr'><strong>smaticorum</strong></span> <span class='ocrx_word' id='word_1_810' title='bbox 2512 5635 2697 5697; x_wconf 86' lang='lat' dir='ltr'><strong>partes</strong></span> <span class='ocrx_word' id='word_1_811' title='bbox 2723 5623 2858 5680; x_wconf 89' lang='lat' dir='ltr'><strong>Pibo</strong></span> <span class='ocrx_word' id='word_1_812' title='bbox 2902 5639 3182 5688; x_wconf 84' lang='lat' dir='ltr'><strong>reversus,</strong></span> <span class='ocrx_word' id='word_1_813' title='bbox 3234 5626 3302 5681; x_wconf 89' lang='lat' dir='ltr'><strong>ad</strong></span> <span class='ocrx_word' id='word_1_814' title='bbox 3327 5638 3576 5681; x_wconf 86' lang='lat' dir='ltr'><strong>coactum</strong></span> <span class='ocrx_word' id='word_1_815' title='bbox 3606 5626 3709 5682; x_wconf 87' lang='lat' dir='ltr'><strong>im-</strong></span> 
     </span>
    </p>
   </div>
   <div class='ocr_carea' id='block_1_119' title="bbox 2124 5716 3709 5790">
    <p class='ocr_par' dir='ltr' id='par_1_119' title="bbox 2124 5716 3709 5790">
     <span class='ocr_line' id='line_1_119' title="bbox 2124 5716 3709 5790; baseline -0.001 -15"><span class='ocrx_word' id='word_1_816' title='bbox 2124 5719 2393 5790; x_wconf 86' lang='lat' dir='ltr'><strong>peratoris</strong></span> <span class='ocrx_word' id='word_1_817' title='bbox 2426 5717 2582 5788; x_wconf 86' lang='lat' dir='ltr'><strong>jussu</strong></span> <span class='ocrx_word' id='word_1_818' title='bbox 2639 5716 3055 5788; x_wconf 87' lang='lat' dir='ltr'><strong>Ultrajectinum</strong></span> <span class='ocrx_word' id='word_1_819' title='bbox 3118 5718 3558 5785; x_wconf 84' lang='lat' dir='ltr'><strong>conciliabulum,</strong></span> <span class='ocrx_word' id='word_1_820' title='bbox 3615 5716 3709 5774; x_wconf 87' lang='lat' dir='ltr'><strong>ubi</strong></span> 
     </span>
    </p>
   </div>
   <div class='ocr_carea' id='block_1_120' title="bbox 2127 5810 3706 5884">
    <p class='ocr_par' dir='ltr' id='par_1_120' title="bbox 2127 5810 3706 5884">
     <span class='ocr_line' id='line_1_120' title="bbox 2127 5810 3706 5884; baseline -0.001 -14"><span class='ocrx_word' id='word_1_821' title='bbox 2127 5810 2449 5884; x_wconf 71' lang='lat' dir='ltr'><strong>Gregorium</strong></span> <span class='ocrx_word' id='word_1_822' title='bbox 2501 5811 2590 5867; x_wconf 75' lang='lat' dir='ltr'><strong>Vll</strong></span> <span class='ocrx_word' id='word_1_823' title='bbox 2620 5820 2883 5869; x_wconf 85' lang='lat' dir='ltr'><strong>statutum</strong></span> <span class='ocrx_word' id='word_1_824' title='bbox 2923 5812 3020 5869; x_wconf 90' lang='lat' dir='ltr'><strong>fuit</strong></span> <span class='ocrx_word' id='word_1_825' title='bbox 3058 5813 3404 5870; x_wconf 80' lang='lat' dir='ltr'><strong>anathemate</strong></span> <span class='ocrx_word' id='word_1_826' title='bbox 3446 5811 3706 5882; x_wconf 75' lang='lat' dir='ltr'><strong>plectere,</strong></span> 
     </span>
    </p>
   </div>
  </div>
