3926 6456
219 448 317 503 ιη

1487 431 1763 489 ΝΟΤΙΊΊᾹ
1805 427 2191 487 IIISTORICA.

3370 424 3479 480 HS

220 557 439 615 accessi;
469 570 619 609 anno
656 553 814 619 1080,
845 561 896 607 et
940 550 1155 622 quidem
1188 563 1303 620 ipse
1345 547 1412 601 ab
1462 548 1789 616 imperatore
1822 550 1866 604 Α
1894 541 2118 611 ejusque
2143 538 2626 609 comprovmcialcs
2646 534 2910 606 episcopi,
2934 534 3310 607 signiﬁcaruut
3330 550 3476 592 anno

220 652 271 706 id
307 644 629 718 exsequendi
664 662 848 702 curam
893 644 1118 713 accepit.
1151 642 1243 696 Ille
1293 656 1421 694 vero
1446 639 1641 693 timore
1667 654 1791 707 pcr-

221 750 449 804 terrttus,
483 746 648 793 nocte
680 754 800 794 eum
831 735 1161 791 Theoderico
1194 732 1519 787 Virduueusi
1564 730 1703 786 clam
1731 742 1790 782 se

212 833 489 902 proripuit,
524 847 596 885 ne
625 841 737 885 tam
761 828 1005 884 scelerati
1030 825 1289 883 facinoris
1318 831 1461 881 esset
1488 821 1786 891 particeps.

210 926 332 980 Post
357 928 459 981 hoc
508 925 968 984 conventiculum,
999 921 1225 975 Romam
1258 919 1564 989 pontiﬁcem
1588 916 1788 971 adiisse

209 1033 422 1091 dicitur,
472 1040 503 1077 a
534 1038 648 1092 quo
677 1022 778 1077 sibi
808 1036 912 1074 non
943 1017 1335 1073 absolutionem
1389 1015 1569 1076 modo,
1609 1012 1701 1066 sed
1733 1019 1789 1065 et

207 1128 525 1194 potestatem
554 1113 938 1170 schismaticos
960 1107 1268 1164 absolvendi
1291 1104 1567 1176 pnesnles,
1597 1102 1687 1171 qui
1719 1103 1787 1156 ad

206 1212 444 1269 ecclesia:
471 1215 882 1262 reverterentur
920 1201 1211 1274 gremium,
1255 1205 1538 1252 assecutus
1559 1205 1662 1249 est.
1688 1193 1789 1247 lm-

206 1302 464 1377 peratoris
508 1300 562 1353 iu
609 1297 873 1352 offensam
901 1293 1183 1364 prolapsus
1231 1304 1374 1345 anno
1408 1288 1568 1351 1084,
1611 1301 1676 1340 ex
1715 1301 1784 1340 eo

205 1397 337 1467 quod
361 1392 703 1464 Moguntiam
736 1405 840 1442 non
863 1386 1206 1442 convenisset
1232 1381 1298 1435 ad
1324 1379 1783 1435 consecrationem

208 1487 452 1572 Egilberti
508 1482 885 1544 Trevireusis,
938 1481 1005 1533 ad
1056 1488 1271 1546 tempus
1320 1475 1414 1528 ira:
1481 1470 1783 1527 cedendum

205 1564 366 1637 (lusit.
398 1578 710 1634 Consilium
743 1578 924 1643 itaque
958 1571 1100 1642 cepit
1134 1567 1528 1639 Jerosolymam
1569 1564 1784 1635 religio-

205 1677 281 1728 nis
303 1687 459 1727 causa
494 1669 762 1725 adeundi.
793 1667 1117 1735 Priusquam
1161 1678 1292 1718 vero
1323 1660 1784 1731 proﬁcisceretur,

204 1768 394 1838 Sophia
422 1765 710 1821 comitissa
737 1771 968 1832 ereptam
990 1776 1021 1814 a
1048 1757 1386 1813 Theoderico
1416 1757 1553 1811 duce
1586 1753 1785 1808 Lotha—

206 1857 383 1927 riugia:
417 1869 517 1909 avo
562 1868 690 1913 suo,
733 1861 789 1907 et
837 1866 866 1904 a
912 1863 972 1904 se
1026 1845 1330 1902 absolutam
1377 1843 1637 1915 capellam
1683 1843 1784 1896 sub

136 1988 137 1993 η
206 1947 470 2005 Asmantia
483 1945 811 2002 consecrari
827 1941 1170 1998 desideravit.
1187 1937 1500 1993 lntercessit
1514 1935 1782 1991 llodiet'na

208 2044 266 2097 8.
290 2038 639 2097 Glodeseudis
662 2038 718 2091 in
744 2037 879 2091 urbe
911 2032 1134 2089 Metensi
1176 2030 1475 2093 abbatissa,
1503 2028 1604 2082 hac
1630 2027 1785 2082 indu-

204 2146 285 2189 cta
322 2133 520 2187 ratione
545 2131 705 2201 quod
744 2130 859 2184 hzec
900 2125 1104 2196 capella
1160 2124 1215 2178 in
1265 2119 1539 2176 territorio
1589 2118 1779 2175 Domni

200 2226 405 2280 Martini
456 2223 524 2277 de
565 2221 702 2291 jure
738 2218 960 2290 capituli
1003 2217 1084 2273 sui
1121 2222 1432 2270 constructa
1472 2219 1657 2266 esset:
1687 2209 1781 2264 sed

202 2318 405 2373 tandem
433 2330 500 2369 eo
532 2324 708 2383 pacto
739 2310 994 2373 assensit,
1041 2316 1102 2362 ut
1130 2313 1339 2360 certum
1363 2316 1584 2358 censum
1615 2299 1783 2355 comi-

200 2417 315 2469 tissa
339 2413 394 2469 S.
419 2409 760 2468 Glodeseudi
788 2405 1138 2478 persolveret.
1159 2400 1295 2456 Tum
1327 2396 1589 2469 capellam
1614 2395 1777 2459 hanc,

198 2507 245 2560 in
295 2506 550 2561 honorem
601 2500 676 2556 S.
709 2499 892 2554 Maria:
922 2513 949 2551 a
979 2495 1184 2550 Pibone
1210 2490 1539 2552 dedicatam,
1577 2485 1777 2556 Sophia

194 2608 369 2652 sancto
391 2594 660 2651 Michacli
700 2591 768 2646 ad
793 2590 995 2645 Mosam
1026 2587 1077 2641 itt
1103 2599 1264 2641 manu
1297 2580 1536 2653 Sigifridi
1568 2577 1781 2634 abbatis

196 2690 421 2746 tradidit.
445 2688 804 2743 Libertatem
825 2681 941 2751 ejus
966 2678 1184 2749 capellte
1205 2672 1477 2731 concessit
1504 2671 1637 2726 Pibo
1663 2667 1777 2740 epi-

192 2797 395 2851 seOpus,
416 2779 511 2850 qui
537 2779 630 2832 ait
655 2777 760 2831 hoc
783 2783 997 2845 paetum
1018 2771 1289 2824 ﬁrmatum
1319 2766 1486 2819 fuisse
1509 2762 1777 2826 illoanno,

189 2888 285 2943 quo
303 2870 625 2926 Jerusalem
661 2869 775 2937 ipse
804 2866 975 2919 iturus
1016 2871 1156 2927 erat,
1186 2859 1395 2914 scilicet
1435 2870 1577 2909 anno
1599 2854 1668 2909 ab
1693 2852 1779 2905 lu-

188 2964 489 3020 carnatione
521 2957 758 3014 Domini
800 2955 958 3021 1085,
986 2951 1278 3007 indictione
1306 2964 1423 3003 vm.
1457 2946 1775 3016 Peregrina-

191 3059 371 3114 tioncm
402 3051 936 3123 Jerosolytnitauam
965 3059 1251 3116 aggressus
1271 3051 1355 3098 est
1382 3056 1504 3096 cum
1527 3037 1776 3093 Conrado

188 3144 650 3218 aniliburgeusi,
683 3151 739 3197 et
766 3142 816 3195 iu
850 3140 1042 3193 itinere
1067 3145 1193 3190 voto
1236 3147 1295 3188 se
1336 3129 1613 3201 obligavit,
1644 3128 1690 3183 si
1720 3127 1773 3181 iu

191 3243 401 3313 patriam
453 3240 661 3295 salvus
708 3244 762 3289 et
811 3230 1096 3288 incolumis
1146 3226 1366 3289 rediret,
1417 3221 1771 3277 monasticam
1804 3236 1848 3298 ο

191 3336 339 3387 vitam
371 3348 428 3386 se
455 3327 874 3401 professorum.
914 3320 1065 3388 Quod
1091 3319 1265 3387 reipsa
1309 3313 1477 3369 redux
1520 3310 1775 3382 prmstitit

190 3426 236 3479 in
269 3421 588 3479 Divioucusi
650 3416 836 3473 Sancti
871 3412 1093 3483 Beuigni
1135 3407 1411 3471 cmuobio,
1457 3405 1544 3459 cui
1600 3403 1775 3473 primo

189 3523 259 3576 sui
303 3518 675 3592 pontiﬁcatus
695 3527 837 3565 anno
859 3507 1047 3561 altaria
1077 3505 1180 3558 duo
1208 3503 1276 3557 ab
1300 3499 1491 3556 Udone
1518 3511 1773 3553 concessa

191 3590 370 3669 litteris
402 3612 520 3666 suis
546 3605 999 3663 conﬁrmaverat.
1038 3595 1205 3651 Facta
1249 3609 1377 3649 vero
1418 3590 1773 3663 professione,

192 3723 217 3760 a
237 3702 556 3760 dimcesanis
590 3697 711 3754 suis
729 3692 1085 3754 desideratus,
1112 3688 1262 3758 jussu
1288 3684 1560 3758 pontiﬁcis
1593 3682 1775 3736 Victo-

192 3802 258 3853 ris
281 3798 341 3854 lll
370 3794 640 3852 Ecclesiae
691 3803 806 3845 suae
835 3801 1022 3841 curam
1066 3795 1343 3837 resumere
1401 3784 1621 3832 coactus
1668 3780 1774 3835 est,

191 3892 265 3946 cui
297 3904 436 3945 vene
499 3883 697 3940 crucis
743 3878 1069 3949 portionem,
1101 3889 1130 3927 a
1174 3865 1775 3937 Constantinopolitano

192 3983 316 4035 dono
358 3986 675 4047 acceptam,
726 3985 862 4024 auro
901 3965 1237 4039 gemmistpte
1289 3969 1535 4015 ornatam
1604 3955 1773 4011 dedit.

189 4071 428 4127 Cellulam
456 4064 870 4124 monachorum
927 4056 1067 4127 apud
1094 4054 1323 4109 Barrum
1361 4068 1391 4106 a
1438 4049 1636 4120 Sophia
1684 4062 1776 4102 co-

193 4165 381 4220 mitissa
408 4162 695 4217 conditam
718 4163 773 4210 et
789 4149 1085 4218 subjectam
1110 4145 1435 4201 monasterio
1459 4143 1516 4197 S.
1542 4141 1777 4196 Michae-

192 4257 250 4312 lis
284 4242 533 4313 ditecesis
560 4244 935 4308 Virdunensis
976 4241 1223 4311 probavit
1244 4254 1387 4293 anno
1416 4236 1572 4292 1088.
1603 4233 1773 4289 Sttum

192 4350 404 4419 prtebttit
436 4359 736 4402 assensum
766 4354 914 4396 anno
954 4336 1084 4392 l09l
1130 4342 1188 4388 ut
1240 4328 1488 4386 Lutullus
1535 4327 1775 4382 decanos

192 4442 568 4497 monasterium
598 4440 654 4491 in
689 4436 953 4490 honorem
984 4428 1041 4484 S.
1068 4425 1266 4482 Leonis
1296 4421 1625 4483 aediﬁcaret;
1652 4415 1771 4470 lau-

191 4535 428 4604 davitque
441 4544 637 4587 omnes
659 4526 839 4582 eidem
861 4524 979 4577 loco
1004 4519 1173 4575 laetas
1196 4514 1535 4571 donationes.
1567 4508 1771 4565 Eodem

190 4640 319 4679 anno
343 4601 542 4679 turrim
586 4616 761 4689 jussit
799 4610 1053 4668 aediﬁcari
1086 4609 1139 4662 in
1170 4601 1471 4662 cathedrali
1510 4617 1603 4656 ecc

190 4717 357 4785 inqua
396 4715 541 4768 duas
565 4705 853 4780 suspendit
880 4716 1192 4772 campanas,
1230 4699 1443 4766 triaque
1493 4694 1661 4749 erexit
1692 4690 1771 4745 al-

189 4784 335 4861 taria.
362 4806 626 4877 Magnam
650 4799 872 4868 quidem
903 4796 1042 4849 hanc
1064 4804 1345 4851 coronam,
1369 4786 1596 4841 chorum
1630 4784 1770 4838 inter

186 4912 237 4956 et
258 4902 429 4957 altare
454 4908 811 4967 suspensam,
842 4889 894 4942 in
942 4885 1096 4955 cujus
1126 4881 1356 4937 circuitu
1395 4877 1770 4933 accenduntur

188 4994 339 5057 terei,
362 4989 622 5047 ecclesia:
669 4998 781 5038 sua:
809 4980 951 5033 dono
1005 4973 1169 5028 dedit.
1199 4970 1279 5025 Ad
1335 4970 1449 5024 haec
1475 4968 1612 5021 adde
1642 4981 1771 5035 qua-

186 5087 427 5157 draginta
464 5080 685 5136 modios
707 5074 816 5129 viui
869 5085 968 5125 nec
999 5082 1103 5121 non
1136 5064 1421 5121 ecclesiam
1454 5059 1767 5130 quamdam,

187 5154 302 5252 quae
329 5182 574 5251 largitus
607 5185 692 5230 est
745 5188 807 5228 ea
842 5171 979 5237 lege,
1038 5175 1096 5221 ut
1147 5161 1438 5236 quotannis
1466 5160 1617 5212 ﬁeret
1651 5154 1768 5221 ejus

187 5247 642 5331 anniversarium.
656 5262 956 5321 Ecclesium
968 5255 1293 5314 S.Chlodulﬁ
1309 5252 1446 5323 apud
1463 5248 1652 5303 Laium
1675 5247 1770 5300 de-

189 5366 378 5420 dicavit
408 5377 561 5419 anuo
588 5357 751 5420 1092,
783 5372 847 5412 ac
877 5354 1038 5423 paulo
1064 5358 1184 5422 post
1217 5343 1553 5402 Beatriceut,
1591 5353 1766 5407 quou-

189 5460 305 5513 rlam
350 5470 584 5512 uxorem
646 5446 923 5505 Berlholdi
969 5442 1142 5503 ducis,
1195 5435 1502 5490 defunctam
1535 5445 1608 5483 vtt
1638 5426 1768 5481 Kal.

191 5551 511 5609 Novembris
537 5547 697 5619 hujus
727 5541 880 5605 anni,
933 5539 985 5592 in
1021 5535 1154 5589 urbe
1201 5526 1461 5619 Tullcnsi
1496 5520 1767 5619 sepelivit.

188 5643 463 5716 EgilbcrIo
510 5609 930 5709 metmpolitano
975 5626 1266 5684 schismate
1317 5614 1598 5686 inqttiuato
1651 5609 1763 5674 ille,

1895 631 2033 687 1095
2064 647 2123 687 se
2159 626 2392 699 amplius
2436 629 2485 684 ei
2539 645 2645 683 non
2695 628 3188 697 obtemperaturos.
3241 628 3322 683 Ad
3352 643 3475 682 eam

1891 734 2110 781 aetatem
2160 722 2498 779 referendum
2546 722 2761 776 videtur
2796 734 3117 789 responsum
3168 718 3371 777 Urbani
3432 717 3473 772 ll

1890 830 2049 886 papa:
2088 814 2165 869 ad’
2180 811 2444 883 plurimas
2478 826 2507 867 a
2535 810 2739 865 Piboue
2770 811 3077 881 propositas
3115 812 3465 882 quasstiones.

1891 907 2048 962 Dedit
2101 906 2312 960 litteras
2363 920 2504 959 anno
2534 902 2671 957 1091
2721 904 2787 958 de
2831 901 3147 961 laudatione
3194 901 3468 974 prioratus

1894 996 1954 1052 8.
1996 998 2293 1052 Theobaldi
2339 997 2406 1051 de
2434 996 2775 1053 Amercvilla.
2823 995 3112 1054 llicherum
3167 999 3465 1054 Virdunen-

1890 1106 2007 1145 sem
2035 1105 2205 1161 nuper
2234 1091 2302 1144 ab
2325 1089 2545 1160 Hugone
2568 1090 2907 1159 Lugdunensi
2938 1093 3245 1147 ordinatum
3274 1092 3326 1147 in
3349 1091 3469 1161 epi-

1888 1182 2158 1252 scopalem
2204 1182 2483 1238 civitatem
2534 1184 2848 1236 redeuutem
2902 1182 3199 1239 honoriﬁce
3251 1187 3464 1253 accepit

1889 1290 2034 1328 anno
2060 1272 2215 1328 l093.
2245 1274 2667 1329 Claromontano
2689 1273 2940 1337 concilio,
2966 1274 3018 1329 in
3044 1292 3150 1344 quo
3174 1275 3463 1332 Saracenis

1890 1367 1958 1420 ad
1990 1374 2147 1421 terrae
2174 1376 2377 1421 sancite
2406 1365 2873 1435 recuperationem
2924 1367 3184 1425 indictum
3231 1379 3316 1423 est
3348 1369 3464 1424 bel-

1887 1456 2019 1521 lum,
2061 1456 2310 1513 interfuit
2340 1457 2442 1513 hoc
2474 1457 2590 1526 ipso
2619 1472 2794 1522 anno;
2842 1457 2971 1526 quin
3017 1467 3072 1512 et
3102 1458 3217 1529 ipse
3246 1475 3463 1514 crucem

1888 1547 2230 1617 sumpsisset,
2264 1547 2365 1602 nisi
2394 1559 2554 1602 aetate
2582 1547 3092 1620 inﬁrmitatibusque
3120 1549 3310 1605 fuisset
3333 1567 3464 1620 prm-

1889 1639 2127 1708 peditus.
2159 1638 2690 1709 Quamplurintarum
2745 1637 3096 1694 ecclesiarum
3155 1639 3207 1693 in
3245 1640 3466 1697 diteccsi

1890 1744 1987 1786 sua
2017 1730 2144 1786 fecit
2167 1730 2627 1797 consceratioues,
2654 1731 3375 1804 plurimoque,abbatiarum
3412 1745 3470 1790 et

1890 1820 2230 1889 prioratuum
2270 1822 2612 1876 fundationes
2636 1823 2904 1892 probavit.
2961 1821 3213 1895 Largitus
3242 1836 3326 1881 est
3372 1841 3460 1881 an.

1817 1889 1863 1948 Β
1894 1909 2032 1967 1096
2055 1910 2229 1967 altare
2255 1912 2417 1967 situm
2450 1912 2502 1966 in
2526 1889 2903 1968 Coutmarceio
2942 1889 3114 1969 beata:
3141 1914 3324 1971 Maria:
3349 1915 3455 1970 Mo-

1888 2001 2131 2057 lismensi
2184 2018 2307 2057 cum
2344 2002 2653 2057 conditione
2702 2019 2797 2057 sex
2843 2004 3098 2058 denarios
3135 2020 3332 2059 census
3358 2004 3465 2060 sol-

1886 2095 2068 2150 vendi.
2108 2093 2280 2149 Ursus
2311 2095 2531 2163 quidam
2585 2103 2706 2148 ortu
2756 2094 3187 2159 Beneventanus,
3216 2108 3338 2164 post
3369 2113 3461 2150 va-

1886 2187 1995 2242 rias
2022 2187 2461 2258 peregiuationes
2493 2187 2547 2241 itt
2597 2186 3003 2257 Lotharingiam
3046 2202 3290 2254 accessu,
3327 2187 3459 2243 sub-

1883 2281 2134 2350 stititque
2166 2294 2333 2351 pmpe
2371 2278 2577 2334 Novum
2623 2279 2843 2334 Gustum
2896 2279 2948 2332 in
2998 2290 3180 2333 monte
3224 2279 3451 2346 Sionna,

1885 2375 1975 2430 ubi
2007 2373 2305 2428 oratorium
2343 2372 2650 2427 construxit
2683 2371 2737 2424 itt
2769 2371 3028 2426 honorem
3063 2372 3239 2426 sancti
3269 2371 3454 2428 Jacobi

1882 2468 2130 2539 apostoli,
2157 2467 2311 2537 cujus
2342 2465 2621 2535 reliquias,
2669 2480 2806 2534 quas
2833 2478 3015 2519 secum
3043 2462 3319 2530 attulerat,
3357 2466 3460 2521 ibi—

1883 2561 2005 2616 dem
2036 2560 2297 2630 reposuit.
2348 2558 2402 2613 ld
2448 2558 2746 2613 oratorium
2787 2573 2816 2612 a
2850 2558 3050 2616 Piboue
3080 2570 3458 2617 consecratum

1882 2649 2013 2715 fuit;
2055 2650 2179 2707 dein
2217 2649 2349 2704 cella
2395 2649 2635 2703 oratorio
2684 2647 2938 2718 adjuncta
2985 2660 3089 2716 est,
3119 2668 3279 2721 qttam
3323 2650 3458 2706 Pilio

1884 2742 1952 2797 ad
1983 2740 2107 2798 Ursi
2145 2755 2335 2809 preces
2361 2740 2421 2795 S.
2454 2738 2719 2795 Mansueti
2752 2744 3082 2797 monasterio
3123 2743 3373 2808 contulit,
3400 2752 3461 2798 ut

1883 2833 1938 2886 in
1964 2846 2029 2887 ea
2069 2830 2470 2886 collocarentur
2518 2830 2789 2892 monachi,
2822 2832 3017 2901 quibus
3042 2832 3210 2888 altare
3238 2834 3295 2887 S.
3322 2832 3458 2888 Ger-

1882 2924 2027 2978 tnani
2077 2923 2144 2977 de
2183 2922 2384 2977 Sionna
2431 2922 2721 2988 concessit,
2773 2921 3070 2993 litterisque
3100 2923 3243 2980 datis
3294 2925 3453 2989 l097,

1882 3028 1936 3068 tv
1958 3012 2078 3068 Kal.
2109 3012 2286 3068 Martii
2317 3013 2510 3068 statuit
2537 3021 2595 3066 ut
2626 3028 2816 3068 omnes
2843 3024 3078 3070 montem
3110 3015 3261 3071 illum
3293 3017 3455 3072 inha-

1881 3106 2126 3167 bitatttri,
2154 3105 2221 3159 ad
2249 3105 2440 3160 cellam
2474 3105 2618 3160 illam
2645 3110 3003 3169 convenirent
3046 3123 3144 3179 pro
3186 3110 3456 3185 baptismo

1881 3208 1936 3254 et
1975 3196 2281 3267 sepultura.
2308 3198 2629 3267 cretei-isque
2660 3198 2855 3255 anima!
2899 3209 2953 3253 ct
2984 3201 3229 3271 corporis
3275 3202 3454 3257 subsi-

1879 3293 2002 3348 diis.
2036 3291 2389 3348 Cousecravit
2419 3305 2561 3345 anno
2612 3290 2741 3345 1101
2773 3307 2802 3342 v
2834 3291 2909 3346 Id.
2942 3289 3132 3347 Octob.
3162 3293 3451 3350 ecclesiam

1876 3384 1944 3440 de
1980 3382 2167 3438 Portu.
2197 3381 2444 3453 Rogante
2465 3380 2770 3436 Theomaro
2820 3382 3018 3437 abbate
3059 3380 3118 3436 8.
3166 3381 3453 3449 Mansueti,

1879 3485 2056 3532 ratum
2107 3475 2299 3531 babuit
2322 3474 2522 3529 donum
2552 3472 3056 3543 Drogouist'apil'eri
3081 3481 3137 3530 et
3162 3472 3294 3529 Eva:
3319 3489 3456 3530 uxo-

1877 3566 1955 3622 ris
1980 3564 2115 3635 ejus,
2160 3565 2212 3620 iu
2254 3564 2487 3619 ecclesia
2541 3563 2726 3619 Sancti
2784 3562 3041 3617 Mansueti
3094 3563 3450 3633 sepultorum,

1877 3672 2020 3711 anno
2052 3655 2210 3720 1102,
2265 3654 2451 3708 indict.
2494 3669 2548 3707 x.
2597 3653 2676 3707 Ad
2718 3651 2960 3721 ejusdem
3004 3651 3218 3709 abbatis
3263 3669 3455 3725 preces

1879 3749 2115 3804 ﬁrmavit
2139 3762 2332 3804 omnes
2357 3747 2414 3800 S.
2466 3745 2727 3801 Mansueti
2774 3744 3145 3813 possessiones
3172 3761 3265 3800 an.
3293 3745 3456 3810 H05,

1878 3840 2062 3903 indict,
2092 3854 2167 3894 ιι.
2198 3837 2535 3906 Subscripsit
2570 3851 2717 3891 anno
2749 3835 2886 3891 1105
2933 3834 3127 3892 litteris
3164 3837 3233 3892 de
3261 3833 3457 3892 funda-

1877 3934 2024 3988 tione
2048 3931 2198 3986 cella:
2226 3931 2366 4000 apud
2398 3937 2639 3984 castrum
2687 3924 3098 3989 Vallis-coloris,
3143 3926 3196 3980 in
3230 3925 3395 3982 fundo
3420 3942 3455 3982 a

1873 4025 2108 4082 Josl’rido
2158 4022 2494 4078 nobilissimo
2528 4019 2767 4090 principe
2822 4016 3152 4072 Molismensi
3204 4019 3456 4074 coenobio

1874 4120 2154 4176 attribute.
2176 4115 2504 4172 Richardum
2529 4114 2888 4168 Albauensetu
2911 4111 3223 4180 episcopum
3248 4119 3304 4163 et
3324 4125 3455 4180 apo-

1875 4213 2080 4270 stolicae
2107 4211 2251 4266 sedis
2282 4210 2514 4277 legatum
2563 4204 2860 4258 honoriﬁce
2885 4202 3094 4271 accepit
3119 4216 3262 4255 anno
3286 4199 3445 4264 1107,

1876 4309 2160 4379 ipsumque
2198 4310 2452 4374 precatus
2480 4308 2564 4354 est
2588 4307 2646 4351 ttt
2669 4301 3011 4352 consecraret
3033 4306 3219 4347 recens
3242 4292 3455 4348 instau-

1875 4410 2050 4453 ratam
2082 4394 2266 4450 Sancti
2314 4388 2574 4446 Mansueti
2613 4387 2917 4448 ecclesiam,
2969 4383 3203 4451 itemque
3232 4380 3453 4435 absolu-

1877 4501 1986 4547 tam
2013 4489 2265 4545 aSehero
2292 4486 2487 4538 abbate
2524 4479 3033 4538 Caltnosiacensem,
3071 4474 3223 4543 cujus
3245 4473 3297 4526 in
3327 4487 3450 4543 gra-

1608 4599 1765 4661 ιεείςι,
1802 4604 1849 4664 υ
1878 4586 2006 4638 tiam
2040 4595 2199 4651 quam
2240 4576 2466 4648 plurima
2485 4571 2600 4641 jam
2631 4572 2699 4625 ah
2739 4571 2854 4641 ipso
2881 4577 2998 4621 acta
3026 4565 3192 4620 fuisse
3215 4570 3453 4617 testatur

1875 4676 2310 4733 Calmosiaccnse
2381 4667 2695 4723 eltronicou.
2752 4661 2950 4717 Eodem
3010 4673 3151 4712 anno
3217 4654 3448 4710 decessit

1875 4784 2061 4825 mense
2090 4763 2378 4822 Novembri
2417 4778 2482 4816 ex
2535 4756 2843 4828 neci-elogio
2869 4752 3054 4809 Sancti
3104 4747 3363 4803 Mansueti
3394 4762 3449 4799 si

1874 4858 2145 4914 Kalendas
2190 4852 2528 4916 Decembris,
2578 4864 2644 4903 ex
2675 4845 2980 4913 uecrologio
3006 4841 3065 4897 S.
3099 4838 3274 4893 Vitoni
3303 4847 3357 4892 et
3384 4836 3445 4891 8.

1873 4951 2097 5019 Beuigui
2144 4943 2482 5002 Divionensis
2510 4957 2565 4996 ιι
2600 4938 2890 4998 Kalendas,
2936 4941 2991 4989 et
3028 4947 3093 4988 ex
3142 4927 3451 4997 necrologio

1872 5040 2194 5100 cathedralis
2217 5053 2312 5093 \‘Ill
2335 5035 2619 5096 Kalendas,
2643 5046 2764 5086 cum
2788 5025 3026 5083 Tullcnsi
3050 5022 3291 5079 ecclesiae
3312 5034 3451 5089 pra:-

1872 5137 2063 5193 l‘uisset
2089 5132 2247 5189 annis
2288 5129 2377 5184 58.
2430 5125 2682 5195 Sepultus
2734 5123 2786 5176 iu
2829 5120 3055 5177 ecclesia
3103 5113 3362 5179 Tullensi,
3394 5113 3450 5165 in

1873 5230 2074 5287 sacello
2115 5229 2175 5283 S.
2215 5224 2398 5280 Maria:
2448 5218 2771 5290 Magdaleua:
2806 5234 2820 5271 :
2865 5215 3008 5269 unde
3052 5210 3295 5282 pluribus
3327 5212 3449 5275 post

1872 5327 2031 5381 annis
2053 5331 2207 5380 eruta
2237 5319 2355 5389 ejus
2374 5331 2518 5379 ossa,
2544 5329 2665 5369 cum
2691 5310 2904 5367 ossibus
2930 5301 3203 5374 chinaldi
3229 5298 3297 5354 de
3326 5292 3451 5366 Syl-

1875 5425 2102 5473 vanecto
2126 5410 2361 5483 episcopi
2409 5409 2628 5463 humata
2668 5414 2793 5459 sunt
2820 5413 2987 5470 prope
3029 5395 3291 5449 minorem
3319 5399 3449 5457 por-

1878 5522 2006 5578 tam,
2037 5522 2145 5579 qua
2175 5519 2240 5561 ex
2263 5479 2564 5560 cathedrali
2588 5498 2643 5553 in
2668 5495 2966 5549 claustrum
3005 5479 3369 5541 descenditur.
