3926 6446
226 433 310 488 Et

1615 428 2034 485 DlPLOMATA.

3351 443 3452 498 ίΞί

287 541 415 610 Sign.
443 533 683 590 Everardi
712 534 948 599 comitis,
973 547 1025 590 et
1058 536 1291 591 tliiorum
1315 536 1430 606 ejus
1460 536 1686 593 Gilberti
1708 550 1762 595 et
1793 552 1832 608 Α
1868 543 2049 596 bibitis
2104 545 2487 613 pet-l'ietiialiier
2542 556 2759 601 maneat
2788 589 2802 611 ,
2853 549 3141 604 statuimus
3185 552 3284 606 hoc
3335 557 3454 612 cbi-

223 631 426 688 tleurici.

283 728 413 796 Sign.
442 721 639 776 Milonis
664 731 718 775 et
767 721 953 778 fratris
979 724 1095 793 ejus
1127 723 1376 778 Waltcri.

275 821 408 889 Sign.
438 815 664 885 Hugonis
686 825 740 868 et
766 814 948 871 fratris
971 817 1087 886 ejus
1127 817 1397 873 Warneri.

276 911 409 976 Sign.
437 906 642 959 llenrici
677 907 947 961 advocati.

270 1001 405 1068 Sign.
437 997 640 1051 Domini
687 997 938 1052 Widonis
993 999 1206 1054 abbatis
1241 1002 1472 1056 C(enobii
1514 1003 1570 1058 S.
1602 1005 1750 1075 Apri.

269 1093 404 1161 Sign.
429 1090 632 1144 Domini
670 1091 917 1146 \"inbaldi
961 1095 1176 1148 abbatis
1220 1097 1453 1151 ccenobii
1499 1098 1554 1152 S.
1609 1098 1752 1152 illati-

209 1185 347 1239 sueti.

215 1306 221 1315 -
267 1276 380 1328 Data
410 1288 458 1326 tv
481 1272 597 1326 ldus
627 1273 878 1330 Octobris
910 1277 960 1329 in
995 1277 1229 1346 plenaria
1255 1280 1490 1349 synodo,
1515 1297 1658 1336 anno
1684 1283 1752 1338 ab

206 1365 540 1419 lncarnatioue
605 1365 812 1420 Domini
865 1370 1018 1433 1079.,
1052 1371 1345 1428 indictione
1396 1374 1626 1440 decima,
1667 1391 1754 1431 re-

204 1467 373 1526 gnanle
424 1457 649 1510 Ileurieo
683 1459 750 1513 IV
796 1458 1162 1516 Romanorum
1211 1481 1358 1536 rege,
1407 1483 1548 1522 anno
1599 1468 1752 1540 regni

204 1548 409 1618 ejusdem
443 1564 546 1600 χιιι
570 1591 584 1614 ,
629 1551 765 1605 duce
795 1552 1150 1607 Theoderico.

261 1639 356 1706 Ego
403 1638 674 1695 Walterus
704 1644 1058 1700 cancellarius
1109 1647 1379 1712 dceanus,
1428 1663 1481 1705 et
1537 1653 1744 1708 archid.

203 1734 446 1802 recognovi
473 1743 526 1785 et
557 1735 884 1804 subscripsi,
926 1747 1088 1808 atque
1123 1740 1273 1812 signa
1287 1743 1356 1796 vi.

196 1957 570 2039 Controversiam
595 1957 875 2039 “Volat-rem
913 1963 1049 2039 inter
1087 1968 1321 2021 abbatem
1353 1968 1404 2024 S.
1436 1971 1643 2039 Arnulﬁ
1693 1986 1742 2027 et

259 2029 537 2111 abbatissam
565 2029 957 2099 .Buxerieusem
987 2036 1050 2088 de
1073 2051 1226 2105 ponte
1254 2043 1482 2110 quodam
1508 2029 1742 2098 exui-tam

255 2112 510 2168 compescit.

748 2195 923 2265 (Anno
963 2197 1142 2268 1075.)

189 2280 260 2351 μ).
285 2282 508 2348 (ξιιιιετ,
541 2285 687 2338 ibid.
713 2302 765 2356 p.
797 2288 926 2353 £74,
959 2306 1020 2343 ex
1044 2293 1358 2348 authentico
1374 2294 1738 2374 Buxeriensi.]

245 2375 292 2427 In
323 2377 527 2430 nomine
554 2389 771 2433 sanetae
809 2391 862 2434 et
890 2381 1176 2438 individua:
1212 2383 1511 2455 Trinitatis,
1543 2389 1740 2457 Patris,

185 2477 224 2518 et
249 2467 378 2530 Filii,
401 2478 450 2522 et
479 2469 726 2535 Spiritus
751 2475 943 2537 sancti,
970 2475 1098 2528 Piso
1123 2479 1294 2547 gratia
1322 2480 1410 2534 Dei
1439 2482 1739 2539 Leucorum

183 2561 364 2627 pra-sul.

241 2652 480 2716 Quoniam
503 2653 696 2708 divina
728 2659 898 2726 gratia
930 2660 1146 2730 dignata
1171 2674 1253 2718 est
1283 2682 1397 2730 nos,
1417 2684 1518 2722 non
1545 2673 1742 2728 nostris

182 2745 375 2808 meritis,
407 2746 472 2797 ad
513 2749 801 2815 pastorale
858 2749 1090 2806 cilicium
1131 2770 1480 2824 promovere,
1533 2773 1742 2830 oportet

182 2847 227 2890 ut
255 2854 329 2891 rcs
371 2850 566 2896 nostra:
610 2843 856 2897 ecclesiae
906 2844 1140 2900 solerter
1171 2850 1485 2907 studeamus
1534 2864 1639 2908 tam
1686 2857 1738 2909 in

181 2929 385 2983 minimis
424 2948 590 3000 quam
640 2934 802 2988 etiam
852 2935 904 2990 in
953 2938 1202 2994 maximis
1249 2943 1550 3008 providere.
1598 2947 1740 3014 Qua-

183 3030 368 3086 propter
389 3024 604 3076 noverit
634 3025 874 3080 oumium
902 3028 1216 3096 posteritas,
1252 3042 1359 3084 tam
1392 3037 1736 3102 pncsentium

181 3125 312 3178 quam
338 3111 672 3182 futurorum,
704 3119 845 3185 quod
878 3119 1042 3174 fuerit
1069 3131 1255 3177 exorta
1290 3127 1565 3180 contentio
1598 3129 1738 3184 inter

181 3204 289 3256 duas
313 3206 569 3270 abbatias,
589 3208 802 3263 scilicet
835 3209 1218 3268 Buxeriensem
1243 3227 1438 3270 nostra-
1473 3220 1732 3285 ccclesize,

180 3302 223 3344 et
255 3293 418 3349 Sancti
472 3297 744 3376 Arnulplii
775 3298 1035 3355 Metensis
1087 3303 1351 3368 ecclesiae.
1386 3307 1452 3361 de
1501 3311 1732 3377 quodam

179 3394 314 3449 ponte
356 3401 513 3454 quem
553 3369 778 3440 iuoviter
825 3399 1205 3446 construxerat
1260 3395 1531 3451 abbatissa
1561 3397 1735 3456 Buxe-

179 3475 344 3531 riensis
363 3493 524 3546 super
551 3495 717 3533 suum
752 3482 1025 3551 proprium
1074 3483 1319 3553 fumium,
1345 3491 1438 3542 sed
1469 3499 1644 3546 tamen
1678 3493 1730 3547 in

178 3565 327 3622 bnnno
375 3580 428 3624 et
482 3587 658 3625 cursu
705 3589 878 3642 aqua),
918 3576 1135 3632 nomine
1177 3577 1384 3645 Mur-th,
1429 3585 1732 3652 pertinente

176 3664 230 3715 ad
261 3665 517 3721 abbatiam
554 3667 749 3724 Sancti
787 3672 1027 3738 Aruulli;
1082 3691 1178 3743 pro
1225 3694 1330 3746 qua
1386 3687 1731 3741 contentione

177 3756 497 3813 amicabilitcr
529 3762 849 3817 diﬁinienda
890 3769 1242 3822 convenimus
1286 3786 1386 3839 ego
1417 3785 1470 3828 et
1519 3778 1731 3832 confra-

179 3855 243 3898 ter
264 3859 431 3904 noster
469 3851 731 3905 .‘lletensis
758 3853 1011 3909 Ecclesia:
1039 3860 1364 3914 venerabilis
1397 3867 1593 3932 przesul
1626 3867 1728 3923 lle-

174 3935 437 4005 rimannus,
479 3959 610 3994 eum
645 3943 783 3996 duce
810 3943 1176 4013 Theodorico,
1228 3959 1390 4020 atque
1423 3961 1728 4014 venerando

173 4027 334 4086 abbate
362 4033 594 4089 Waloue
644 4037 876 4090 emnobii
928 4038 1111 4094 Sancti
1148 4043 1376 4108 Arnulli,
1413 4047 1501 4102 ι.ὺί
1548 4051 1730 4121 dispo-

171 4125 363 4191 suimns,
393 4127 640 4182 fraterna
668 4130 932 4184 eharitate
962 4135 1230 4190 mediante
1254 4178 1268 4201 ,
1298 4149 1566 4206 quatenus
1591 4160 1728 4213 prm-

171 4213 314 4267 dictus
359 4219 527 4271 abbas
576 4221 902 4274 concederet
953 4223 1023 4275 ibi
1077 4224 1192 4279 fieri
1244 4243 1482 4298 pontem,
1535 4250 1600 4289 co
1651 4247 1725 4291 te-

171 4319 277 4358 nore
303 4317 355 4360 ut
391 4311 683 4363 annuatim
712 4312 813 4364 sibi
859 4314 1253 4382 persolveretur
1297 4336 1491 4377 census
1535 4341 1608 4378 χιι
1637 4328 1726 4381 de-

169 4398 409 4452 nariorum
433 4403 678 4471 publice,
716 4404 852 4457 festo
887 4407 1058 4459 sancti
1102 4407 1355 4481 lictuigii,
1387 4423 1441 4468 ct
1485 4416 1551 4469 ad
1586 4419 1722 4473 lnmc

166 4505 356 4546 censum
418 4498 796 4566 recipiendum
847 4510 989 4553 esset
1036 4517 1272 4570 praesens
1319 4523 1384 4560 eo
1423 4509 1510 4562 die
1559 4527 1720 4580 supra

165 4595 349 4647 pontem
405 4587 620 4654 legatus
670 4589 881 4643 abbatis
933 4591 1116 4646 Sancti
1182 4595 1430 4662 Amulli,
1483 4601 1549 4655 ab
1591 4603 1718 4656 hora
1755 4602 1799 4656 Ι)

162 4676 328 4742 prima,
363 4696 537 4749 usque
567 4680 636 4732 ad
669 4691 904 4747 sextam;
951 4699 1053 4752 qua
1099 4695 1368 4745 transacta
1393 4690 1603 4762 legatus
1635 4713 1721 4750 rc-

162 4767 364 4824 Cederet.

215 4859 265 4913 Si
317 4878 448 4917 vero
492 4879 674 4934 usque
725 4865 790 4918 ad
846 4882 1125 4936 vesperam
1177 4869 1383 4940 legatus
1435 4875 1722 4931 abbatissa:

160 4946 474 5008 Buxeriensis
502 4954 839 5024 persolveret
862 4959 1173 5025 praedictum
1203 4977 1422 5015 censum
1446 4967 1583 5033 apud
1609 4968 1719 5020 cel-

156 5039 242 5094 iam
294 5043 516 5109 Laium,
559 5046 935 5116 susciperetur
976 5048 1096 5101 sine
1137 5050 1366 5118 justitia.
1424 5055 1478 5107 Si
1538 5067 1714 5111 autem

155 5131 268 5182 ultra
292 5145 500 5189 noctem
535 5136 830 5206 negligeret
864 5138 1199 5206 persolvere,
1237 5141 1290 5194 in
1318 5144 1558 5198 crastino
1592 5149 1714 5201 rod-

154 5225 278 5277 deret
323 5244 444 5280 cum
473 5228 714 5297 justitia.
767 5229 917 5296 Quod
948 5230 990 5283 si
1018 5247 1150 5299 pons
1181 5249 1278 5302 per
1309 5234 1593 5302 incuriam,
1623 5249 1714 5292 aut

154 5314 443 5373 imminente
476 5322 685 5388 impetu
719 5337 891 5390 aqum,
936 5321 1100 5377 fuerit
1148 5328 1456 5381 destructus
1478 5369 1492 5391 ,
1524 5341 1576 5383 et
1619 5347 1714 5383 no-

150 5400 322 5458 luerint
375 5410 672 5463 restituere
696 5451 710 5473 ,
745 5412 912 5466 abbas
945 5414 1126 5468 Sancti
1160 5415 1364 5470 Arnulli
1417 5419 1600 5473 redeat
1648 5421 1711 5474 ad

150 5495 404 5555 pristinam
449 5501 622 5553 banni
677 5502 759 5554 sui
810 5507 1291 5569 consuetudinem,
1341 5517 1394 5561 ct
1440 5509 1711 5565 abbatissa

147 5586 201 5634 azl
245 5602 464 5643 suarum
520 5592 740 5644 navium
794 5597 1240 5649 transmeanlinm
1293 5599 1708 5668 antiquitatem;

147 5685 190 5725 rt
229 5681 464 5734 eradicet
521 5692 733 5737 statuas
784 5685 946 5753 ipsius
995 5689 1192 5755 pontis,
1228 5703 1292 5740 ne
1327 5689 1436 5742 sint
1485 5689 1710 5760 impedi-

145 5778 186 5816 ιιι
220 5782 304 5823 nto
334 5775 652 5842 piscatnra',
682 5775 761 5828 vel
793 5778 1014 5831 navibus
1035 5780 1246 5833 abbatis
1270 5761 1706 5837 SanctiArnulli.

145 5851 204 5908 Ut
227 5874 348 5915 \‘ct'o
378 5866 499 5921 haec
532 5877 713 5920 nostra
748 5883 861 5921 com
890 5870 1041 5925 :zunis
1088 5870 1330 5924 ditlinitio
1374 5881 1486 5926 rata
1517 5882 1566 5928 et
1599 5882 1708 5928 sta-

1865 633 2185 702 rograplium
2243 640 2556 702 conscribi,
2611 653 2882 711 quatenus
2938 654 3169 713 utraque
3223 647 3443 704 abbatia

1860 724 2016 779 istius
2055 727 2403 798 chirographi
2451 743 2664 800 partem
2716 735 2916 788 habeat
2945 777 2958 801 ,
3013 737 3080 790 ad
3123 743 3451 796 coutirman-

1859 815 1984 869 dum
2029 817 2188 886 lmjus
2234 833 2430 878 nostra:
2467 824 2804 882 diﬂiuitionis
2846 831 3162 897 perpetuale
3209 835 3450 888 testimo-

1859 907 2028 963 nium.

1930 1002 2040 1072 Ego
2070 1005 2219 1072 Piso,
2251 1007 2522 1065 Tullensis
2565 1011 2822 1066 Ecclesia-
2859 1016 3070 1082 prwsul,
3109 1017 3334 1088 signari.

1928 1093 2078 1164 Sign.
2112 1098 2412 1166 primi'cerii
2442 1100 2706 1171 llugonis.

1929 1187 2078 1256 Sign.
2115 1189 2386 1247 Lamberti
2415 1196 2813 1251 archidiaconi.

1927 1273 2080 1345 Sign.
2115 1277 2353 1349 llugonis
2389 1285 2600 1337 archid.

1927 1365 2080 1436 Sign.
2115 1368 2346 1425 Odelrici
2378 1374 2586 1427 archid.

1925 1459 2056 1515 Item
2087 1463 2226 1533 sign.
2256 1464 2494 1520 Odelrici
2523 1469 2716 1522 archid

1926 1551 2076 1622 Sign.
2111 1554 2372 1611 Friderici
2407 1559 2641 1614 comitis.

1927 1645 2078 1715 Sign.
2108 1646 2340 1702 ()dclrici
2370 1651 2621 1705 advocati
2671 1653 2737 1707 dc
2772 1653 3029 1711 Nanccio.

1925 1735 2078 1808 Sign.
2111 1740 2340 1796 Alberti.

1925 1829 2077 1899 Sign.
2112 1832 2332 1889 llenrici
2367 1837 2639 1892 advocati.

1782 1905 1824 1964 Β
1927 1922 2080 1992 Sign.
2117 1925 2360 1997 llugonis
2390 1929 2573 1984 villici.

1919 2014 2068 2084 Sign.
2105 2015 2392 2087 Berengeri
2427 2021 2696 2076 advocati.

1918 2105 2028 2175 Ego
2084 2109 2258 2176 gratia
2309 2109 2400 2162 Dei
2451 2109 2820 2168 Hcrimannns
2869 2116 3123 2171 Metensis
3175 2119 3434 2178 Ecclesia:

1844 2199 2150 2269 episcopus,
2183 2201 2414 2256 consilio
2452 2212 2762 2258 nostrorum
2798 2207 3034 2263 lidclium
3075 2210 3304 2273 laudavi.

1917 2290 2068 2360 Sign.
2100 2289 2392 2346 Alberouis
2427 2294 2704 2362 primicer.

1917 2379 2066 2450 Sign.
2095 2379 2312 2436 lticheri
2344 2383 2535 2437 decani
2565 2394 2619 2439 et
2647 2385 3041 2442 archidiacmii.

1917 2471 2069 2541 Sign.
2104 2473 2346 2528 Walonis
2375 2474 2590 2530 abbatis
2616 2477 2803 2530 Sancti
2831 2480 3063 2536 Aruulti.

1916 2563 2069 2633 Sign.
2099 2563 2353 2619 Gervaldi
2389 2567 2787 2622 archidiaconi.

1916 2654 2068 2724 Sign.
2099 2654 2360 2711 Johannis
2381 2660 2580 2713 wrarii.

1914 2745 2064 2817 Sign.
2103 2747 2336 2802 Folinari
2377 2752 2611 2806 comitis.

1915 2842 2068 2910 Sign.
2096 2841 2373 2897 Meuzonis
2409 2847 2676 2901 advocati.

1915 2931 2064 3001 Sign.
2095 2933 2375 2988 Chunonis
2414 2935 2480 2989 de
2509 2935 2822 2994 Tincherei.

1914 3025 2068 3097 Sign.
2103 3025 2404 3082 llaiinonis.

1912 3119 2063 3188 Sign.
2093 3118 2348 3174 livcrardi
2386 3121 2450 3175 de
2479 3123 2783 3177 Asmantia.

1913 3209 2064 3278 Sign.
2098 3208 2352 3264 Albcrici.

1910 3301 2061 3371 Sign.
2100 3300 2332 3355 Ottouis.

1909 3390 2064 3461 Sign.
2093 3391 2388 3447 Lamberti.

1908 3481 2063 3553 Sign.
2097 3485 2351 3538 Dodonis.

1905 3575 2058 3644 Sign.
2094 3576 2342 3631 Gerardi.

1904 3667 2096 3720 Actum
2129 3666 2267 3721 'l‘nlli
2302 3667 2517 3738 publice
2543 3687 2688 3725 anno
2719 3673 3010 3732 Doniinicze
3030 3678 3421 3746 lncarnationis

1838 3757 1994 3818 1073.
2024 3759 2318 3815 indictione
2339 3777 2412 3825 χι,
2447 3779 2508 3817 ιιι
2540 3763 2765 3820 Kalend.
2796 3767 2956 3834 Maii,
2987 3785 3246 3842 regnante
3277 3777 3420 3834 llen-

1835 3852 2153 3916 rieojuvene
2182 3853 2550 3910 ltoinanorum
2589 3871 2743 3928 rege,
2770 3859 3035 3920 ducamen
3056 3871 3204 3939 regni
3243 3869 3419 3929 Theo-

1833 3944 2014 3996 derico
2054 3946 2187 3999 duce
2229 3958 2467 4014 regente.

1903 4035 2032 4088 Data
2064 4052 2158 4104 per
2188 4053 2377 4092 manus
2407 4041 2725 4098 cancellarii
2757 4055 2810 4099 et
2858 4049 3226 4106 archidiaconi
3261 4054 3414 4110 Wal-

1833 4127 1963 4190 teri,
2014 4128 2435 4196 aszipulantibus
2483 4131 2694 4189 idoneis
2742 4140 3125 4205 suprascriptis
3163 4145 3408 4202 testibus.

1866 4310 2206 4379 (.‘onﬁrumtio
2248 4313 2640 4384 pririlegiornm
2682 4318 2946 4382 prioralus
2977 4323 3040 4373 de
3075 4323 3366 4384 Asumutia.

2413 4410 2589 4477 (Anno
2623 4409 2806 4480 1076.)

2285 4499 2441 4571 [Dom
2490 4502 2739 4564 CALMET,
2770 4503 2925 4576 ἱὺί‹1.]

1898 4587 1952 4640 In
1987 4589 2203 4644 nomine
2232 4589 2432 4656 Patris,
2458 4602 2513 4646 ct
2541 4592 2683 4656 Filii,
2706 4604 2761 4648 et
2785 4596 3017 4664 Spiritus
3048 4603 3240 4654 sancti.
3268 4603 3409 4661 Utile

1826 4697 2164 4752 sunnuopere
2199 4695 2252 4740 et
2287 4686 2651 4740 necessariqu
2699 4698 2780 4742 est
2823 4691 3121 4744 rectoribus
3148 4695 3408 4751 ecclesia-

1832 4788 1943 4827 rum
1975 4785 2248 4845 gestarum
2292 4793 2470 4830 rerqu
2518 4778 2898 4847 dispositioncs
2936 4783 3002 4835 ad
3032 4786 3276 4840 notitiam
3308 4806 3404 4859 po-

1823 4874 2091 4919 sterorum
2122 4866 2424 4921 litterarum
2467 4870 2740 4924 memoria:
2783 4873 3090 4928 lirmissime
3125 4894 3406 4934 commen-

1821 4958 1970 5010 dare.
2017 4957 2327 5013 innotescat
2359 4961 2524 5029 igitur
2552 4961 2822 5016 universis
2857 4979 3058 5018 saucaa:
3086 4972 3274 5025 matris
3307 4973 3406 5027 Ee-

1819 5047 1997 5102 clesize
2053 5050 2174 5105 ﬁliis
2204 5062 2259 5105 ct
2315 5052 2573 5105 fratribus
2608 5054 2862 5122 quoniam
2912 5072 3014 5127 ego
3061 5057 3192 5114 Pibo
3221 5067 3395 5131 gratia

1820 5137 1912 5192 Dei
1963 5139 2229 5194 Tullensis
2272 5144 2593 5211 episcopus,
2628 5147 2882 5211 precibus
2923 5159 2977 5200 et
3020 5151 3191 5218 gratia
3237 5157 3406 5208 conii-

1820 5231 1963 5286 tissa:
1992 5233 2206 5300 Sophia:
2235 5233 2444 5288 dilectae
2489 5235 2609 5287 lilia:
2644 5248 2870 5300 nustra~,
2906 5245 3195 5308 quamdam
3227 5246 3402 5299 eccle-

1819 5324 1952 5376 siam
1984 5324 2034 5376 iu
2083 5325 2285 5379 honore
2335 5325 2502 5380 beata:
2531 5327 2731 5391 Mariae,
2777 5346 2938 5398 quam
2990 5333 3100 5400 ipsa
3137 5350 3166 5385 a
3202 5334 3395 5390 fomla-

1821 5426 2001 5468 mento
2057 5428 2474 5482 construxerat,
2519 5423 2854 5475 consecravi.
2913 5423 3015 5476 Sed
3065 5426 3187 5492 quia
3238 5442 3400 5496 paro-

1819 5507 2002 5560 chiani
2060 5507 2353 5561 Asinantim
2419 5511 2614 5576 priscis
2673 5512 3002 5580 temporibus
3048 5515 3273 5583 subjecti
3327 5521 3396 5574 ad

1815 5598 2397 5654 Domuum-3iartinnm
2445 5601 2688 5666 fuerant,
2728 5605 2866 5657 sicut
2912 5615 2966 5658 et
3014 5605 3242 5660 aliarum
3287 5612 3397 5663 cir-

1813 5689 2226 5758 cumjacentium
2255 5691 2524 5759 villarum,
2544 5693 2747 5748 scilicet
2771 5695 2836 5749 de
2862 5693 3028 5767 Layoo,
3057 5697 3121 5750 de
3156 5698 3395 5754 (Emunt

1816 5782 2004 5853 latius,
2034 5784 2099 5838 de
2126 5783 2402 5856 Eumeni],
2436 5788 2500 5840 de
2525 5786 2812 5857 BlauZeyo,
2840 5801 2896 5841 et
2925 5794 2992 5842 de.
3024 5791 3317 5862 Seehamp.
3341 5805 3395 5848 et

1814 5891 1954 5931 mmc
1979 5888 2029 5932 ct
2062 5877 2136 5932 illi
2168 5879 2233 5933 de
2253 5879 2531 5934 Asmentia
2560 5889 2613 5935 et
2644 5881 2710 5934 de
2734 5882 3005 5951 praedictis
3037 5885 3177 5940 villis
3203 5903 3395 5942 omnes
