3926 6452
455 422 561 476 425

457 535 625 590 certis
657 547 722 587 ex
776 532 956 586 causis
999 543 1029 582 a

455 624 684 681 consilio
728 620 982 676 nobilium
1013 631 1234 671 suorum
1268 609 1475 681 rogavit
1523 623 1620 660 uos
1649 603 1910 675 praedicta
1943 616 2038 654 co-

461 719 668 772 mitiSsa
707 713 905 781 Sophia
970 718 1028 762 ut
1071 706 1198 777 quid
1225 704 1385 772 juris,
1427 700 1518 770 qui
1565 695 1809 752 ecclesiae
1859 693 2040 748 Beata:

459 806 641 861 Maria:
669 801 1022 860 deservirent,
1050 796 1386 858 habuissent,
1423 791 1506 844 vel
1545 787 1781 844 habituri
1830 793 2038 846 essent,

461 894 543 950 vel
581 893 775 961 quibus
802 905 866 943 ex
893 889 1072 941 causis
1099 883 1412 955 parochiani
1444 883 1508 935 de
1539 877 1821 934 Asmantia
1845 892 1874 928 a
1904 875 2039 929 sub-

452 987 686 1058 jcclione
739 982 927 1036 Domni
986 979 1197 1033 Martini
1250 976 1441 1030 remoti
1481 981 1687 1036 essent,
1743 987 1808 1024 ne
1859 968 2038 1036 aliqua

459 1073 734 1131 contentio
783 1073 866 1126 vel
919 1071 1290 1125 controversia
1340 1069 1391 1120 in
1449 1075 1722 1136 posterum
1772 1063 2036 1128 oriretur,

459 1167 661 1234 scripto
695 1164 1097 1217 mandaremus.

534 1257 755 1310 Noverit
782 1255 946 1322 igitur
973 1253 1149 1304 innuis
1175 1248 1454 1304 ecclesiam
1487 1249 1658 1302 beatae
1690 1246 1872 1300 Mariae
1917 1260 2038 1300 cum

462 1363 558 1401 sua
595 1344 796 1414 capella
829 1343 894 1396 de
926 1351 1106 1395 castro
1135 1341 1205 1392 ita
1228 1339 1452 1392 liberam
1486 1353 1514 1390 a
1547 1336 1781 1389 dominis
1810 1344 1863 1388 et
1891 1333 2044 1403 prin-

462 1438 674 1507 cipibus
719 1433 883 1488 castri
936 1432 1109 1484 taliter
1141 1431 1490 1484 constitutam
1542 1426 1730 1488 fuisse,
1771 1425 1912 1494 quod
1947 1437 2044 1476 nec

466 1545 714 1590 censum,
764 1541 866 1580 nec
909 1533 1210 1593 reapectmu
1243 1522 1474 1589 aliquem
1525 1517 1781 1573 Ecclesia:
1810 1513 2044 1567 Tullensi

467 1621 680 1675 debeat.
719 1617 794 1671 Ita
829 1625 884 1669 ut
936 1625 1112 1668 tamen
1142 1613 1283 1677 quod
1329 1611 1556 1664 clericus
1587 1625 1616 1662 a
1645 1607 1920 1662 eomitissa
1965 1604 2047 1656 vel

468 1713 874 1769 successoribus
911 1709 1029 1778 ejus
1057 1710 1122 1761 de
1174 1705 1457 1776 prrebenda
1511 1705 1682 1756 beatae
1724 1700 1906 1754 Marire
1963 1698 2048 1750 in-

469 1807 697 1862 vcstitus
725 1805 938 1857 TuHum
966 1801 1164 1862 veniet,
1188 1808 1240 1853 et
1270 1813 1300 1850 a
1331 1796 1458 1850 sede
1501 1803 1688 1848 nostra
1720 1806 1905 1846 curam
1935 1790 2052 1842 ani-

471 1911 681 1951 marum
709 1893 985 1964 suscipiet,
1033 1900 1088 1942 et
1113 1905 1210 1958 pro
1245 1885 1653 1942 Christianitate
1681 1880 2046 1937 conservanda
2083 1883 2125 1940 Β

472 1988 782 2042 fidelitatem
808 1985 989 2038 faciet.
1022 1981 1227 2048 Quibus
1263 1979 1405 2033 enim
1431 1994 1496 2032 ex
1530 1975 1712 2030 causis
1737 1972 2050 2044 parochiam

471 2081 538 2132 de
555 2077 831 2130 Asmantia
851 2091 880 2126 a
901 2071 1233 2139 subjectione
1255 2064 1693 2122 Domni-Martini
1713 2061 1904 2117 remoti
1926 2061 2051 2123 sint,

473 2167 614 2220 sicut
655 2166 723 2218 ab
750 2166 862 2234 ipsa
886 2161 1167 2216 eomitissa
1196 2158 1280 2212 vel
1315 2156 1565 2210 fidelibus
1595 2154 1714 2222 ejus
1748 2151 2053 2212 didicimus,

473 2258 704 2312 fideliter
751 2255 1057 2309 scribimus.
1112 2249 1494 2305 Theodericus
1554 2246 1702 2309 dux,
1761 2242 2058 2297 eomitissa:

477 2367 630 2412 avus,
679 2339 768 2418 qui
796 2348 918 2416 jure
967 2342 1314 2400 haereditario
1351 2339 1534 2394 comiti
1567 2338 1816 2392 Folmaro
1869 2335 1919 2387 in
1958 2334 2059 2386 As-

477 2440 678 2494 tnantia
716 2437 1016 2496 successit,
1069 2433 1298 2486 mediam
1347 2438 1556 2499 partem
1604 2426 1935 2480 decimarum
1965 2437 2058 2476 ec-

477 2535 657 2588 clesia:
686 2528 1124 2586 Domni-Martini
1160 2527 1262 2580 hoc
1311 2534 1468 2594 pacto
1501 2522 1646 2576 dedit
1685 2529 1740 2574 et
1769 2514 2058 2577 concessit,

481 2634 541 2678 ιιι
570 2624 852 2694 presbyter
892 2623 957 2674 de
1007 2615 1474 2672 Domno-lilartino
1507 2613 1559 2666 in
1592 2611 1830 2664 Sabbato
1861 2614 2060 2661 sancta:

480 2715 704 2768 Pascha:
751 2712 927 2764 oleum
962 2718 1016 2763 et
1065 2708 1299 2761 chrisma
1347 2703 1626 2772 capellano
1667 2700 1842 2753 Beata:
1873 2697 2054 2752 Maria:

482 2807 654 2868 daret,
686 2813 741 2858 et
769 2805 819 2856 in
851 2801 1102 2856 omnibus
1127 2798 1346 2870 synodis
1391 2805 1443 2849 et
1474 2792 1722 2849 conciliis
1750 2805 1844 2861 per
1872 2789 2060 2858 omnia

482 2908 539 2952 et
585 2912 681 2966 pro
724 2896 836 2964 ipsa
886 2893 1094 2948 decima
1143 2892 1314 2960 ipsum
1362 2887 1698 2957 capellauutn
1742 2891 2062 2938 excusatum

485 2990 726 3043 haberet.
760 2986 1136 3040 Pmdcccssor
1163 2982 1363 3038 ctenim
1409 2995 1561 3034 meus
1592 2980 1746 3033 bona:
1787 2975 2064 3031 memoria:

486 3081 809 3135 ltertholdns
847 3080 1153 3147 episcopus,
1189 3075 1256 3128 ad
1291 3072 1606 3127 memoriam
1643 3069 1889 3140 pristina:
1934 3068 2061 3121 sub-

482 3172 736 3242 iectionis
793 3171 925 3224 duas
973 3169 1271 3221 oblationes
1323 3166 1386 3218 ad
1456 3160 2064 3218 DomuumoMartinnm

1566 397 1826 457 l’lBONlS
1861 387 2165 450 EPISCOPI
2195 381 2577 442 TULLENSIS

1079 525 1168 580 tali
1210 520 1540 590 subjectione
1591 513 1784 569 remoti
1835 517 2026 572 erant,
2060 513 2104 568 Α
2135 499 2444 572 gnoscimus
2469 505 2522 550 et
2548 495 2848 553 laudamus,
2877 498 2933 544 et
2963 487 3319 558 impressione
3349 483 3498 554 sigilli
3528 492 3678 546 nostri

3586 372 3674 429 ιιι

2141 594 2194 646 in
2227 598 2543 662 perpetuum
2582 581 3007 640 conservandam
3043 579 3387 632 anathemate
3426 577 3681 632 continua-

2141 701 2282 739 "HIS.

2214 775 2436 846 Signmn
2466 769 2686 826 Pibouis
2708 764 2970 834 episc0pi.

2213 865 2369 934 Sign.
2398 861 2632 917 Alberici
2665 858 2788 912 abb.
2827 854 3012 909 Sancti
3046 847 3330 904 Mansueti.

2216 958 2370 1027 Sign.
2403 951 2657 1008 ltichardi
2687 949 2812 1002 abb.
2846 943 3030 999 Sancti
3069 939 3224 1011 Apri.

2217 1049 2369 1121 Sign.
2401 1045 2643 1117 llugonis
2663 1037 2982 1113 pritnicerii.

2217 1142 2368 1213 Sign.
2403 1137 2626 1208 Riquini
2657 1131 3048 1189 archidiaconi.

2217 1233 2368 1302 Sign.
2394 1229 2655 1300 Stephani
2694 1222 3084 1281 archidiaconi.

2220 1323 2373 1393 Sigu.
2411 1321 2648 1375 Dodonis
2679 1315 2893 1374 decani.

2221 1415 2371 1486 Sign.
2409 1411 2730 1467 Theoderici
2775 1405 3143 1464 archidiaconi
3172 1414 3228 1459 et
3271 1400 3585 1457 cancellarii.

2219 1509 2370 1576 Sign.
2398 1507 2533 1561 lbini
2557 1504 2809 1559 seabiuii.

2221 1601 2373 1669 Sigu.
2406 1595 2723 1653 Theoderici
2751 1593 2988 1649 comitis.

2223 1693 2376 1749 Sitzn.
2403 1692 2661 1744 Rainardi
2692 1689 2926 1743 comitis.

2223 1784 2376 1853 Sign.
2403 1781 2595 1836 Wirici
2623 1780 2688 1834 de
2717 1777 2952 1832 Bclrain.

2224 1874 2374 1943 Sign.
2403 1873 2591 1926 Wirici
2621 1873 2686 1924 de
2715 1871 2984 1925 Danubrc.

2228 1965 2378 2036 Sign.
2412 1964 2658 2020 Waltcrii
2686 1973 2740 2016 et
2767 1960 2974 2014 Aruulfi
3002 1959 3250 2014 fratrum.

2229 2059 2364 2111 Acta
2396 2065 2519 2110 sunt
2551 2054 2665 2108 hiee
2706 2053 2846 2106 Tulli
2881 2053 2934 2106 in
2978 2050 3168 2118 majori
3203 2047 3452 2111 ecclesia,
3477 2062 3610 2102 anno
3649 2047 3705 2100 ab

2159 2149 2532 2206 lucaruatione
2561 2145 2695 2200 £076
2735 2145 2899 2199 indic.
2953 2161 3064 2210 xlv,
3093 2143 3455 2199 ordinationis
3479 2157 3600 2196 vero
3625 2155 3707 2194 no-

2160 2251 2286 2294 stra:
2315 2256 2372 2303 Χ,
2401 2240 2701 2306 imperante
2729 2235 2962 2288 llenrico
2986 2234 3071 2297 Ill,
3107 2244 3369 2304 regnante
3400 2248 3493 2302 per
3536 2230 3706 2286 saecla

2163 2322 2389 2385 Domino
2415 2328 2540 2384 Jesu
2571 2327 2790 2382 Christo
2815 2326 3062 2379 feliciter.
3095 2325 3291 2378 Amen.

2907 2415 2984 2472 lV.

2440 2513 2635 2567 Charta
2658 2528 2748 2580 pro
2769 2509 2983 2564 ecclesia
3007 2508 3188 2563 Sancti
3215 2507 3438 2561 Deodatt

2757 2603 2934 2672 (Anno
2963 2600 3150 2669 1076.)

2510 2693 2674 2767 [CulL
2698 2693 2897 2748 Christ.
2919 2692 3052 2755 Xlll,
3081 2691 3177 2744 Pr.
3204 2690 3357 2762 4724'

2235 2791 2291 2846 In
2314 2788 2528 2843 nomine
2557 2795 2757 2840 sancta:
2802 2794 2856 2839 et
2897 2783 3181 2838 individua:
3202 2780 3505 2848 Trinitatis,
3538 2780 3713 2842 Patris,

2166 2889 2222 2936 et
2250 2879 2394 2945 Filii,
2425 2887 2480 2933 et
2521 2877 2752 2946 Spiritus
2775 2874 2969 2938 sancti,
3003 2872 3154 2938 PIBO,
3185 2872 3276 2925 Dei
3307 2874 3498 2942 gratia,
3543 2880 3716 2926 sancta:

2167 2970 2436 3025 Tullensis
2480 2967 2719 3022 ecclesia:
2769 2967 3086 3036 episcopus,
3135 2965 3399 3018 universis
3433 2964 3486 3017 in
3529 2963 3718 3019 Christo

2167 3063 2374 3118 renatis
2401 3061 2601 3116 Christi
2628 3075 2810 3128 pacem
2841 3067 2893 3112 et
2919 3073 3162 3134 regnum.

2237 3156 2406 3208 Amor
2441 3151 2633 3206 futura:
2657 3151 2866 3220 patria},
2899 3141 2988 3220 qui
3021 3152 3073 3204 in
3105 3141 3339 3203 filiorum
3373 3150 3467 3203 Dei
3497 3148 3723 3205 cordibus

491 3278 708 3332 quoquo
763 3277 906 3313 anno
964 3257 1212 3312 ferendas
1271 3255 1543 3317 instituit,
1599 3264 1651 3306 et
1702 3252 1826 3320 quia
1883 3250 1954 3304 illi
2002 3225 2139 3304 deC
2171 3247 2460 3317 plurimum
2487 3254 2746 3298 exzestuat
2795 3244 2860 3298 de
2902 3245 3184 3312 priesentis
3231 3244 3492 3299 Ecclesiae
3535 3258 3653 3296 cura
3679 3251 3724 3294 et

488 3354 769 3410 Asmantia
820 3353 937 3405 duri
982 3360 1037 3404 et
1087 3349 1295 3404 feroces
1351 3363 1564 3417 semper
1601 3347 1941 3408 exstiterant,
1996 3345 2069 3398 ita

490 3457 550 3499 ut
582 3446 994 3500 archidiaconus
1042 3443 1124 3497 vel
1168 3443 1405 3496 decanus
1441 3441 1638 3508 aliquis
1687 3439 1940 3508 oppidum
1979 3453 2074 3491 eo-

495 3556 613 3591 rum
644 3549 748 3590 tam
781 3552 939 3590 (ansa
973 3536 1192 3589 minime
1235 3535 1458 3587 auderet
1483 3535 1686 3586 intrare
1711 3574 1726 3592 ,
1767 3532 1869 3584 hoc
1918 3531 2071 3585 sinti-

495 3630 622 3684 liter
647 3629 784 3682 idem
818 3629 1100 3696 episcopus
1122 3627 1420 3688 constituit,
1452 3633 1510 3677 ut
1546 3626 1610 3677 ad
1648 3621 2076 3676 Domuum-Mar-

503 3720 672 3771 tinum
729 3716 796 3769 ad
829 3717 1091 3786 synodum
1145 3724 1469 3768 vocarentur
1510 3723 1563 3766 et
1612 3713 1776 3766 irent.
1810 3711 2078 3765 Prmterea‘

500 3806 815 3860 muneribus
841 3813 896 3857 et
927 3803 1176 3874 precibus
1225 3803 1391 3871 ipsius
1427 3800 1746 3855 Theoderici
1798 3801 1952 3854 ducis
1994 3801 2076 3852 in-

510 3899 842 3967 terpellatus,
867 3896 1023 3949 laude
1063 3905 1116 3948 et
1149 3911 1372 3949 assensu
1409 3893 1714 3964 Bcrengarii
1749 3893 1890 3946 illius
1915 3893 2078 3947 castri

509 3989 898 4052 archidiaconi,
941 3998 994 4041 et
1025 3988 1377 4042 concessione
1413 3988 1495 4040 sui
1543 3986 1795 4058 capituli,
1837 3987 1889 4040 in
1925 3987 2077 4054 plena

503 4083 706 4154 synodo
733 4082 1028 4146 constituit,
1067 4091 1120 4133 et
1165 4082 1215 4133 in
1246 4091 1520 4149 posterum
1555 4082 1842 4135 tenendmn
1875 4081 2083 4133 censuit

506 4189 565 4231 ut
613 4177 810 4230 nullatn
842 4174 1227 4244 subjectionem
1253 4215 1268 4238 ,
1319 4174 1399 4228 vel
1435 4174 1804 4227 redibitiouem
1835 4213 1849 4234 ,
1878 4171 1958 4225 vel
1987 4186 2082 4223 ex-

509 4270 774 4322 actionem
830 4267 1064 4335 aliquam
1117 4266 1344 4320 ecclesia
1395 4263 1848 4318 Domini-Martini
1903 4263 1968 4315 ab
2002 4277 2085 4315 ec-

509 4360 672 4414 clesia
710 4359 886 4412 Beata:
925 4357 1125 4418 Maria),
1157 4357 1239 4410 vel
1287 4373 1315 4408 a
1365 4356 1706 4425 parochiauis
1747 4355 1862 4423 cjus
1896 4353 2084 4420 exqui-

515 4459 656 4504 reret
688 4448 768 4502 vel
811 4447 1031 4501 ltaberet
1061 4447 1315 4514 amplius.
1346 4446 1515 4516 Igitur
1563 4444 1840 4498 eomitissa
1885 4443 2084 4512 Sophia

2173 3337 2641 3391 administratione
2665 3335 2951 3405 vigilanter
2973 3336 3263 3403 deliberat,
3281 3346 3540 3405 tantoque
3564 3347 3729 3405 poten-

2176 3429 2282 3481 tius
2323 3443 2442 3480 eam
2494 3425 2632 3479 fovet
2674 3435 2728 3479 et
2779 3425 3141 3494 amplectitur,
3185 3442 3293 3496 quo
3343 3425 3588 3494 agnoscit
3622 3425 3726 3494 quia

2175 3535 2240 3573 eo
2271 3518 2412 3588 quod
2444 3517 2702 3586 suspirat,
2729 3533 2832 3570 non
2857 3517 2961 3570 alio
2993 3519 3151 3570 tnodo
3177 3519 3387 3572 felicius
3413 3520 3727 3587 pervenitur:

2177 3621 2231 3664 et
2265 3625 2363 3664 nos
2396 3626 2526 3679 ergo
2555 3625 2650 3677 pro
2696 3610 2904 3662 ratione
2957 3610 3122 3663 nostri
3157 3609 3316 3663 ollicii
3353 3611 3404 3663 in
3438 3612 3502 3666 iis
3545 3626 3654 3679 quze
3676 3607 3731 3662 ad

2181 3721 2279 3758 nos
2316 3705 2587 3772 pertinent
2641 3689 2966 3772 satagentcs,
3016 3703 3260 3756 ecclesia:
3309 3720 3528 3773 quoque
3573 3703 3731 3757 Sancti

2183 3794 2426 3857 Deodati,
2459 3808 2579 3861 qme
2605 3793 2654 3845 in
2689 3794 2915 3846 tuitioae
2953 3803 3134 3846 nostra
3167 3793 3398 3847 similem
3444 3811 3622 3846 curam
3649 3794 3732 3845 iut-

2181 3884 2482 3953 pendimus,
2509 3883 2898 3952 ecclesiamque
2923 3885 2990 3937 de
3021 3885 3078 3938 S.
3109 3885 3334 3953 Remigii
3368 3895 3575 3948 monte,
3600 3897 3736 3952 quant

2182 3975 2289 4028 dux
2323 3973 2689 4027 Theudoricus
2711 3973 2798 4026 ditt
2823 3990 2916 4042 per
2941 3974 3247 4027 iuvasioues
3268 3975 3599 4038 obtinuerat,
3623 3985 3738 4027 teut-

2183 4080 2312 4135 pore
2344 4064 2644 4118 lleimbaldi
2669 4064 2902 4132 prml’atte
2931 4065 3171 4119 ecclesia:
3196 4068 3496 4134 prtepositi,
3519 4063 3735 4130 synodali

2178 4158 2378 4226 judicio
2407 4169 2462 4212 et
2491 4159 2788 4212 canonicali
2818 4160 3160 4223 auctoritate,
3196 4160 3361 4229 ipsius
3389 4175 3602 4230 quoque
3624 4172 3742 4227 prm-

2185 4254 2345 4322 positi
2377 4252 2531 4322 legali
2570 4253 3008 4322 comprobatione
3050 4263 3424 4321 recuperatam
3467 4253 3741 4322 pnebeudze

2189 4345 2414 4397 fratrum
2445 4344 2495 4395 iu
2527 4355 2841 4412 perpetuum
2870 4343 3239 4396 concessimus
3269 4361 3282 4395 :
3316 4343 3441 4411 quia
3477 4359 3601 4396 vero
3622 4342 3742 4407 ejus-

2187 4434 2307 4487 dem
2337 4434 2582 4487 ecclesia:
2613 4433 2782 4486 frater
2809 4434 3094 4503 cpiscopus
3137 4435 3218 4487 sui
3272 4435 3442 4489 altare
3489 4435 3742 4505 acquisita:

512 4541 794 4595 ecclesiam
835 4539 1010 4591 Beata:
1058 4537 1257 4603 Mariae,
1307 4554 1333 4590 a
1368 4536 1520 4590 nobis
1548 4577 1563 4600 ,
1611 4545 1668 4588 ιιι
1719 4536 2064 4606 praediximus

2192 4524 2432 4578 ecclesia:
2456 4523 2507 4575 in
2540 4524 2854 4577 memoriam
2879 4524 2982 4577 mei
3006 4524 3186 4578 obitus
3209 4541 3303 4595 per
3333 4527 3576 4596 singulos
3597 4539 3745 4578 annos

513 4634 836 4696 dedicatam,
865 4646 1024 4698 quam
1076 4630 1187 4698 ipsa
1223 4645 1413 4681 novam
1458 4628 1522 4681 de
1555 4628 1718 4680 veleri
1760 4627 2085 4687 reddiderat,

513 4725 646 4778 satis
687 4723 926 4793 plenarie
975 4721 1222 4790 diligens.
1255 4721 1389 4773 duos
1417 4735 1632 4773 mansos
1666 4719 1794 4771 inibi
1833 4735 1860 4770 a
1910 4719 2088 4786 prisco

515 4826 755 4883 tempore
783 4813 937 4864 datos
969 4826 1064 4878 pro
1095 4808 1432 4876 elecmOsyna
1486 4819 1541 4861 ιιι
1580 4807 1808 4862 ecclesia
1854 4809 2093 4878 posside-

517 4916 621 4967 ret,
653 4905 879 4957 libenter
908 4902 1195 4962 concessit,
1231 4900 1364 4953 etin
1409 4910 1697 4968 augmento
1734 4899 2091 4970 elcemosyua:

517 4999 644 5051 item
698 4996 830 5047 alios
858 4996 992 5048 duos
1042 5008 1280 5054 mansos,
1321 5008 1440 5044 cum
1495 4994 1704 5047 duabus
1756 4994 1988 5058 ancillis,
2039 5007 2094 5049 ct

521 5101 630 5139 uno
680 5099 861 5146 servo,
900 5099 964 5137 eo
1021 5096 1206 5136 tenore
1237 5098 1345 5150 quo
1379 5081 1489 5150 ipsa
1542 5085 1759 5136 tenebat
1791 5083 1948 5137 laude
2000 5085 2091 5137 filii

521 5179 603 5231 sui
648 5176 861 5229 comitis
907 5174 1247 5235 Theoderici,
1275 5173 1422 5226 dedit
1462 5174 1526 5226 ad
1579 5175 1747 5229 altare
1772 5173 1950 5229 Beata:
1979 5175 2092 5228 Ma-

525 5269 650 5329 riae;
683 5265 828 5318 dedit.
862 5273 916 5316 et
951 5277 1139 5316 omnes
1170 5263 1408 5316 decimas
1439 5279 1655 5332 grossas
1685 5276 1737 5318 et
1770 5266 2004 5319 minutas
2032 5267 2095 5320 de

521 5369 704 5415 castro
726 5366 780 5407 et
805 5355 1021 5424 oppido,
1047 5354 1258 5406 scilicet
1281 5355 1346 5406 de
1377 5354 1627 5409 omnibus
1666 5355 2094 5420 dominicaturis,

524 5452 591 5501 de
637 5447 974 5508 ceusalibus,
1006 5447 1073 5498 de
1133 5443 1454 5514 arigalibus,
1501 5446 1566 5500 de
1617 5448 1958 5516 styrpalibns.
1992 5447 2099 5501 Nos

526 5542 709 5610 itaque
754 5555 852 5611 pro
893 5539 1096 5591 honore
1137 5537 1228 5590 Dei
1280 5535 1570 5592 Genitrieis
1622 5538 1804 5592 Maria:
1848 5539 1954 5594 tale
2002 5543 2100 5592 do-

530 5648 656 5686 num
682 5631 963 5684 laudamus
988 5629 1484 5694 et‘conlirmatnus,
1519 5629 1820 5685 libertatem
1842 5638 1896 5684 et
1926 5630 2099 5684 eccle-

531 5730 624 5779 si:e
657 5727 705 5779 in
740 5726 1026 5795 przescntia
1071 5735 1253 5780 nostra
1298 5726 1604 5780 testimonio
1630 5723 1919 5778 multorum
1951 5723 2104 5778 nobi-

534 5817 660 5870 lium
705 5829 757 5873 et
807 5819 1117 5888 ignobilium
1166 5821 1493 5891 recegnitam
1543 5829 1596 5874 et
1645 5817 1913 5872 laudatam
1957 5831 2106 5872 reco-

2193 4617 2380 4669 codem
2427 4614 2570 4684 jure,
2621 4616 2915 4684 eademque
2981 4616 3285 4686 integritate
3336 4634 3443 4687 qua
3503 4618 3746 4673 tenuimus

2195 4710 2452 4763 fratribus
2481 4709 2550 4762 ibi
2589 4708 2948 4762 servientibus
2989 4719 3246 4778 perpetuo
3278 4711 3566 4763 tenendum
3604 4709 3743 4761 tradi-

2195 4817 2312 4854 mus
2346 4819 2357 4853 :
2393 4816 2578 4853 verum
2617 4801 2739 4870 quia
2785 4802 3034 4855 charitati
3067 4801 3308 4856 invident
3331 4802 3612 4856 charitatis
3657 4802 3740 4853 iui.

2195 4893 2343 4957 tuici,
2390 4893 2650 4962 bonisque
2702 4894 2960 4948 institutis
3008 4908 3135 4962 pars
3185 4895 3408 4948 adversa
3453 4893 3746 4951 reluctatur,

2196 4986 2569 5047 decernimus,
2604 4997 2658 5039 ut
2691 4986 2935 5056 quisquis
2983 4988 3086 5041 hoc
3133 4986 3406 5041 decretum
3451 4984 3746 5046 turbaverit,

2197 5087 2384 5130 nostro
2446 5080 2788 5132 anathemate
2840 5093 3163 5146 percussus,
3223 5080 3356 5132 iram
3407 5077 3538 5146 justi
3581 5076 3746 5145 judicii

2198 5171 2420 5222 sentiat.
2453 5169 2775 5224 Przescntem
2808 5172 2986 5240 itaque
3017 5171 3436 5241 descriptionem
3463 5182 3642 5224 nostra
3664 5185 3748 5221 au-

2199 5262 2450 5314 ctoritate
2484 5263 2886 5325 conlirmamus,
2948 5263 3256 5316 testimonio
3311 5262 3474 5316 etiam
3539 5259 3750 5314 fidelium

2203 5360 2510 5405 nostrorum
2543 5352 2787 5408 roborari
2814 5355 3144 5408 censuimus.
3173 5355 3397 5424 Signum
3424 5353 3638 5408 Pibouis
3657 5353 3754 5420 epi-

2202 5444 2369 5513 scopi,
2421 5443 2480 5499 S.
2531 5445 2741 5500 Ricuini
2775 5447 3089 5516 primicerii,
3137 5446 3195 5501 S.
3247 5446 3546 5501 llcimbaldi
3593 5444 3752 5500 archi-

2205 5535 2436 5600 diaconi,
2461 5547 2517 5591 et
2544 5538 2600 5591 S.
2634 5539 2858 5592 Deodati
2900 5539 3188 5608 prapositi,
3214 5538 3273 5592 S.
3302 5539 3560 5606 Stephani
3590 5535 3753 5592 archi-

2205 5626 2440 5689 diaconi,
2481 5627 2538 5681 S.
2575 5627 2813 5698 llngonis
2856 5630 3246 5693 archidiaconi,
3283 5629 3340 5683 S.
3377 5629 3618 5684 Gotberti
3641 5641 3755 5681 can-

2209 5717 2361 5783 toris,
2407 5717 2465 5771 S.
2493 5718 2776 5774 Alberonis
2806 5723 3064 5786 cantoris,
3116 5723 3172 5774 S.
3224 5720 3510 5774 Thromari
3544 5719 3756 5778 abbatis.

2211 5812 2268 5868 S.
2296 5814 2580 5884 Mansueti,
2617 5817 2673 5872 S.
2704 5817 2924 5871 Widrici
2949 5814 3180 5878 abbatis,
3206 5813 3263 5869 S.
3288 5813 3444 5883 Apri,
3466 5811 3522 5867 S.
3552 5809 3761 5867 Bertrici
