3926 6488
517 394 620 448 42⁸1

1622 386 1884 445 ΡΙΒΟΝ18
1914 383 2099 442 EPISC

2205 384 2219 439 ι
2259 382 2639 441 TULLENSIS
3651 392 3731 450 ηε

519 503 764 560 suiteum
787 504 1011 558 decimis
1039 502 1368 572 arengalium
1396 507 1452 554 et
1466 498 1838 568 stirpaliumet
1861 496 2086 552 indomi-
2117 501 2164 557 Α
2193 495 2370 549 omnia
2405 496 2676 566 possibilia
2700 496 2962 564 credenti,
2998 498 3291 570 inemptum
3330 511 3503 554 meum
3527 502 3738 558 conducit

519 595 798 650 nieatuum
817 586 1120 650 etdecimas
1137 592 1374 647 omnium
1404 589 1644 644 decimas
1677 603 1795 658 qua:
1813 586 2098 656 acquirere

518 695 703 754 posset
730 699 794 739 ex
825 684 1042 754 proprio
1063 697 1188 737 aere.
1218 682 1471 736 Chartam
1501 681 1683 752 itaque
1710 680 1825 735 ﬁeri
1866 679 1965 734 sibi
1999 693 2096 732 ex-

517 774 1019 844 petiitdclibcrtate
1045 771 1212 836 cellar,
1239 786 1400 841 quam
1427 769 1652 826 liberam
1683 767 1916 824 feceram
1943 767 2099 822 laude

514 866 732 936 capituli
766 865 936 920 nostri
961 864 1028 919 ab
1053 865 1199 920 omni
1229 863 1534 928 exactione,
1559 861 1824 917 vicarium
1866 860 2096 915 liberum

515 957 606 1025 qui
637 955 850 1024 utrique
873 954 1173 1009 deserviret
1194 963 1249 1008 et
1273 953 1421 1008 cellae
1456 962 1510 1006 et
1546 948 1763 1022 capellae
1789 952 1977 1017 castri,
2006 951 2097 1021 qni

515 1048 680 1102 etiam
714 1048 948 1103 vicarius
977 1047 1292 1102 ﬁdelitatem
1330 1046 1536 1102 faceret
1565 1045 1743 1101 abbati
1771 1041 1956 1100 Sancti
1996 1044 2096 1098 Mi-

514 1139 716 1195 chaelis
765 1139 830 1195 de
880 1139 963 1194 his
1028 1155 1147 1209 qua:
1193 1147 1380 1194 essent
1433 1137 1515 1193 sui
1563 1134 1726 1208 juris,
1791 1132 2098 1191 ﬁdelitatem

513 1233 680 1287 etiam
729 1232 1014 1288 abbatissa:
1061 1233 1127 1287 dc
1179 1231 1264 1286 his
1314 1245 1432 1301 quae
1486 1228 1555 1283 ad
1596 1244 1714 1284 eam
1742 1229 2098 1298 pertinerent,

514 1326 847 1380 conductum
881 1324 1072 1378 vicarii
1103 1323 1287 1378 abbati
1326 1321 1510 1377 Sancti
1555 1319 1834 1376 Michaelis
1868 1320 2100 1391 benigne

519 1433 779 1478 annuens,
813 1425 868 1470 et
900 1415 961 1470 ‘in
988 1424 1310 1487 perpetuum
1335 1413 1541 1482 scripto
1584 1413 1902 1484 astipulans.
1936 1412 2101 1483 Cujus

524 1511 770 1583 petitioni
798 1508 1030 1564 libenter
1064 1509 1376 1572 annuimus,
1427 1507 1682 1578 imposito
1712 1506 1887 1578 sigillo
1916 1507 2100 1562 nostro

521 1610 579 1656 et
629 1603 834 1657 hanno.
897 1600 970 1657 Ut
1017 1611 1196 1658 autem
1246 1603 1447 1658 certius
1494 1611 1745 1657 teneatur
1777 1611 1834 1658 et
1873 1603 2097 1670 sciatur,

518 1707 756 1762 praesens
806 1688 1228 1763 chirographum
1282 1693 1553 1749 conscribi
1614 1694 1922 1765 rogavimus
1976 1709 2098 1750 cum

519 1784 689 1855 signis
720 1783 932 1838 illorum
958 1784 1050 1853 qui
1099 1782 1480 1839 interfuerunt.
1512 1783 1733 1855 Hocque
1759 1794 1976 1854 pactum
2007 1784 2102 1840 ﬁr-

521 1887 726 1930 matum
771 1887 854 1931 est
881 1876 968 1931 illo
997 1891 1137 1932 anno
1171 1892 1278 1946 quo
1305 1876 1697 1948 Jerosolymam
1728 1877 1902 1933 iturus
1923 1893 2094 1945 eram,

517 1984 659 2022 anno
689 1969 756 2022 ab
781 1967 1156 2023 lncarnationc
1187 1968 1396 2022 Domini
1442 1963 1600 2034 i805,
1632 1969 1931 2026 indictione
1975 1986 2096 2036 vm,

515 2070 705 2130 epacta
748 2075 884 2124 xxu,
909 2069 1268 2116 concurrente
1316 2077 1377 2126 ιι,
1427 2069 1659 2131 papaute
1693 2061 1956 2134 Gregorio
1990 2062 2096 2130 Vll,

517 2161 777 2221 regnante
803 2150 1037 2206 Henrico
1068 2150 1152 2206 Ill.

587 2238 809 2310 Signum
843 2239 1066 2296 Pibonis
1091 2240 1361 2297 Tulleusis
1387 2242 1646 2314 episcopi.

585 2327 644 2384 8.
681 2329 972 2385 Hermanni
996 2329 1254 2387 Meteusis
1273 2331 1534 2402 episcopi.

585 2421 644 2478 8.
674 2421 877 2478 Albrici
907 2422 1119 2478 abbatis
1148 2421 1208 2478 S.
1239 2422 1526 2480 Mansueti.

586 2515 647 2570 S.
681 2515 910 2570 Evrardi
938 2515 1153 2570 abbatis
1185 2515 1242 2570 8.
1275 2516 1429 2587 Apri.

585 2606 644 2662 8.
687 2605 923 2677 Hugouis
959 2606 1276 2676 primicerii.

587 2695 652 2751 Hi
699 2706 880 2752 autem
938 2707 1066 2752 sunt
1116 2705 1282 2752 testes
1338 2699 1406 2754 de
1455 2699 1676 2763 familia,
1711 2693 2096 2770 ‘Maimboldus;

518 2789 806 2855 Bovonius,
837 2789 1062 2860 Emyco,
1114 2789 1422 2856 Enzelinus,
1479 2805 1578 2860 per
1622 2807 1851 2862 quorum
1907 2810 2100 2851 manus

517 2896 625 2934 xxx
689 2878 840 2933 librae
890 2877 1143 2934 Metensis
1210 2889 1438 2935 monetae
1477 2879 1762 2938 Hodierna:
1812 2883 2101 2940 abbatissa:

518 2971 726 3026 tradita:
753 2979 898 3025 sunt.

586 3063 854 3119 Praeterea
879 3074 1253 3122 antecessores
1273 3067 1544 3137 praedictae
1567 3070 1858 3127 comitissae
1882 3070 2100 3143 $0th

519 3169 768 3209 mansum
823 3154 964 3208 infra
1023 3156 1342 3212 suburbium
1395 3159 1630 3216 civitatis
1683 3161 1838 3230 juxta
1888 3173 2099 3234 portam

521 3263 640 3317 qua:
667 3247 865 3302 dicitur
890 3246 1153 3302 Eckeardi
1181 3247 1381 3305 Sancto
1409 3250 1688 3322 Stephano
1714 3259 2102 3329 protomartyri

521 3339 784 3392 dederant
815 3338 868 3392 in
918 3336 1221 3392 Raimbaldi
1272 3340 1488 3410 angulo,
1517 3343 1610 3398 sed
1641 3359 1737 3414 per
1769 3345 1923 3417 longa
1962 3355 2101 3402 tem-

521 3445 655 3500 pora
682 3428 935 3484 oblivioni
969 3430 1225 3486 traditum
1257 3431 1452 3487 fuerat.
1488 3433 1822 3491 Renovatutn
1862 3445 2104 3508 estergo

524 3521 721 3575 donum
733 3520 840 3591 fper
868 3534 1086 3575 manum
1119 3530 1378 3587 nostram,
1403 3530 1458 3579 et
1479 3525 1733 3594 praesenti
1756 3525 1959 3598 scripto
1977 3541 2104 3584 cono

523 3609 818 3678 ﬁrmatum,
850 3619 908 3665 ut
942 3613 1200 3666 memoria
1239 3622 1644 3672 antecessorum
1680 3617 1798 3689 ejus
1828 3619 1893 3688 ‘in
1919 3629 2105 3676 nostra

526 3701 715 3756 charta
740 3701 948 3758 ﬁrmius
974 3703 1254 3769 habeatur,
1290 3706 1527 3762 maxime
1557 3723 1657 3779 pro
1682 3708 1936 3766 libertate
1957 3711 2106 3768 cellae

523 3795 1014 3868 Asmantim,quam
1039 3797 1264 3855 liberam
1289 3799 1525 3858 feceram
1550 3804 1619 3858 ab
1641 3805 2100 3862 omniexactione.

1267 3890 1369 3946 νη.

712 3977 981 4035 Fundatio
1013 3983 1319 4038 monasterii
1341 3983 1403 4040 S.
1432 3984 1618 4042 Leonis
1651 3984 1925 4044 Tulleusis.

1117 4074 1297 4144 (Anno
1321 4075 1503 4147 l09l.)
1749 4126 1758 4136 ,

525 4161 680 4237 [Dom
740 4161 979 4228 Camer,
1021 4163 1254 4220 Histoire
1287 4166 1351 4222 de
1387 4166 1662 4236 Lorraine,
1694 4169 1782 4236 IV,
1823 4171 1917 4226 Pr.
1952 4171 2103 4244 ‘89.]

593 4254 647 4310 lu
703 4255 920 4310 nomine
962 4265 1164 4312 sanctae
1219 4267 1274 4313 et
1319 4260 1612 4317 individua:
1671 4263 1972 4320 Trinitatis.
2027 4265 2104 4320 De

521 4347 819 4418 Scripturis
853 4348 1178 4420 evangelicis
1221 4358 1277 4405 et
1315 4353 1623 4420 apostolicis
1675 4355 2003 4425 praemoniti,
2029 4357 2104 4427 pii

519 4442 945 4513 reges,religiosi
970 4441 1273 4512 pontiﬁces,
1303 4444 1595 4514 caeterique
1630 4443 1920 4501 Christiani
1956 4449 2104 4518 prin-

517 4533 687 4604 cipes,
715 4547 946 4604 quorum
976 4545 1073 4587 cor
1104 4531 1385 4588 dilatatum
1413 4544 1500 4590 est
1533 4534 1587 4590 in
1613 4535 1896 4591 charitatis
1923 4538 2104 4594 latitu-

519 4625 665 4688 dine,
689 4633 744 4680 et
765 4638 948 4679 rerum
995 4636 1216 4677 suarum
1257 4624 1572 4681 multimoda
1606 4627 1968 4697 possessione,
2000 4629 2099 4700 ipsi

517 4717 735 4784 quidem
795 4714 974 4771 solent
1019 4713 1279 4770 ecclesias
1321 4715 1624 4783 aediﬁcare,
1656 4720 2100 4790 congregationes

519 4809 842 4864 Sanctorum
886 4808 1148 4871 adunare,
1180 4808 1450 4879 stipendia
1492 4812 1796 4868 necessaria
1847 4815 2101 4884 suppedi-

518 4908 634 4954 tare
655 4900 910 4970 omnique
937 4898 1254 4956 sufﬁcientia
1299 4901 1646 4972 locupletare.

587 4992 700 5064 Ego
725 4994 1227 5060 autcmlLuctulfns
1274 4995 1493 5052 humilis
1537 4997 1786 5064 clericus,
1833 4996 2100 5056 Tulleusis

517 5083 759 5140 ecclesiae
781 5083 1000 5142 claustri
1022 5088 1278 5153 decanus,
1310 5087 1558 5158 quamvis
1585 5087 1728 5143 nulla
1770 5103 1948 5144 rerum
1979 5105 2100 5160 pos-

519 5177 758 5234 sessione
783 5179 1064 5242 subnixus,
1082 5181 1352 5236 animatus
1373 5196 1492 5238 sum
1529 5189 1708 5236 tamen
1729 5181 1967 5238 aemulari
1992 5192 2098 5238 tam

518 5267 720 5340 grande
767 5271 1133 5340 propositum,
1183 5271 1416 5342 quadam
1461 5273 1902 5343 magnanimitate
1945 5277 2099 5331 bonae

519 5361 630 5433 spei
657 5361 897 5433 quotidie
919 5362 1294 5435 interpellante
1324 5363 1583 5419 adversus
1602 5365 2097 5434 pusillanimitatem

516 5461 719 5522 meam,
760 5464 815 5510 et
859 5456 1192 5512 incessanter
1247 5455 1532 5528 sugillaate
1577 5456 1822 5513 timidum
1858 5459 2098 5514 animum

517 5564 722 5604 meum.
753 5548 869 5616 Qua
899 5548 951 5604 in
977 5564 1035 5605 re
1054 5549 1294 5620 prudens
1328 5547 1486 5618 hujus
1520 5550 1705 5604 mundi
1737 5557 1926 5604 taxans
1953 5564 2098 5604 sum-

518 5649 642 5711 ptus
667 5640 845 5710 operis
891 5648 945 5694 et
973 5639 1218 5705 rationis,
1260 5655 1601 5710 nequaquam
1631 5639 1982 5695 commiretur
2014 5639 2099 5695 vel

519 5741 828 5786 contemnat
861 5731 1361 5802 pusillanimitatem
1408 5747 1607 5798 meam,
1634 5733 1759 5802 quia
1787 5734 1878 5787 Dei
1917 5732 2098 5786 amni-

520 5823 735 5877 ticentia
768 5838 977 5891 semper
998 5821 1134 5880 ﬁdus
1162 5838 1344 5882 comes
1368 5823 1523 5880 bonae
1552 5822 1862 5892 voluntatis,
1892 5823 1944 5878 in
1988 5836 2097 5892 quo

2201 595 2256 640 et
2300 587 2546 656 perducit
2595 587 2662 640 ad
2701 587 2894 642 bonam
2926 588 3292 644 efﬁcientiam.
3337 589 3393 644 Si
3421 591 3622 660 quidem
3663 609 3741 664 rgo

2202 677 2409 746 positus
2436 677 2576 731 inter
2601 693 2751 748 spem
2799 687 2854 732 ct
2876 693 3056 742 curas,
3083 679 3292 750 ilugoni
3341 681 3522 735 comiti
3551 681 3648 736 ﬁlio
3671 699 3744 738 ca-

2203 766 2350 821 mitis
2383 767 2618 834 llenrici,
2644 769 2783 824 sicut
2817 784 2964 823 cram
2991 771 3040 826 ei
3071 772 3405 837 notissimus,
3429 773 3562 828 hanc
3591 774 3745 828 volun-

2204 865 2366 913 tatem
2400 874 2573 914 meam
2612 870 2668 915 et
2711 862 3128 918 sollicitudinem
3178 865 3426 934 exposui.
3459 862 3549 919 Vir
3597 876 3743 921 autem

2205 949 2412 1004 Domini
2439 951 2630 1019 ﬁdelis,
2675 951 2878 1022 Spiritu
2910 955 3004 1011 Dei
3036 955 3365 1011 intrinsecus
3404 958 3563 1011 corde
3584 965 3743 1020 tactus,

2203 1042 2258 1096 in
2295 1043 2408 1098 haec
2463 1044 2594 1098 mihi
2625 1046 2790 1101 verba
2840 1049 3144 1119 respondit,
3177 1063 3298 1104 sese
3344 1063 3589 1103 curarum
3633 1065 3747 1106 mes-

2203 1151 2322 1190 rum
2351 1135 2589 1190 futurum
2620 1138 2849 1207 socium,
2874 1150 2928 1195 et
2959 1141 3196 1210 suscepti
3222 1141 3424 1196 laboris
3459 1140 3746 1198 indefessum

2203 1239 2630 1299 cooperatorem,
2681 1232 2789 1287 imo
2829 1233 3147 1303 principem,
3181 1235 3225 1288 si
3263 1234 3317 1288 in
3363 1233 3614 1290 honorem
3636 1235 3746 1290 beati

2201 1320 2399 1375 Leonis
2451 1336 2638 1393 papae,
2685 1323 2950 1380 Tulleusis
2991 1325 3250 1396 episcopi,
3301 1326 3433 1381 inibi
3485 1330 3747 1384 emnobium

2201 1413 2532 1481 dedicarem,
2559 1425 2612 1470 et
2636 1416 2777 1471 circa
2825 1417 2952 1473 illud
2983 1418 3313 1474 xenodocbia
3339 1433 3628 1488 pauperum
3649 1423 3747 1477 aedi-

2202 1505 2446 1572 ﬁcarem,
2486 1515 2564 1574 ut,
2593 1509 2770 1578 quoad
2814 1510 3059 1565 viverent
3090 1509 3205 1581 ipse
3249 1519 3305 1565 et
3353 1526 3492 1566 uxor
3540 1527 3650 1578 sua,
3676 1529 3749 1584 pro

2202 1597 2570 1652 incolumitate
2597 1607 2650 1654 et
2674 1600 3035 1670 prosperitate
3082 1615 3270 1656 eorum
3313 1601 3469 1656 ﬁeret
3517 1599 3584 1655 ibi
3608 1604 3748 1671 quoti-

2203 1690 2361 1744 diana
2407 1690 2772 1755 oratio;cum
2809 1692 3037 1762 appositi
3083 1699 3267 1748 essent
3299 1692 3367 1746 ad
3412 1701 3590 1761 patres
3623 1707 3746 1754 suos,

2204 1788 2332 1836 tunc
2376 1796 2592 1853 quoque
2622 1782 2920 1853 impensius
2966 1784 3255 1840 deberetur
3287 1781 3567 1838 animabus
3594 1783 3689 1839 suis
3709 1795 3750 1838 et

2201 1882 2414 1942 patrum
2444 1889 2663 1929 suorum
2692 1875 3063 1931 ecclesiastica
3113 1874 3398 1940 memoria,
3431 1883 3484 1929 et
3512 1875 3750 1942 prodesset

2199 1981 2498 2036 pauperum
2539 1968 2770 2035 benigne
2798 1968 3208 2024 subministrata
3235 1965 3481 2024 refectio.
3502 1968 3640 2035 Quod
3658 1971 3750 2039 qui-

2201 2055 2324 2110 dem
2347 2071 2446 2127 ego
2478 2055 2759 2112 Luctulfus
2793 2067 3071 2129 gratanter
3100 2059 3334 2115 assensi.

2273 2145 2441 2216 Igitur
2467 2148 2582 2219 ipse
2621 2163 2803 2204 comes
2834 2155 2889 2205 et
2935 2164 3031 2205 sua
3064 2150 3360 2216 comitissa,
3403 2160 3459 2206 et
3505 2167 3600 2222 ego
3631 2167 3752 2207 rom-

2200 2239 2474 2294 mu'nicato
2524 2239 2750 2296 consilio
2792 2241 3061 2298 adivimus
3113 2243 3428 2314 episcopum
3463 2241 3753 2309 Tullcnsem,

2199 2330 2378 2384 virum
2408 2331 2510 2401 pia:
2555 2333 2828 2388 memoriae
2878 2331 3241 2390 venerabilem
3282 2329 3577 2402 Piboncm,
3612 2336 3754 2392 eccle-

2203 2421 2406 2476 siarum
2431 2420 2524 2476 Dei
2571 2432 2891 2489 amatorem,
2923 2425 3069 2480 omni
3099 2425 3240 2480 bono
3288 2425 3528 2496 incoepto
3559 2441 3752 2495 congra-

2202 2511 2467 2570 tulantem
2506 2523 2561 2569 et
2589 2525 2993 2585 cooperantem.
3023 2513 3257 2572 Sanctus
3299 2517 3483 2588 itaque
3509 2507 3750 2580 sacerdos,

2203 2607 2388 2662 audito
2411 2607 2637 2663 consilio
2667 2609 2753 2679 pie
2776 2609 3076 2664 admiratus
3114 2611 3391 2666 saecularis
3422 2611 3521 2666 viri
3550 2611 3757 2666 devotio-

2201 2713 2349 2763 nem,
2388 2693 2715 2754 sacerdotali
2739 2700 3107 2756 admonitione
3151 2700 3374 2766 excitat,
3407 2713 3463 2757 et
3507 2701 3758 2757 conﬁrmat

2201 2788 2342 2844 bene
2362 2800 2738 2860 compunctam
2767 2799 3026 2858 mentem,
3049 2799 3104 2846 et
3133 2792 3246 2862 ipse
3273 2788 3447 2848 eidem
3472 2793 3618 2862 operi
3645 2792 3755 2846 mul-

2203 2889 2318 2936 tum
2342 2895 2402 2936 se
2439 2882 2688 2952 promisit
2734 2883 3142 2949 auxiliaturum,
3189 2885 3438 2954 quamvis
3475 2895 3600 2939 tunc
3641 2896 3753 2940 tem-

2201 2973 2349 3043 poris
2375 2971 2477 3029 sibi
2503 2983 2648 3031 esset
2693 2976 2746 3030 iu
2789 2975 3040 3029 manibus
3070 2987 3206 3045 Opus
3233 2976 3461 3046 grande,
3499 2975 3619 3046 quia
3652 2975 3756 3029 ardi-

2203 3063 2403 3120 ﬁcabat
2428 3065 2619 3120 turrim
2652 3075 2776 3121 ante
2818 3062 3245 3136 Protomartyris
3273 3066 3569 3137 principem
3605 3075 3759 3121 orato-

2203 3156 2363 3210 rium.
2396 3157 2841 3214 Habebatautcm
2893 3158 3034 3212 idem
3078 3160 3353 3230 piissimus
3403 3174 3583 3214 comes
3632 3158 3757 3228 [lngo

2206 3263 2462 3320 magnum
2493 3259 2547 3304 et
2582 3249 2864 3320 antiquum
2892 3249 3210 3305 beneﬁcium
3243 3252 3310 3305 de
3332 3250 3521 3306 eodem
3568 3264 3758 3303 venera-

2204 3343 2299 3400 bili
2350 3344 2729 3415 episcopo;ex
2780 3343 2882 3398 hoc
2929 3341 3193 3399 beneﬁcio
3239 3343 3529 3413 quamdam
3580 3342 3757 3402 villam,

2205 3450 2365 3506 quam
2395 3435 2580 3490 dicunt
2622 3432 3106 3490 Martini-montem
3142 3433 3407 3501 avulsam,
3435 3443 3652 3503 uterque
3677 3447 3756 3486 co-

2205 3538 2322 3582 mes
2367 3532 2420 3581 et
2449 3523 2723 3580 comitissa
2758 3522 2828 3581 de
2860 3539 3036 3582 manu
3080 3539 3174 3582 sua
3222 3525 3425 3592 emisit,
3477 3532 3530 3581 et
3549 3523 3758 3580 .eaclusa

2205 3618 2544 3674 baereditaria
2599 3617 2956 3687 postulatione
2993 3619 3232 3674 omnium
3277 3634 3668 3680 successorum,
3715 3618 3758 3669 in

2207 3725 2425 3765 manum
2451 3709 2776 3766 dominicam
2808 3711 3044 3782 episcopi
3069 3708 3329 3780 reposuit.
3357 3710 3491 3767 Item
3517 3711 3676 3767 Genr
3696 3711 3760 3761 lus

2207 3801 2274 3856 de
2312 3802 2531 3858 Brescio
2553 3802 2695 3860 ﬁlius
2723 3798 2997 3869 Walfridi,
3027 3803 3204 3872 capita
3255 3803 3536 3858 hominum
3581 3801 3761 3856 utrius-

2207 3905 2312 3962 que
2337 3907 2516 3959 sexus,
2539 3902 2804 3964 quotquot
2825 3893 2878 3946 in
2923 3891 3112 3948 eadem
3153 3890 3278 3946 villa
3311 3890 3502 3947 habuit
3547 3904 3759 3946 comma-

2206 3991 2421 4049 nentcs,
2451 4000 2587 4055 quos
2625 3985 2692 4040 de
2739 3985 2990 4054 episcopo
3041 3983 3094 4038 iu
3139 3983 3401 4038 beneﬁcio
3451 3984 3678 4046 tenebat,
3719 3981 3760 4032 in

2207 4077 2532 4132 dominicam
2563 4091 2779 4132 manum
2807 4076 3046 4148 episc0pi
3087 4076 3348 4145 reposuit.
3380 4073 3500 4145 lpse
3541 4074 3764 4129 similiter

2206 4169 2456 4240 egregius
2482 4168 2720 4240 pontifex
2744 4184 2883 4240 quos
2924 4169 3171 4224 homines
3199 4168 3253 4222 in
3276 4168 3466 4224 eadem
3491 4167 3611 4223 villa
3633 4182 3764 4223 com-

2207 4269 2489 4316 mancntes
2535 4262 2602 4316 ad
2649 4276 2890 4318 mensam
2934 4275 3087 4316 suam
3136 4261 3476 4330 pertinentes
3529 4261 3763 4319 habebat.

2206 4352 2276 4406 ad
2325 4352 2690 4425 integritatem
2747 4352 2871 4409 doni
2933 4352 3000 4408 de
3046 4351 3191 4407 victu
3239 4367 3337 4407 suo
3405 4353 3604 4408 emisit.
3654 4351 3765 4418 Qua:

2206 4440 2332 4495 villa
2358 4456 2479 4496 cum
2522 4443 2885 4513 redintegrata
2937 4443 3194 4498 membris
3233 4441 3345 4497 suis
3379 4453 3435 4497 et
3463 4442 3764 4498 indominica

2207 4532 2417 4598 fuisset,
2457 4534 2781 4590 venerabilis
2820 4534 3107 4605 episcopus
3145 4532 3302 4598 Pibo,
3357 4533 3582 4589 consilio
3608 4543 3657 4588 et
3700 4547 3769 4585 asc

2206 4641 2367 4682 sensu
2406 4627 2719 4682 eorumdcm
2749 4627 3029 4690 comitum,
3053 4639 3216 4695 super
3240 4625 3414 4681 altare
3466 4626 3635 4680 sancti
3664 4623 3768 4678 Ste-

2204 4717 2366 4789 phani
2421 4718 2601 4788 quieta
2652 4726 2708 4773 et
2754 4717 2925 4773 solida
2975 4717 3264 4773 traditione
3311 4733 3432 4772 eam
3486 4715 3766 4786 imposuit,

2204 4807 2442 4866 divinum
2470 4818 2525 4864 et
2569 4809 2864 4864 humanum
2917 4818 3254 4864 contestatus
3291 4808 3576 4871 auxilium,
3601 4817 3658 4861 ut
3690 4820 3767 4859 ea-

2203 4901 2324 4957 dem
2351 4900 2495 4967 villa,
2521 4901 2574 4956 id
2603 4910 2688 4957 est
2713 4899 3141 4966 Martini-mons,
3171 4915 3296 4955 cum
3326 4900 3554 4956 ecclesia
3593 4909 3646 4955 et
3671 4898 3770 4954 suis

2203 4991 2546 5063 appenditiis,
2562 4993 2718 5048 altari
2745 4994 2918 5049 sancti
2942 4991 3200 5064 Stephani
3223 4994 3574 5063 appenderet,
3589 5003 3770 5047 etcum

2201 5087 2524 5143 aadiﬁcatum
2569 5094 2715 5143 esset
2770 5087 3076 5142 coenobium
3103 5127 3119 5152 ,
3169 5095 3224 5142 et
3269 5085 3475 5158 aliquot
3506 5085 3770 5142 cmuobitze

2202 5178 2445 5243 adunati,
2477 5177 2659 5233 usibus
2693 5191 2880 5234 eorum
2912 5177 3230 5233 deservirct.

2271 5269 2496 5324 Addidit
2551 5269 2716 5324 etiam
2766 5284 2989 5326 mansos
3019 5269 3073 5324 in
3108 5269 3350 5335 civitate,
3379 5269 3472 5340 qui
3519 5265 3771 5340 appende-

2201 5361 2336 5416 bant
2361 5363 2430 5418 ad
2480 5361 2802 5418 beneﬁcium
2847 5359 3090 5430 ejusdem
3117 5361 3277 5426 villae,
3333 5377 3528 5419 censos
3580 5360 3772 5418 duobus

2202 5451 2412 5508 solidis.
2437 5452 2712 5521 Acquisivi
2752 5463 3011 5524 praeterea
3053 5467 3153 5522 ego
3174 5451 3454 5508 Luctulfus
3499 5452 3772 5509 ecclesiam

2201 5544 2268 5599 de
2305 5543 2784 5612 Wandelini-villa,
2811 5559 2930 5599 cum
2960 5544 3106 5598 omni
3133 5543 3444 5613 integritate
3471 5545 3611 5598 dotis
3639 5543 3772 5612 ejus-

2201 5634 2320 5689 dem
2368 5635 2644 5700 ecclesiaz,
2687 5636 2753 5690 de
2802 5635 3076 5691 comitissa
3138 5633 3415 5698 Recheza,
3452 5650 3570 5703 qua:
3619 5633 3772 5688 etiam

2200 5726 2347 5782 dedit
2394 5745 2558 5782 unum
2605 5730 2903 5793 hominem,
2935 5743 3059 5782 cum
3115 5725 3322 5782 duabus
3367 5728 3580 5796 quartis
3624 5727 3774 5780 unius

2201 5821 2400 5888 mansi,
2431 5835 2496 5876 eo
2544 5831 2701 5893 pacto
2747 5831 2806 5877 ut
2844 5836 3066 5877 censum
3097 5835 3207 5877 sum
3238 5829 3395 5901 terrae
3431 5835 3590 5889 quem
3624 5818 3794 5876 debet
