4106 6356
292 380 404 437 429

1711 374 2108 435 DlPLOMATA
2119 418 2133 433 .

3456 381 3560 438 ιδο

294 500 389 555 bat
416 497 484 554 ad
516 498 773 563 bannum,
801 495 1035 553 solveret
1061 497 1126 553 ad
1150 496 1321 553 altare
1344 497 1513 553 nostri
1536 497 1793 564 ccenobii,
1821 506 1877 552 et
1905 506 1953 561 Α
1979 502 2144 551 tatem
2185 493 2239 549 in
2286 507 2395 564 qua
2426 492 2574 548 vivat
2624 500 2812 551 nostra
2862 494 3211 567 congregatio
3266 497 3562 551 secundum

294 590 377 647 sic
407 601 650 644 maneret
672 589 852 659 quiete
880 589 933 643 in
968 589 1145 645 hanno
1181 588 1343 645 villae.

366 682 464 739 Bis
493 682 672 752 itaque
697 681 992 752 dispositis,
1018 682 1204 737 deerat
1235 683 1413 739 adhuc
1436 698 1659 740 mansus
1694 685 1747 740 in
1773 701 1879 756 quo

294 772 528 830 ecclesia
574 781 631 827 et
660 772 1019 839 xenodocbia,
1058 785 1114 828 et
1142 772 1247 829 illis
1280 776 1587 846 appenditia
1640 789 1881 849 recepta-

294 863 420 918 cula
449 872 672 934 possent
697 863 960 929 construi,
990 878 1149 933 quem
1180 865 1455 935 piissimus
1485 868 1711 923 antistes
1741 870 1878 938 ipse,

295 970 393 1009 sua
418 955 686 1010 cbaritate
711 954 1039 1020 admonitus,
1065 955 1250 1009 statim
1299 956 1548 1021 contulit,
1572 958 1713 1026 quod
1767 959 1884 1014 lon-

294 1063 424 1119 gum
454 1056 508 1102 et
551 1046 719 1102 latum
767 1062 873 1102 non
921 1047 1093 1102 solum
1147 1047 1216 1102 ad
1269 1048 1535 1112 aedificia,
1574 1050 1670 1105 sed
1718 1050 1879 1105 etiam

295 1141 365 1194 ad
398 1139 566 1195 altera
614 1138 915 1209 largissime
969 1139 1352 1209 suppeditanda
1396 1137 1609 1195 sufﬁcit.
1643 1140 1880 1197 Ecclesia

297 1230 466 1302 igitur
495 1229 761 1285 aedificata
810 1230 1169 1300 congruisque
1222 1230 1600 1301 receptaculis,
1631 1245 1731 1303 ego
1776 1231 1882 1286 Lu-

296 1322 495 1377 ctulfus
521 1323 882 1378 visitationem
914 1323 1006 1379 Dei
1046 1331 1102 1376 et
1122 1321 1383 1377 auxilium
1414 1322 1529 1393 ejus
1559 1323 1734 1377 eidem
1765 1324 1883 1379 loco

294 1415 588 1484 praesidere
613 1414 981 1470 indubitanter
1012 1414 1252 1484 percepi,
1286 1413 1515 1484 ideoque
1560 1413 1884 1471 fiducialiter

295 1522 632 1578 prtesumeus
671 1510 740 1567 de
773 1506 1147 1563 benevolentia
1179 1506 1596 1575 Omnipotentis,
1622 1509 1881 1576 quosdam

296 1610 519 1654 sanctos
567 1600 659 1670 qui
712 1598 947 1656 venditis
997 1599 1375 1669 patrimoniis,
1424 1608 1481 1655 et
1527 1600 1580 1654 in
1616 1615 1883 1670 pauperes

297 1690 552 1759 erogatis,
580 1691 632 1745 in
687 1699 871 1746 monte
920 1690 1231 1746 Rumberch
1272 1690 1523 1761 religiose
1578 1692 1876 1762 degebant;

295 1781 481 1838 multis
504 1782 754 1854 precibus
779 1784 1013 1839 ambitos
1051 1783 1360 1848 sollicitavi,
1389 1792 1444 1839 et
1468 1783 1760 1856 episcopali
1788 1802 1883 1839 auo

1981 593 2219 665 regulam
2250 594 2421 649 sancti
2452 593 2759 665 Augustini,
2787 593 3025 650 breviter
3059 593 3387 663 describere,
3420 595 3563 651 vidc-

1982 689 2108 744 licet
2139 696 2200 743 ut
2245 688 2418 743 nostri
2466 688 2714 744 canonici
2749 687 2890 743 sicut
2923 697 3050 744 sunt
3074 703 3185 744 suae
3233 700 3288 745 et
3328 688 3398 745 ab
3440 690 3564 745 aliis

1982 778 2260 834 dissimilis
2282 779 2500 851 regulae,
2521 779 2592 833 ita
2626 778 2785 834 liceat
2814 779 2919 835 illis
2950 780 3154 851 absque
3180 796 3405 837 censura
3432 782 3561 837 alio.
3619 788 3625 831 ἶ

1983 886 2126 935 rum,
2166 870 2252 925 vel
2294 870 2679 926 canonicorum
2726 870 2810 925 vel
2861 873 3269 941 monachorum,
3301 876 3401 929 sub
3450 874 3565 946 epi-

1984 962 2186 1033 scopali
2214 963 2524 1020 obedientia
2570 978 2669 1019 suo
2700 962 2910 1034 privato
2930 964 3055 1033 jure
3086 966 3286 1022 vivere.
3316 965 3564 1023 Priorem

1982 1066 2139 1106 suum
2163 1053 2263 1123 ipsi
2318 1054 2421 1108 sibi
2469 1052 2825 1123 eligant,ipsi
2862 1054 2963 1108 sibi
3017 1054 3346 1123 praeficiam;
3376 1072 3565 1115 curam

1984 1146 2286 1200 animarum
2316 1147 2383 1201 ab
2412 1147 2664 1217 episcopo
2690 1160 2787 1201 suo
2816 1146 2982 1216 priori
3026 1148 3369 1217 expostulent
3396 1159 3452 1204 et
3475 1165 3568 1205 ac-

1983 1234 2206 1305 cipiant,
2237 1235 2432 1291 delicta
2460 1236 2834 1305 illorum,quae
2854 1235 3035 1290 divina
3063 1238 3235 1294 virtus
3261 1239 3565 1309 prohibeat,

1983 1326 2161 1381 nullus
2213 1327 2576 1397 primicerius,
2631 1325 2811 1380 nullus
2858 1327 3113 1391 decanos,
3167 1328 3343 1384 nullus
3398 1331 3567 1386 abbas

1978 1416 2221 1485 judicare
2259 1418 2692 1488 prtesutnat,nisi
2730 1417 2880 1488 prior
2928 1417 3167 1487 ipsorum
3223 1420 3304 1474 vel
3354 1421 3568 1491 episco-

1984 1521 2117 1575 pus,
2172 1521 2265 1561 seu
2310 1506 2678 1562 inobedienlia
2739 1504 2822 1561 vel
2873 1506 3172 1563 necessitas
3224 1507 3371 1563 illum
3426 1510 3567 1566 invi-

1987 1607 2082 1653 tat.
2116 1598 2171 1653 ln
2201 1598 2587 1656 festivitatibus
2617 1598 2840 1671 majoris
2879 1598 3159 1667 ecclesiat,
3194 1600 3309 1655 sive
3332 1600 3564 1657 aliarum

1984 1690 2358 1757 ecclesiarum,
2390 1692 2456 1746 ad
2477 1692 2742 1747 stationes
2767 1692 2851 1747 vel
2878 1693 2946 1746 ad
2985 1692 3294 1762 sepulturas
3342 1708 3567 1763 magno-

1986 1798 2106 1838 rum
2133 1795 2285 1839 extra
2316 1785 2511 1839 atrium
2544 1800 2699 1839 suum
2724 1784 2900 1839 nullus
2915 1799 3008 1839 eos
3030 1783 3263 1855 appellet
3279 1784 3362 1839 vel
3386 1796 3567 1855 cogat,

294 1874 550 1930 ctoritate
571 1875 830 1929 invitatos
855 1875 1071 1930 demum
1112 1876 1180 1929 ad
1212 1889 1297 1929 me
1325 1876 1487 1941 traxi,
1511 1886 1573 1931 ut
1619 1878 1880 1948 apostoli-
1908 1868 1956 1928 B
1985 1877 2081 1932 sed
2139 1878 2248 1932 vita
2274 1891 2487 1943 eorum,
2517 1877 2659 1932 sicut
2696 1886 2781 1932 est
2818 1876 3129 1946 singularis,
3181 1886 3388 1932 secreta
3420 1885 3569 1933 tran-

294 1980 418 2020 eam
450 1966 640 2032 vitam,
670 1966 879 2022 scilicet
907 1966 1175 2036 primitias
1216 1967 1541 2024 Christiana:
1578 1968 1881 2040 religionis,

291 2060 438 2113 sicut
468 2059 616 2128 prius
639 2058 691 2113 in
724 2068 923 2126 monte,
955 2060 1027 2115 ita
1051 2075 1266 2132 quoque
1319 2062 1372 2117 in
1404 2071 1591 2119 nostro
1634 2066 1883 2124 ctrnobio

294 2151 581 2215 ducerent,
616 2150 719 2205 sub
758 2150 939 2223 regula
964 2159 1020 2207 et
1065 2153 1462 2223 conscriptione
1503 2156 1676 2210 sancti
1702 2156 1884 2230 Augu-

293 2241 425 2296 stini
450 2259 466 2307 ;
496 2241 731 2297 salutare
780 2256 1016 2312 namque
1054 2251 1110 2299 et
1137 2259 1434 2315 congruum
1464 2246 1765 2317 symbolum
1804 2249 1886 2304 vi-

295 2334 544 2398 debatur,
600 2342 661 2388 ut
704 2349 809 2387 una
864 2334 1056 2390 civitas
1101 2335 1202 2390 tria
1256 2334 1588 2406 perfectiora
1640 2337 1883 2394 membra

295 2424 620 2482 Christianae
649 2422 926 2494 religionis
952 2425 1275 2491 contineret,
1305 2424 1561 2482 videlicet
1589 2428 1882 2484 canonicos

296 2531 427 2572 suas
450 2515 699 2587 proprias
737 2516 1107 2586 possessiones
1158 2516 1485 2585 obtinentes,
1509 2527 1564 2573 et
1591 2520 1884 2575 monachos

295 2609 400 2667 sub
448 2609 630 2683 regula
679 2609 852 2665 sancti
909 2609 1186 2665 Benedicti
1231 2611 1422 2667 cuneis
1477 2611 1777 2683 nigrantes,
1828 2621 1885 2667 et

297 2702 556 2759 candidos
583 2698 870 2757 Nazarteos
898 2700 1246 2772 apostolicam
1292 2702 1459 2757 vitam
1506 2703 1785 2768 ducentes,
1824 2711 1885 2758 ut

297 2800 543 2871 quisquis
593 2800 835 2857 converti
880 2801 1042 2857 vellet
1073 2802 1140 2856 ad
1185 2800 1491 2867 Dominum,
1544 2801 1598 2856 in
1647 2802 1751 2857 hac
1775 2816 1881 2857 una

297 2893 521 2949 civitate
560 2894 863 2965 appositum
904 2894 1126 2951 haberet
1168 2894 1427 2966 quidquid
1456 2896 1706 2951 arctioris
1753 2895 1884 2952 reli-

300 2989 480 3058 gionis
503 3002 625 3043 eum
656 2986 970 3044 delectaret.
1006 2988 1178 3059 Igitur
1206 2989 1260 3044 hi
1290 2989 1464 3045 sancti
1513 2990 1615 3045 viri
1646 2990 1884 3062 perfecte

297 3080 552 3135 viventes
572 3079 625 3134 in
653 3079 940 3151 tranquilla
988 3082 1302 3137 sinceritate
1334 3083 1414 3137 sui
1465 3082 1745 3153 propositi,
1791 3083 1883 3139 de-

300 3170 538 3227 lectabili
589 3172 755 3228 odore
800 3181 1003 3227 sanctae
1046 3172 1472 3229 conversationis
1522 3188 1633 3228 suae
1686 3174 1882 3231 multos

1986 1967 2251 2041 quillitate
2286 1984 2345 2025 se
2378 1969 2675 2024 contineat.

2054 2047 2169 2131 Ego
2206 2057 2340 2115 Pibo
2390 2057 2663 2115 Tullensis
2697 2058 2957 2114 Ecclesia:
3004 2058 3264 2127 antistes,
3309 2058 3363 2114 in
3408 2058 3570 2131 plena

1984 2150 2192 2221 synodo
2227 2149 2494 2215 residens,
2522 2149 2745 2220 quaesivi
2793 2149 2845 2204 in
2874 2149 3116 2221 synodali
3147 2165 3346 2206 corona
3373 2151 3419 2206 si
3470 2151 3570 2206 im-

1984 2240 2305 2295 munitatem
2331 2240 2718 2295 canonicorum
2752 2241 2925 2295 sancti
2961 2240 3267 2313 Augustini,
3302 2257 3424 2312 qua)
3475 2258 3569 2298 su-

1984 2330 2169 2399 perius
2194 2330 2466 2402 descripta
2496 2340 2601 2398 est,
2629 2332 2721 2402 qui
2742 2332 2988 2388 canonici
3016 2333 3217 2403 degunt
3247 2333 3297 2388 i‘n
3321 2332 3571 2390 coenobio

1985 2423 2129 2492 quod
2163 2424 2454 2482 mdiflcavit
2503 2425 2671 2481 frater
2707 2424 2987 2481 Luctulfus
3023 2434 3174 2481 extra
3211 2441 3394 2483 muros
3437 2427 3571 2483 civi-

1988 2515 2136 2581 tatis,
2161 2516 2207 2572 si
2258 2516 2405 2573 illam
2435 2516 2756 2573 laudaret'et
2781 2516 2987 2572 firmari
3034 2515 3354 2587 postularet,
3392 2527 3487 2572 aut
3522 2518 3570 2574 si

1985 2607 2187 2678 aliquid
2208 2609 2471 2664 donorum
2507 2608 2775 2679 quispiam
2818 2607 3165 2679 infringeret,
3189 2607 3571 2677 proclamaret.

1976 2700 2116 2769 Quae
2142 2703 2391 2773 superius
2419 2701 2782 2773 promulgata,
2824 2717 2947 2756 cum
2979 2716 3170 2757 omnes
3198 2699 3573 2757 favorabiliter

1983 2795 2324 2865 excepissent
2348 2794 2623 2851 etfirmari
2646 2794 3006 2865 postularent,
3034 2808 3136 2865 ego
3161 2807 3378 2865 quoque
3396 2807 3570 2863 .spon-

1988 2895 2144 2942 tanea
2195 2887 2559 2943 commonitus
2599 2886 2897 2952 voluntate,
2932 2886 3113 2941 addidi
3162 2901 3230 2941 ex
3272 2900 3395 2941 meo
3428 2886 3572 2940 dono

1982 2980 2372 3053 perpetualiter
2402 2980 2523 3037 illos
2544 2980 2746 3037 habere
2772 2980 2875 3035 hoc
2904 2979 3065 3051 juris,
3083 2980 3226 3051 quod
3254 2978 3417 3034 habet
3453 2978 3572 3047 epi-

1984 3085 2183 3142 scopus
2232 3086 2395 3142 super
2448 3070 2621 3126 altare
2655 3072 2723 3127 de
2764 3067 3250 3135 Wandelini-villa,
3294 3075 3350 3124 et
3406 3081 3574 3137 super

1987 3165 2158 3221 altare
2193 3165 2261 3221 de
2292 3164 2755 3232 Martini-monte,
2788 3173 3016 3235 excepto
3043 3162 3187 3234 quod
3227 3177 3450 3218 censum
3481 3162 3576 3217 de-

302 3261 649 3318 sazcnlarium
688 3262 970 3333 utriusque
996 3276 1161 3318 sexus
1182 3262 1422 3318 converti
1450 3262 1517 3316 ad
1552 3263 1883 3333 sequendum
1912 3216 1957 3281 ϐ
1988 3257 2153 3314 beant
2176 3257 2508 3327 persolvere.
2538 3255 2671 3311 Item
2711 3254 2908 3311 donavi
2938 3254 3018 3309 eis
3066 3253 3343 3308 licentiam
3390 3260 3446 3307 et
3478 3266 3575 3305 au-

299 3367 594 3423 pauperem
628 3350 900 3407 Christum
931 3350 1231 3408 auexerunt
1253 3393 1269 3418 ,
1310 3360 1366 3407 et
1393 3351 1597 3409 illectos
1629 3353 1887 3422 quosdam

304 3445 373 3498 ad
404 3443 820 3499 contubernium
852 3459 1007 3498 suum
1038 3450 1404 3498 attraxerunt.

378 3538 456 3592 De
479 3535 675 3608 quibus
696 3535 888 3591 Petrus
911 3536 1053 3591 filius
1082 3536 1286 3591 Dodoni
1331 3536 1568 3608 seipsum
1599 3546 1655 3593 et
1674 3538 1889 3594 vineam

307 3644 464 3684 suam
494 3627 742 3694 contulit,
775 3628 905 3683 item
950 3627 1226 3684 Walterus
1257 3627 1399 3683 filius
1445 3627 1629 3685 Bereri
1677 3629 1893 3699 juvenis

310 3725 563 3785 rlericus,
617 3723 757 3777 sicut
803 3731 860 3778 et
910 3720 1103 3779 Petrus
1158 3722 1395 3793 seipsum
1445 3740 1567 3780 cum
1619 3725 1793 3781 vineis
1840 3734 1895 3781 et

311 3829 506 3870 manso
526 3829 633 3868 uno
655 3812 902 3867 contulit.
928 3813 1057 3867 Item
1082 3810 1373 3869 Varnuldis
1392 3815 1546 3886 virgo
1574 3813 1774 3869 Christi
1804 3830 1894 3871 se-

312 3908 490 3980 ipsam
517 3921 703 3961 eorum
727 3906 1028 3976 praebenda:
1053 3913 1109 3959 et
1136 3904 1426 3976 disciplinae
1452 3905 1810 3973 eoutradidit,
1842 3914 1898 3961 et

313 3998 523 4069 aliquot
539 3996 730 4067 jugera
761 3996 876 4050 arvi
903 4004 959 4051 et
1002 3995 1216 4050 vineam
1269 3998 1407 4066 apud
1438 3996 1730 4066 Scrupulas
1764 4012 1894 4052 con-

314 4089 463 4155 tulit,
506 4103 667 4159 quam
696 4102 795 4158 ego
824 4086 910 4142 vel
938 4088 1168 4142 emendo
1188 4086 1273 4142 vel
1296 4103 1417 4143 cum
1446 4088 1613 4144 fratre
1632 4104 1729 4144 suo
1758 4104 1899 4145 com—

318 4181 580 4238 mutando
602 4189 788 4250 postea
818 4177 1194 4247 augmentavi;
1231 4179 1359 4234 item
1382 4180 1595 4235 vineam
1624 4180 1677 4234 in
1700 4180 1895 4235 Barro—

318 4282 506 4329 monte
532 4271 600 4326 de
641 4269 838 4325 clerico
878 4268 1097 4324 Trelino
1130 4270 1268 4336 emi;
1295 4270 1422 4325 item
1461 4270 1717 4326 allodium
1757 4271 1898 4343 apud

316 4366 623 4422 Focaucart
649 4378 679 4417 a
714 4362 945 4433 quadam
1000 4371 1277 4431 matrona,
1337 4363 1553 4418 nomine
1591 4363 1713 4428 Aia,
1762 4364 1901 4419 sicut

318 4459 559 4516 habebat
589 4457 931 4513 haereditario
972 4453 1097 4525 jure
1120 4456 1187 4512 ab
1212 4456 1643 4512 antecessoribus
1670 4457 1782 4512 suis
1805 4471 1901 4527 per

318 4553 712 4624 integritatem,
732 4563 851 4605 mea
880 4548 1101 4620 pecunia
1126 4548 1458 4618 comparavi.
1487 4546 1669 4604 Officia
1695 4549 1893 4618 puella,
1927 4568 1973 4623 ι)

320 4659 476 4700 soror
506 4642 762 4715 Hugonis,
795 4642 983 4696 vineas
1011 4649 1067 4694 et
1096 4639 1201 4694 duo
1223 4638 1413 4711 jugera
1441 4648 1599 4695 terra:
1627 4639 1893 4706 contulit;

316 4734 540 4806 quidam
571 4734 735 4789 etiam
786 4732 1037 4787 timentes
1068 4731 1377 4795 Dominum,
1406 4730 1636 4802 gratuita
1664 4731 1899 4787 benevo-

316 4822 486 4881 lentia
504 4823 779 4894 aliquanta
801 4820 991 4893 jugera
1030 4818 1230 4891 passim
1262 4820 1628 4887 contulerunt,
1657 4835 1778 4891 quae
1804 4835 1901 4891 per

317 4916 561 4989 singulos
590 4917 903 4981 donatores,
929 4922 985 4969 et
1031 4927 1130 4983 per
1157 4911 1365 4982 singula
1416 4910 1532 4968 loca
1558 4926 1897 4978 enumerare,

316 5026 387 5067 ne
416 5009 699 5081 fatigarem
727 5004 1016 5079 synodales
1054 5018 1235 5068 aures,
1273 5001 1517 5059 odiosum
1549 5003 1756 5073 putavi.

388 5104 522 5161 Post
550 5104 667 5159 haec
709 5115 810 5172 ego
857 5096 1140 5154 Luctnll'us
1198 5096 1387 5153 videns
1439 5094 1789 5168 multiplicata
1847 5104 1904 5150 et

315 5191 726 5267 multiplicanda
750 5191 889 5247 bona
913 5196 1220 5245 sanctorum
1240 5228 1255 5255 ,
1280 5196 1334 5244 et
1363 5196 1622 5259 reputans
1646 5184 1902 5257 quoniam

317 5288 460 5359 apud
492 5284 769 5357 improbos
796 5295 977 5339 mores
1003 5294 1110 5335 non
1147 5288 1232 5336 est
1261 5280 1393 5337 satis
1420 5289 1535 5336 tuta
1559 5294 1657 5351 per
1685 5293 1745 5334 se
1775 5292 1903 5349 pro-

315 5391 439 5450 pter
476 5377 840 5435 innocentiam
876 5391 1029 5432 suam
1062 5375 1307 5449 probitas
1346 5372 1619 5442 justorum
1650 5371 1767 5428 sine
1802 5385 1901 5441 pa-

319 5472 553 5529 trocinio
579 5487 923 5544 magnorum,
974 5470 1101 5528 boni
1149 5466 1389 5525 consului
1415 5466 1615 5522 donata
1657 5464 1904 5536 superius

317 5568 653 5638 conscripta,
679 5575 734 5625 et
773 5567 836 5623 in
867 5575 1144 5638 posterum
1198 5562 1469 5626 donanda,
1500 5574 1569 5617 ne
1590 5558 1712 5628 quis
1738 5567 1905 5614 teme-

319 5671 475 5718 rator
499 5660 696 5717 audeat
733 5657 939 5731 aliquid
983 5672 1171 5715 eorum
1222 5653 1479 5720 avellere,
1504 5650 1755 5723 synodali
1806 5666 1905 5706 au-

320 5752 580 5810 ctoritate
617 5750 718 5808 sub
770 5748 1118 5809 anathemate
1166 5746 1527 5812 conﬁrmare,
1562 5750 1617 5800 et
1651 5741 1905 5799 immuni-

1989 3348 2321 3415 ctoritatem,
2351 3357 2411 3403 ut
2448 3348 2501 3403 in
2532 3363 2631 3404 suo
2669 3348 2812 3403 atrio
2841 3353 3059 3417 possent
3088 3344 3420 3417 sepulturam
3444 3360 3576 3400 con-

1988 3444 2239 3508 stituere,
2255 3442 2307 3497 in
2341 3457 2444 3513 qua
2468 3441 2581 3497 sive
2612 3441 2850 3513 plebeios
2880 3441 2993 3497 sive
3016 3440 3245 3505 nobiles,
3266 3438 3575 3509 quicunque

1990 3534 2361 3606 postulabunt,
2420 3532 2635 3604 sepeliri
2687 3533 2756 3589 ab
2810 3532 2891 3588 eis
2940 3533 3349 3588 concessionem
3397 3542 3577 3583 meam

1992 3628 2228 3684 habeant
2260 3642 2354 3684 eos
2404 3629 2720 3699 suscipere,
2766 3635 2822 3683 et
2877 3626 2931 3681 in
2980 3622 3340 3695 suscipiendis
3397 3620 3577 3677 nullus

1994 3720 2182 3787 abbas,
2207 3719 2385 3776 nullus
2407 3721 2692 3792 presbyter
2728 3734 2826 3790 pro
2853 3717 3211 3774 conterminio
3245 3729 3342 3772 suo
3380 3714 3577 3769 audeat

1995 3829 2090 3870 eos
2118 3814 2444 3871 conturbare
2473 3812 2558 3869 vel
2586 3812 2929 3868 contristare.
2968 3808 3095 3865 Haec
3122 3808 3303 3864 omnia
3330 3806 3577 3877 superius

1995 3905 2266 3976 descripta
2295 3914 2351 3960 et
2393 3904 2589 3960 donata
2615 3911 2670 3958 et
2698 3900 2941 3956 ﬁdelium
2996 3899 3282 3955 devotione
3312 3898 3365 3952 in
3397 3908 3575 3968 poste-

1996 4010 2118 4050 rum
2141 3994 2410 4058 donanda,
2454 4006 2552 4063 ego
2576 3992 2710 4047 Pibo
2738 3988 3012 4045 Tullensis
3040 3987 3327 4059 episcopus
3356 3994 3412 4040 et
3435 3985 3577 4049 volo,

1999 4087 2236 4156 etjubeo
2264 4101 2485 4143 manere
2527 4094 2667 4151 rata,
2692 4092 2747 4140 et
2799 4081 3137 4145 inconvulsa,
3190 4088 3247 4135 et
3290 4077 3577 4148 episcopali

1997 4180 2321 4237 auctoritate
2345 4178 2446 4235 sub
2474 4178 2816 4232 anathemate
2837 4171 3077 4245 synodali
3098 4169 3302 4241 judicio
3319 4168 3578 4225 conﬁrmo

1998 4272 2355 4331 observanda.
2402 4270 2532 4326 ch
2560 4271 2723 4341 faciat
2771 4268 3023 4323 Dominus
3070 4276 3119 4321 et
3162 4268 3270 4322 haec
3299 4264 3460 4319 addat
3491 4261 3576 4333 (ΙΙ

2001 4365 2130 4435 Reg.
2163 4379 2245 4430 Ill,
2269 4363 2347 4435 9),
2377 4362 2657 4433 respondit
2686 4360 2932 4416 universa
2964 4372 3187 4415 corona.

2072 4456 2295 4528 Signum
2324 4454 2545 4510 Pibonis
2582 4451 2840 4523 episcopi.

2070 4548 2227 4621 Sign.
2258 4546 2497 4619 Hugonis
2523 4544 2841 4618 primicerii.

2070 4640 2225 4713 Sign.
2262 4638 2496 4710 Requini
2522 4634 2905 4693 archidiaconi.

2070 4730 2222 4802 Sign.
2251 4728 2539 4786 Alberonis
2564 4724 2953 4784 archidiaconi.

2071 4829 2223 4900 Sign.
2256 4825 2517 4897 Stephani
2544 4820 2933 4880 archidiaconi.

2072 4920 2225 4990 Sign.
2256 4918 2497 4990 Hugonis
2518 4914 2756 4973 cantoris
2783 4922 2842 4970 et
2866 4908 3127 4981 Stephani
3154 4907 3298 4963 Ruﬁ.

2072 5011 2224 5084 Sign.
2252 5008 2587 5066 Theoderici.

2072 5103 2225 5176 Sign.
2253 5101 2542 5174 Angeheri.

2072 5201 2225 5273 Sign.
2261 5197 2506 5255 Deodati.

1988 5326 1993 5331 ‘
2072 5317 2231 5372 Anno
2256 5314 2324 5369 ab
2363 5310 2737 5370 lncarnationc
2765 5306 2976 5364 Domini
3012 5304 3297 5361 millesimo
3321 5317 3425 5359 non
3454 5316 3582 5372 age-

2004 5410 2143 5468 simo
2176 5408 2372 5481 primo,
2412 5405 2706 5462 indictione
2741 5418 2834 5467 xv,
2862 5416 2913 5455 vt
2954 5399 3079 5455 ldus
3122 5396 3344 5462 Octob.,
3385 5394 3580 5449 contir-

2004 5510 2151 5557 mata
2181 5507 2265 5557 est
2292 5506 2347 5555 et
2376 5496 2587 5569 signata
2614 5494 2773 5565 hujus
2797 5490 3061 5564 privilegii
3089 5489 3277 5543 charta
3306 5501 3337 5542 a
3364 5484 3583 5540 domino

2003 5592 2210 5649 Pibone
2254 5587 2552 5649 venerabili
2604 5586 2857 5657 episcOpo
2904 5578 3226 5654 praesidente
3276 5577 3332 5634 in
3378 5572 3583 5649 synodo

2006 5684 2269 5759 plenaria.
3548 5688 3557 5699 ‘
