4106 6356
362 367 469 423 ιὸὖ

1781 385 2186 441 DlPLOMATA.

3510 379 3616 434 ιιι

363 484 518 553 Quod
567 487 612 540 si
662 486 800 543 forte
847 506 913 546 ex
963 495 1150 549 eadem
1205 496 1330 550 villa
1377 497 1576 566 aliquis
1628 497 1810 568 inepia
1854 498 1937 552 vel
1967 504 2272 568 Acorpore
2301 497 2641 566 disjuuctam,
2687 499 2846 553 beato
2873 496 3148 552 Mansuete
3188 503 3244 550 et
3272 493 3532 549 fratribus
3560 496 3615 548 in

362 577 544 646 aliqua
579 582 902 645 necessitate
925 587 1231 652 recesserit,
1265 598 1319 642 et
1350 589 1416 642 ad
1445 588 1604 643 aliam
1633 589 1934 650 transierit,

361 681 686 740 quocunque
705 672 956 742 declinet,
980 677 1179 746 nullus,
1213 680 1315 736 nisi
1345 679 1534 746 abbas,
1563 679 1617 734 in
1645 693 1712 734 eo
1737 679 1939 750 aliquid

363 761 550 818 habet.

432 850 512 907 Ne
545 867 674 909 vero
703 871 866 926 super
889 856 973 912 his
997 861 1248 917 omnibus
1275 862 1327 917 in
1353 871 1632 932 posterum
1661 864 1730 918 ab
1754 863 1937 934 aliquo

362 943 595 1000 ecclesia
620 944 772 1000 Beati
797 948 997 1005 Leonis
1039 951 1278 1022 aliquam
1308 953 1612 1009 molestiam
1642 956 1933 1020 sustineat,

360 1035 446 1090 vel
487 1035 666 1105 aliqua
697 1043 1070 1097 controversia
1117 1054 1384 1116 emergat,
1431 1046 1684 1114 praesenti
1729 1046 1938 1116 scripto

359 1126 447 1182 his
492 1129 744 1186 omnibus
773 1133 1140 1190 testimonium
1172 1138 1542 1205 perhibemus,
1573 1139 1717 1210 quod
1757 1139 1937 1210 sigillo

360 1217 598 1273 nominis
655 1223 828 1277 nostri
887 1225 1094 1296 signari
1145 1227 1450 1295 voluimus,
1506 1238 1560 1285 et
1607 1231 1937 1286 auctoritate

360 1310 655 1379 pontificali
689 1313 1148 1372 conﬁrmavimus.
1181 1319 1332 1386 Quod
1362 1321 1407 1375 si
1447 1320 1645 1390 aliquis
1682 1323 1934 1393 superbia

357 1402 446 1456 vel
491 1405 783 1474 cupiditate
831 1409 1046 1475 ductus,
1097 1410 1183 1465 his
1220 1411 1529 1466 contrarius
1557 1413 1848 1478 exstiterit,
1880 1421 1937 1468 et

360 1495 592 1564 amplius
637 1514 798 1568 quam
831 1501 976 1570 quod
1022 1503 1375 1558 constitutum
1419 1514 1502 1559 est
1530 1505 1750 1576 exigere
1797 1519 1938 1576 pra:-

359 1589 670 1656 sumpserit,
699 1606 822 1644 eum
847 1596 1374 1650 excommunicatum
1398 1596 1580 1650 divina
1611 1597 1934 1652 auctoritate

357 1687 410 1731 et
462 1689 646 1735 nostra
694 1697 814 1737 esse
856 1699 1164 1749 censemus,
1207 1695 1264 1740 et
1308 1687 1675 1742 anathematis
1718 1687 1935 1742 vinculo

357 1770 692 1840 subjicimus.
742 1773 1018 1831 Subscribi
1069 1778 1233 1832 etiam
1283 1779 1549 1834 voluimus
1594 1781 1646 1834 in
1687 1782 1933 1836 testimo-

357 1861 506 1917 nium
544 1867 755 1924 borum.
786 1869 1004 1922 nomina
1037 1869 1274 1924 virorum
1302 1869 1689 1941 legitimorum,
1720 1873 1815 1942 qui
1848 1845 2006 1929 his.B

355 1954 742 2012 interfuerunt.

430 2046 653 2118 Signum
690 2049 908 2107 Pibonis
937 2052 1195 2123 episcopi.

426 2137 580 2210 Sign.
608 2141 923 2199 Theoderici
951 2145 1122 2199 ducis.

427 2229 582 2298 Sign.
606 2232 831 2288 Gerardi
861 2236 1096 2291 comitis.

425 2322 576 2394 Sigu.
611 2325 869 2384 Reinardi
897 2329 1114 2385 comitis
1143 2329 1436 2387 Tullensis.

430 2413 584 2486 Sigu.
617 2415 855 2488 Hugonis
881 2419 1198 2488 primicerii.

429 2505 581 2576 Sign.
612 2505 840 2564 Luetulﬁ
869 2510 1082 2566 decani.

426 2599 581 2668 Sign.
611 2599 828 2670 Riquini
868 2603 1263 2661 archidiaconi.

426 2691 576 2760 Sign.
607 2690 863 2750 Widerici
897 2694 1087 2752 militis
1113 2698 1179 2752 de
1213 2697 1750 2756 castre-choviler.

427 2788 584 2858 Sign.
609 2787 859 2845 Karlonis
888 2789 955 2844 de
975 2789 1329 2848 Fonteniaco.

427 2880 580 2952 Sign.
612 2879 842 2937 llodivat
902 2883 1092 2940 militis
1125 2884 1380 2956 Deprées,
1429 2895 1483 2941 et
1506 2885 1735 2941 aliorum
1763 2887 1932 2957 pluri-

351 2989 562 3030 murum
573 3014 586 3027 .

421 3067 580 3120 Anno
610 3067 678 3121 ab
722 3066 1098 3125 lncarnatione
1129 3062 1344 3124 Domini
1377 3069 1666 3126 millesimo
1693 3086 1930 3142 nonage-

349 3157 490 3211 simo
515 3157 710 3227 primo,
757 3159 1048 3214 indictione
1097 3175 1190 3228 xv,
1235 3176 1290 3215 vi
1339 3160 1460 3216 ldus
1499 3160 1768 3225 Octobris.
1798 3179 1926 3218 con-
1953 3189 2000 3254 ο

351 3246 564 3300 ﬁrmata
588 3256 671 3303 est
696 3248 973 3318 etsignata
989 3249 1150 3318 hujus
1176 3251 1438 3322 privilegii
1458 3252 1648 3307 charta
1675 3269 1704 3307 a
1731 3253 1927 3310 domno

350 3336 552 3392 Pibone
583 3339 874 3394 venerabili
901 3338 1172 3430 episcopo.
1276 3325 1346 3387 θ

1085 3455 1176 3509 IX.

637 3559 905 3617 Fundatio
940 3566 1205 3633 prioratus
1242 3564 1300 3621 S.
1337 3565 1639 3620 Tlteobaldi.

933 3676 1116 3748 (Anno
1143 3676 1326 3747 1094.)

420 3789 579 3861 [Dom
609 3790 854 3857 CALIET,
882 3791 1029 3848 Hist.
1054 3793 1118 3846 de
1145 3791 1401 3848 Lorraine
1424 3793 1514 3858 ιν,
1545 3793 1672 3861 Pr.,
1704 3795 1852 3867 498.]

419 3881 553 3936 PIBO
623 3881 718 3937 Dei
776 3884 950 3954 gratia
1009 3883 1266 3941 Ecclesiae
1331 3885 1599 3941 Tullensis
1674 3886 1925 3958 indignus

349 3973 653 4043 episcopus,
691 3974 962 4030 universis
1002 3984 1112 4030 tam
1140 3974 1338 4032 futuris
1379 3991 1542 4047 quam
1572 3978 1928 4046 praesentibus

351 4066 705 4136 temporalem
768 4065 997 4123 salutem
1057 4078 1114 4124 et
1178 4071 1394 4126 aeternis
1453 4071 1616 4126 ditari
1689 4074 1926 4126 muneri-

350 4153 469 4210 bus.

421 4246 559 4315 Quia
593 4264 698 4304 non
719 4249 961 4304 omnium
993 4251 1369 4307 liominumiad
1399 4253 1628 4322 patriam
1668 4254 1924 4310 redeundi

347 4344 542 4402 eadem
573 4355 658 4400 est
697 4343 1028 4415 possibilitas
1056 4345 1143 4399 vel
1185 4346 1456 4410 voluntas,
1501 4348 1594 4402 sed
1629 4347 1770 4403 sicut
1797 4347 1926 4404 dicit

349 4437 664 4508 Apostolus,
706 4436 1075 4506 unusquisque
1117 4438 1396 4507 proprium
1441 4439 1636 4494 donum
1684 4441 1845 4496 habet
1892 4455 1922 4495 a

2040 589 2278 657 ejusdem
2304 587 2552 643 coenobio
2595 588 3054 643 commorantibus
3099 586 3460 641 communiter
3499 593 3614 640 tra-

2039 677 2310 732 diderunt.
2360 675 2494 732 Nam
2534 677 2793 748 quidquid
2835 685 2919 731 est
2964 677 3106 730 inter
3155 676 3298 730 viam
3350 685 3618 731 mercato-

2039 766 2198 834 riam,
2240 776 2290 820 et
2337 768 2477 821 viam
2522 776 2791 830 veterem,
2837 783 2956 837 qua:
2993 776 3076 822 est
3121 767 3351 836 desuper
3393 765 3614 828 vallem,

2039 872 2210 926 usque
2237 858 2304 912 ad
2348 858 2520 928 ripam
2566 857 2823 925 ﬂuminis,
2855 868 2911 913 et
2955 872 3125 928 usque
3163 858 3227 912 ad
3262 857 3523 930 sylvulam
3547 858 3615 913 de

2038 949 2367 1015 Flaviniaco,
2414 964 2602 1004 eorum
2635 949 2871 1010 devotio.
2911 948 3214 1004 haeredibus
3266 949 3377 1003 suis
3425 961 3614 1004 asseu-

2040 1040 2317 1105 tientibus,
2350 1042 2608 1112 praedicto
2643 1041 2892 1097 cmnobio
2927 1042 3173 1096 contulit.
3221 1042 3288 1096 Et
3319 1051 3378 1096 ut
3414 1041 3614 1098 ibidem

2037 1131 2170 1187 cella
2222 1141 2531 1188 constructa
2595 1133 2844 1188 monachi
2905 1141 3304 1197 statuerentur,
3367 1133 3459 1203 qui
3515 1147 3616 1201 pro

2035 1237 2224 1278 eorum
2277 1233 2333 1279 et
2386 1224 2718 1293 reliquorum
2772 1223 3088 1278 excessibus
3145 1221 3375 1278 Domino
3417 1221 3617 1294 jugiter

2036 1316 2421 1387 supplicarent,
2451 1317 2520 1371 ab
2545 1317 2747 1372 abbate
2773 1317 2864 1386 qui
2894 1325 3020 1371 tunc
3053 1324 3192 1381 erat,
3219 1314 3471 1370 obtinuit.

2103 1409 2186 1464 Ad
2243 1423 2471 1477 quorum
2523 1416 2772 1478 sumptus
2826 1406 3166 1462 necessarios
3210 1403 3394 1474 iunior
3446 1403 3616 1459 frater

2035 1501 2242 1572 Haymo
2264 1500 2411 1571 gravi
2442 1499 2698 1570 languore
2725 1500 3020 1565 decubans,
3048 1497 3306 1568 quidquid
3348 1497 3402 1552 in
3428 1497 3623 1553 eadem

2036 1592 2444 1649 Amerelli-villa
2482 1593 2733 1656 habebat,
2776 1602 2832 1647 et
2876 1592 3016 1662 apud
3060 1589 3434 1654 Asmancium,
3475 1596 3532 1644 et
3559 1588 3620 1643 in

2035 1685 2163 1742 villa
2205 1702 2326 1757 qua:
2365 1685 2564 1742 dicitur
2595 1685 2830 1755 Sapbez,
2854 1694 2910 1738 et
2946 1683 3183 1738 alodium
3223 1683 3288 1736 de
3321 1681 3620 1737 Sendruvi-

2035 1775 2137 1841 ler,
2175 1791 2299 1832 cum
2346 1777 2615 1832 conductu
2653 1775 2900 1830 ecclesiae
2931 1775 2983 1828 in
3016 1772 3325 1842 mancipiis,
3372 1771 3426 1826 in
3459 1769 3618 1826 cultis

2037 1878 2102 1924 et
2127 1869 2180 1922 in
2212 1868 2429 1924 incultis
2462 1869 2772 1938 supradicto
2813 1863 3110 1922 confessori
3156 1864 3442 1928 concessit,
3474 1871 3531 1918 et
3561 1863 3617 1918 in

2038 1955 2226 2010 eodem
2273 1954 2521 2012 coenobio
2551 1953 2797 2025 abjurato
2849 1949 3045 2008 saeculo
3072 1953 3324 2007 monachi
3370 1951 3618 2006 habitum

2037 2047 2290 2117 suscepit.
2324 2046 2674 2104 Postmodum
2713 2063 2840 2103 vero
2881 2048 3052 2103 frater
3097 2047 3279 2103 senior
3309 2044 3464 2112 llugo
3499 2058 3617 2113 par-

2039 2149 2146 2194 tem
2175 2155 2324 2194 suam
2357 2141 2408 2194 iu
2436 2140 2706 2210 praedictis
2746 2140 2886 2195 villis
2913 2141 3134 2197 omnino
3174 2138 3334 2194 sicuti
3374 2136 3616 2206 posside-

2041 2231 2347 2296 bat,.eidem
2371 2231 2574 2288 cellula:
2595 2233 2770 2299 dedit;
2796 2249 3004 2289 necnon
3029 2231 3260 2289 consilio
3282 2240 3336 2286 et
3357 2229 3617 2286 instinctu

2037 2340 2147 2380 sure
2177 2325 2382 2392 uxoris,
2411 2324 2516 2380 alia
2545 2325 2790 2395 quaedam
2818 2325 3026 2380 addidit
3056 2325 3110 2380 in
3133 2323 3325 2380 eadem
3353 2320 3616 2376 Amerelli
3652 2357 3664 2366 -

2035 2416 2180 2480 villa,
2212 2416 2348 2471 duos
2393 2417 2721 2486 quartarios,
2753 2427 2808 2472 et
2853 2426 3158 2482 manentes,
3192 2423 3248 2470 et
3291 2427 3490 2468 uxores
3524 2425 3615 2466 eo-

2036 2524 2178 2572 rum,
2205 2518 2261 2562 et
2285 2508 2447 2574 ﬁlios,
2477 2523 2598 2563 cum
2627 2509 2850 2564 dimidio
2871 2508 3036 2564 banni
3066 2507 3226 2571 villae,
3256 2515 3312 2562 et
3340 2505 3614 2570 districto,

2033 2611 2090 2655 et
2109 2615 2231 2654 cum
2257 2599 2405 2655 omni
2431 2600 2632 2656 debito.
2660 2598 2850 2656 Totam
2887 2609 3085 2654 terram
3119 2598 3184 2654 de
3213 2595 3386 2652 Mizon
3413 2595 3614 2651 cultam

2033 2700 2088 2744 et
2130 2689 2430 2757 incultam,_
2453 2699 2524 2745 et,
2553 2691 2605 2744 in
2647 2703 2784 2759 aqua
2823 2689 3146 2776 piscatorem
3180 2703 3370 2752 unum,
3409 2685 3614 2741 redeci-

2031 2783 2326 2838 mationem
2374 2791 2543 2851 portae
2587 2791 2642 2838 et
2675 2781 2927 2852 piscium.
2976 2781 3134 2853 Apud
3169 2776 3613 2836 monasteriolum

2031 2877 2166 2932 duos
2191 2875 2518 2947 quartarios,
2548 2890 2680 2930 cum.
2707 2875 3071 2936 manentibus,
3110 2883 3168 2929 et
3198 2887 3384 2928 eorum
3427 2869 3614 2924 uxori-

2030 2967 2152 3032 bus,
2177 2977 2234 3025 et
2267 2970 2414 3037 ﬁliis,
2443 2969 2496 3024 in
2527 2967 2674 3023 omni
2705 2981 2806 3022 usu
2831 2968 2897 3020 de
2921 2964 3193 3020 dominico
3220 2962 3406 3018 labore
3436 2968 3611 3015 totam

2031 3062 2476 3128 decimationem;
2519 3061 2674 3127 panis
2716 3068 2774 3114 et
2818 3058 2938 3112 vini.
2971 3056 3422 3120 decimationem;
3451 3052 3612 3108 dimi.

2030 3155 2176 3210 dium
2220 3154 2288 3209 de
2331 3154 2598 3210 Crusillis.
2650 3149 2912 3208 Similiter
2959 3148 3099 3218 apud
3148 3145 3424 3217 “elegiam
3473 3143 3642 3199 duos.

2029 3247 2358 3316 quartarios,
2403 3255 2460 3300 et
2504 3243 2837 3300 habitatores
2868 3256 2992 3296 cum
3044 3239 3194 3294 onmi
3230 3237 3357 3308 jure
3401 3232 3607 3292 debito.

2028 3336 2220 3392 Totum
2259 3334 2493 3391 alodium
2525 3334 2590 3388 de
2615 3332 2908 3404 Senuugis,
2948 3331 3002 3384 in
3038 3328 3222 3402 sylvis,
3263 3329 3318 3382 in
3349 3327 3520 3399 agris,
3551 3327 3610 3381 in

2026 3431 2217 3502 pratis,
2249 3431 2302 3485 in
2332 3429 2543 3486 eunetis
2576 3427 2831 3483 usuariis.

2098 3521 2233 3578 Huic
2271 3524 2410 3578 dono
2447 3520 2810 3576 interfuerunt
2848 3516 3006 3574 liberi
3037 3515 3306 3578 homines,
3341 3521 3399 3569 et
3427 3513 3495 3568 ad
3523 3521 3607 3568 te-

2026 3617 2364 3672 stificandum
2416 3616 2624 3681 idonei,
2673 3615 2848 3684 Drogo
2906 3611 3095 3684 junior
3141 3610 3208 3665 de
3252 3605 3604 3670 Bosanivilla,

2025 3707 2298 3764 Widricus
2321 3709 2386 3762 de
2413 3707 2640 3763 Str-aena.
2677 3706 2958 3762 Paulinus.
3004 3702 3292 3762 Odelricus
3320 3701 3386 3758 de
3413 3699 3608 3756 Ferre-

2027 3799 2119 3854 ris.
2150 3798 2303 3870 Hugo
2339 3799 2406 3852 de
2440 3798 2685 3854 aneris.
2721 3799 2870 3869 Hugo
2897 3799 2964 3853 de
2991 3796 3358 3853 Claromonte.

2096 3883 2161 3938 Et
2188 3900 2257 3937 nc
2285 3885 2659 3956 temporalium
2682 3885 3076 3954 stipendiorum
3109 3883 3288 3954 inopia
3316 3882 3514 3938 fratres
3551 3882 3607 3937 in

2025 3976 2129 4030 hac
2167 3972 2360 4028 cellula
2397 3984 2783 4030 conversantes
2827 3975 3011 4030 divino
3047 3975 3272 4029 servitio
3307 3973 3504 4028 minus
3522 3973 3607 4027 in-

2029 4075 2205 4122 tentos
2243 4066 2464 4132 faceret,
2501 4068 2587 4132 vel
2633 4084 2664 4122 a
2708 4067 2990 4137 proposito
3031 4067 3250 4136 penitus
3297 4072 3603 4129 revocaret,

2025 4161 2320 4231 supradicti
2368 4161 2600 4216 emnobii
2631 4161 2820 4225 abbas,
2869 4158 3109 4214 ﬁdelium
3139 4166 3195 4213 et
3221 4156 3451 4212 fratrum
3479 4170 3607 4210 suo-

2025 4267 2143 4306 rum
2194 4252 2442 4319 consilio,
2481 4251 2738 4308 nonnulla
2785 4250 3088 4321 subscripta
3139 4249 3244 4305 hac
3291 4248 3607 4304 conditione

2025 4342 2304 4412 adjunxit:
2353 4353 2426 4400 ut.
2457 4343 2504 4400 si
2549 4343 2729 4412 aliquo
2793 4342 2991 4397 divinae
3046 4339 3416 4412 dispositionis
3471 4349 3607 4395 nutu

2025 4435 2378 4492 destructioni
2428 4434 2790 4505 subiacuerit,
2849 4435 3032 4489 omnia
3092 4432 3294 4488 ibidem
3347 4430 3606 4502 deputata

351 4528 482 4594 Deo,
513 4527 649 4583 alius
681 4526 780 4591 sic,
822 4526 961 4582 alius
990 4538 1168 4584 autem
1199 4528 1282 4584 sic
1304 4529 1458 4598 ;_a|ii,
1495 4531 1586 4585 Dei
1616 4531 1923 4588 misericor-
1952 4545 2003 4606 ι)
2030 4529 2192 4583 beato
2225 4527 2504 4584 Mansueto
2548 4526 2853 4598 capitaliter
2892 4526 3266 4581 restituantur.
3302 4523 3458 4594 Apud
3497 4521 3605 4578 Ha-

348 4621 438 4676 dia
483 4628 772 4690 operante,
822 4628 1160 4674 terrenorum
1208 4623 1557 4692 possessione
1607 4624 1697 4678 vel
1750 4624 1924 4679 etiam

350 4713 592 4781 appetitu
641 4709 863 4771 nudati,
919 4725 1041 4765 cum
1094 4712 1408 4767 adversario
1467 4715 1587 4768 vias
1641 4715 1922 4770 hominum

348 4802 654 4866 obsidente,
680 4801 917 4856 audaces
937 4801 1202 4856 luctamen
1227 4805 1432 4858 ineunt.
1457 4804 1705 4860 Nonnulli
1735 4821 1922 4861 eorum

349 4910 469 4965 quae
509 4895 742 4964 perdere
781 4894 974 4949 timent
1022 4896 1232 4950 sarcina
1285 4899 1633 4968 praegravati,
1677 4900 1928 4968 quamvis

351 4985 544 5050 timidi,
587 4986 656 5040 ad
698 4994 974 5041 certamen
1015 4988 1260 5054 veniunt,
1305 4998 1360 5042 et
1408 4991 1550 5060 quod
1598 5007 1662 5044 ex
1695 4992 1924 5062 propriae

349 5075 733 5132 imbecillitatis
760 5078 1089 5134 conscientia
1117 5079 1427 5148 desperant,
1463 5097 1650 5136 eorum
1686 5085 1776 5152 qui
1809 5083 1923 5152 jam

346 5184 470 5222 cum
502 5169 614 5222 Deo
662 5179 912 5238 regnant,
954 5171 1322 5236 orationibus,
1368 5182 1424 5228 et
1465 5189 1651 5228 eorum
1695 5175 1794 5244 qui
1835 5177 1924 5231 hic

348 5259 704 5328 spiritualiter
733 5261 916 5316 vivunt
953 5261 1286 5328 fulcimeuto,
1317 5281 1384 5321 ne
1411 5269 1765 5322 succumbant
1785 5307 1802 5333 ,
1841 5269 1922 5323 vel

348 5353 394 5405 si
444 5351 739 5407 ceciderint
787 5367 857 5408 ne
898 5353 1240 5420 collidantur,
1292 5368 1570 5426 expetunt.
1614 5357 1921 5414 Justissima

349 5449 850 5520 recompensatione
888 5463 956 5503 ex
990 5449 1076 5503 his
1113 5463 1233 5518 qua:
1261 5449 1343 5504 vel
1371 5451 1586 5506 tandem
1617 5451 1922 5520 relinquere

331 5541 554 5598 habent
580 5539 968 5606 necessarium,
992 5554 1181 5596 eorum
1207 5539 1400 5596 usibus
1432 5541 1744 5611 largientes,
1777 5541 1921 5596 felici

345 5632 678 5687 commercio
705 5646 804 5702 pro
846 5632 1101 5700 perituris
1136 5639 1336 5686 aetenia
1379 5642 1748 5688 commutant:
1780 5635 1923 5688 inter

348 5739 486 5793 quos
513 5721 664 5794 Hugo
699 5733 751 5778 et
773 5723 944 5780 frater
971 5723 1090 5794 ejus
1119 5724 1330 5795 Haymo
1371 5725 1426 5781 iu
1464 5725 1616 5796 sylva
1655 5726 1722 5782 de
1757 5726 1920 5782 Ame-

351 5817 621 5885 tellivilla,
653 5818 938 5890 quamdam
987 5827 1196 5888 partem
1244 5819 1408 5876 certis
1449 5819 1696 5877 confiniis
1735 5835 1764 5874 ει
1811 5828 1922 5876 toto

2025 4620 2186 4675 leium
2251 4636 2370 4676 vult
2412 4621 2735 4690 quartarios.
2797 4618 2950 4689 Apud
2983 4618 3146 4673 Avios
3183 4633 3223 4674 tt
3272 4614 3601 4688 quartarios.

2023 4710 2180 4781 Apud
2229 4711 2601 4766 Cbalmoutem
2679 4727 2720 4766 ll
2770 4710 3101 4780 quartarios.
3158 4707 3314 4778 Apud
3365 4707 3604 4760 Novum-

2024 4802 2214 4858 villare
2248 4819 2285 4858 ιι
2342 4804 2654 4873 quartarios
2682 4819 2804 4856 cum
2840 4800 3200 4856 manentibus.
3225 4799 3378 4867 Apud
3406 4796 3610 4853 Petra-9

2027 4893 2206 4948 villam
2237 4894 2622 4970 "quartarios.
2665 4893 2818 4962 Apud
2845 4891 3072 4948 Huldeui
3105 4889 3340 4944 Montem
3390 4904 3602 4958 rquar-

2028 4987 2223 5040 tarium
2263 4995 2317 5040 et
2367 4985 2666 5040 dimidium.
2707 4985 2862 5054 Apud
2895 4981 3310 5038 Huiciolivillam
3357 4999 3374 5039 ι
3443 4997 3604 5052 quar-

2027 5078 2223 5132 tarium
2259 5089 2315 5132 et
2344 5078 2643 5133 dimidium.
2680 5078 2834 5152 Apud
2879 5075 3392 5134 Domuumbasolum
3445 5076 3604 5146 quid-

2025 5171 2153 5240 quid
2204 5170 2380 5241 Drogo
2409 5171 2474 5226 de
2516 5171 2802 5228 Estraines
2843 5171 2991 5226 dedit
3023 5179 3212 5225 sancto
3241 5169 3519 5224 Mansuete
3546 5170 3621 5226 iu.

2023 5263 2212 5319 eadem
2258 5263 2401 5326 villa,
2444 5279 2544 5332 pro
2590 5262 2770 5317 anima
2811 5279 2907 5316 sua
2945 5272 3001 5316 et
3033 5273 3437 5318 antecessorum
3483 5275 3602 5316 suo-

2026 5371 2168 5422 rum,
2198 5363 2256 5410 et
2297 5371 2394 5426 pro
2441 5354 2728 5426 praebenda
2776 5355 2871 5410 ﬁlii
2910 5355 3032 5410 sui:
3079 5354 3297 5408 domum
3347 5351 3608 5409 videlicet

2025 5449 2310 5520 lapideam,
2360 5443 2690 5520 contiguam'
2715 5450 2908 5521 parieti
2949 5449 3214 5512 ecclesiae,
3253 5457 3310 5510 et
3349 5446 3614 5502 homines.

2023 5544 2090 5599 ad
2119 5543 2291 5613 ipsum
2318 5542 2551 5597 alodium
2574 5543 2925 5612 pertinentes.
2951 5541 3230 5596 Albertum
3259 5549 3314 5594 et
3337 5537 3606 5610 quidquid

2022 5635 2331 5707 possidebat
2359 5635 2410 5688 in
2443 5634 2624 5698 terris,
2664 5633 2849 5703 pratis,
2881 5631 3065 5703 sylvis,
3094 5630 3436 5693 molendinis,
3463 5639 3519 5686 et
3542 5631 3610 5686 in.

2022 5729 2234 5786 cunctis
2277 5727 2530 5784 usuariis.
2587 5725 2950 5782 llerimannus
2993 5723 3062 5779 de
3115 5723 3174 5780 S.
3212 5723 3617 5796 Christophoro,

2024 5822 2170 5882 dedit
2194 5821 2254 5878 B.
2279 5819 2554 5878 Mansuete
2595 5819 2736 5891 apud
2784 5817 3229 5876 Novumcastrum
3261 5821 3623 5892 quartariunt.
