3926 6472
476 375 584 435 ιεδ

1574 379 1841 435 PiBONlS
1876 379 2188 438 EPISCOPI
2237 383 2619 442 TULLENSIS
3601 406 3687 466 ‘35

477 503 496 541 ι
553 485 609 543 in
669 489 912 554 mansis,
964 488 1410 554 mansionilihus,
1463 490 1516 542 in
1571 491 1735 546 terris
1797 491 1957 548 cultis
2006 495 2300 552 etAcesis
2331 496 2600 566 iidelibus,
2621 509 2728 556 tam
2757 505 2988 570 posteris
3014 519 3176 576 quam
3206 512 3689 590 prasentibus,quod

474 577 719 644 incultis,
751 579 924 634 servis
963 587 1017 634 et
1047 578 1280 633 ancillis.

546 669 685 737 Quia
711 683 841 724 vero
873 669 1074 739 gradus
1107 668 1267 724 altior
1290 687 1320 725 a
1353 672 1506 726 ruina
1539 688 1646 727 non
1678 673 1936 740 defendit,
1969 677 2062 730 sed

474 762 747 818 interdum
775 760 993 831 gravius
1021 761 1344 832 pracipitat,
1390 779 1488 820 nos
1517 766 1608 835 qui
1643 766 1788 820 nulla
1839 769 2061 824 merito-

470 869 593 910 rum
622 852 976 924 prarogativa
1009 853 1364 925 suffragante,
1403 857 1578 912 sancti
1606 857 1869 914 Mansueti
1916 861 2063 916 vices

470 945 695 1017 indigne
731 953 1005 1011 tenemus;
1046 954 1106 1000 ut
1151 947 1340 1002 eodem
1382 950 1694 1022 porrigente
1732 967 1951 1008 manum
1995 955 2064 1009 de

471 1035 592 1091 lacu
633 1035 868 1092 miseria
901 1046 958 1092 et
1001 1039 1070 1093 de
1111 1037 1225 1094 luto
1265 1038 1411 1096 facis
1443 1043 1718 1110 possimus
1755 1059 2059 1117 resurgere,

470 1136 527 1183 et
575 1143 642 1184 eo
697 1137 1016 1199 protegente
1069 1145 1298 1202 quaeque
1363 1133 1664 1203 periculose
1723 1136 2061 1192 imminentia

469 1219 742 1288 devitarc,
777 1223 952 1276 visum
996 1231 1084 1278 est
1135 1224 1296 1280 nobis
1340 1241 1448 1280 non
1501 1227 1880 1301 incongruum,
1925 1231 2058 1288 cieri

469 1311 644 1367 nostri
679 1313 908 1368 consilio
949 1323 1005 1368 et
1051 1315 1378 1383 hortamine,
1424 1318 1492 1374 de
1539 1330 1723 1377 nostro
1755 1324 1879 1392 jure
1932 1325 2061 1382 huic

471 1402 685 1460 cellula
728 1403 1070 1476 profuturum
1122 1407 1328 1479 aliquid
1379 1411 1646 1468 recidere.
1699 1413 1942 1485 Denique
1990 1419 2060 1472 ad

471 1495 657 1551 domui
680 1497 893 1554 abbatis
915 1495 1130 1556 Temari
1154 1502 1491 1572 petitionem,
1521 1513 1690 1561 totum
1714 1507 1860 1562 illiilli
1886 1510 2059 1566 locum

471 1589 639 1645 certis
679 1589 941 1647 limitibus
981 1594 1368 1662 terminatum,
1421 1612 1542 1652 eum
1590 1600 1748 1664 cella,
1788 1612 2062 1660 annuente

473 1681 861 1739 archidiacono
891 1692 948 1739 et
985 1685 1212 1750 decano,
1246 1691 1674 1748 assentientibus
1697 1695 1862 1750 etiam
1895 1712 2063 1752 cano-

471 1769 616 1826 uicis
656 1772 830 1827 sancti
873 1772 1141 1846 Geugulii,
1188 1792 1309 1832 cum
1357 1783 1670 1851 praposito,
1719 1786 1775 1840 in
1823 1801 2056 1856 quorum

472 1862 774 1932 parochiali
810 1875 894 1920 est
925 1867 1225 1935 territorio,
1259 1871 1329 1926 ab
1363 1875 1512 1929 omni
1547 1875 1884 1945 subjectione
1918 1880 2062 1939 illius

471 1951 666 2008 matris
693 1953 935 2011 ecclesia
963 1957 1194 2014 liberum
1226 1962 1523 2021 reddimus.
1548 1965 1776 2024 Omnem
1813 1971 2057 2030 decima-

474 2043 682 2101 tionem
745 2047 1115 2120 cujuscunque
1157 2053 1236 2108 rei
1281 2055 1426 2112 intra
1473 2059 1774 2132 descriptos
1801 2068 2063 2124 terminos

474 2135 625 2192 cella
645 2139 1012 2196 concedimus.
1041 2139 1241 2201 Omnes
1268 2147 1531 2217 advenas,
1566 2153 1670 2209 nisi
1694 2157 1807 2210 sint
1839 2158 1906 2213 de
1941 2159 2060 2231 ipsa

471 2227 754 2296 parochia,
782 2230 872 2301 qui
913 2230 967 2285 in
991 2231 1105 2302 jam
1129 2234 1274 2292 dicto
1308 2238 1431 2296 loco
1457 2244 1796 2302 mansionem
1825 2227 2060 2322 accepe-

473 2319 606 2383 rint,
632 2335 662 2376 a
692 2320 825 2396 jugo
863 2328 1188 2400 antiquioris
1214 2331 1460 2390 ecclesia
1500 2337 1774 2406 absolutos
1800 2356 1920 2399 esse
1945 2319 2063 2400 om-

475 2413 610 2468 nino
637 2415 1000 2476 decernimus.
1031 2422 1101 2478 Et
1145 2432 1205 2482 ut
1249 2436 1442 2483 contra
1493 2429 1609 2488 hac
1659 2441 1862 2492 statuta
1913 2438 2061 2496 nulla

475 2503 767 2574 aliquando
821 2524 1118 2585 exsurgere
1151 2516 1348 2572 audeat
1402 2519 1650 2578 violenta
1717 2525 2060 2598 improbitas,

474 2609 668 2686 omnes
714 2599 808 2668 qui
859 2601 928 2658 de
981 2603 1066 2659 his
1107 2604 1323 2664 donatis
1380 2609 1585 2681 aliquid
1633 2614 2058 2686 substraxerint,

473 2685 695 2743 vinculo
749 2691 1114 2751 anathematis
1181 2697 1540 2769 innodamus;
1610 2715 1667 2760 ut
1737 2685 2062 2768 decursione

477 2786 783 2849 temporum
813 2783 881 2840 ab
916 2785 1154 2848 humana
1200 2794 1462 2850 memoria
1507 2796 1643 2853 nihil
1677 2798 1868 2856 horum
1890 2805 2062 2872 possit

476 2872 732 2930 excidere
760 2876 846 2932 vel
891 2881 1102 2950 augeri,
1150 2882 1256 2939 hac
1307 2887 1581 2958 scriptura
1631 2889 1934 2951 ﬁrmamus.
1989 2897 2060 2954 Ut

476 2965 842 3024 confundatur
868 2979 923 3026 et
962 2973 1301 3050 Obmutescat
1337 2981 1515 3037 omnis
1560 2981 1741 3041 invida
1770 2995 1825 3041 et
1866 3003 2060 3060 repens

473 3058 749 3126 judiciaiis
785 3063 1080 3132 calumnia,
1115 3076 1224 3124 tam
1268 3081 1469 3152 nostra
1496 3073 1751 3148 imaginis
1773 3058 2057 3138 notissima

475 3148 864 3221 assignatione,
919 3169 1082 3225 quam
1130 3149 1318 3218 talium
1368 3163 1645 3232 virorum,
1694 3169 1893 3238 quibus
1947 3188 2054 3227 non
2085 3193 2131 3258 ρ
2164 3152 2318 3258 mii-

477 3243 702 3301 credere
743 3245 896 3305 nefas
945 3260 1069 3318 est,
1112 3253 1355 3313 subnexa
1403 3258 1785 3343 testiﬁcatione
1838 3265 2060 3348 robora-

475 3349 618 3392 mus.

533 3431 758 3504 Signum
781 3435 1002 3494 Pibonis
1027 3439 1284 3512 episcopi.

477 3541 482 3544 ·
549 3523 703 3596 Sign.
735 3528 987 3586 Themari
1017 3532 1228 3591 abbatis
1253 3537 1427 3594 sancti
1455 3536 1734 3596 Mausueti.

553 3615 703 3687 Sign.
745 3619 937 3678 Seheri
960 3626 1175 3684 abbatis
1201 3629 1372 3686 sancti
1398 3629 1614 3686 Leonis.

553 3708 704 3779 Sign.
734 3711 976 3786 Hugonis
1000 3719 1318 3788 primicerii.

555 3799 710 3874 Sign.
741 3802 966 3864 Luctnlli
995 3812 1211 3890 decani.

555 3893 708 3966 Sign.
741 3897 958 3971 Riquini
997 3903 1383 3960 archidiaconi.

557 3987 712 4059 Sign.
743 3975 1010 4048 Brun‘onis
1047 3995 1411 4052 archidiaconi
1447 4011 1502 4052 et
1547 4002 1842 4081 prapositi.

556 4077 708 4150 Sign.
731 4082 1083 4141 Adelberonis
1110 4088 1497 4144 archidiaconi.
1680 4087 1687 4095 ’

475 4185 484 4189 ·
555 4170 708 4242 Sign.
739 4171 994 4245 Stephani
1023 4161 1412 4235 archidiaconi.

558 4257 710 4330 Sign.
741 4259 978 4333 liugonis
1002 4266 1389 4322 archidiaconi.

557 4350 712 4422 Sign.
740 4351 979 4410 Tecelini
1010 4357 1403 4412 archidiaconi.

557 4443 712 4515 Sign.
751 4445 1105 4504 Adelberonis
1130 4450 1436 4505 caucellarii

2161 602 2264 657 ego
2293 586 2426 644 Pibo
2448 589 2538 644 Dei
2564 592 2738 661 gratia
2769 591 3039 651 Tuliensis
3065 597 3212 652 sedis
3239 603 3446 668 praesul,
3472 586 3603 661 dedi'
3620 626 3692 666 ec.

2163 675 2342 731 ciesia
2381 677 2600 735 Sancta
2627 679 2833 744 Maria,
2861 699 2966 753 que
2993 694 3077 740 est
3108 686 3161 740 in
3187 685 3444 744 Molehme
3465 691 3692 770 (l’abbaye

2163 764 2230 820 de
2252 765 2529 841 Molesute)
2555 770 2750 839 altare,
2780 775 2925 842 quod
2960 776 3124 830 situm
3153 787 3238 832 est
3285 779 3336 834 in
3366 764 3693 847 Commarceio

2164 857 2232 912 ad
2272 857 2558 916 utilitatem
2590 864 2978 920 monachorum
3011 867 3144 922 inibi
3193 867 3305 924 Deo
3338 869 3690 935 famulantium.

2163 948 2298 1016 Quia
2325 964 2454 1006 vero
2479 953 2786 1009 canobium
2835 957 2963 1011 illud
2990 957 3059 1013 ad
3088 969 3326 1015 nostram
3371 973 3459 1018 aut
3484 967 3692 1028 ecclesia

2163 1048 2362 1096 nostra
2387 1055 2491 1096 nou
2515 1043 2708 1100 attinet
2737 1046 3154 1116 subiectionem,
3179 1052 3464 1110 statuimus
3487 1065 3539 1110 ut
3559 1073 3692 1130 supra

2160 1146 2386 1192 censum
2426 1131 2688 1200 debitum,
2717 1147 2916 1192 nostra
2949 1138 3160 1195 solvant
3204 1143 3320 1197 sedi
3353 1145 3556 1203 assidue
3597 1166 3692 1207 cum

2164 1224 2278 1294 ipso
2328 1241 2525 1291 censu,
2571 1243 2664 1284 sex
2708 1229 2978 1286 denarios.
3026 1231 3106 1288 Ne
3156 1234 3279 1303 quis
3315 1246 3491 1292 autem
3537 1244 3696 1299 amodo

2162 1314 2268 1371 hoc
2312 1315 2515 1378 donum
2553 1326 2647 1377 aut
2684 1329 2946 1376 statutum
3001 1323 3082 1376 vel
3122 1339 3228 1380 non
3283 1326 3354 1380 ita
3395 1327 3578 1385 factum
3603 1349 3696 1390 esse

2162 1404 2428 1472 intendat,
2455 1416 2550 1462 aut
2579 1408 2632 1464 id
2660 1409 2866 1466 violare.
2905 1424 3226 1481 prasumat,
3268 1419 3563 1475 curavimus
3594 1423 3696 1479 illud

2160 1499 2540 1567 corroborare,
2586 1510 2640 1560 et
2693 1505 2977 1572 prasentis
3023 1507 3289 1578 privilegii
3324 1513 3694 1583 conscriptione,

2161 1599 2216 1646 et
2240 1592 2411 1647 nostri
2435 1592 2596 1664 sigilli
2628 1595 3006 1666 impressione,
3025 1609 3080 1653 et
3105 1614 3295 1654 eorum
3323 1603 3413 1670 qui
3443 1605 3696 1679 subscripti

2160 1690 2438 1748 sunt,tam
2468 1685 2792 1742 clericorum
2823 1704 2984 1759 quam
3015 1689 3273 1746 laicorum
3294 1693 3484 1750 idonea
3510 1705 3697 1753 attesta-

2161 1773 2328 1830 tione.

2093 1849 2136 1904 Β
2235 1863 2412 1934 Testes
2437 1867 2564 1925 doni
2599 1869 2811 1938 prioris.
2847 1869 2961 1943 Sig.
2993 1871 3212 1942 Riquiui
3243 1875 3611 1955 archidiaconi.

2235 1957 2384 2031 Sign.
2425 1958 2649 2016 Gerardi
2679 1963 2916 2018 comitis.

2235 2048 2387 2122 Sign.
2426 2051 2683 2108 Reiuardi
2715 2054 2951 2109 comitis.

2234 2140 2388 2213 Sign.
2429 2141 2664 2198 Odelrici
2692 2145 2910 2200 comitis
2935 2146 3002 2205 de
3031 2146 3291 2204 Brisseio.

2233 2228 2381 2302 Sign.
2425 2229 2682 2288 Godberti
2710 2233 2776 2288 de
2799 2234 3244 2304 Aspero-monte.

2236 2319 2412 2400 Testes
2447 2324 2572 2378 doni
2604 2326 2853 2388 renovati.
2877 2327 3174 2400 ltctnsigu.
3207 2327 3430 2399 liiquiui
3461 2331 3645 2392 πουίά

2235 2399 2393 2485 Sign.
2435 2412 2698 2471 Tasseliui
2728 2416 2941 2482 archid.

2235 2503 2389 2577 Sign.
2432 2504 2694 2578 Stephani
2725 2509 2932 2564 archid.

2235 2599 2388 2673 Sign.
2431 2600 2714 2658 Ramboldi
2746 2603 3075 2666 caucellarii.

2235 2689 2385 2762 Sign.
2426 2689 2652 2752 Joannis
2674 2693 2885 2749 decani.

2235 2782 2390 2854 Sign.
2431 2783 2690 2840 Bernardi
2727 2787 3049 2851 sacerdotis.

2233 2875 2386 2947 Sign.
2426 2876 2660 2934 Edelrici
2691 2879 2757 2934 de
2785 2879 2995 2942 Rinnel.

2233 2965 2385 3038 Sign.
2428 2965 2645 3024 Henrici
2671 2969 2916 3026 advocati
2946 2972 3186 3030 Tulleus.

2233 3058 2384 3130 Sign.
2429 3058 2683 3130 Sigillridi
2701 3070 2754 3116 et
2775 3060 3014 3132 Hugonis
3035 3065 3196 3122 villici
3213 3076 3268 3122 et
3283 3066 3704 3129 Godherticame-

2235 3243 2443 3308 Donum
2486 3252 2804 3308 renovatum
2849 3255 3032 3304 actum
3079 3258 3162 3306 est
3211 3265 3362 3307 anno
3402 3254 3469 3309 ab
3492 3252 3707 3309 Incurua-

2163 3335 2310 3391 tione
2375 3333 2588 3391 Domini
2639 3336 2808 3404 £096,
2865 3339 3160 3396 indictione
3214 3358 3289 3409 tv,
3348 3353 3533 3414 epacta
3585 3361 3707 3407 xxiv,

2159 3439 2486 3486 occurrente
2519 3448 2580 3495 n,
2628 3428 2847 3486 Urbano
2881 3447 3042 3503 papa,
3084 3432 3288 3491 Pibone
3334 3437 3602 3507 episcopo,
3643 3451 3710 3491 re.

2159 3531 2362 3593 gnanle
2412 3521 2646 3580 Henrico
2679 3523 2765 3589 IV,
2817 3523 3144 3594 imperatore
3167 3566 3183 3591 ,
3212 3527 3356 3582 duce
3387 3527 3713 3596 Theoderico,

2161 3615 2359 3670 comite
2410 3616 2703 3679 Reinardo,
2735 3615 2936 3687 ubique
2982 3626 3242 3688 regnante
3290 3617 3520 3677 Domino
3556 3631 3718 3684 nostro,

2158 3702 2284 3760 Jesu
2319 3703 2555 3770 Christo,
2579 3707 2666 3762 cui
2699 3707 2769 3762 sit
2791 3708 2984 3773 honor,
3015 3707 3136 3763 laus
3157 3720 3213 3765 et
3233 3709 3405 3780 gloria
3436 3727 3530 3782 per
3555 3711 3712 3768 omnia

2161 3793 2355 3856 sacula
2389 3795 2729 3860 saeculorum.
2764 3798 2961 3854 Anien.

2892 3890 2984 3946 XI.

2165 3977 2432 4036 Fundalio
2451 3982 2715 4050 prioratus
2755 3980 2814 4036 S.
2863 3981 3053 4037 Jacobi
3102 3985 3157 4038 in
3195 3983 3430 4042 Castalio
3466 3985 3611 4041 Novo
3635 3999 3712 4055 pro

2477 4069 2686 4126 abbatia
2712 4069 2774 4126 S.
2814 4070 3392 4131 MansuetiTnllemis.

2755 4165 2936 4235 (Anno
2967 4166 3148 4236 1097.)

2447 4259 2602 4333 [Dom
2630 4259 2854 4317 CALIET
2884 4263 2972 4317 ubi
3016 4280 3198 4333 supra,
3224 4280 3278 4334 p.
3315 4264 3468 4338 509.]

2238 4351 2514 4408 Universis
2543 4354 2870 4410 Christiana
2917 4355 3192 4427 religionis
3241 4357 3566 4422 cultoribus,
3607 4355 3716 4410 Prae

2165 4443 2435 4501 Tullensis
2464 4445 2726 4502 Ecclesia.
2758 4447 2851 4503 Dei
2892 4449 3066 4518 gratia
3095 4448 3462 4518 dispensator,
3498 4448 3716 4510 salutem,

555 4535 662 4591 Ista
703 4537 922 4608 quidem
969 4547 1188 4608 peracta
1237 4549 1364 4596 sunt
1412 4542 1466 4597 in
1522 4542 1760 4600 Tulleusi
1811 4548 1958 4612 sede,
2010 4549 2063 4602 in
2096 4548 2224 4620 Det
2251 4539 2516 4608 simplicis
2545 4539 2793 4595 veritatis
2824 4540 3091 4608 integram
3121 4541 3496 4598 dilectionem.

486 4625 718 4682 ecclesia
794 4627 1002 4698 majore
1053 4642 1151 4684 vtu
1197 4629 1469 4689 Kalendas
1515 4632 1733 4702 Martii,
1785 4636 1837 4690 in
1888 4638 2067 4706 capite

2242 4626 2461 4683 Pietatis
2482 4638 2536 4682 et
2558 4628 2712 4684 bona
2739 4629 2968 4685 actionis
2991 4628 3168 4685 ofﬁcia
3200 4639 3354 4688 tanto
3379 4633 3552 4703 magis
3577 4643 3719 4700 appi-

485 4715 856 4788 jejuniorum,
911 4719 1163 4776 audiente
1207 4721 1383 4790 clero,
1434 4735 1491 4782 et
1545 4727 1828 4784 innumera
1895 4729 2061 4799 plebis

2171 4729 2284 4773 tere
2335 4728 2389 4773 et
2443 4719 2694 4788 amplecti
2757 4719 2916 4776 debet
2959 4719 3202 4776 omnium
3253 4721 3494 4777 ﬁdelium
3551 4720 3718 4775 devota

482 4810 852 4876 multitudine,
893 4824 1038 4866 anno
1089 4811 1158 4867 ab
1203 4813 1577 4874 lncarnatione
1626 4818 1834 4876 Domini
1889 4821 2066 4889 1095,

483 4901 846 4959 ordinationis
896 4923 1027 4966 vero
1071 4914 1270 4962 nostra
1305 4922 1450 4964 anno
1497 4924 1645 4976 xxiv,
1678 4910 1972 4969 indictione
2002 4930 2074 4993 n,_

487 4995 626 5051 feria
657 5013 734 5065 tv,
759 5007 1121 5055 concurrente
1145 5015 1199 5065 v,
1227 4997 1366 5053 luna
1404 5016 1487 5067 lli,
1512 5004 1701 5071 epac’ta
1734 5019 1770 5080 l.

1235 5091 1303 5146 Χ.

770 5181 1103 5254 Privilrgium
1131 5202 1224 5254 pro
1246 5185 1460 5240 ecclesia
1487 5185 1547 5242 S.
1575 5185 1782 5242 Maria'.

1086 5277 1264 5348 (Auno
1295 5278 1475 5349 1096.)

835 5367 992 5441 [Dom
1023 5367 1266 5433 ΟΑωιΕτ,
1293 5370 1445 5438 ibid.,
1480 5387 1532 5440 p.
1561 5371 1708 5444 502.]

555 5463 610 5516 In
661 5463 874 5516 nomine
919 5463 1128 5518 Domini
1160 5464 1354 5517 summi
1397 5473 1453 5518 et
1482 5465 1594 5518 veri
1634 5463 1747 5518 Dei.
1775 5465 2062 5532 Quoniam,

482 5566 544 5610 ut
573 5556 790 5625 quidam
843 5557 1058 5627 sapiens
1105 5557 1200 5621 ait,
1246 5557 1534 5626 pulchrum
1581 5569 1664 5614 est
1701 5561 1838 5613 bene
1888 5558 2067 5614 facere

489 5649 773 5704 mundana
814 5647 1142 5716 reipublica,
1171 5655 1384 5703 constat
1429 5663 1640 5704 summe
1684 5648 1968 5719 pulchrum
2009 5657 2067 5704 et

487 5739 703 5793 salubre
731 5754 850 5793 esse
876 5738 928 5792 id
960 5738 1076 5792 ﬁeri
1101 5737 1364 5808 spirituali
1393 5747 1449 5796 et
1471 5739 1664 5795 divina
1693 5739 1877 5796 curia.
1918 5739 2065 5808 Qua-

486 5840 702 5902 propter
727 5832 972 5888 voluutus
1004 5842 1189 5888 notum
1229 5846 1349 5891 esse
1397 5830 1645 5889 omnibus
1691 5840 1888 5887 nostra
1927 5830 2063 5888 dim-

2169 4807 2402 4874 aii‘ectio,
2443 4819 2648 4879 quanto
2687 4811 2860 4884 magis
2913 4825 3021 4866 non
3055 4812 3454 4881 asperuabilem
3505 4811 3720 4867 honeste

2167 4900 2437 4971 opinionis
2460 4901 2680 4958 odorem
2710 4903 2868 4974 longe
2887 4912 2940 4958 et
2970 4903 3077 4959 late
3097 4902 3426 4969 diifuuduut,
3455 4915 3510 4960 et
3533 4901 3720 4958 deside-

2167 4992 2394 5049 rabilem
2449 4995 2753 5058 animarum
2802 4994 3252 5063 vivificatiouem,
3294 5007 3350 5052 et
3403 4993 3721 5067 postmodum

2167 5100 2455 5157 corporum
2486 5088 2879 5160 reparationem
2908 5087 3206 5146 efﬁcaciter
3236 5099 3551 5162 operantur.
3589 5085 3722 5142 Unde

2169 5193 2271 5237 nos
2295 5193 2432 5249 quos
2467 5194 2710 5236 summus
2760 5180 2848 5236 ille
2875 5189 3031 5251 pater
3076 5181 3336 5260 familias,
3374 5181 3584 5236 utinam
3630 5189 3721 5230 non

2168 5269 2236 5325 ad
2256 5269 2542 5340 judicium,
2578 5271 2632 5328 in
2683 5271 2842 5328 domo
2889 5288 2988 5328 sua
3033 5271 3397 5342 speculatores
3447 5269 3640 5342 posuit,
3666 5280 3721 5318 eo

2167 5362 2488 5432 propensius
2517 5362 2573 5417 in
2617 5362 2779 5433 hujus
2807 5364 2968 5420 stadii
3006 5379 3168 5421 cursu
3215 5363 3459 5436 legitime
3483 5355 3720 5418 certando

2166 5461 2422 5514 convenit
2460 5457 2699 5528 reliquos
2729 5457 2954 5523 anteire,
2983 5472 3092 5527 quo
3118 5472 3222 5512 non
3249 5455 3422 5512 solum
3455 5454 3525 5510 de
3555 5449 3718 5512 nobis,

2167 5567 2356 5608 verum
2378 5550 2542 5606 etiam
2572 5551 2638 5605 de
2661 5550 2915 5605 omnibus
2935 5563 3072 5619 quos
3095 5548 3357 5620 regendos
3379 5556 3438 5601 et
3463 5543 3720 5613 corrigen-

2167 5645 2266 5701 dos
2315 5642 2671 5712 suscepimus,
2698 5641 2744 5697 si
2773 5640 3025 5697 desidiosi
3053 5639 3490 5712 apparuerimus,
3527 5634 3719 5690 tandem

2169 5734 2256 5791 ille
2284 5732 2375 5804 qui
2403 5732 2698 5799 commisit,
2727 5733 2899 5788 iratus
2925 5733 3108 5804 exiget
3135 5732 3419 5787 rationem.

2236 5828 2436 5886 Audito
2463 5827 2646 5899 itaque
2684 5835 2735 5886 et
2762 5835 2984 5898 accepto
3005 5826 3308 5895 apostolica
3335 5815 3720 5896 praedicationis
