4106 6356
56 3919 64 4296 μ

56 4301 70 4844 l

55 4977 70 5482 ι

399 307 512 370 45⁸3
1837 317 2248 374 DIPLOMATA.
3561 307 3657 363 ‘53

391 430 692 498 praeconio,
743 431 886 500 quod
935 445 1040 485 non
1097 439 1185 486 est
1233 433 1373 503 apud
1420 433 1587 491 Deum
1631 450 1984 506 personarum
2012 440 2060 498 Α
2088 432 2372 492 dimidium
2410 445 2680 497 mansum,
2714 438 2769 486 et
2797 435 3008 500 pratum
3038 427 3339 494 dimidium,
3369 429 3508 502 quod
3536 445 3661 500 por-

401 522 664 592 acceptio,
706 522 989 590 cujusdam.
1033 523 1286 593 pauperis
1321 533 1376 580 et
1401 527 1604 584 exsulis
1633 543 1821 599 preces
1854 543 1977 583 cum

399 613 682 671 alacritate
727 615 1088 685 suscepimus,
1109 625 1165 669 et
1187 617 1256 670 ad
1284 615 1398 686 ejus
1425 619 1742 688 petitionem
1763 661 1780 686 ,
1809 621 1978 676 inter-

387 711 654 766 veniente
675 709 989 767 Grimbaldo
1017 711 1235 778 abbate,
1264 713 1318 766 in
1344 713 1496 781 cujus
1527 715 1690 770 tutela
1719 729 1778 770 se
1806 723 1861 771 et
1881 732 1978 772 sua

392 803 622 858 omnino
662 801 1178 868 commendaverat,
1210 803 1496 859 ecclesiam
1541 820 1703 875 quam
1759 807 1872 876 ipse
1923 809 1978 862 in

399 902 586 948 monte
617 891 747 948 Sion
776 891 1160 958 zediﬁcaverat,
1191 892 1324 949 cieri
1369 895 1540 950 nostri
1567 896 1796 953 consilio
1826 899 1979 954 dedi-

396 985 659 1040 cavimus.
700 983 801 1040 Hic
834 984 1034 1042 etenim
1069 999 1274 1054 pauper
1309 985 1478 1042 Ursus
1500 1027 1516 1053 ,
1545 989 1773 1044 natione
1807 990 1980 1045 Bene-

397 1082 665 1128 ventanus
693 1111 712 1140 ,
784 1072 1078 1129 multorum
1163 1073 1402 1130 locorum
1483 1078 1980 1147 opportunitatibus

395 1162 712 1233 exploratis,
743 1164 1060 1234 prtedictnm
1108 1174 1346 1220 montem
1383 1169 1664 1237 praposito
1717 1184 1816 1224 suo
1846 1185 1978 1225 con-

395 1269 587 1325 gruum
608 1265 831 1312 remota:
850 1255 1251 1312 conversationi
1278 1271 1390 1312 sua:
1415 1259 1710 1330 praeelegit,
1725 1259 1980 1331 reliquias

395 1346 571 1402 sancti
599 1345 783 1402 Jacobi
833 1347 1062 1417 apostoli
1087 1362 1225 1417 quas
1250 1363 1434 1404 secum
1461 1350 1662 1407 habere
1702 1354 1990 1420 credebat,

394 1436 594 1494 ibidem
623 1439 892 1508 deposuit,
919 1438 988 1493 ab
1013 1438 1140 1504 illis,
1159 1440 1252 1510 qui
1277 1455 1404 1496 eum
1431 1443 1804 1514 temporaliter
1823 1446 1978 1514 quasi

396 1531 718 1588 beneficium
744 1532 1110 1602 possidebant,
1128 1533 1401 1590 licentiam
1424 1536 1694 1593 incolendi
1718 1539 1974 1606 obtinuit;

396 1624 490 1678 sed
551 1640 674 1680 cum
727 1640 825 1694 pro
866 1624 1218 1695 reliquiarum
1256 1631 1598 1697 reverentia,
1638 1639 1694 1687 et
1736 1632 1979 1688 novitate

395 1713 522 1781 loci,
547 1715 1295 1788 innumerabilisjpopulorum
1330 1721 1484 1775 turba
1507 1721 1632 1776 illuc
1658 1723 1974 1788 conflueret,

2084 536 2161 582 tat
2184 542 2236 582 tv
2272 533 2514 580 carratas
2543 523 2676 590 feni,
2722 532 2779 579 et
2805 521 3070 594 quidquid
3098 522 3274 578 allodii
3308 523 3576 583 habebant
3603 526 3657 580 in

2085 629 2285 674 monte.
2314 617 2466 688 Hugo
2495 616 3274 686 quondam......................
3317 617 3660 672 Camerarius

2082 711 2229 769 dedit
2260 710 2310 764 in
2337 711 2527 765 eadem
2555 707 2690 762 villa
2715 724 2786 762 vn
2827 717 3009 763 curtos
3034 723 3271 773 mansos,
3295 718 3348 763 et
3369 709 3658 779 mancipia,

2083 807 2400 871 Erundum,
2441 803 2828 868 Benhelinum,
2881 803 3248 867 Bernardum,
3310 819 3432 858 cum
3483 805 3662 864 uxori-

2080 899 2182 958 bus
2211 908 2266 954 et
2300 897 2454 964 filiis,
2478 904 2536 951 et.
2577 893 2798 964 reliquis
2850 894 3134 963 utriusque
3176 911 3370 958 sexus,
3409 903 3463 949 et
3507 911 3658 953 matt-

2081 1004 2200 1044 sum
2234 989 2286 1044 in
2321 1003 2428 1058 quo
2452 996 2537 1042 est
2565 984 3040 1051 molendinum,,et
3073 993 3266 1052 terras,
3298 994 3351 1039 et
3381 994 3533 1055 prata
3571 985 3656 1044 in-

2083 1089 2230 1151 tegre
2282 1081 2408 1136 huic
2482 1095 2672 1136 manso
2736 1078 3138 1152 appendentia,
3195 1078 3660 1136 consentientibus

2082 1171 2366 1241 nepotibus
2393 1173 2526 1239 suis,
2571 1174 2779 1230 duobus
2825 1171 3351 1236 fratibushAlberico
3391 1171 3577 1233 milite,
3605 1181 3662 1225 et

2081 1260 2303 1330 llugone
2330 1263 2632 1328 sacerdote,
2664 1272 2889 1332 accepto
2919 1277 2974 1319 a,.
2996 1261 3285 1321 Thiemaro
3310 1260 3503 1315 abbate
3533 1275 3660 1313 ceu-

2083 1361 2195 1406 tum
2223 1351 2516 1407 solidorum
2541 1353 2734 1421 pretio,
2759 1361 2814 1406 et
2837 1367 2866 1405 a
2884 1349 2997 1421 jam
3023 1350 3167 1405 dicto
3188 1350 3411 1420 Hugone
3443 1360 3660 1420 recepto

2079 1458 2238 1499 servo
2283 1453 2339 1499 et
2390 1443 2605 1509 ancilla,
2634 1460 2758 1499 cum
2809 1443 3124 1505 infantibus,
3153 1451 3208 1497 et
3241 1442 3448 1498 duobus
3488 1443 3661 1498 curtis

2079 1535 2284 1591 mausis
2315 1536 2415 1591 hac
2443 1535 2750 1591 conditione
2783 1519 3029 1590 retentis.
3066 1533 3358 1604 Presbyter
3388 1542 3500 1587 tota
3526 1533 3659 1598 vita,

2079 1629 2310 1700 singulis
2364 1629 2526 1685 annis
2571 1629 2853 1684 denarium
2897 1628 3023 1682 inde
3079 1625 3367 1696 persolvet,
3401 1625 3544 1696 quod
3593 1641 3661 1681 eo

2081 1720 2332 1777 defuncto
2381 1720 2588 1791 reliquo
2641 1719 2841 1774 allodio
2894 1718 3301 1790 redintegrabit,
3331 1718 3581 1774 similiter
3607 1728 3664 1774 et

394 1807 579 1862 divino
604 1824 828 1863 munere
857 1809 997 1864 idem
1027 1824 1232 1880 pauper
1259 1811 1602 1880 sublevatur,
1632 1823 1689 1869 et
1721 1813 1976 1885 frequen-
2007 1793 2050 1852 Β
2080 1812 2144 1868 de
2174 1812 2362 1876 milite,
2391 1811 2434 1866 si
2463 1811 2581 1866 sine
2609 1811 2820 1866 herede
2845 1810 3086 1880 legitimo
3112 1810 3392 1866 morietur.

401 1896 611 1952 tissima
659 1899 1205 1954 circummanentium
1257 1901 1570 1958 visitatione
1644 1912 1700 1958 et
1745 1903 1976 1976 impulsu

395 1986 756 2054 confortatur,
787 1987 1100 2053 ecclesiam,
1125 1992 1340 2059 qualem
1367 1993 1563 2062 potuit,
1592 1993 1700 2050 illic
1725 2005 1980 2052 constru-

395 2078 498 2145 xit,
525 2077 700 2133 locmn
718 2079 887 2144 illum,
903 2082 1044 2136 sicut
1057 2083 1208 2148 olim,
1225 2083 1582 2139 inhabitatum
1603 2100 1724 2140 esse
1737 2095 1976 2156 putatur,

393 2177 450 2223 et
471 2169 648 2226 adhuc
669 2186 865 2242 aggere
888 2173 1122 2244 lapidum
1153 2176 1308 2244 quasi
1338 2191 1494 2231 muro
1520 2176 1810 2243 clauditur,
1837 2182 1976 2250 apud

396 2262 518 2316 illos
541 2262 595 2317 in
620 2277 849 2332 quorum
881 2275 1149 2334 potestate
1193 2278 1336 2334 erat,
1361 2277 1421 2323 ut
1445 2269 1687 2324 ecclesiae
1718 2279 1773 2325 et
1813 2271 1869 2325 in
1908 2288 1972 2327 ea

395 2353 632 2408 Domino
657 2357 1020 2413 servientibus
1059 2359 1421 2415 dedicationis
1478 2371 1745 2432 tempore,
1784 2372 1976 2419 nostro

395 2459 620 2500 assensu
649 2445 953 2502 traderetur
975 2447 1177 2516 eﬂ‘ecit,
1201 2467 1366 2522 quam
1394 2452 1552 2508 beato
1575 2452 1852 2510 Mansuete
1867 2455 1977 2510 sic-

396 2547 453 2591 ut
472 2537 524 2591 in
542 2552 604 2592 ea
625 2539 875 2594 monachi
911 2541 1285 2598 stabilireutur
1309 2555 1569 2616 perpetuo
1594 2547 1976 2617 possidendam

391 2643 492 2698 per
513 2645 730 2685 manum
759 2641 1002 2689 nostram
1035 2635 1286 2692 tradidit.

469 2717 603 2773 Cum
636 2735 762 2775 vero
792 2720 993 2778 fratres
1019 2732 1076 2778 et
1100 2723 1203 2780 loci
1233 2725 1423 2782 incolae
1447 2743 1556 2797 pra:
1579 2729 1698 2798 ejus
1721 2729 1978 2788 ariditate

394 2807 534 2864 infra
557 2811 806 2882 preprios
831 2814 1095 2871 terminos
1123 2831 1322 2887 aquam
1347 2821 1710 2875 necessariam
1741 2837 1850 2877 non
1881 2822 1974 2878 ha-

391 2899 606 2968 berent,
642 2905 846 2960 aditum
896 2908 964 2962 ad
993 2906 1194 2963 fontem
1232 2912 1324 2981 qui
1374 2911 1428 2966 in
1455 2912 1721 2969 descensu
1752 2915 1974 2984 montis,

390 2994 607 3050 illorum
638 2999 858 3053 vesania
901 2999 954 3053 in
995 3015 1224 3069 qttorum
1253 3003 1433 3058 alodio
1461 3013 1602 3069 erat,
1634 3005 1974 3062 humanitate

389 3087 688 3156 postposita
711 3104 808 3158 per
831 3089 1142 3148 violentiam
1177 3092 1500 3149 interclusit.
1529 3094 1630 3161 Qui
1662 3110 1759 3164 pro
1789 3112 1850 3150 ea
1879 3097 1967 3151 in-

389 3177 689 3244 spiratione
742 3179 924 3235 divina
993 3184 1270 3257 correcti,
1320 3183 1572 3240 Aidricus
1639 3185 1848 3243 scilicet
1903 3188 1970 3244 de

389 3270 632 3341 Syonna,
658 3288 781 3328 cum
811 3290 982 3331 uxore
1027 3288 1084 3331 et
1125 3275 1274 3343 ﬁliis,
1298 3275 1580 3332 Odelricus
1615 3286 1671 3332 et
1711 3277 1971 3335 Ahelinus

390 3373 592 3420 terram
616 3367 670 3421 in
715 3381 821 3436 qua
849 3366 970 3424 fons
1003 3378 1111 3434 est,
1142 3369 1274 3424 etin
1302 3383 1408 3439 qua
1432 3369 1588 3424 vinea
1615 3381 1799 3438 postea
1825 3369 1968 3426 facta

385 3465 490 3523 est,
518 3467 574 3512 et
621 3459 878 3528 quidquid
925 3459 1197 3516 habebant
1240 3461 1296 3516 in
1327 3469 1532 3525 monte,
1559 3461 1736 3518 eidem
1763 3460 1969 3518 cellulze

385 3559 794 3604 concesserunt.

458 3639 616 3696 Dedit
662 3641 825 3696 etiam
868 3640 998 3696 huic
1037 3639 1282 3700 ecclesias
1325 3639 1578 3698 Albricus
1623 3640 1690 3694 de
1723 3639 1968 3712 llaynol—

385 3731 511 3786 villa
543 3747 643 3802 pro
691 3733 978 3790 animabus
1015 3733 1186 3803 patris
1234 3733 1315 3788 sui
1343 3732 1675 3799 Framberti,
1697 3741 1750 3788 et
1779 3735 1968 3790 matris

385 3841 498 3883 suae
556 3826 738 3893 Dadze,
770 3835 827 3882 et
878 3824 1070 3884 fratris
1108 3827 1194 3886 sui
1237 3827 1594 3892 Theoderici,
1635 3829 1726 3898 qui
1769 3829 1967 3885 ibidem

384 3921 579 3990 sepulti
621 3931 767 3989 sunt,
817 3920 1162 3976 medietatem
1202 3920 1365 3976 totius
1406 3919 1559 3974 fundi
1609 3935 1771 3990 quem
1813 3930 1969 3990 pater

383 4010 501 4079 ejus
530 4011 720 4066 habuit
754 4013 807 4066 in
864 4011 989 4066 villa
1033 4010 1269 4076 Rossoil,
1305 4026 1430 4069 cum
1462 4026 1518 4070 tv.
1546 4011 1768 4077 mansis,
1814 4027 1967 4066 man-

384 4105 689 4172 sionilibus,
719 4114 774 4160 et
821 4104 1105 4162 dimidium
1157 4104 1548 4168 molendinum,
1598 4118 1722 4158 cum
1757 4105 1966 4162 duobus

385 4196 692 4251 hominibus
739 4195 1024 4265 llerberto,
1058 4197 1320 4268 Seyardo,
1354 4204 1410 4252 et
1459 4195 1659 4252 femina
1687 4195 1968 4267 Wigerda,

381 4298 434 4343 et
465 4288 580 4345 fere
604 4287 739 4344 duas
772 4301 955 4359 partes
999 4289 1149 4343 silvze
1182 4305 1302 4360 qua:
1357 4296 1442 4344 est
1471 4288 1525 4344 in
1559 4288 1786 4350 australi
1811 4297 1965 4359 parte

381 4381 622 4450 ejusdem
669 4383 886 4436 montis.
915 4370 1190 4442 Walterus
1225 4382 1292 4437 de
1344 4379 1504 4438 Monh
1545 4382 1692 4436 dedit
1741 4389 1965 4452 quarta-

2152 1903 2427 1958 Widricus
2469 1912 2530 1960 et
2571 1903 2824 1958 Albricus
2879 1903 2946 1957 de
2998 1901 3317 1958 Paterniaco
3336 1945 3362 1970 ,,
3388 1911 3662 1960 annuente

2079 1997 2268 2051 eodem
2314 1994 2574 2067 Hugone,
2611 1995 2876 2050 dederunt
2919 1993 3158 2050 funditus
3194 1994 3249 2050 in
3302 1994 3424 2049 villa
3471 1997 3660 2050 eadem

2079 2087 2342 2158 quidquid
2375 2085 2745 2156 possidebant,
2775 2086 2908 2144 etin
2935 2085 3255 2148 Raterniaco
3277 2102 3492 2145 servum
3521 2085 3662 2140 Πεπ-

2079 2178 2296 2232 denum.
2333 2175 2597 2232 Rodull‘us
2645 2176 2712 2231 de
2753 2174 2975 2230 Sorceio
3017 2184 3232 2239 ettuxor
3255 2175 3373 2244 ejus
3397 2176 3662 2230 dederunt

2081 2285 2158 2324 xu
2209 2267 2420 2336 jugera.
2468 2268 2674 2338 Drogo,
2709 2266 3008 2332 Rainerns,
3047 2267 3312 2323 lleuricus
3355 2267 3559 2323 fratres
3606 2270 3661 2323 in

2079 2360 2205 2415 villa
2231 2359 2448 2431 Syonna
2473 2359 2738 2416 dederunt
2757 2375 2923 2414 unum
2952 2360 3308 2430 quartarium.
3326 2358 3481 2428 Apud
3497 2359 3658 2415 Μυιιιι

2080 2452 2134 2504 in
2187 2452 2408 2506 Estraes
2453 2451 2521 2507 ad
2560 2464 2799 2520 praesens
2833 2451 2998 2507 totius
3033 2451 3185 2507 fundi
3217 2451 3296 2506 sui
3342 2451 3448 2508 hoc
3503 2463 3659 2522 pacto

2080 2544 2430 2599 medietatem
2451 2585 2465 2610 ,
2497 2553 2558 2600 ut
2577 2547 2624 2600 si
2653 2549 2857 2618 absque
2887 2544 3139 2616 legitimis
3168 2545 3294 2600 filiis
3328 2546 3395 2601 de
3421 2546 3523 2600 hac
3548 2547 3660 2601 vita

2077 2634 2426 2700 decesserint,
2453 2651 2578 2707 pars
2600 2637 2804 2708 reliqua
2830 2638 3067 2708 priorem
3078 2645 3364 2708 sequatur.
3393 2637 3450 2692 lu
3471 2638 3660 2694 eadem

2076 2725 2200 2780 villa
2228 2725 2492 2782 lleuricus
2525 2729 2810 2801 presbyter
2845 2729 3062 2784 vineam
3092 2744 3252 2790 unam
3280 2739 3336 2784 et
3367 2728 3660 2785 Malbertus

2075 2817 2337 2887 quidquid
2363 2818 2415 2872 in
2450 2819 2552 2874 hac
2580 2819 2704 2874 villa
2751 2820 3004 2874 habebat.
3046 2819 3378 2881 Additafuit
3397 2821 3560 2876 etiam
3591 2821 3658 2876 ad

2077 2924 2206 2964 usus
2250 2909 2478 2965 fratrum
2509 2911 2855 2982 dispensante
2891 2911 3112 2970 domino
3141 2911 3352 2968 abbate.
3381 2910 3654 2978 Tiemaro,

2076 3000 2307 3056 ecclesia
2334 3003 2400 3057 de
2430 3002 2528 3070 Bu,
2561 3019 2720 3073 quam
2765 3003 2913 3059 dedit
2941 3002 3258 3062 Walfridus,
3288 3003 3558 3062 Allodium
3589 3005 3658 3059 de

2075 3093 2257 3160 Buris,
2280 3096 2422 3165 quod
2467 3095 2614 3150 dedit
2671 3094 3035 3166 Angilbertus.
3071 3095 3358 3155 Allodium.
3383 3097 3449 3150 de
3478 3094 3656 3152 Lizei-

2072 3185 2224 3249 villa,
2254 3185 2397 3255 quod
2456 3186 2604 3240 dedit
2652 3184 2852 3241 Sancto
2902 3184 3531 3247 MansuetusMorundus
3588 3187 3656 3242 de

2070 3275 2310 3344 Aquaso,
2342 3284 2397 3330 et
2427 3275 2745 3347 Rodulphus
2777 3277 2842 3331 de
2887 3275 3220 3336 Gertuineio.
3267 3275 3537 3332 Allodium
3587 3277 3655 3332 de

2068 3367 2405 3432 Allinivilla,
2445 3382 2567 3424 cum
2631 3367 2918 3436 mancipiis
2969 3367 3247 3438 utriusque
3299 3382 3485 3433 sexus,
3509 3370 3655 3437 quod

2069 3458 2510 3515 deditWidrieus
2569 3461 2634 3515 de
2676 3459 3032 3516 Deusluwart.
3065 3459 3335 3515 Allodium
3362 3461 3427 3515 de
3474 3459 3651 3526 Lifou,

2068 3551 2211 3618 quod
2235 3551 2382 3606 dedit
2405 3551 2764 3614 Baldowinus.
2793 3551 3058 3606 Allodium
3078 3551 3144 3606 de
3170 3550 3313 3606 Sulz.
3339 3551 3483 3621 quod
3506 3551 3652 3606 dedit

2070 3643 2359 3700 Walterus.
2388 3645 2658 3700 Allodium
2708 3645 2776 3700 de
2824 3644 3174 3708 Seroltmunt,
3204 3645 3346 3715 quod
3374 3644 3518 3700 dedit
3545 3643 3669 3700 Roo.

2067 3733 2280 3800 bertus,
2321 3743 2378 3788 et
2404 3749 2540 3788 uxor
2583 3737 2699 3812 ejus
2726 3749 2825 3804 pro
2864 3749 2923 3789 se
2972 3745 3026 3789 et
3078 3733 3361 3789 animabus
3419 3733 3668 3794 fratrum...

2067 3840 2308 3884 suorum,
2329 3825 2480 3896 Apud
2501 3825 2790 3882 Marceium
2811 3835 3003 3895 quarta
3026 3843 3154 3894 pars
3183 3825 3366 3881 allodii
3385 3824 3643 3891 Widrici,

2067 3934 2228 3989 quam
2254 3919 2400 3974 dedit
2447 3919 2559 3988 ipse
2591 3919 2644 3973 in
2676 3920 2824 3974 omni
2862 3935 2995 3984 usu;
3040 3919 3248 3974 addidit
3286 3921 3506 3990 insuper
3533 3934 3649 3976 ser.-

2068 4024 2190 4062 vum
2221 4019 2277 4063 et
2303 4009 2572 4074 ancillam,
2607 4026 2728 4064 cum
2758 4009 2886 4064 ﬁliis
2913 4019 2968 4064 et
2995 4009 3180 4064 fundo.
3211 4011 3482 4066 Allodium
3503 4013 3649 4080 quod

2073 4098 2220 4162 dedit
2249 4097 2535 4158 Odelricus
2559 4099 2626 4154 de
2657 4099 2820 4154 Munh
2842 4108 2898 4154 et
2936 4115 3070 4155 uxor
3092 4099 3226 4169 ejus,
3257 4103 3398 4172 apud
3425 4102 3645 4161 Bunne-

2067 4200 2248 4248 court.

2135 4283 2244 4337 Nos
2271 4297 2400 4338 vero
2439 4282 2508 4338 de
2545 4283 2822 4353 temporali
2873 4281 3045 4353 hujus.
3060 4283 3305 4340 ecclesiae
3334 4296 3642 4355 crementa,

2065 4385 2118 4431 ct
2141 4376 2377 4431 maxime
2399 4378 2466 4432 de
2489 4377 2754 4447 spirituali
2783 4379 3075 4435 multorum
3099 4389 3354 4450 provectu
3372 4381 3644 4454 gratulan-

383 4477 522 4528 rium
554 4484 734 4540 terrae,
786 4485 841 4530 et
897 4475 1136 4544 quinque
1182 4483 1368 4532 curtos
1396 4486 1635 4537 mansos,
1682 4473 1734 4526 in
1768 4472 1965 4540 quibus
1995 4480 2164 4542 ptes,
2191 4469 2436 4525 libertati
2464 4468 2702 4524 fratrum
2743 4481 2800 4527 et
2826 4470 3006 4545 quieti
3043 4471 3096 4531 in
3125 4481 3399 4541 posterum
3433 4474 3642 4545 prospi-

383 4576 510 4621 sunt
539 4582 577 4621 ll
609 4565 788 4622 fontes
815 4567 935 4623 usui
970 4566 1108 4625 villae
1132 4565 1285 4620 valde
1343 4565 1654 4622 necessarii.
1679 4564 1747 4619 Et
1777 4561 1964 4618 Tebal-

380 4662 510 4715 dum
544 4675 665 4715 cum
705 4676 874 4715 uxore
905 4668 961 4715 et
992 4659 1292 4723 filiis,lcum
1321 4657 1490 4712 fundo
1518 4659 1762 4728 proprio,
1786 4671 1960 4726 usque

378 4754 446 4806 ad
500 4768 570 4808 ιι
639 4752 850 4822 jugera.
903 4752 1097 4813 Frater
1148 4751 1265 4819 ejus
1313 4751 1524 4823 Haymo
1577 4751 1786 4806 addidit
1831 4749 1959 4810 huic

377 4844 518 4899 dono
550 4845 956 4915 tquartarium,
981 4854 1036 4898 et
1058 4842 1389 4905 Richardum
1418 4858 1540 4904 cum
1576 4841 1791 4897 allodio.

451 4936 713 4994 Praeterea
736 4936 1108 4999 contulithuic
1142 4936 1259 4996 loco
1280 4933 1765 4994 domnusAlbricus
1792 4931 1958 4995 abbas

373 5029 636 5100 quidquid
676 5043 857 5084 comes
896 5028 1101 5100 llaymo
1133 5026 1316 5092 Beato
1362 5027 1638 5084 Mansueto
1687 5025 1739 5079 in
1767 5025 1954 5080 eadem

375 5121 497 5176 villa
548 5122 789 5187 dederat,
841 5121 1087 5176 videlicet
1125 5119 1468 5177 medietatem
1518 5118 1847 5173 decimarum
1901 5128 1956 5172 et

375 5214 677 5285 ltrogonem
742 5229 866 5277 cum
928 5212 1135 5278 fundo,
1186 5226 1408 5273 uxorem
1472 5219 1649 5270 autem
1720 5207 1837 5276 ejus
1899 5220 1954 5262 et

376 5303 532 5360 filios.
557 5303 848 5372 Coningem
875 5303 1134 5368 Bernardi
1163 5302 1253 5365 filii
1277 5299 1558 5370 ejusdedit
1583 5313 1766 5354 comes
1785 5297 1953 5352 llum-

359 5395 563 5450 .hertus
591 5397 672 5450 de.
686 5395 1053 5451 Claromonte.

362 5544 366 5548 .
444 5485 724 5544 Gerardus
751 5487 816 5542 de
835 5485 1108 5543 Corcelles
1141 5486 1290 5543 dedit
1312 5483 1470 5542 beato
1488 5481 1707 5538 .Jacobo
1736 5482 1790 5537 in
1824 5481 1949 5538 villa

373 5577 598 5650 Syonna
626 5588 840 5640 curtum
897 5593 1170 5642 mansum,
1199 5578 1254 5632 in
1301 5591 1406 5646 quo
1458 5583 1542 5631 est
1583 5574 1949 5632 molendinum

370 5671 516 5746 (ιμοά
548 5680 780 5732 νοεθιιιιῐ
800 5671 1109 5739 Atalenum,
1140 5679 1196 5726 et
1220 5668 1480 5740 quidquid
1509 5667 1690 5729 allodii
1720 5666 1951 5724 habebat

373 5764 426 5827 in
455 5765 646 5822 eadem
669 5764 816 5832 villa,
854 5765 906 5820 in
931 5781 1034 5834 qua
1084 5765 1244 5821 Hatto
1283 5772 1337 5821 et
1382 5777 1518 5820 uxor
1546 5761 1662 5832 ejus
1691 5761 1951 5820 dederunt

2065 4563 2294 4625 cientes,
2321 4569 2379 4615 ut
2401 4575 2618 4616 omnem
2649 4561 3068 4618 sollicitudinem
3116 4563 3195 4618 eis
3225 4563 3438 4634 penitus
3466 4564 3642 4622 absci-

2061 4651 2341 4720 deremus,
2373 4652 2548 4714 altare
2575 4653 2747 4708 sancti
2773 4652 3027 4717 Germani
3051 4654 3116 4710 de
3140 4654 3385 4726 Syouna,
3403 4671 3642 4720 consen-

2062 4743 2228 4806 tiente
2261 4751 2318 4796 et
2343 4741 2597 4806 laudante
2622 4741 2857 4812 Riquino
2886 4743 3268 4805 archidiacono
3288 4787 3303 4812 ,
3331 4754 3392 4800 et
3416 4744 3639 4816 Hugonc

2060 4836 2396 4910 presbytero,
2433 4837 2524 4906 qui
2558 4845 2683 4896 tunc
2709 4837 2879 4892 altare
2917 4836 3169 4904 habebat,
3200 4837 3300 4893 hac
3326 4839 3638 4894 conditione

2059 4928 2430 4984 concessimus
2452 4936 2541 4994 .ut,
2569 4928 2812 4998 quandiu
2835 4931 3116 5002 presbyter
3139 4933 3360 4999 viveret,
3385 4947 3438 4986 vt
3467 4933 3636 4988 dena-

2051 5018 2173 5091 rios
2199 5018 2709 5091 inde‘persolveret;
2736 5031 2856 5090 post
2875 5020 2992 5090 ejus
3015 5030 3240 5077 mortem
3284 5039 3380 5092 per
3409 5039 3630 5078 manum

2062 5111 2272 5166 abbatis
2320 5111 2711 5182 disponendum
2765 5113 2882 5168 sine
2929 5116 3293 5170 controversia
3341 5116 3632 5172 ecclesiam

2056 5203 2374 5272 possideret.

2130 5296 2385 5352 Dedimus
2409 5297 2574 5352 etiam
2594 5296 2876 5353 Warinum
2900 5307 2953 5354 et
2973 5315 3194 5355 uxorem
3218 5299 3333 5370 ejus
3358 5309 3629 5369 receptam

2055 5404 2083 5442 a
2111 5387 2354 5452 Joﬂ‘rido,
2385 5388 2452 5444 de
2497 5389 2652 5459 cujus
2702 5397 2819 5444 erat
2853 5389 3150 5445 beneficiis.
3186 5389 3256 5444 Ut
3291 5397 3471 5443 autem
3512 5389 3630 5448 haec

2053 5480 2200 5536 nulla
2230 5488 2498 5535 vetustate
2525 5480 2750 5549 abolita,
2780 5480 2832 5535 in
2887 5481 3228 5549 praesentiam
3278 5489 3549 5548 revocata,
3582 5485 3628 5540 si

2051 5588 2188 5643 opus
2239 5570 2423 5638 fuerit,
2474 5572 2709 5627 humana
2745 5573 2913 5642 possit
2963 5571 3199 5626 invocari
3233 5572 3624 5629 memoria......

2052 5665 2255 5735 scripto
2278 5664 2670 5731 mandavimus,
2694 5674 2754 5720 ut
2777 5665 3018 5718 omnium
3035 5662 3420 5718 oblatrantium
3441 5677 3624 5724 nostra

2059 5757 2384 5840 auctoritate
2405 5757 2698 5816 temeraria
2712 5756 3038 5816 obtundatur
3057 5754 3374 5828 improbitas
3397 5761 3660 5833 propriae...
