3926 6488
482 308 587 368 459

1549 309 1811 366 PIBO‘MS
1848 303 2153 364 EPISCOPI
2195 302 2588 361 TULLENSIS

3603 313 3692 362 “0

482 427 743 506 imaginis
771 430 1127 501 impressione
1153 430 1447 498 signamus.
1480 426 1536 481 Si
1566 428 1691 496 quis
1716 427 1782 481 de
1819 426 1902 480 his
1930 440 2050 495 quae
2079 432 2124 488 Α
2155 421 2442 478 ecclesiam
2477 422 2663 491 coepit.
2715 430 2770 477 et
2804 421 3030 474 honeste
3077 419 3216 474 sicut
3268 418 3461 484 decuit,
3490 431 3693 489 ceptum

482 517 590 586 iam
619 521 931 590 acquisivit,
956 521 1036 576 vel
1066 535 1185 590 quae
1215 521 1390 574 adhuc
1416 520 1646 576 ecclesia
1668 521 1770 575 ista
1795 519 1942 590 juste
1969 534 2060 574 ac-

483 609 756 679 quisierit,
789 610 1109 665 imminuere
1138 611 1448 675 tentaverit,
1483 611 1551 665 ab
1593 611 1740 666 omni
1769 625 2060 680 congrega-

483 701 631 755 tione
649 699 954 756 Cbristiana
979 710 1242 756 remotum
1269 716 1387 757 esse
1411 702 1754 772 przecipimus
1772 718 1786 766 ;
1805 715 1975 770 usque
1993 700 2060 754 ad

483 791 700 861 dignam
718 791 1164 858 satisfactionem,
1185 795 1549 849 anathematis
1571 794 1786 849 vinculo
1809 793 2060 847 innexum

483 894 602 934 esse
625 894 691 935 eo
711 895 820 950 quo
837 896 1124 951 possumus
1144 891 1200 938 et
1221 885 1476 939 debemus
1504 885 1682 955 rigore
1702 884 2058 948 decernimus;

483 981 668 1028 nostro
695 982 749 1028 et
779 975 1138 1044 probabilium
1165 977 1407 1031 virorum
1447 978 1537 1046 qui
1572 975 1860 1042 ali'uerunt,
1905 973 2062 1030 testi-

481 1064 663 1120 monio
690 1065 997 1137 subscripto
1021 1067 1365 1122 roboramus.

551 1156 778 1229 Signum
809 1157 1031 1214 Pibonis
1060 1158 1321 1229 episcopi.

551 1245 702 1319 Sign.
740 1247 962 1319 Riquini
987 1248 1382 1306 archidiaconi.

553 1337 670 1409 Sig.
707 1337 996 1395 Alberonis
1030 1338 1367 1394 cancellarii.

553 1427 710 1499 Sign.
756 1427 1006 1485 Herberti
1025 1429 1240 1491 decani.

553 1520 706 1588 Sign.
747 1520 986 1593 Hugonis
1012 1521 1334 1594 presbyteri.

553 1612 708 1682 Sign.
745 1611 972 1669 Bosonis
1001 1613 1327 1684 presbyteri.

553 1699 706 1773 Sign.
746 1702 931 1760 Desini
956 1704 1383 1776 presbyteri,qui
1412 1705 1574 1762 etiam
1600 1704 1724 1760 huic
1746 1703 1986 1758 ecclesia:
2024 1719 2062 1756 ιι

499 1807 658 1866 prata
696 1797 940 1853 contulit.

555 1888 708 1961 Sign.
749 1889 994 1957 Milonis,
1022 1892 1087 1946 de
1118 1891 1274 1960 cujus
1323 1891 1589 1948 beneﬁcio
1626 1900 1745 1947 erat
1781 1906 1938 1953 mons
1975 1907 2066 1955 sn-

487 1982 765 2050 pradictus

553 2071 703 2142 Sign.
745 2069 976 2128 Odelrici
1003 2074 1067 2128 de
1102 2073 1330 2129 Briseio.

555 2161 709 2231 Sign.
751 2161 978 2217 Walteri
1003 2171 1057 2217 et
1082 2162 1375 2234 Haymonis
1399 2162 1651 2221 fratrum.

551 2250 704 2321 Sign.
748 2251 1040 2307 Cuononis.

553 2343 708 2415 Sign.
748 2344 978 2399 Albrici.

552 2436 704 2505 Sign.
745 2435 1008 2506 Hugonis.

554 2529 709 2601 Sign.
755 2529 1040 2603 Drogonis.

551 2622 708 2694 Sign.
747 2623 929 2678 domni
955 2623 1194 2680 Tiemari
1223 2627 1436 2681 abbatis
1464 2626 1648 2687 Sancti
1681 2625 1963 2699 Mansueti.

555 2713 712 2784 Sign.
754 2711 985 2768 Widrici
1016 2713 1228 2769 abbatis
1259 2714 1448 2771 Sancti
1483 2717 1631 2787 Apri.

555 2804 708 2875 Sign.
752 2803 994 2876 Hugonis
1026 2807 1341 2876 primicerii.

554 2897 708 2964 Sign.
752 2895 1028 2967 Liutulphi
1059 2897 1272 2952 decani.

552 2985 705 3056 Sign.
745 2986 1051 3041 Alberonis.

553 3079 706 3149 Sign.
751 3077 1032 3149 Stephani.

554 3173 708 3242 Sign.
752 3171 1016 3242 ﬂugouis.

554 3261 706 3334 Sign.
750 3260 1027 3316 Thiebaldi
1050 3263 1318 3318 monachi.

555 3355 711 3409 Anno
737 3355 806 3409 ab
839 3354 1216 3410 lncarnatione
1261 3354 1471 3411 Domini
1502 3356 1657 3421 l097,
1694 3357 1984 3416 indictione
2006 3373 2062 3421 v,

486 3458 674 3517 epacta
700 3463 772 3511 tv,
808 3459 1176 3503 concurrente
1203 3464 1288 3512 ιιι,
1317 3449 1444 3502 luna
1475 3465 1561 3513 ιι,
1605 3466 1658 3502 1v
1694 3449 1817 3504 ldus
1843 3451 2064 3521 Aprilis,

481 3551 702 3607 peracta
738 3548 864 3592 sunt
894 3540 1008 3595 haec
1040 3540 1093 3594 in
1127 3539 1367 3596 Tullensi
1405 3543 1554 3603 sedc,
1593 3543 1647 3596 in
1700 3544 1922 3606 ecclesia
1954 3561 2067 3599 mn-

480 3633 620 3701 jore,
661 3634 913 3688 audiente
935 3644 991 3688 et
1020 3634 1238 3690 vidente
1259 3633 1417 3689 Clero
1449 3650 1574 3702 cum
1603 3637 1849 3691 universa
1883 3639 2064 3704 multi-

489 3725 673 3779 tudine
701 3725 890 3795 plebis,
919 3724 1165 3781 feliciter.
1192 3727 1386 3780 Amen.

1221 3818 1331 3874 XII.

748 3910 1016 3973 Fundatio
1055 3913 1316 3980 priorum:
1358 3913 1420 3966 de
1468 3911 1812 3981 Lauderourt.

969 4001 1145 4074 (Circa
1178 4017 1378 4058 annum
1413 4005 1593 4074 HUO.)

801 4093 957 4164 [Dom
996 4093 1250 4157 Cacum,
1281 4094 1434 4159 ibid.,
1464 4095 1566 4150 col.
1593 4097 1744 4169 515.]
1770 4145 1773 4148 .

559 4186 673 4257 Ego
718 4185 849 4241 Ριιιο
873 4185 1050 4255 gratia
1079 4188 1194 4252 Dei,
1223 4186 1492 4244 Tullensis
1537 4188 1794 4252 Ecclesia:
1817 4190 2063 4252 minister

487 4278 758 4349 indignus,
789 4277 1042 4334 omnibus
1067 4287 1270 4333 sancta:
1303 4282 1493 4340 matris
1520 4279 1775 4340 Ecclesia;
1800 4279 1921 4335 ﬁliis
1953 4291 2060 4340 tam

481 4363 840 4440 praesentibus
868 4385 1029 4440 quam
1053 4369 1267 4438 futuris,
1316 4371 1547 4428 salutem
1585 4373 1638 4427 in
1665 4373 1884 4442 Christo
1934 4388 2060 4444 per-

481 4470 722 4532 petuam.
1631 4510 1634 4514 .

558 4552 823 4609 Omnibus
856 4551 912 4606 in
974 4552 1135 4607 domo
1162 4551 1258 4606 Dei
1291 4551 1567 4621 pastorale
1595 4551 1829 4607 cilicium
1885 4554 2062 4622 admi-

486 4644 869 4711 nistrantibus,
900 4645 955 4699 in
987 4645 1366 4700 construendis
1388 4645 1628 4701 basilicis
1654 4655 1708 4702 et
1734 4661 1919 4701 earum
1951 4663 2065 4701 am-

483 4735 721 4806 pliandis
779 4745 836 4791 et
883 4737 1269 4794 conservandis
1334 4738 1496 4794 rebus
1564 4738 1829 4809 praecipua
1885 4738 2066 4794 inesse

480 4829 643 4882 debet
667 4826 953 4894 sedulitas,
985 4836 1039 4882 et
1064 4827 1108 4882 si
1133 4829 1254 4897 quis
1277 4827 1537 4883 laicorum
1576 4829 1767 4889 eodem
1794 4831 2064 4886 exarserit

479 4923 770 4986 desiderio,
801 4937 989 4978 eorum
1019 4921 1178 4978 debet
1201 4921 1399 4991 ubique
1421 4919 1598 4976 fulciri
1626 4921 1847 4976 auxilio.
1865 4921 2063 4977 Notum

481 5010 668 5078 itaque
700 5019 891 5064 vestrae
944 5013 998 5064 in
1059 5008 1276 5065 Christo
1326 5009 1657 5067 fraternitati
1712 5012 1968 5078 facimus,
2006 5022 2065 5068 et

482 5102 724 5156 omnium
753 5110 991 5155 vestrum
1022 5102 1296 5156 memoriae
1323 5103 1673 5170 mandamus,
1720 5104 1862 5173 quod
1892 5105 2064 5162 domi-

483 5207 589 5246 nus
616 5190 938 5246 Bencelinus
981 5198 1168 5246 noster
1213 5191 1568 5248 charissimus
1613 5195 1821 5250 amicus
1849 5194 2065 5252 ieroso-

480 5282 628 5355 lyma
660 5282 897 5346 rediens,
923 5296 953 5336 a
975 5281 1194 5338 domino
1215 5281 1464 5339 Paschali
1488 5300 1622 5356 papa
1647 5286 1953 5344 libertatem
1977 5305 2065 5345 cu-

481 5363 697 5443 jusdam
739 5373 981 5430 ecclesia:
1019 5374 1131 5430 suis
1170 5375 1420 5445 precibus
1471 5377 1867 5445 impetraverit,
1899 5397 2060 5450 quam

484 5465 578 5521 illo
609 5465 695 5520 die
722 5464 960 5521 nondum
993 5472 1394 5532 construxerat,
1421 5466 1514 5521 sed
1547 5467 1599 5521 in
1637 5469 1820 5524 animo
1846 5467 2062 5538 jamdu-

485 5557 613 5608 dum
657 5554 932 5610 Iediﬁcare
985 5553 1402 5609 deliberaverat.
1453 5555 1722 5614 Reversus
1769 5569 1948 5614 autem
1995 5561 2064 5615 ad

485 5647 701 5716 propria
719 5688 732 5707 ,
753 5656 807 5701 et
836 5645 1110 5718 prosperis
1134 5653 1293 5700 utens
1337 5648 1694 5711 successibus,
1733 5649 2062 5705 desiderium

487 5752 592 5804 quo
623 5739 829 5794 calebat
855 5740 1018 5806 intus,
1045 5739 1284 5795 exterius
1308 5738 1538 5808 aperuit,
1569 5739 1835 5797 aediﬁcare
1859 5739 2064 5796 scilicet

2161 529 2296 583 opus
2326 529 2497 582 usque
2521 514 2587 570 ad
2611 512 2772 566 ﬁnem
2797 511 3082 581 perduxit;
3109 524 3272 580 quam
3309 510 3628 574 aediﬁcatam,
3652 523 3697 568 et

2161 606 2381 676 cptimis
2405 604 2675 659 thesauris
2727 603 3062 665 decoratam,
3093 609 3199 653 eta
3249 599 3401 654 nobis
3428 599 3478 652 in
3525 599 3697 659 honore

2162 699 2255 754 Dei
2304 697 2624 762 Genitricis,
2656 695 2940 764 sanctique
2965 692 3299 763 Sigismundi
3347 691 3552 762 gloriosi
3577 709 3698 747 mar-

2166 791 2298 862 tyris
2321 790 2543 852 Christi,
2573 804 2781 844 necnon
2823 787 2965 842 beati
2991 785 3196 841 Nicolai
3245 785 3562 841 confessoris
3591 802 3698 842 eon-

2163 891 2432 936 secratam
2473 889 2527 935 et
2572 880 2902 946 dedicatam,
2954 877 3065 933 Deo
3099 887 3154 932 et
3219 876 3280 932 S.
3322 878 3465 947 Apro
3512 878 3700 948 ejtisque

2164 974 2531 1030 servientibus
2563 973 2818 1042 tradidit,
2848 982 2902 1026 et
2927 972 2993 1026 ad
3023 985 3262 1042 praesens
3287 969 3480 1026 fratres
3500 970 3614 1026 inibi
3646 973 3700 1028 ad

2167 1066 2276 1121 Deo
2327 1067 2693 1130 serviendum,
2722 1064 3017 1120 constituta
3074 1063 3155 1117 eis
3207 1078 3442 1127 annona,
3469 1078 3566 1132 qua
3607 1066 3701 1119 sine

2173 1159 2429 1229 scrupulo
2456 1158 2753 1224 alerentur,
2788 1157 3092 1213 constituit.
3123 1154 3295 1224 Cujus
3345 1169 3444 1225 ego
3489 1155 3610 1233 bona
3637 1157 3701 1212 in-

2169 1249 2407 1308 tentione
2429 1257 2724 1318 permotus,
2754 1246 2979 1318 ejusque
3006 1246 3258 1318 precibus
3283 1247 3506 1310 evictus,
3529 1258 3579 1300 et
3600 1247 3698 1316 quia

2166 1338 2334 1392 ﬁlium
2360 1337 2476 1406 ejus
2506 1339 2572 1392 de
2599 1354 2756 1394 sacro
2785 1337 2935 1394 fonte
2980 1337 3227 1408 suscepi,
3261 1336 3487 1392 consilio
3514 1338 3704 1394 clerico-

2168 1445 2289 1483 rum
2331 1443 2606 1492 meorum,
2659 1429 2749 1497 qui
2807 1429 3041 1485 sanioris
3073 1429 3328 1483 videntur
3351 1443 3468 1483 esse
3506 1431 3701 1496 consilii,

2167 1538 2198 1576 a
2237 1522 2487 1578 ctoritate
2504 1531 2558 1576 et
2579 1530 2845 1591 praecepto
2863 1522 3108 1593 magistri
3126 1521 3232 1576 mei
3253 1520 3452 1575 domini
3471 1519 3701 1578 Paschalis

2167 1629 2342 1685 papae,
2371 1623 2426 1668 et
2452 1623 2633 1668 nostra
2669 1612 2990 1691 Dominique
3019 1614 3190 1670 nostri
3217 1611 3344 1668 Jesu
3369 1611 3704 1684 Christi,priu-

2169 1707 2311 1777 cipio
2337 1707 2623 1763 ecclesiam
2650 1706 2814 1772 illam,
2845 1722 2966 1769 cum
2989 1705 3243 1761 omnibus
3263 1705 3374 1760 suis
3399 1707 3700 1774 appenditiis,

2094 1778 2139 1835 Β
2170 1815 2293 1857 esse
2329 1800 2383 1853 in
2413 1807 2728 1869 perpetuum
2769 1797 3019 1862 liberam,
3051 1799 3170 1852 sine
3232 1811 3418 1858 censu,
3445 1798 3556 1852 sine
3586 1799 3702 1851 omni

2090 3127 2136 3188 C

2088 4470 2136 4530 Ι)

2167 1892 2580 1959 consuetudine,
2634 1906 2811 1960 neque
2858 1890 3271 1954 archidiacono,
3319 1905 3492 1960 neque
3536 1889 3705 1956 decano

2167 2002 2288 2043 esse
2337 1985 2669 2056 subjectam,
2726 1983 2792 2038 ad
2833 1982 3034 2037 nullam
3076 1982 3301 2038 omnino
3351 1982 3704 2052 respicientem,

2167 2077 2272 2139 nisi
2298 2074 2364 2129 ad
2393 2075 2575 2138 Sancti
2601 2074 2752 2145 Apri,
2781 2073 2934 2144 cujus
2965 2071 3135 2128 libera
3163 2082 3270 2138 est,
3297 2072 3705 2128 ecclesiamJ’raa-

2168 2180 2314 2224 terea
2365 2167 2529 2237 jubeo
2568 2168 2894 2222 auctoritate
2925 2182 3030 2236 qua
3082 2166 3278 2231 debeo,
3309 2175 3366 2221 et
3413 2165 3601 2220 ratione
3621 2182 3705 2235 qua

2164 2259 2337 2324 valeo,
2361 2257 2658 2313 monachos
2683 2257 2772 2329 qui
2803 2256 2875 2312 ibi
2907 2255 3015 2311 Deo
3038 2255 3358 2319 servierint,
3382 2270 3476 2324 pro
3499 2255 3705 2324 qualibet

2164 2351 2426 2408 violentia
2449 2350 2588 2406 infra
2615 2365 2804 2406 eorum
2830 2348 3052 2413 atrium,
3085 2348 3202 2402 sive
3226 2348 3279 2402 in
3322 2347 3432 2416 ipsa
3458 2346 3652 2401 ecclesia
3681 2365 3705 2400 ιι

2165 2442 2408 2513 quolibet
2447 2441 2622 2504 facta,
2653 2453 2928 2508 nunquam
2972 2436 3041 2492 ab
3084 2434 3266 2492 ofﬁcio
3301 2435 3482 2490 divino
3509 2449 3705 2500 cessare,

2075 2573 2078 2576 ι
2167 2535 2272 2590 nisi
2299 2534 2413 2590 sola
2441 2531 2760 2594 obcdientia.
2780 2529 2995 2585 abbatis
3022 2528 3130 2583 sui.
3159 2527 3344 2596 Quare
3370 2525 3705 2597 approbatissi-

2166 2641 2376 2682 morum
2415 2634 2727 2683 nostrorum
2755 2620 2987 2689 consilio
3031 2635 3187 2684 usus,
3229 2618 3481 2688 ligamine
3515 2617 3706 2671 indisso-

2165 2719 2317 2778 lubili
2365 2727 2629 2789 perpetuo
2682 2716 3031 2772 anathemate
3080 2713 3390 2784 obligamus
3441 2710 3706 2782 quicunque

2167 2821 2348 2866 mente
2370 2823 2650 2874 excessus,
2677 2807 2898 2864 demere
2917 2805 3226 2861 libertatem
3250 2801 3483 2873 praefata:
3502 2799 3704 2855 ecclesia:

2167 2901 2425 2968 voluerit,
2450 2900 2827 2970 cujuscunque
2874 2897 2947 2952 sit
2969 2895 3182 2952 ordinis
3213 2902 3309 2949 aut
3346 2891 3618 2966 dignitatis.
3639 2889 3702 2944 Ad

2168 2992 2598 3048 conﬁrmandam
2621 2991 2786 3050 etiam
2827 2988 2986 3057 hujus
3024 2988 3103 3042 rei
3148 2987 3423 3050 notitiam,
3447 2993 3596 3039 testes
3613 2981 3703 3035 idos

2167 3101 2296 3141 neos
2323 3085 2665 3148 adhibemus,
2690 3097 2925 3153 quorum
2969 3079 3196 3148 nomina
3242 3078 3427 3147 subter
3453 3073 3708 3137 inscribere

2169 3178 2387 3244 dignum
2418 3176 2672 3230 duximus
2700 3191 2720 3228 ε,

2236 3266 2499 3323 Ricuinus
2524 3265 2888 3336 primicerius.

2239 3357 2550 3426 Stephanus
2577 3355 3017 3412 archidiaconus.

2240 3449 2390 3520 Ilugo
2417 3449 2623 3504 calvus.

2237 3543 2564 3599 Thiemarus
2590 3543 2760 3598 abbas
2786 3539 2975 3608 Sancti
3010 3539 3304 3596 Mansueti.

2237 3636 2600 3708 Berengerius
2625 3637 2891 3699 decanus.

2243 3729 2543 3784 Walfridus
2573 3730 2638 3784 de
2671 3728 2933 3782 Roseriis.

2239 3818 2508 3883 Walterus
2532 3819 2697 3873 frater
2729 3832 2880 3872 suus.

2237 3909 2484 3979 Pagauus
2510 3910 2576 3963 de
2610 3908 2812 3964 Sancto
2835 3908 3129 3983 Germano.

2238 4002 2568 4059 Sicchardns
2592 4003 2656 4056 de
2683 4000 2934 4056 Paureio.

2242 4090 2613 4146 Theodericus
2635 4091 2702 4145 de
2724 4090 2927 4146 Jorcci.

2237 4182 2540 4238 Richardus
2559 4182 2625 4237 de
2647 4183 2899 4258 Episcopi
2942 4182 3152 4254 villare.

2891 4293 3024 4350 Xlll.

2164 4385 2359 4448 Charta
2397 4380 2611 4458 filiuni:
2653 4384 2878 4458 episcopi
2932 4383 3189 4458 Tullensis
3243 4385 3308 4439 de
3361 4379 3712 4442 consecratione.

2243 4459 2245 4461 ’
2419 4453 2425 4458 ’
2689 4454 2918 4508 ecclesia
2945 4456 3009 4508 de
3047 4453 3242 4533 I’orlo.‘

2749 4545 2931 4615 (Anno
2960 4545 3144 4616 1101.)

2594 4635 2758 4710 [ςαιι.
2792 4637 2986 4711 Christ.
3020 4637 3160 4714 xui,
3180 4636 3334 4709 δεμ]

2235 4733 2290 4796 in
2337 4734 2553 4802 nomine
2597 4741 2798 4786 sancta!
2824 4741 2879 4786 et
2921 4732 3210 4786 individua:
3241 4729 3532 4790 Trinitatis,
3561 4722 3704 4779 Patris

2165 4835 2221 4879 et
2248 4825 2394 4888 Filii,
2420 4834 2474 4879 et
2504 4822 2739 4893 Spiritus
2765 4825 2960 4889 sancti,
2988 4825 3238 4878 clunibus
3271 4821 3579 4878 Christianae
3605 4812 3702 4868 ﬁdei

2165 4917 2484 4981 cultoribus,
2512 4915 2642 4975 PIBO
2691 4918 2866 4988 gratia
2901 4917 2993 4970 Dei
3037 4912 3579 4984 TullensisjEcclesim
3611 4905 3702 4975 cpi-

2166 5022 2381 5077 sc0pus,
2412 5008 2465 5062 in
2495 5009 2713 5064 vinculo
2737 5011 2887 5080 pacis
2915 5008 3076 5071 uniri,
3104 5018 3160 5061 ut
3191 5007 3402 5076 possint
3423 5002 3620 5059 Christo
3640 4997 3702 5049 in-

2166 5102 2464 5171 corporari.
2513 5101 2885 5174 Supernorum
2948 5103 3148 5174 civium
3177 5102 3429 5163 societas,
3465 5088 3704 5168 (ιιιοιίιηῙ-

2165 5192 2372 5262 busque
2394 5195 2871 5250 commoditatibus
2898 5195 3154 5263 exuberet
3199 5193 3416 5262 humani
3439 5185 3615 5260 ingenii
3638 5181 3702 5236 fa-

2164 5285 2339 5340 cultas
2365 5285 2612 5339 evolvere
2659 5286 2898 5356 gestiens
2949 5283 3281 5350 succumbit,
3319 5297 3439 5350 cum
3480 5277 3700 5345 scriptum

2166 5377 2264 5430 fit:
2297 5375 2363 5429 In
2392 5392 2482 5428 cor
2528 5357 2756 5430 hominis
2812 5393 2914 5430 non
2975 5375 3208 5429 ascendit
3271 5388 3387 5444 qum
3428 5357 3700 5441 praeparat“

2165 5464 2304 5519 Deus
2351 5464 2686 5534 diligentibus
2731 5483 2804 5532 se,
2847 5467 2913 5519 ad
2962 5481 3123 5536 quam
3169 5465 3438 5518 variarum
3479 5451 3698 5529 gradibus

2165 5560 2427 5612 virtutum
2453 5559 2726 5614 devotioni
2773 5559 3006 5614 ﬁdelium
3034 5558 3210 5613 facilis
3232 5564 3376 5627 patet
3399 5554 3695 5624 progressus,

2165 5651 2394 5706 veritate
2417 5659 2708 5708 attestante
2732 5670 2851 5724 qua:
2876 5641 2952 5707 ai‘t
2975 5670 2986 5706 :
3018 5651 3215 5722 Iugum
3231 5651 3368 5705 enim
3395 5658 3550 5700 meum
3571 5646 3698 5691 utare

2168 5753 2244 5797 est
2268 5754 2314 5797 et
2344 5761 2472 5798 onus
2507 5761 2677 5798 meum
2717 5746 2853 5813 leve;
2901 5745 2991 5802 sed
3045 5742 3325 5801 charitatis
3364 5739 3539 5799 virtus,
3571 5726 3698 5797 cui"s
