4106 6356
315 303 413 360 ιιι

1760 327 2168 388 DIPLOMATA.

3470 343 3576 398 ιιι

313 417 527 526 opus-lin
549 423 783 526 proximi
803 425 1089 526 dilectione
1110 435 1480 526 perpenditur,
1500 439 1644 498 velut
1665 443 1896 512 quodam
1927 453 1974 509 Α
2076 450 2133 506 S.
2168 451 2370 510 Albrici
2407 456 2690 526 capellaui.

314 510 598 582 privilegio
621 517 908 584 specialem
935 520 1306 580 iutroducendi
1330 528 1538 585 obtinet
1558 510 1890 602 dignitatem.

316 602 428 673 Spe
459 605 622 676 igitur
647 609 792 664 illius
823 611 1198 672 desiderabilis
1246 623 1522 679 societatis
1559 635 1612 679 et
1640 625 1894 684 fraterna:

313 693 624 754 dilectionis
676 715 885 770 amore,
921 704 1172 763 homines
1205 710 1273 764 de
1313 710 1479 767 Porto
1509 716 1666 770 toties
1714 728 1895 790 rapto-

312 801 434 840 rum
463 791 670 846 saevitia
698 801 754 848 et
795 793 907 850 fere
932 799 1183 854 omnibus
1219 803 1437 860 casibus
1464 809 1756 876 expositos.
1787 827 1924 888 non,

309 878 428 934 sine
457 883 648 951 grandi
693 885 881 942 dolore
934 891 1237 948 recolentes
1269 895 1556 954 intervallo
1611 902 1808 972 quippe
1837 878 1924 958 eth
1964 902 1970 907 ’

307 968 582 1042 frequenti
613 975 1034 1037 intercttrretttis
1061 981 1208 1039 fluvii
1242 968 1677 1058 ntaguitudiuea
1707 968 1893 1048 mona-

307 1067 482 1122 sterio
528 1067 710 1138 divisi,
759 1087 863 1127 nec
891 1083 1052 1144 prout
1102 1087 1219 1132 erat
1267 1079 1488 1150 dignum
1525 1085 1697 1140 sacris
1741 1087 1889 1156 pasci

306 1159 606 1232 mysteriis,
649 1176 751 1218 nec
795 1166 1136 1222 necessitatis
1169 1180 1409 1241 tempore
1465 1173 1518 1228 in
1571 1177 1711 1232 atrio
1742 1188 1890 1249 pote-

305 1260 432 1305 rant
473 1252 674 1312 habere
704 1254 993 1328 refugium,
1040 1260 1329 1318 ecclesiam
1359 1281 1521 1335 quam
1551 1267 1653 1339 pia:
1686 1285 1890 1327 memo-

303 1341 402 1394 ria:
444 1342 612 1400 abbas
659 1345 927 1402 Henricus
979 1349 1058 1406 eis
1111 1353 1381 1412 aedificare
1425 1369 1789 1426 concesserat,
1832 1362 1888 1418 in

303 1433 494 1490 eadem
524 1435 779 1495 libertate
809 1455 969 1509 quam
1001 1445 1301 1514 antiquitus
1347 1456 1404 1504 et
1429 1452 1600 1506 nostri
1632 1455 1888 1524 temporis

301 1524 515 1579 obtinet
544 1536 718 1581 mater
761 1529 986 1586 ecclesia
1021 1533 1376 1607 Warengensi
1424 1539 1580 1605 villae,
1623 1542 1828 1599 scilicet
1854 1561 1887 1602 a

303 1629 471 1670 censu
493 1627 546 1671 et
573 1620 718 1675 onmi
750 1624 1034 1679 exactione
1066 1627 1360 1685 immunem
1406 1631 1537 1688 cleri
1563 1635 1732 1692 nostri
1759 1652 1888 1692 con.

305 1709 428 1769 silio
466 1714 906 1770 consecravimus
961 1717 1206 1776 homines
1253 1722 1494 1793 ejusdem
1542 1725 1712 1794 villre;
1749 1744 1887 1799 prae-

308 1801 518 1868 positus
561 1802 654 1858 tali
702 1805 1108 1875 dispensatione
1151 1810 1463 1881 juramento
1511 1820 1767 1878 astrinxit
1819 1839 1888 1882 ne
1921 1806 1966 1867 ³

299 1903 524 1963 propter
569 1896 802 1949 vicinam
855 1899 1141 1960 ecclesiam
1177 1919 1208 1958 a
1239 1907 1462 1963 servitio
1508 1911 1736 1968 fratrum
1762 1914 1888 1972 libe-

297 1985 476 2044 riores
505 2000 565 2043 se
582 1988 888 2052 crederent,
914 2007 980 2047 ne
1007 1993 1246 2052 decimas
1276 1998 1358 2053 vel
1388 2009 1614 2060 exteros
1643 2006 1885 2062 redditus

298 2079 630 2142 minuerent,
682 2081 776 2135 sed
823 2081 948 2138 licet
992 2085 1046 2146 in
1090 2088 1231 2144 atrio
1259 2089 1586 2160 habitarent,
1625 2097 1885 2168 quidquid

298 2169 528 2238 antiqua
575 2173 967 2231 consuetudine
1013 2177 1156 2232 soliti
1202 2190 1378 2248 erant,
1413 2183 1617 2258 absque
1647 2187 1885 2262 refragao

298 2261 448 2315 tione
491 2262 897 2332 persolverent;
963 2268 1008 2323 si
1053 2269 1280 2341 alicujus
1325 2279 1668 2336 necessitatis
1720 2261 1883 2340 causa

297 2352 497 2410 ibidem
541 2355 759 2410 missam
805 2358 994 2417 audire
1021 2363 1242 2432 vellent,
1266 2355 1536 2426 vicarium
1567 2377 1880 2432 monasterii

298 2446 650 2507 familiaritas
679 2453 764 2510 vel
793 2456 1113 2526 obsequium
1140 2459 1528 2533 interpellaret.
1567 2465 1663 2522 Sin
1699 2478 1881 2524 autem

298 2539 365 2592 ad
402 2543 792 2600 monasterium
841 2547 980 2604 sicut
1006 2549 1158 2618 prius
1187 2554 1554 2622 convenirent,
1589 2565 1644 2611 et
1671 2574 1881 2630 praepoo

296 2632 434 2698 situs
459 2636 692 2706 qualiter
720 2638 792 2700 ibi
819 2639 1058 2694 divinum
1109 2641 1426 2714 obsequium
1459 2658 1711 2717 ageretur
1734 2652 1881 2707 ordi-

296 2734 490 2791 naret;
521 2726 564 2781 si
595 2730 811 2796 quidem
845 2729 912 2784 ad
968 2731 1145 2786 locum
1180 2733 1328 2789 illum
1373 2737 1441 2792 de
1462 2740 1717 2808 pastorali
1747 2757 1876 2800 cura

295 2817 433 2872 nihil
462 2818 674 2885 attinet,
713 2822 807 2877 sed
856 2822 1003 2878 velut
1028 2825 1306 2896 quodlibet
1347 2827 1519 2885 altare
1561 2815 1876 2892 monasterii

296 2908 401 2964 hoc
453 2908 682 2967 fratrum
735 2913 1074 2986 dispositioni
1118 2921 1504 2977 concessimus.
1550 2922 1878 2996 Prmpositus

293 3000 494 3057 ibidem
530 3006 806 3062 custodem
841 3007 1139 3077 deputabit,
1182 3013 1272 3082 qui
1297 3013 1342 3069 si
1363 3016 1489 3088 quid
1521 3017 1758 3076 fidelium
1781 3021 1877 3078 de~

292 3095 442 3149 votio
474 3095 588 3151 Deo
633 3108 930 3170 sanctoque
959 3099 1178 3157 Nicolao
1203 3108 1632 3174 prmsentaverit,
1661 3109 1714 3166 in
1747 3127 1876 3168 usus

293 3189 526 3244 fratrum
552 3190 784 3248 fideliter
811 3205 1010 3259 servet,
1043 3195 1142 3252 nisi
1168 3200 1310 3268 quod
1337 3201 1539 3260 vicario
1561 3208 1876 3266 monasterii

291 3281 586 3338 oblationis
609 3298 730 3354 qua:
759 3285 975 3357 quidem
999 3287 1052 3343 in
1091 3291 1254 3352 missa
1287 3291 1352 3350 ad
1377 3309 1596 3351 manum
1620 3296 1880 3356 offeretur

293 3373 528 3426 mediam
582 3384 790 3442 partem
843 3377 1062 3432 tribuet.
1119 3376 1343 3435 Videtur
1392 3383 1554 3438 etiam
1626 3385 1876 3446 idoneum

293 3473 491 3519 vestra:
520 3465 794 3522 insinuare
839 3467 1139 3537 dilectioni,
1187 3472 1330 3542 quod
1377 3473 1599 3545 praefata
1647 3478 1874 3536 ecclesia

291 3553 723 3628 Wareugisvillae
752 3559 1054 3630 antiquitus
1106 3563 1347 3633 possidet
1391 3565 1626 3628 mediam
1657 3581 1874 3640 partem

297 3650 634 3705 decimarum
666 3651 735 3706 de
761 3667 953 3709 novem
984 3655 1281 3724 quartariis
1307 3656 1725 3718 Delherimontis
1754 3663 1876 3734 qui-

291 3753 508 3811 cunque
539 3757 635 3797 eos
669 3743 836 3799 colat.
887 3744 1135 3804 Possidet
1158 3747 1322 3806 etiam
1364 3749 1416 3803 in
1465 3754 1740 3822 parochiis
1768 3755 1876 3812 cir-

289 3829 724 3901 cutujacentibus
769 3833 840 3890 de
886 3835 1139 3892 omnibus
1195 3838 1448 3896 corvadis
1495 3843 1608 3897 suis
1657 3859 1872 3900 omnem

291 3922 729 3991 decimationem,
775 3924 842 3980 de
888 3925 1148 3996 Ancingis
1179 3928 1410 3986 mediam
1449 3941 1703 4002 partem;
1733 3935 1875 4004 apud

293 4017 483 4072 villam
525 4025 707 4072 autem
756 4027 812 4074 ct
851 4020 994 4090 apud
1029 4020 1314 4079 Mannonis
1358 4035 1589 4092 curtem,
1632 4035 1688 4082 et
1733 4029 1876 4097 apud

288 4108 490 4166 Bellois
515 4110 582 4166 de
607 4112 868 4168 Crovadis
893 4121 948 4169 et
972 4113 1232 4182 Ancingis
1252 4115 1362 4170 suis
1385 4130 1601 4172 onmem
1633 4117 1870 4173 decima-

291 4203 520 4267 tionem,
552 4214 608 4258 et
640 4202 709 4260 de
746 4203 869 4260 aliis
891 4205 1052 4260 terris
1082 4205 1150 4262 ad
1174 4207 1418 4262 eamdem
1443 4208 1726 4266 ecclesiam
1752 4225 1874 4280 per-

291 4293 593 4350 tinentibus
617 4294 852 4351 mediam
895 4304 1104 4366 partem
1135 4312 1150 4351 :
1185 4298 1301 4356 haec
1331 4314 1402 4354 ne
1438 4302 1727 4358 vetustatis
1765 4303 1871 4358 situ

290 4383 537 4440 aboleret
579 4385 781 4442 oblivio
815 4387 1019 4456 scripto
1050 4390 1328 4444 memoria:
1370 4393 1752 4450 commendare
1777 4410 1871 4451 cu-

1901 3156 1949 3220 C

2069 543 2126 597 8.
2165 537 2360 602 Vidrici
2393 548 2621 605 abbatis.

2067 631 2124 686 S.
2163 633 2311 703 Apri.

2067 725 2126 782 S.
2149 726 2361 783 Temari
2389 729 2615 786 abbatis.

2066 815 2124 870 S.
2153 815 2439 873 Mansueti.

2066 903 2125 960 S.
2162 904 2353 962 Seheri
2388 908 2621 965 abbatis.

2063 996 2122 1052 S.
2142 997 2358 1054 Leonis.

2064 1088 2120 1144 S.
2159 1089 2388 1148 Odelrici
2413 1093 2640 1150 abbatis.

2063 1181 2121 1236 S.
2149 1182 2447 1241 Michaelis.

2061 1270 2121 1328 8.
2154 1272 2351 1331 ΗιιΙ›ἰηὶ
2389 1278 2602 1334 decani.

2061 1361 2122 1417 S.
2149 1363 2467 1422 Theoderici
2499 1369 2672 1424 ducis.

2059 1454 2118 1510 S.
2151 1456 2376 1514 Gerardi
2403 1460 2590 1516 fratris
2614 1461 2752 1534 ejus.

2062 1548 2120 1604 S.
2161 1551 2376 1606 comitis
2405 1551 2681 1608 Reiuardi.

2059 1642 2118 1698 S.
2156 1641 2390 1700 Odelrici
2419 1646 2486 1700 de
2515 1645 2741 1702 Brissei.

2060 1736 2119 1792 8.
2151 1735 2298 1793 Petri
2323 1738 2416 1793 lilii
2449 1741 2586 1810 ejus.

2063 1827 2122 1883 8.
2151 1827 2398 1886 Mortmdi
2443 1830 2508 1886 de
2533 1831 2744 1886 Altirei.

2060 1918 2119 1973 S.
2147 1919 2464 1976 Theoderici
2499 1921 2566 1976 de
2597 1921 2825 1978 llancei.

2057 2011 2187 2067 Acta
2216 2010 2353 2066 Tulli
2384 2013 2435 2067 in
2459 2011 2651 2082 majori
2700 2014 2956 2081 ecclesia,
3005 2014 3058 2069 iu
3083 2013 3238 2086 plena
3262 2017 3495 2090 synodo,
3531 2034 3565 2073 ν

1984 2102 2111 2158 ldus
2150 2101 2418 2170 Octobris,
2465 2118 2610 2160 anno
2641 2104 2708 2160 ab
2742 2105 3117 2160 incarnatione
3161 2106 3370 2162 Domini
3404 2107 3560 2174 llOl,

1985 2195 2283 2254 indictione
2307 2213 2381 2263 tx,
2415 2213 2561 2256 anno
2588 2198 2944 2255 ordinationis
2973 2210 3170 2257 nostra:
3201 2218 3372 2267 χχχιι,
3399 2203 3564 2258 inter-

1983 2291 2233 2348 veniente
2259 2291 2457 2351 domno
2480 2291 2720 2349 Adelone
2747 2291 2985 2362 ejusdem
3014 2293 3122 2352 loci
3151 2295 3459 2368 praeposito.

2697 2425 2838 2483 XIV.

2215 2537 2558 2610 Privilegium
2595 2556 2688 2610 pro
2724 2539 2941 2594 ecclesia
2981 2539 3039 2595 S.
3071 2539 3335 2612 Gengufﬁ.

2567 2652 2746 2723 (Anno
2782 2650 2967 2722 “05.)

2016 2741 2174 2816 [Dom
2204 2743 2446 2805 CALIET.
2475 2741 2614 2797 Hist.
2655 2743 2720 2797 de
2741 2742 3020 2811 Lormine,
3050 2742 3142 2810 IV,
3167 2743 3264 2800 Pr.
3287 2758 3339 2812 ι).
3371 2743 3523 2817 515.}

2049 2835 2105 2890 lu
2136 2837 2354 2892 nomine
2379 2845 2580 2890 sauctre
2609 2843 2665 2890 et
2704 2835 2991 2890 individuae
3021 2834 3328 2903 Trinitatis,
3357 2833 3560 2902 Patris,

1977 2934 2032 2979 et
2076 2925 2219 2993 Filii,
2252 2937 2306 2984 et
2349 2927 2586 2998 Spiritus
2613 2927 2812 2993 sancti,
2842 2927 3094 2984 oumibus
3121 2936 3322 2983 sanetae
3368 2928 3560 2985 matris

1978 3017 2235 3073 Ecclesiae
2265 3016 2405 3083 filiis,
2434 3019 2791 3090 prmsentibus
2817 3018 3025 3074 scilicet
3051 3034 3115 3075 ac
3145 3018 3342 3077 futuris
3361 3061 3378 3089 ,
3423 3017 3567 3076 Piso

1979 3109 2074 3166 Dei
2101 3110 2274 3182 gratia
2302 3108 2642 3166 Leucborum
2675 3112 2979 3184 episcopus.

2051 3201 2441 3260 Universorum
2493 3202 2750 3270 fidelium,
2781 3213 2837 3258 et
2863 3203 3097 3258 maxime
3125 3203 3472 3273 pontiﬁcum,
3493 3219 3561 3260 ea

1978 3295 2284 3384 debet‘esse
2305 3293 2616 3351 sollicitudo
2638 3294 2907 3366 prazcipua
2928 3335 2943 3359 ,
2971 3303 3033 3383 ut
3059 3293 3304 3352 ecclesiae
3329 3311 3557 3366 quarum

1975 3385 2340 3458 patrocinium
2367 3386 2607 3457 episcopi
2638 3393 3012 3456 susceperunt,
3065 3385 3401 3456 temporibus
3444 3387 3561 3442 suis

1977 3477 2382 3534 incommutata:
2421 3477 2661 3547 vigeant,
2687 3484 2766 3540 et,
2791 3477 2835 3532 si
2878 3474 2996 3530 fieri
3025 3476 3210 3544 possit,
3237 3476 3317 3532 sic
3359 3477 3562 3532 debent

1975 3567 2146 3622 easin
2177 3567 2369 3622 diebus
2417 3567 2529 3623 suis
2559 3566 2824 3632 stabilire,
2867 3573 2926 3621 ut
2971 3563 3116 3619 nulla
3171 3563 3561 3635 subsequentis

1976 3658 2240 3729 temporis
2268 3658 2570 3714 adversitas
2595 3659 2767 3730 possit
2790 3675 2884 3715 eas
2907 3674 2936 3712 a
2962 3666 3103 3713 statu
3139 3673 3248 3713 sua:
3273 3658 3562 3729 integrita-

1976 3751 2047 3805 tis
2075 3751 2329 3816 avellere,
2357 3751 2482 3824 quia
2513 3749 2658 3806 enitn
2703 3747 2918 3805 Veritas
2971 3749 3046 3803 ait
3086 3765 3101 3803 :
3147 3747 3247 3804 Ubi
3276 3766 3392 3804 sum
3439 3766 3568 3820 ego,

1976 3854 2022 3898 et
2045 3843 2281 3898 minister
2304 3860 2447 3897 meus
2464 3844 2561 3896 erit
2585 3841 2808 3937 (Matth.
2829 3859 2930 3908 stt,
2961 3841 3085 3913 26),
3105 3843 3196 3912 qui
3222 3844 3274 3897 in
3307 3842 3559 3914 regendis

1975 3933 2224 3988 ecclesiis
2270 3933 2552 3988 ministros
2580 3933 2672 3989 Dei
2705 3947 2762 3987 se
2787 3933 2907 3988 esse
2939 3944 3359 4004 recognoscuut,
3411 3944 3560 3991 recte

1975 4021 2176 4079 debent
2201 4039 2364 4094 super
2406 4011 2510 4079 hoc
2538 4023 2795 4094 vigilare,
2850 4033 3013 4092 atque
3057 4023 3356 4092 inspectum
3387 4021 3564 4078 beata:

1974 4115 2347 4186 promissionis
2374 4115 2735 4170 ministerium
2757 4113 2858 4170 sibi
2894 4114 3159 4169 creditum
3185 4113 3415 4169 fideliter
3439 4114 3548 4168 mi-

1978 4207 2234 4264 nistrare.
2253 4207 2367 4279 Ego
2389 4207 2555 4279 igitur
2581 4204 2854 4262 Tullensis
2878 4203 3136 4259 Ecclesia:
3156 4205 3405 4274 provisor
3435 4220 3558 4258 ma-

1980 4313 2138 4372 gnus,
2182 4313 2270 4354 me
2296 4299 2604 4354 ministrum
2649 4295 2856 4353 Christi
2897 4310 3309 4366 recognoscens,
3360 4304 3414 4350 et
3441 4295 3557 4367 jam

1972 4391 2148 4447 beatae
2194 4391 2306 4461 spei
2362 4390 2638 4461 particeps
2685 4405 2808 4446 esse
2853 4387 3202 4455 desiderans,
3253 4390 3557 4444 commissa

289 4479 564 4545 ravimus;
593 4481 737 4549 quod
778 4489 957 4536 autem
987 4481 1366 4540 misericordia
1418 4484 1634 4556 quidem
1684 4501 1875 4558 coope-
1902 4505 1950 4566 ι)
1977 4482 2408 4550 mihiEcclesize,
2445 4483 2590 4555 quod
2628 4481 2778 4554 potui
2807 4490 2863 4536 et
2884 4489 3144 4551 quantum
3177 4481 3324 4552 potui
3358 4479 3556 4552 invigi-

289 4583 447 4626 raute
473 4572 757 4628 charitatis
781 4571 977 4629 affectu
1000 4575 1384 4645 impendimus,
1412 4593 1482 4633 ne
1509 4579 1630 4648 quis
1659 4594 1880 4639 succes-.

287 4677 474 4717 sorum
507 4663 800 4719 immutare
846 4675 1158 4734 praesumat,
1210 4667 1507 4736 pontificali
1552 4672 1876 4729 auctoritate

289 4752 394 4808 sub
420 4753 784 4809 anathematis
820 4755 1033 4812 vinculo
1067 4771 1191 4812 cum
1224 4757 1385 4828 sigilli
1434 4763 1608 4818 nostri
1649 4763 1875 4837 imprese

287 4845 444 4901 sione
469 4847 796 4901 confirmare
823 4847 1184 4914 decrevimus,
1219 4849 1404 4906 addito
1433 4853 1597 4908 etiam
1621 4857 1873 4927 probabi-

287 4939 423 4994 lium
467 4941 711 4998 virorum
766 4945 1097 5010 testimonio,
1133 4956 1364 5013 quorum
1409 4947 1633 5006 nomina
1678 4951 1871 5016 subno;

289 5041 500 5088 tantur.

361 5128 586 5198 Signum
620 5131 803 5186 domui
829 5131 1050 5190 Pibonis
1074 5135 1335 5209 episcopi.

362 5216 588 5289 Signum
622 5219 839 5291 Riquini
862 5223 1176 5293 primicerii.

363 5309 591 5381 Signum
614 5311 886 5368 Brunonis
912 5316 1208 5374 cardinalis
1238 5316 1644 5384 archidiaconi.

363 5401 590 5474 Signum
621 5402 883 5475 Stephani
918 5405 1160 5475 ejusdem
1188 5409 1591 5478 archidiaconi.

361 5492 419 5548 S.
453 5493 758 5552 Raimbaldi
787 5497 1179 5556 archidiaconi.

361 5585 420 5640 S.
448 5585 690 5657 Hugonis
717 5590 1111 5648 archidiaconi.

362 5675 419 5730 8.
448 5675 712 5736 Thizelini
737 5679 1104 5738 archidiaconi

362 5767 421 5842 S.
451 5770 738 5836 Alberonis
759 5773 1093 5843 cancellarii,

1979 4575 2110 4641 lavi,
2142 4585 2197 4631 et
2219 4575 2285 4632 de
2308 4573 2683 4630 incolumitate
2706 4588 2840 4629 meae
2862 4577 3028 4642 sedis,
3067 4579 3123 4628 et
3147 4588 3335 4628 earum
3357 4589 3479 4644 quae
3503 4573 3557 4630 ei

1977 4666 2240 4737 subjecta:
2289 4675 2416 4724 sunt
2459 4666 2822 4722 Ecclesiarum
2849 4709 2865 4735 ,
2915 4665 3146 4724 sollicite
3191 4663 3544 4735 pertractavi.

1976 4757 2277 4813 Ecclesiam
2327 4757 2510 4826 itaque
2558 4755 2740 4810 Sancti
2788 4755 3117 4828 Geugulphi,
3169 4753 3308 4810 infra
3351 4752 3555 4808 mtenia

1974 4849 2176 4906 nostrae
2203 4850 2356 4906 urbis
2391 4849 2740 4904 constitutam
2763 4889 2778 4914 ,
2802 4864 2963 4919 quam
2992 4848 3420 4918 praedecessores
3448 4843 3558 4903 mei

1983 4943 2044 5000 S.
2071 4941 2366 5008 Gerardus,
2395 4950 2450 4997 et
2478 4941 2580 5011 pia:
2624 4941 2903 4996 memoria:
2935 4939 3052 4996 Udo
3077 4938 3316 5011 episcopi
3356 4937 3554 4994 funda-

1974 5045 2195 5102 vernnt,
2219 5050 2380 5105 quam
2405 5033 2838 5104 possessionibus
2858 5031 3122 5103 donisque
3144 5031 3559 5103 quamplurimis

1910 5164 1927 5182 .
1973 5128 2461 5201 locupletaverunt,
2484 5142 2647 5197 quam
2686 5139 2785 5196 per
2810 5125 3286 5197 congregationem
3317 5124 3552 5179 fratrum

1973 5229 2180 5276 aeterno
2200 5218 2332 5288 Regi
2362 5218 2492 5272 inibi
2519 5217 2867 5272 militantium
2897 5216 3164 5274 celebrem
3180 5215 3554 5281 reddiderunt,

1971 5315 2113 5368 hanc
2139 5326 2240 5383 ego
2265 5325 2480 5381 quoque
2496 5319 2722 5382 paterno
2744 5309 3026 5382 amplexus
3048 5325 3167 5365 sum
3193 5307 3550 5372 animo,hanc

1971 5419 2188 5476 semper
2219 5403 2272 5457 in
2306 5418 2373 5458 eo
2399 5418 2506 5473 quo
2535 5403 2685 5472 potui
2740 5411 2944 5459 tutatus
2994 5412 3112 5458 sum
3149 5400 3472 5474 patrocinio,
3497 5407 3551 5455 et

1971 5493 2225 5566 quoniam
2275 5493 2454 5549 eidem
2483 5491 2729 5548 ecclesiae
2785 5492 2921 5546 meis
2967 5506 3181 5562 quoque
3217 5488 3549 5562 temporibus

1971 5587 2160 5653 multa,
2193 5595 2249 5641 et
2283 5601 2311 5642 a
2342 5600 2430 5640 me
2483 5584 2600 5657 ipso
2629 5582 2810 5654 aliqua
2859 5589 3233 5644 accesserunt,
3266 5578 3547 5636 venerabi-

1972 5680 2101 5735 lium
2157 5677 2384 5735 consilio
2437 5677 2680 5732 virorum
2715 5675 2952 5740 decrevi,
3003 5673 3375 5746 possessiones
3430 5672 3550 5745 ejus

1975 5782 2135 5843 atque
2157 5769 2439 5842 privilegia
2473 5770 2523 5828 in
2572 5766 2828 5841 praesenti
2858 5767 3048 5824 charta
3093 5765 3368 5834 adnotavi,
3393 5773 3448 5823 et
3479 5780 3550 5828 ca
