4106 6356
527 371 634 428 M3

1427 365 1688 426 PIBONIS
1728 363 2040 420 EPISCUPI
2081 358 2462 418 TULLENSIS
2497 360 2906 419 DlPLOMA'l‘A.

3687 361 3795 417 ιιι

538 487 722 542 uiiiuia
747 501 863 542 mea
887 485 1230 546 auctoritate,
1256 491 1311 536 et
1339 495 1562 536 assensu
1602 481 1765 536 totius
1788 480 1918 538 cleri
1939 488 1991 535 et
2013 494 2110 550 po-
2136 483 2181 540 Α
2214 477 2409 533 tineret
2431 517 2446 543 ,
2475 476 2565 532 tali
2596 491 2832 546 namque
2875 485 3062 531 tenore
3111 475 3454 546 pratpositum
3485 475 3797 537 Oldericum

530 577 645 650 puli
672 577 726 630 iu
751 575 1022 631 evidentia
1047 571 1316 641 generalis
1347 572 1536 643 synodi
1565 573 1904 627 conﬁrmavi.

601 667 800 723 Notum
835 669 1002 736 igitur
1023 669 1094 722 sit
1119 667 1395 733 omnibus,
1423 677 1530 721 tam
1556 667 1920 737 praesentibus
1947 682 2109 736 quam

529 759 701 814 futuri
725 758 911 815 εκοιιιῖ
957 759 1226 824 ﬁdelibus,
1255 759 1544 814 ecclesiam
1575 758 1762 816 Sancti
1813 757 2109 830 Geugnlpbi

525 863 676 906 certo
700 851 824 921 jure
852 859 905 905 et
945 851 1150 919 absque
1181 850 1286 904 ulla
1340 849 1770 910 contradictione
1826 850 1940 906 haec
1989 863 2111 919 quae

531 941 737 1011 scripta
779 949 907 996 sunt
935 940 1212 1010 possidere
1253 959 1266 994 :
1299 938 1525 994 Omnem
1550 949 1757 1019 terram
1785 955 1908 1010 qua
1936 950 2022 996 est
2052 941 2107 995 in

525 1030 653 1085 villa
681 1031 912 1086 Bosonis
945 1031 1166 1094 montis,
1194 1045 1316 1085 cum
1348 1029 1688 1100 appenditiis,
1721 1039 1917 1087 etcum
1943 1029 2108 1086 eccle-

526 1124 607 1176 sia
651 1122 862 1196 integra
917 1120 1105 1177 Sancti
1152 1121 1401 1192 Georgii;
1441 1121 1726 1176 ecclesiam
1764 1122 2103 1188 Travillouis,

523 1214 811 1270 ecclesiam
837 1213 1095 1283 Marbagii
1118 1254 1135 1278 ,
1161 1213 1446 1269 ecclesiam
1480 1213 1833 1279 Senoensem,
1859 1230 1982 1270 cum
2010 1231 2105 1270 ca-

522 1304 661 1374 pella
691 1305 756 1360 de
785 1304 1073 1368 Cheulaio;
1123 1304 1407 1360 ecclesiam
1448 1304 1716 1362 Meuovilli
1749 1305 1919 1371 villae,
1981 1323 2106 1361 vai

525 1378 745 1453 i'iiausos
775 1405 830 1452 et
877 1397 1183 1462 dimidium,
1225 1407 1452 1472 excepta
1508 1405 1648 1451 terra
1699 1397 2105 1465 iudomiuicata,

524 1491 666 1559 apud
695 1489 1047 1558 Pomponium
1071 1489 1261 1543 vineas
1287 1489 1607 1559 duas;apnd
1635 1489 1867 1549 Mediqu
1900 1490 2102 1558 vicum,

522 1588 756 1646 quatuor
783 1593 984 1644 sessos,
1007 1587 1063 1633 et
1111 1588 1317 1633 tantum
1369 1587 1528 1634 terra:
1560 1580 1959 1635 iudoriiiuicataz
1985 1596 2106 1651 qua;

521 1666 719 1723 sullicit
745 1669 975 1723 aratioui
1000 1669 1161 1723 trium
1194 1677 1632 1732 aratorum,cum
1655 1678 1862 1740 septem
1887 1679 2106 1739 quarta-

522 1760 640 1825 riis,
672 1769 728 1815 et
758 1762 938 1816 bauuo
969 1761 1022 1816 in
1051 1769 1210 1831 prato
1252 1760 1661 1827 indominicato,
1710 1777 1833 1816 cum
1879 1761 2104 1834 reliquis

2214 579 2269 624 et
2297 567 2591 624 secundum
2622 567 2932 622 Bruuonem
2957 567 3010 622 iu
3035 568 3221 621 eadem
3252 565 3472 624 basilica
3503 565 3672 622 fuisse
3700 583 3798 624 co-

2215 659 2500 730 gnovimus
2519 699 2534 726 ,
2559 667 2616 714 et
2641 657 2969 712 Richuiuum
3008 657 3225 712 tertium
3269 658 3350 712 eis
3377 658 3675 714 succedere
3703 658 3799 715 de-

2211 751 2512 817 crevimus,
2537 765 2644 804 non
2671 749 2889 820 quidem
2923 747 3044 816 jure
3083 749 3426 804 haareditario
3447 790 3463 816 ,
3504 759 3565 804 ut
3587 750 3654 806 ad
3676 747 3796 819 ejus

2210 841 2636 914 primiceriatum
2683 841 2804 912 lege
2847 840 3094 896 beneﬁcii
3125 856 3218 895 seu
3241 840 3417 910 aliqua
3445 841 3550 897 alia
3579 843 3796 899 ratione

2212 935 2505 1008 respiceret
2525 951 2620 992 seu
2651 934 2935 1004 respiciat,
2983 943 3077 989 aut
3115 943 3174 988 ut
3218 932 3414 1005 aliquis
3444 934 3582 991 alius
3605 935 3795 1006 primi-

2211 1029 2395 1085 cerius
2415 1044 2579 1100 super
2599 1029 2702 1084 hoc
2723 1028 3122 1083 successionem
3147 1027 3382 1100 aliquam
3412 1029 3674 1102 requirat,
3697 1029 3794 1086 sed

2212 1133 2310 1192 pro
2332 1132 2397 1174 eo
2445 1127 2654 1175 tantum
2698 1117 2824 1188 quia
2861 1114 3058 1172 fratres
3099 1115 3341 1185 ejusdem
3386 1119 3631 1179 ecclesia:
3666 1135 3792 1175 eum

2207 1210 2504 1282 elegerunt,
2534 1220 2722 1280 utpote
2751 1213 2802 1266 in
2833 1211 2989 1282 cujus
3015 1211 3277 1281 sapientia
3307 1211 3440 1267 satis
3471 1211 3703 1276 consilii,
3735 1212 3790 1266 in

2208 1300 2360 1370 cujus
2390 1303 2670 1358 honestate
2707 1303 2932 1358 multum
2977 1303 3210 1374 prazsidii
3242 1301 3342 1358 sibi
3372 1303 3563 1359 adesse
3592 1318 3794 1374 cogno-

2207 1401 2418 1448 verunt.
2444 1392 2736 1448 Constituit
2780 1394 2945 1449 etiam
2994 1393 3252 1465 prmlatus
3294 1403 3609 1450 antecessor
3639 1409 3793 1452 meus

2209 1481 2328 1538 Udo
2373 1485 2658 1555 episcopus
2692 1527 2708 1554 ,
2769 1495 2829 1540 ut
2881 1486 3230 1557 congregatio
3276 1485 3517 1557 ejusdem
3556 1485 3792 1543 cmuobii

2205 1574 2393 1629 diebus
2445 1573 2583 1629 infra
2633 1576 2928 1631 nominatis
2983 1577 3051 1632 ad
3097 1577 3335 1632 divinum
3374 1575 3606 1633 ofﬁcium
3645 1579 3790 1633 cele-

2204 1663 2473 1722 brandum
2499 1677 2858 1738 praeparatam
2886 1668 3067 1724 sedem
3097 1679 3334 1725 nostram
3370 1671 3556 1736 adeat,
3581 1671 3792 1734 scilicet

2207 1753 2259 1808 iu
2296 1753 2435 1809 festo
2463 1756 2636 1811 sancti
2679 1756 2937 1828 Stephani
2978 1767 3099 1828 post
3139 1758 3487 1815 Nativitatem
3536 1761 3785 1830 Domini,

521 1852 694 1922 pratis
731 1862 784 1908 οι
811 1853 932 1910 aliis
975 1827 1330 1924 appendiiiis;
1384 1851 1524 1924 apud
1559 1853 1786 1924 tragum,
1819 1855 1872 1908 in
1923 1827 2106 1910 Lai-si-
2139 1827 2182 1882 Β
2207 1845 2274 1900 ad
2317 1846 2587 1916 publicam
2629 1827 2887 1915 missam,
2937 1827 2991 1904 in
3031 1849 3118 1904 die
3163 1849 3498 1907 lnveutionis
3536 1852 3682 1922 ejus,
3719 1827 3788 1910 ad

518 1942 659 2012 valle
689 1943 875 1999 vineas
917 1956 1174 2016 quatuor,
1202 1953 1256 1999 et
1302 1943 1492 2018 viginti
1535 1943 1778 2014 jornales
1820 1954 1999 2010 terrae,
2052 1954 2106 2002 et

518 2031 653 2089 duos
688 2050 911 2091 mansos
963 2034 1361 2098 mansionales;
1415 2034 1557 2104 apud
1609 2033 2098 2101 Waudiui-villam,

514 2133 751 2192 quatuor
783 2141 1022 2192 mansos,
1041 2135 1268 2196 excepta
1316 2134 1460 2182 terra
1501 2125 1924 2193 indominicala;
1959 2127 2103 2198 apud

517 2215 934 2284 llermotcsciin,
988 2219 1176 2274 vineas
1223 2233 1358 2289 quas
1409 2218 1558 2274 dedit
1605 2219 1667 2274 Β.
1717 2218 1957 2289 ejusdem
2001 2219 2102 2275 loci

515 2309 858 2378 praepositus,
889 2319 944 2364 et
994 2308 1164 2366 frater
1215 2308 1333 2378 ejus
1385 2325 1570 2367 comes
1620 2310 1907 2378 Albertus;
1960 2310 2102 2381 apud

515 2397 1014 2466 Ameralli-villam,
1063 2409 1270 2470 septem
1301 2415 1518 2456 mansos
1546 2410 1602 2456 et
1640 2401 1945 2469 dimidium,
1975 2417 2102 2458 cum

518 2488 750 2544 ecclesia
777 2499 835 2545 et
858 2490 1008 2546 omni
1055 2491 1370 2562 integritate
1408 2507 1538 2559 sua;
1583 2493 1724 2562 apud
1756 2493 2097 2560 Bauuiolum,

449 2641 452 2644 ,
518 2590 728 2651 septem
753 2597 991 2650 mansos,
1015 2593 1069 2640 et
1107 2594 1217 2641 tres
1240 2585 1568 2655 quartarios,
1597 2587 1838 2657 exceptis
1863 2586 2100 2644 indomi-

519 2673 738 2737 nicatis,
770 2684 824 2730 et
853 2684 1061 2746 partem
1088 2692 1250 2746 quam
1278 2677 1476 2734 ibidem
1503 2677 1776 2734 habebant
1804 2677 2002 2738 fratres
2032 2679 2100 2736 de

515 2765 878 2835 Calmesiaco,
900 2767 1024 2822 data
1055 2768 1201 2823 enim
1228 2783 1327 2839 per
1351 2769 1831 2828 commutationem
1869 2769 2098 2826 ecclesia

516 2858 585 2912 de
617 2859 1111 2926 Domno-Martiuo,
1143 2871 1198 2916 et
1226 2863 1353 2918 dato
1381 2879 1447 2918 eo
1472 2863 1614 2935 quod
1655 2863 1794 2934 apud
1833 2864 2099 2921 ﬂundiui-

513 2951 698 3006 villam
743 2953 945 3008 habere
993 2952 1351 3020 videbantur;
1395 2953 1659 3010 Praedium
1693 2955 1760 3010 de
1804 2954 2095 3025 Cruceliis,

511 3059 637 3099 cum
664 3045 913 3110 ecclesia,
964 3054 1020 3101 et
1071 3055 1307 3116 quatuor
1354 3045 1695 3111 molendinis,
1725 3057 1781 3106 et
1831 3047 2092 3117 przedium

511 3137 655 3206 quod
681 3136 883 3191 dicitur
905 3135 1094 3232 Sancti
1115 3137 1332 3232 Auiaui,
1345 3135 1504 3232 jtutta
1533 3147 1742 3208 portam
1765 3139 1924 3232 hujus
1947 3140 2097 3196 urbis
2123 3174 2164 3232 ρ

510 3229 696 3290 situm,
724 3244 846 3284 cum
874 3227 1100 3284 ecclesia
1123 3238 1174 3289 e.’
1203 3228 1606 3295 molendino,et
1627 3237 1818 3284 cuncta
1849 3229 1916 3288 ad
1954 3240 2096 3284 utra-

510 3335 617 3389 que
641 3319 840 3390 prtedia
868 3320 1218 3388 pertinentia,
1243 3336 1365 3377 cum
1399 3321 1608 3394 integro
1643 3319 1912 3386 bauuo,et
1943 3338 2097 3378 man-

507 3411 666 3480 cipiis
705 3412 987 3481 utriusque
1013 3428 1198 3478 sexus,
1229 3411 1406 3478 silvis,
1456 3412 1647 3484 pratis,
1694 3413 1887 3478 vineis,
1936 3414 2096 3470 terris

509 3504 670 3558 cultis
700 3513 755 3558 et
782 3504 1016 3567 incultis,
1068 3518 1444 3575 aquarumque
1471 3503 1812 3566 decursibus,
1859 3504 2094 3560 exitibus

507 3579 558 3647 et
589 3594 884 3658 reditibus;
911 3604 968 3650 et
996 3595 1135 3650 intra
1158 3593 1318 3664 hujus
1345 3595 1580 3653 civitatis
1600 3596 1799 3657 moenia
1821 3612 2089 3662 mansum,

521 3682 573 3735 iu
599 3698 707 3753 quo
737 3682 885 3736 sedet
907 3681 1098 3738 domus
1119 3692 1174 3738 et
1195 3682 1472 3744 cellarium
1493 3699 1614 3760 qua:
1635 3685 1781 3742 dedit
1801 3685 2084 3746 Ascclinus

517 3787 620 3842 pro
649 3777 888 3832 remedio
912 3772 1105 3832 anima:
1124 3789 1257 3840 suae,
1287 3789 1410 3830 cum
1436 3776 1580 3830 omni
1616 3775 1930 3837 hwreditate
1968 3793 2088 3850 sua,

506 3865 715 3920 scilicet
736 3867 787 3921 in
819 3867 1046 3923 Varneri
1081 3867 1388 3938 plantiditio
1415 3867 1551 3925 duos
1594 3867 1833 3934 ordines,
1855 3877 1910 3926 et
1931 3867 2091 3922 dimi-n

504 3958 654 4011 dium
683 3959 868 4021 vineae,
906 3969 963 4015 et
995 3975 1212 4016 omnem
1249 3959 1622 4019 litereditatem
1664 3975 1828 4029 quam
1856 3961 2089 4021 Duorar-

502 4047 604 4102 dus
629 4063 726 4118 pro
753 4048 865 4104 lilio
887 4065 988 4105 suo
1003 4050 1168 4106 dedit.
1188 4049 1434 4106 Mansqu
1457 4050 1629 4106 vineae
1647 4049 1802 4119 juxta
1828 4051 2089 4116 Sanctum

499 4143 836 4209 Amantium,
874 4151 928 4198 et
957 4144 1008 4198 iu
1037 4143 1208 4200 Barro
1251 4145 1464 4202 vineam
1505 4161 1693 4210 unam,
1738 4161 1900 4214 quam
1941 4147 2088 4201 dedit

499 4233 778 4290 llomauus
800 4249 898 4304 pro
926 4235 1036 4292 lilio
1064 4251 1196 4301 suo;
1218 4253 1382 4308 supra
1405 4236 1682 4294 Mosellam
1709 4237 1864 4307 juxta
1889 4238 2087 4294 Calde-a

501 4326 742 4390 niacum,
791 4327 1159 4383 molendinum
1210 4346 1374 4388 unum
1423 4345 1548 4388 cum
1593 4345 1747 4386 sesso
1795 4340 1852 4392 et
1903 4332 2084 4396 Vilica.

499 4431 662 4488 quam
705 4417 856 4474 dedit
906 4418 1181 4474 Renaldus
1209 4421 1316 4476 illic
1343 4422 1668 4486 cauouicus;
1714 4420 1929 4484 furuum
1960 4437 2081 4476 cum

499 4526 715 4574 manso,
737 4511 879 4580 apud
905 4511 1107 4565 fontem
1136 4510 1319 4568 Sancti
1342 4512 1624 4574 Mausueti,
1643 4528 1758 4567 cnu.
1799 4529 1902 4566 una
1923 4514 2080 4568 vinea
2111 4515 2158 4577 υ

499 4601 553 4655 in
584 4600 872 4668 Mardeau;
909 4603 960 4657 in
995 4601 1167 4657 Barro
1197 4613 1398 4668 monte,
1429 4604 1615 4658 vineas
1662 4603 1830 4672 duas;
1867 4603 1921 4656 in
1947 4603 2082 4661 Car-

498 4694 975 4766 ravalle,quatuor
1001 4696 1220 4751 ordines
1245 4697 1620 4761 vinearum;in
1647 4695 1897 4756 Hattonis
1921 4696 2080 4762 valle,

499 4802 596 4865 sex
626 4787 876 4852 ordines;
909 4787 962 4842 in
999 4803 1210 4844 summo
1256 4787 1456 4854 Barro,
1506 4790 1717 4844 vineam
1767 4804 1968 4855 uuam;
2025 4789 2079 4844 in

497 4876 1101 4950 Calvomonte,ordines
1129 4891 1284 4947 octo;
1310 4883 1362 4938 in
1393 4892 1548 4954 prato
1568 4885 1829 4952 Amantii,
1859 4885 2080 4945 ordines

499 4970 790 5036 undecim;
820 4972 875 5027 iu
920 4974 1225 5030 intervallis
1254 4973 1559 5040 vinearum,
1592 4991 1788 5040 unum;
1814 4977 1866 5032 in
1915 4976 2078 5043 Gula,

497 5061 710 5116 vineam
741 5078 940 5127 unam;
973 5066 1026 5120 iu
1052 5065 1393 5132 Calcatoriis,
1428 5067 1657 5123 vineam'
1685 5084 1872 5136 unam,
1919 5072 2078 5142 quiu-

497 5167 603 5230 que
624 5152 1068 5226 ordiues,viginti
1097 5165 1151 5211 et
1173 5173 1338 5213 unum
1364 5167 1573 5230 emptos
1603 5174 1634 5214 a
1663 5159 2076 5230 Maria,etalios

495 5228 656 5303 duos.

566 5333 660 5390 His
687 5335 852 5406 igitur
875 5337 1306 5407 possessionibus
1347 5340 1778 5408 prmdecessores
1803 5343 1906 5400 mei
1934 5359 2074 5414 prte-

490 5426 691 5483 dictam
721 5426 1108 5500 locupletantcs
1149 5429 1462 5495 ecclesiam,
1494 5432 1667 5487 eidem
1705 5434 2070 5502 tradiderunt,

492 5531 552 5574 ut
580 5519 786 5576 scilicet
810 5519 911 5576 soli
949 5521 1205 5592 episcopo
1245 5521 1484 5592 subjecta
1513 5533 1694 5589 esset,
1721 5534 1778 5578 ut
1813 5525 1941 5582 nulli
1975 5543 2073 5582 uu-

491 5630 652 5685 quam
696 5615 749 5669 in
800 5613 1120 5672 beneﬁcium
1151 5616 1400 5683 cederet,
1443 5624 1497 5670 et
1536 5617 1884 5687 praepositum
1911 5635 2070 5690 quem

491 5706 793 5770 communis
807 5706 1021 5775 electio,
1039 5716 1093 5762 et
1118 5716 1264 5762 certe
1287 5707 1520 5763 sanioris
1542 5708 1712 5778 partis
1731 5719 2068 5779 exposceret,

491 5797 641 5852 illum
669 5801 989 5871 susciperet,
1012 5811 1066 5857 et
1093 5813 1150 5858 ut
1178 5804 1291 5873 ipse
1317 5805 1633 5874 praepositus
1665 5804 1719 5858 in
1752 5803 2068 5860 benelicium

2206 1950 2494 2005 vesperas,
2526 1947 2583 1993 et
2631 1939 2687 1993 in
2734 1939 2924 1996 diebus
2977 1941 3173 2011 quibus
3211 1943 3407 2013 praesul
3455 1945 3599 2005 sedis
3626 1945 3789 2016 hujus

2205 2024 2509 2093 plenarium
2537 2027 2783 2083 ordinem
2812 2029 3092 2095 habuerit,
3124 2031 3371 2089 videlicet
3399 2035 3454 2089 iu
3487 2035 3652 2096 Coena
3685 2038 3791 2092 Do-

2205 2115 2362 2182 mini,
2402 2116 2456 2170 in
2480 2117 2701 2181 Pascha,
2737 2118 2790 2174 iu
2821 2119 3159 2188 Pentecoste,
3184 2123 3250 2178 de
3276 2125 3464 2180 eadem
3496 2141 3792 2198 congrega-

2207 2205 2352 2261 tione
2377 2219 2724 2264 assumentur
2747 2209 2815 2265 ad
2851 2211 3099 2269 ordinem
3135 2213 3391 2283 diaconi,
3432 2217 3787 2285 subdiaconi,

2202 2306 2367 2366 prout
2397 2300 2776 2369 opportunitas
2799 2301 3108 2358 contulerit.

2273 2385 2426 2443 Hanc
2463 2403 2593 2460 ergo
2619 2390 3043 2448 sacratissimam
3076 2402 3350 2451 tantorum
3387 2397 3787 2456 institutionem

2201 2494 2302 2551 ego
2327 2478 2461 2536 Pibo
2491 2481 2724 2554 benigna
2768 2493 2949 2540 mente
2992 2487 3240 2558 suscepi,
3264 2497 3319 2544 et
3340 2491 3627 2560 praedictas
3654 2507 3783 2562 pos-

2201 2574 2499 2638 sessiones,
2531 2584 2586 2632 et
2607 2590 2671 2632 ea
2707 2577 2892 2633 omnia
2933 2595 3054 2650 quae
3085 2579 3139 2635 iu
3181 2583 3440 2652 pradicto
3464 2595 3594 2646 sunt
3619 2586 3790 2658 privi-

2201 2665 2340 2738 legio
2387 2667 2628 2739 legitima
2671 2671 3000 2752 auctoritate
3041 2674 3356 2730 conﬁrmavi
3382 2715 3398 2740 ,
3445 2691 3634 2734 omnes
3667 2677 3787 2734 illos

2199 2760 2562 2816 anathematis
2587 2759 2965 2819 maledictione
2991 2765 3212 2831 feriens,
3235 2767 3548 2838 quicunque
3573 2771 3625 2830 iu
3649 2786 3784 2842 pra:-

2199 2849 2358 2906 dictis
2393 2852 2540 2908 aliud
2569 2866 2881 2922 pervertere
2927 2866 3022 2912 aut
3069 2857 3330 2929 derogare
3364 2872 3780 2930 praesumerent.

2201 2939 2272 2995 Ut
2313 2951 2494 2998 autem
2547 2945 2663 3002 haac
2710 2949 2892 3004 omnia
2929 2949 3169 3004 tirmiora
3202 2959 3258 3004 et
3302 2963 3566 3020 perpetuo
3595 2955 3784 3014 incous

2197 3032 2346 3088 vulsa
2375 3050 2761 3108 permaneant,
2788 3041 3014 3098 consilio
3063 3042 3229 3097 totius
3274 3041 3406 3096 cleri
3433 3086 3450 3110 ,
3479 3044 3640 3116 sigilli
3675 3047 3785 3103 mei

2199 3129 2552 3199 impressione
2576 3134 2824 3206 ﬁrmavi,
2852 3147 2906 3193 et
2933 3138 3250 3194 idoneorum
3281 3142 3500 3196 testium
3542 3142 3783 3198 subscri-

2198 3220 2384 3290 ptione
2411 3222 2684 3279 roboravi.

2267 3312 2380 3383 Ego
2404 3313 2536 3370 Pibo
2573 3316 2751 3387 gratia
2788 3319 2884 3376 Dei
2924 3319 3263 3379 Leuchorum
3307 3325 3600 3395 episcopus
3649 3327 3782 3382 sub-

2195 3404 2431 3478 scriptus
2462 3405 2641 3478 faveo,
2671 3417 2726 3464 et
2760 3412 2960 3468 annulo
2986 3423 3182 3470 nostrae
3207 3415 3462 3472 Ecclesia:
3491 3417 3664 3488 signo.

2267 3495 2490 3568 Signum
2535 3499 2754 3570 Riquini
2805 3503 3127 3572 primicerii,
3171 3515 3226 3562 et
3265 3507 3505 3577 ejusdem
3533 3507 3780 3565 ecclesia

2193 3590 2490 3658 praepositi,
2519 3597 2692 3650 sancti
2717 3595 2977 3665 Stephani
3018 3596 3408 3654 archidiaconi.

2271 3678 2424 3751 Sigu.
2459 3683 2786 3743 'l‘hierceliui
2820 3687 3208 3744 archidiaconi.

2261 3771 2412 3844 Sigu.
2447 3774 2686 3848 Hugonis
2713 3779 2922 3834 archid.

2262 3865 2413 3936 δίκη.
2449 3867 2683 3926 Elberici
2709 3871 2914 3928 archid.

2261 3958 2410 4031 Sigu.
2445 3959 2728 4018 Rambaldi
2759 3964 2970 4019 archid.

2259 4051 2411 4122 Sign.
2444 4051 2686 4124 llugouis
2704 4052 2938 4122 junioris
2965 4057 3173 4113 archid.

2257 4143 2407 4216 Sigu.
2439 4144 2658 4200 Goberti
2687 4147 2897 4202 archid.
2921 4158 2978 4204 et
3006 4149 3199 4205 exinde
3227 4152 3494 4206 canonici.

2258 4236 2412 4308 Sigu.
2449 4237 2629 4294 domui
2667 4237 2892 4296 Widrici
2921 4241 3129 4297 abbatis
3152 4241 3335 4298 Sancti
3367 4245 3516 4316 Apri.

2257 4327 2410 4399 Sign.
2441 4328 2624 4386 domui
2659 4329 2929 4386 Thiemari
2967 4331 3178 4388 abbatis
3208 4332 3392 4388 Sancti
3421 4334 3701 4390 Mansueti.

2256 4420 2408 4492 Sigu.
2440 4423 2621 4477 domui
2650 4423 2841 4479 Seheri
2876 4424 3087 4480 abbatis
3117 4425 3300 4480 Sancti
3329 4424 3543 4480 Leonis.

2256 4516 2408 4587 Sigu.
2439 4515 2722 4572 liumbaldi
2754 4515 2994 4586 ejusdem
3027 4517 3126 4574 loci
3161 4519 3353 4575 decani
3382 4561 3397 4584 ,
3447 4528 3503 4574 et
3529 4519 3766 4574 aliorum

2188 4609 2571 4664 canonicorum
2605 4608 2950 4676 Theudorici,
2989 4608 3240 4666 Gilbcrti.

2255 4698 2406 4768 Sigu.
2436 4698 2652 4754 comitis
2680 4699 2939 4765 Reuardi,
2979 4709 3034 4756 et
3059 4701 3271 4757 Warini
3302 4703 3393 4758 lilii
3427 4702 3560 4772 ejus.

2259 4789 2413 4861 Sigu.
2446 4790 2654 4846 Valteri
2682 4791 2748 4846 de
2781 4791 3090 4848 Cominatu.

2252 4882 2402 4953 Sigu.
2435 4881 2671 4953 Sigil‘ridi
2703 4883 2972 4939 advocati.

2254 4974 2408 5045 Sign.
2441 4973 2658 5030 Heurici
2703 4976 2771 5030 de
2811 4975 3016 5031 Sancto
3063 4974 3321 5043 Vedasto,
3353 4987 3408 5032 et
3437 4975 3761 5036 Theoderici

2180 5065 2272 5120 ﬁlii
2300 5065 2434 5135 ejus.

2253 5158 2404 5230 Sign.
2436 5158 2662 5213 Renaldi
2692 5159 2938 5230 dapil'cri.

2247 5250 2400 5322 Signi.
2432 5251 2617 5306 Vileri.

2250 5342 2401 5414 Sigu.
2437 5341 2727 5398 Wolfandi.

2249 5429 2398 5502 Sign.
2429 5430 2631 5488 Bcreti.

2245 5524 2396 5595 Sigu.
2426 5524 2686 5590 Promidi,
2721 5534 2826 5582 etc.

2248 5616 2379 5670 Data
2406 5628 2462 5674 et
2503 5619 2726 5674 recitata
2771 5619 2825 5674 iu
2870 5619 3061 5690 majori
3102 5621 3359 5686 ecclesia,
3399 5623 3448 5680 in
3479 5622 3629 5698 plena
3660 5637 3752 5694 sy-

2172 5708 2315 5764 nodo
2333 5748 2348 5775 ,
2390 5716 2582 5764 octavo
2631 5708 2758 5764 ldus
2784 5707 2960 5776 Junii,
2990 5726 3134 5766 anno
3156 5713 3224 5768 ab
3247 5712 3620 5774 lucarnatioue
3647 5712 3747 5774 Dn-

2181 5803 2308 5856 inini
2340 5801 2700 5870 ll05,iudict.
2722 5817 2830 5872 xiv,
2857 5803 3212 5862 ordinationis
3240 5814 3590 5861 vero-nostrae
3604 5820 3750 5862 anno

491 5890 662 5973 ipsius
694 5894 1059 5977 praepositum
1087 5896 1417 5955 cardiualem
1447 5895 1944 5954 archidiaconatuut
1972 5895 2067 5954 ob-
2171 5910 2330 5952 xxxv.
