3926 6468
527 398 633 451 H7

1757 383 2044 440 APPEND.
2087 388 2104 437 ὲ

2218 378 2533 437 ΡΙΒΟΝΕΜ.
3629 382 3714 437 ιιι

664 529 912 586 INCIPIT
944 530 957 558 '
988 521 1407 582 CATALOCUS
1446 506 1867 578 PONTIFICUM
1907 511 2352 570 TULLENSIUM
2391 513 2436 565 Α
2472 506 2702 564 ΒΕΑΤο
2746 503 3124 561 MANSL'ETO
3161 502 3247 557 ΕΤ
3288 501 3607 560 DEINCEPS.

595 690 747 744 Licet
804 697 1112 742 sanctorum
1172 683 1413 739 omnium
1461 681 1690 736 virtutes
1748 689 1804 734 et
1856 681 2100 750 exempla
2130 683 2171 738 Α
2203 677 2456 748 templum
2509 674 2563 728 in
2621 672 2825 726 honore
2881 678 3152 738 perpetuae
3211 663 3442 735 Virginis
3491 669 3722 736 genitricis

523 780 719 835 merito
741 792 951 848 semper
972 777 1080 830 sint
1100 773 1382 851 recolenda
1409 781 1463 828 et
1488 771 1762 827 memoriae
1787 774 1807 820 ξ
1831 786 2106 826 commen-

523 871 697 925 danda
723 869 877 938 juxta
924 867 1209 936 scriptura:
1243 879 1430 920 vocem
1458 878 1474 917 :
1527 863 1858 933 Sapientiam
1890 873 2101 916 sancto-

519 977 634 1014 rum
668 971 887 1016 narrant
911 975 1086 1014 autne:
1113 957 1312 1028 pepuli,
1362 967 1410 1011 et
1439 955 1648 1009 laudem
1686 971 1866 1010 eorum
1897 955 2103 1008 nuntiat

518 1051 736 1106 ecclesia
775 1050 974 1122 (Eccli.
1014 1066 1159 1115 κων,
1202 1049 1344 1119 l5):
1389 1048 1601 1103 illorum
1645 1058 1825 1106 tamen
1856 1047 2104 1104 crebrius

522 1142 677 1196 nobis
703 1150 827 1196 sunt
849 1150 1000 1212 gesta
1024 1141 1367 1203 revolvenda,
1399 1154 1629 1210 quorutn
1650 1138 1670 1168 ⁸
1696 1137 1952 1207 reliquias
1979 1152 2106 1207 pos-

521 1235 782 1288 siilemus.
801 1233 971 1304 Igitur
986 1234 1111 1304 quia
1125 1233 1190 1288 de
1212 1233 1348 1288 actis
1365 1231 1386 1263 ⁸
1402 1231 1715 1302 pontilicum
1738 1229 2040 1286 Leucorum
2059 1230 2102 1296 ⁸,

522 1335 682 1395 prout
707 1327 966 1382 Dominus
994 1327 1236 1390 dederit,
1272 1325 1511 1380 scribere
1550 1322 1618 1376 ad
1654 1323 1971 1378 memoriam
2011 1337 2107 1391 po-

522 1425 795 1472 sterorum
826 1419 1201 1480 decernimus,
1241 1415 1310 1470 ab
1341 1416 1458 1486 ipso
1486 1415 1660 1484 primo
1705 1414 1944 1483 ejusdem
1974 1413 2106 1468 civi-

525 1507 652 1561 tatis
675 1517 828 1576 patre
856 1524 918 1561 ac
949 1507 1180 1577 praesule
1207 1507 1227 1538 ⁸
1258 1505 1540 1562 exordium
1590 1519 1889 1559 sumamus.

593 1598 646 1652 2.
680 1598 806 1654 Fuit
833 1600 854 1632 '
889 1599 1002 1671 (15)
1047 1600 1188 1654 idem
1240 1598 1585 1652 venerandus
1634 1605 1816 1666 pater,
1854 1595 1992 1650 sicut
2020 1609 2105 1649 re-

522 1691 634 1746 latu
672 1693 935 1762 majorum
985 1691 1302 1754 didicimus,
1336 1689 1502 1743 nobili
1543 1686 1828 1741 Scotorum
1861 1687 1882 1718 ⁸
1908 1701 2106 1756 genere

523 1787 545 1815 ’
574 1785 870 1849 oriundus;
921 1783 1015 1838 sed
1041 1784 1222 1837 divina
1273 1782 1590 1851 providente
1624 1779 1937 1842 clementia.
1988 1794 2107 1848 qua:

523 1885 720 1929 cuncta
763 1875 1089 1928 mirabiliter
1149 1875 1476 1944 pra'ordiuat
1533 1883 1695 1943 atque
1737 1871 2006 1941 disponit,
2073 1887 2102 1923 a

524 1968 637 2022 suis
668 1967 864 2021 ﬁnibus
893 1967 1017 2022 exul
1046 1967 1222 2023 factus
1246 1976 1359 2032 est,
1393 1969 1649 2037 quatinus
1678 1965 1730 2020 in
1763 1966 1982 2032 regione
2009 1979 2103 2018 su-

2203 769 2318 838 ejus
2347 767 2390 797 ¹⁸
2416 763 2702 832 sanctique
2739 758 3154 830 protomartyris
3201 755 3480 825 Stephani,
3527 756 3723 828 aliasque

2203 862 2626 927 circumquaque
2659 855 2700 888 “
2721 852 3012 916 ecclesias,
3054 848 3320 904 ordinatis
3357 847 3650 919 presbyteris
3682 862 3725 908 et

2204 949 2551 1013 diaconibus,
2594 946 2685 1002 ubi
2727 943 3120 1014 gloriﬁcaretur
3179 938 3501 994 admirabilis
3544 939 3658 996 Deus
3683 944 3724 998 in

2205 1043 2407 1100 sanctis
2448 1042 2560 1096 suis
2592 1052 2762 1109 usque
2800 1038 2852 1090 in
2882 1042 3204 1111 praesentem
3246 1031 3406 1086 diem.
3447 1029 3724 1101 lmpossibila

2205 1151 2332 1190 vero
2359 1134 2408 1166 ¹⁰
2430 1142 2513 1188 est
2543 1139 2736 1186 cuncta
2774 1125 3063 1183 scribendo
3095 1123 3478 1195 perstringere,
3503 1138 3607 1191 qure
3637 1133 3724 1178 tan-

2207 1235 2293 1281 tus
2322 1240 2386 1280 ac
2414 1222 2533 1277 talis
2561 1221 2642 1274 vir
2680 1220 2733 1274 in
2764 1232 2992 1288 corpore
3020 1214 3227 1285 positus
3255 1213 3435 1284 gessit,
3461 1213 3535 1266 vel
3566 1226 3726 1282 quanta

2205 1318 2415 1383 docuit,
2447 1323 2811 1385 quantamque
2860 1308 3196 1364 credentium
3244 1303 3614 1358 multitudinem
3656 1320 3727 1373 per

2204 1406 2538 1476 evangelium
2582 1405 2634 1457 in
2680 1402 2897 1457 Christo
2951 1398 3167 1469 genuit,
3202 1411 3408 1450 necnon
3452 1393 3654 1464 qualiter
3687 1396 3728 1451 in

2205 1498 2554 1556 custodiendo
2599 1510 2760 1566 grege
2790 1493 3060 1549 dominico
3084 1499 3141 1546 et
3162 1491 3206 1528 ²¹
3231 1489 3332 1544 sibi
3377 1489 3570 1544 credito
3607 1488 3729 1559 digne

2205 1590 2448 1646 docendo
2472 1603 2537 1642 ac
2569 1597 2755 1642 sancte
2780 1584 3008 1638 vivendo
3043 1582 3302 1652 vigilavit.
3336 1580 3439 1634 Sed
3467 1580 3560 1634 hoc
3577 1581 3616 1609 ”
3640 1588 3730 1634 tan-

2208 1693 2318 1738 tum
2347 1680 2629 1737 brevitatis
2655 1678 2972 1747 compendio
2998 1677 3248 1747 ponimus
3268 1715 3284 1739 ,
3323 1689 3391 1728 ne
3421 1674 3534 1728 talis
3557 1673 3730 1730 lucerna

2207 1792 2304 1846 per
2343 1773 2638 1830 indebitum
2688 1771 2961 1826 silentium
3004 1779 3248 1824 nostrum
3280 1767 3425 1821 velut
3469 1769 3560 1822 sub
3588 1769 3730 1824 modio

2206 1867 2378 1937 posita
2405 1866 2617 1928 lateret,
2643 1863 2737 1919 sed
2780 1863 2986 1918 luceret
3013 1861 3264 1917 omnibus
3299 1860 3390 1929 qui
3419 1859 3468 1913 iu
3499 1859 3639 1913 domo
3660 1859 3730 1914 Dei

2207 1969 2352 2017 sunt.
2401 1958 2628 2013 Peracto
2673 1958 2817 2012 enim
2869 1957 2914 1988 ³³
2959 1953 3308 2009 ωηιιιὶηηάω
3357 1952 3477 2006 vita;
3512 1967 3668 2014 cursu,
3691 1961 3733 2007 et

523 2073 690 2128 perna
739 2059 962 2115 colonus
1013 2058 1198 2125 ﬁeret,
1247 2069 1301 2114 et
1341 2059 1458 2116 illos
1517 2061 1608 2132 qui
1654 2075 1682 2112 a
1728 2057 1904 2128 patria
1954 2056 2103 2124 regni
2142 2041 2182 2100 Β
2209 2049 2510 2107 ecclesiain
2539 2049 2754 2104 Christo
2775 2045 3114 2110 conﬁrmata,
3144 2043 3361 2113 reliquit
3392 2043 3502 2115 ipse
3520 2041 3734 2112 gloriosus

523 2151 756 2208 caelestis
793 2163 948 2207 erant
977 2153 1198 2218 exules,
1235 2168 1594 2222 supernorum
1626 2152 1824 2206 civium
1867 2149 2110 2205 efﬁceret

522 2245 837 2300 coheredes.
868 2242 977 2298 Nec
1015 2244 1210 2298 mirum
1241 2260 1408 2314 ergo,
1456 2244 1500 2297 si
1551 2243 1802 2296 dominus
1839 2251 1894 2296 et
1919 2239 2109 2295 Salva-

525 2346 610 2391 tor
639 2337 914 2402 omnium,
965 2336 1056 2404 qui
1103 2350 1292 2389 omnes
1329 2335 1444 2389 vult
1472 2335 1648 2388 salvos
1693 2333 1807 2386 ﬁeri
1857 2342 1912 2386 et
1961 2330 2028 2384 ad
2065 2330 2111 2361 ⁸⁸

524 2427 855 2499 agnitionem
879 2427 1121 2482 veritatis
1137 2428 1350 2491 venire,
1377 2436 1585 2482 tantum
1615 2427 1892 2480 doctorem
1923 2423 1988 2476 de
2023 2436 2111 2476 rc-

524 2521 688 2576 motis
713 2529 869 2574 terra:
895 2521 1140 2590 partibus
1171 2531 1454 2584 vocatum,
1488 2519 1554 2572 ad
1600 2517 1922 2574 seminauda
1958 2514 2107 2569 verbi

523 2613 691 2668 divini
715 2613 923 2668 semina
953 2621 1007 2668 et
1037 2612 1355 2670 illustranda
1383 2628 1524 2667 czeca
1558 2612 1913 2667 barbarorum
1942 2608 2108 2665 corda

525 2704 850 2768 destinavit;
909 2703 1000 2774 qui
1040 2703 1170 2758 et“
1220 2719 1316 2773 per
1363 2702 1718 2771 semetipsum
1788 2700 1854 2754 de
1915 2700 1958 2730 "
2019 2713 2108 2753 su-

522 2796 708 2868 pernis
729 2796 1060 2851 descendens
1088 2795 1327 2859 sedibus,
1346 2809 1513 2866 genus
1535 2795 1829 2850 humanum
1859 2789 2107 2862 originali

521 2899 578 2945 et
597 2888 796 2944 actuali
845 2888 1042 2943 delicto
1094 2889 1376 2943 astrictum
1430 2888 1653 2943 visitare
1703 2888 1952 2958 dignatus
2001 2895 2106 2943 est.

521 2982 786 3052 Tempore
815 2996 1068 3050 namque,
1095 2997 1202 3052 quo
1227 2981 1368 3036 beati
1396 2981 1540 3036 Petri
1572 2981 1933 3051 apostolorum
1958 2984 2109 3052 prino

520 3077 658 3146 cipis
696 3078 1080 3148 praedicatione
1127 3085 1181 3132 et
1222 3076 1522 3147 apostolatu
1577 3074 1818 3130 Romana
1867 3074 2110 3145 fulgebat

519 3167 794 3232 Ecclesia,
841 3167 978 3224 duce
1025 3169 1242 3224 Christo
1286 3168 1411 3222 illuc
1446 3167 1740 3236 perductus
1784 3176 1868 3222 est
1919 3167 2109 3223 beatus

519 3259 937 3332 Mansuetus“,j
963 3276 1129 3331 seque
1180 3261 1437 3316 doctrinae
1485 3261 1792 3330 apostolica:
1849 3261 2103 3315 subdidit.

517 3350 565 3404 Δ
609 3366 717 3420 quo
758 3351 1093 3407 documentis
1138 3352 1262 3406 ﬁdei
1310 3351 1592 3407 catholica:
1637 3351 1903 3416 imbutus,
1943 3361 2104 3421 atque

518 3444 744 3500 scientia
789 3445 1094 3500 divinorum
1141 3446 1477 3515 eloquiorum
1517 3445 1747 3516 pleniter
1788 3445 2098 3511 institutus,

518 3538 587 3594 ad
621 3537 899 3607 praefatam
930 3539 1117 3594 urbem
1155 3537 1450 3608 pontiﬁcali
1495 3538 1866 3593 benedictione
1905 3551 2098 3592 conse-

517 3639 726 3695 cratus,
758 3631 903 3687 velut
924 3632 1131 3702 lampas
1152 3632 1352 3702 fulgida
1379 3633 1444 3687 ad
1472 3623 1811 3701 repellendas
1828 3631 1870 3663 ιδ
1900 3631 2102 3686 erroris

518 3723 774 3779 tenebras
815 3725 1056 3780 directus
1083 3734 1185 3779 est.
1221 3724 1320 3780 Ubi
1351 3733 1610 3795 quantum
1655 3724 1779 3778 vita:
1815 3724 2105 3780 sanctitate

519 3826 575 3874 et
626 3817 1024 3886 praediCationis
1067 3817 1340 3874 refulserit
1399 3817 1696 3884 instantia,
1753 3833 1857 3871 non
1905 3817 2103 3872 suﬁicit

521 3908 720 3963 sterilis
758 3910 802 3941 ¹³
829 3923 1087 3964 enarrare
1124 3909 1325 3979 lingua.
1369 3909 1482 3965 Non
1524 3910 1696 3964 solum
1736 3910 1880 3964 enim
1911 3909 1978 3964 ad
2010 3925 2107 3964 su-

517 4001 810 4070 perandam
839 4001 1119 4070 gentilium
1148 4000 1484 4057 ferocitatem
1516 4002 1729 4072 copiosa
1757 4002 2100 4072 ewangelica:

516 4089 641 4146 ﬁdei
675 4091 872 4147 claruit
898 4093 1164 4159 doctrina,
1193 4093 1286 4148 sed
1315 4093 1474 4148 etiam
1509 4102 1653 4146 tanta
1694 4094 1952 4167 virtutum
1986 4107 2098 4147 me-

518 4185 628 4243 ruit
685 4185 939 4240 illustrari
987 4186 1184 4256 gratia,
1229 4194 1287 4241 ut
1337 4186 1505 4241 ﬁlium
1561 4187 1818 4256 principis
1866 4184 2102 4240 civitatis

516 4277 757 4346 ejusdem
786 4279 899 4333 suis
917 4279 1170 4347 precibus
1195 4279 1511 4333 suscitatam
1541 4294 1568 4334 a
1597 4288 1766 4332 morte
1792 4279 2102 4334 restitueret

519 4371 840 4426 incolumem
865 4373 1007 4425 vita}.
1037 4370 1154 4437 Quo
1176 4371 1434 4426 miraculo
1464 4371 1684 4424 territus
1704 4379 1879 4439 pater,
1899 4371 2102 4424 devotae

519 4465 638 4520 ﬁdei
681 4464 881 4519 Christi
928 4463 1124 4519 collum
1164 4463 1469 4528 summisit,
1500 4464 1756 4532 omnique
1782 4477 1967 4516 errore
1993 4461 2103 4514 dia-

514 4553 623 4608 boli
644 4554 694 4602 »⁸⁸
714 4553 933 4608 excluso
953 4591 969 4616 ,
997 4567 1121 4606 cum
1155 4552 1264 4604 ﬁlio
1293 4559 1348 4606 et
1371 4553 1516 4606 omni
1553 4566 1880 4620 paganorum
1921 4550 2104 4604 multi-

518 4645 704 4700 tudine
731 4663 758 4698 a
787 4655 974 4700 sancto
1003 4644 1280 4699 Mausueto
1319 4644 1656 4714 baptismatis
1691 4643 1887 4697 meruit
1911 4643 2097 4713 puriﬁ-

2209 2145 2420 2200 Domiui
2468 2142 2514 2174 ³⁸
2555 2142 2809 2198 sacerdos
2864 2138 3148 2210 praesentis
3195 2135 3361 2191 seculi
3409 2134 3734 2204 naufragium,

2206 2248 2396 2308 petens
2426 2245 2700 2308 perpetua-
2725 2233 2923 2303 quietis
2945 2240 3178 2300 portum,
3204 2238 3494 2284 coronatus
3513 2244 3541 2283 a
3565 2227 3736 2283 Christo

2209 2332 2264 2386 in
2301 2340 2640 2402 perpetuum.
2673 2325 3086 2380 Sauctissimum
3138 2336 3376 2390 namque
3418 2335 3595 2390 corpus
3627 2319 3736 2373 illius

2207 2421 2473 2493 sepultum
2501 2435 2605 2473 non
2646 2418 2806 2487 longe
2847 2431 2875 2468 a
2921 2413 3175 2484 praedicta
3217 2411 3465 2475 civitate,
3495 2409 3735 2464 teneturin

2207 2513 2455 2576 ecclesia,
2482 2526 2601 2581 qua:
2626 2511 2692 2564 ab
2715 2510 2832 2578 ipso
2861 2505 3081 2561 fundata
3109 2504 3308 2559 dicitur
3329 2512 3386 2557 et
3412 2501 3610 2556 nomine
3627 2498 3738 2554 beati

2209 2605 2433 2678 apostoli
2469 2604 2613 2659 Petri
2650 2601 2928 2660 dedicata,
2953 2611 3225 2669 quamque
3255 2607 3309 2650 et
3350 2594 3618 2666 praesentia
3645 2607 3739 2647 sua-

2208 2715 2330 2756 rum
2367 2696 2719 2767 reliquiarum
2755 2693 2977 2748 decorat
3007 2697 3061 2744 et
3099 2684 3575 2743 innumerabilibus
3598 2684 3738 2736 virtu-

2210 2796 2354 2850 tibus
2377 2792 2627 2847 lillustrat
2663 2790 2730 2842 ’⁵.
2774 2787 2874 2844 Ubi
2915 2786 3143 2856 quisque
3181 2783 3226 2814 “
3265 2781 3470 2854 aliquid
3512 2794 3618 2836 cum
3661 2778 3741 2832 ﬁde

2207 2885 2477 2954 petiturus
2505 2879 2732 2945 accedit,
2763 2878 2952 2949 procul
2983 2876 3145 2930 dubio
3177 2889 3234 2928 se
3266 2872 3578 2942 impetrasse
3594 2878 3741 2940 gratu-

2207 2979 2370 3032 latur.
2416 2977 2581 3047 Cujus
2631 2973 2820 3030 humili
2860 2968 3252 3040 supplicatione
3289 2966 3586 3037 ﬁagitemus
3622 2960 3741 3015 auxi—

2209 3070 2360 3133 lium,
2391 3080 2446 3125 et
2482 3084 2580 3123 suo
2618 3064 2916 3138 patrocinio
2955 3078 3014 3118 ac
3042 3059 3299 3130 pastorali
3342 3055 3634 3114 defensione
3666 3066 3741 3105 nos

2209 3162 2264 3217 in
2306 3159 2558 3232 prtesenti
2601 3167 2822 3212 tueatur
2853 3153 2918 3208 ab
2955 3149 3381 3207 adversitatibus
3414 3144 3680 3207 universis,
3701 3149 3743 3196 et

2207 3262 2430 3326 peracto
2484 3251 2642 3307 istius
2680 3251 2803 3304 vitae
2847 3246 3180 3308 certamine,
3226 3243 3293 3296 ad
3342 3235 3742 3298 remunerationis

2211 3347 2456 3402 bravium
2490 3343 2654 3398 faciat
2683 3341 2910 3396 feliciter
2945 3338 3259 3408 pervenire,
3292 3336 3582 3390 miserante
3607 3330 3744 3403 gratia

2209 3434 2583 3504 Redemptoris
2613 3432 2805 3496 nostri,
2835 3429 2926 3500 qui
2953 3427 3114 3484 talem
3144 3426 3260 3481 suis
3297 3425 3492 3480 ovibus
3515 3424 3554 3455 ³⁷
3577 3434 3744 3491 ρι’θεροο

2201 3530 2311 3584 suit
2334 3537 2624 3598 pastorem,
2657 3525 2854 3594 quippe
2886 3537 3009 3577 cum
3041 3530 3313 3575 coaeterni)
3339 3518 3387 3550 “
3415 3516 3569 3571 Patre
3583 3512 3743 3581 etSpi-

2202 3621 2309 3676 ritu
2351 3629 2539 3675 sancto
2573 3617 2796 3688 :equalis
2829 3615 3053 3670 Deitatis
3085 3613 3296 3668 obtinet
3338 3610 3640 3665 Trinitatem
3670 3620 3742 3676 per

2203 3712 2408 3768 inllnita
2441 3710 2757 3765 saeculorum
2784 3707 2830 3738 ’τ’
2857 3705 3074 3761 saecula.
3108 3704 3277 3756 Amen
3301 3702 3374 3755 ³ο.

2273 3804 2325 3857 5.
2357 3801 2485 3857 Post
2513 3815 2795 3855 excessum
2823 3799 2988 3868 igitur
3018 3796 3259 3867 praedicti
3287 3792 3612 3851 sanctissimi
3637 3805 3742 3859 pou-

2205 3895 2364 3952 tiﬁeis
2399 3903 2454 3948 et
2491 3892 2688 3963 egregii
2733 3889 2974 3944 doctoris
3004 3889 3127 3958 quis
3157 3888 3205 3941 ei
3239 3888 3294 3941 in
3343 3887 3471 3942 sede
3497 3879 3745 3954 episcopali

2203 3983 2548 4049 successerit,
2586 3995 2972 4036 memoremus.
3013 3979 3232 4033 Primus
3260 3989 3386 4046 post
3413 3992 3532 4031 eum
3555 3974 3746 4027 domnus

2201 4080 2375 4134 Amon
2427 4078 2496 4148 (ε.
2546 4074 2708 4143 4002)
2755 4073 3026 4128 cathedrae
3066 4069 3396 4141 pontificalis
3438 4069 3648 4136 adeptus
3682 4067 3748 4116 est

2204 4171 2517 4242 dignitatem
2551 4166 2695 4238 (14);
2727 4165 2818 4235 qui
2860 4180 2981 4221 cum
3021 4164 3209 4219 eodem
3240 4162 3495 4218 videlicet
3519 4173 3608 4214 suo
3634 4170 3744 4225 prae-

2204 4267 2487 4322 decessore
2537 4268 2694 4322 beato
2758 4258 3039 4314 Mansuete
3103 4255 3403 4324 requiescit
3446 4254 3500 4308 in
3556 4246 3747 4306 ecclesia

2183 4356 2425 4428 praefata
2465 4351 2789 4412 sanctissimi
2831 4347 3197 4420 apostolorum
3240 4344 3508 4416 principis
3551 4340 3676 4395 Petri
3695 4338 3744 4388 ".

2204 4427 2443 4520 Quorum
2473 4447 2702 4509 meritis,
2730 4445 2783 4499 id
2813 4452 2896 4498 est
2923 4440 3094 4495 sancti
3127 4437 3397 4493 Mausueti
3425 4445 3581 4505 atque
3605 4427 3748 4502 praeli-

2203 4544 2314 4598 bati
2341 4541 2482 4598 beati
2511 4539 2767 4600 Amonis,
2800 4533 3014 4606 plurimi
3044 4530 3290 4586 cccitatis
3313 4571 3329 4594 ,
3364 4529 3526 4599 lepra:
3550 4542 3607 4580 ac
3628 4523 3665 4554 “
3684 4520 3748 4574 le-

2205 4638 2317 4691 bris
2359 4645 2776 4700 ceterorumque
2831 4628 3146 4697 languorum
3193 4622 3504 4694 egritudine
3550 4613 3748 4676 detenti,

518 4737 632 4792 cari
664 4737 897 4793 lavacro.
931 4737 1233 4792 Emuudata
1266 4735 1429 4806 igitur
1451 4735 1596 4789 omni
1625 4735 1888 4790 idolorum
1916 4751 2102 4804 super—
2133 4771 2178 4824 υ
2208 4729 2502 4783 redduntur
2521 4719 2854 4779 sanitati.Ad
2884 4733 3111 4788 quorum
3136 4714 3436 4784 patrocinia
3460 4709 3750 4824 multilreges

517 4830 726 4885 stitiosa
772 4845 836 4885 ac
875 4845 1013 4884 vana
1058 4830 1318 4900 spurcitia
1345 4829 1706 4895 ",ediﬁcavit
1756 4828 1829 4884 ibi
1870 4828 2097 4883 Domino

2203 4833 2257 4874 et
2279 4818 2546 4889 principes
2573 4812 2756 4868 venire
2779 4816 3190 4871 consueverant,
3209 4813 3373 4874 atque
3395 4815 3578 4858 eorum
3605 4797 3748 4850 locum

1773 4957 2002 5013 VARle
2038 4949 2440 5012 LECTIONES.

616 5099 631 5128 ¹
660 5097 734 5151 ita
761 5096 814 5150 2.
845 5097 983 5150 deest
1018 5097 1066 5150 l.
1153 5098 1174 5128 ²
1210 5096 1405 5151 merito
1431 5097 1485 5150 5.

517 5169 538 5202 ⁸
571 5169 880 5222 leuchorutu
906 5167 960 5220 2.

514 5240 569 5294 2.
681 5239 702 5269 ’
730 5240 866 5292 deest
895 5237 950 5290 2.
1060 5239 1102 5270 ⁸ο
1141 5239 1191 5292 in
1228 5239 1279 5291 2.
1314 5238 1366 5291 5.

517 5311 705 5365 laudas
735 5313 787 5364 1.
900 5309 944 5340 ⁸⁸
982 5309 1150 5365 sterili
1180 5309 1243 5363 l?
1356 5310 1398 5340 “
1437 5307 1700 5362 diaholico
1730 5305 1782 5358 2.
1813 5304 1865 5358 5.

514 5393 602 5435 est
646 5397 776 5436 vero
798 5380 851 5435 5.
965 5382 1004 5413 ²¹
1048 5382 1101 5435 d.
1135 5392 1188 5434 et
1215 5381 1404 5434 desunt
1426 5380 1482 5433 2.
1509 5379 1564 5434 5.

1483 5237 1524 5268 ”
1562 5237 1722 5290 etiam
1749 5237 1803 5287 2.

1976 5303 2016 5334 ³⁷
2062 5300 2341 5369 pttt‘ilieala
2357 5298 2387 5369 7|
2403 5334 2418 5349 .

1675 5378 1719 5408 "
1756 5377 1871 5430 hinc
1900 5372 1968 5426 Η
2042 5367 2088 5402 ’³
2123 5370 2320 5424 etetiim
2346 5368 2401 5423 2.
2440 5367 2492 5419 5.

1581 5095 1602 5126 ³
1628 5109 1660 5162 q
1690 5092 2006 5162 patrociniis
2038 5091 2266 5143 Domino
2294 5089 2528 5140 donante
2557 5084 2796 5150 regimur
2826 5080 2906 5135 vel
2944 5093 3174 5148 quorum
3207 5093 3254 5130 r.
3296 5075 3350 5129 2.
3387 5073 3438 5128 5.
3537 5071 3557 5100 ‘
3583 5077 3687 5120 actu
3715 5060 3750 5112 l-

1664 5164 1704 5175 ..
1892 5172 1898 5175 _
2013 5163 2042 5175 ..
2255 5173 2265 5175 _
2310 5168 2321 5175 .
2453 5155 2548 5175 ..ΔΛ
2603 5154 2635 5175 ει
2686 5153 2714 5175 -ι
2835 5153 2853 5175 ς
2887 5151 2980 5175 r..:.
3036 5151 3174 5175 Anz...
3206 5147 3240 5175 ω
3298 5148 3328 5175 π
3430 5144 3454 5175 ι
3491 5147 3748 5175 αρηιιηνιιιιι

1065 5169 1086 5198 ⁸
1121 5147 1399 5221 videlicet'
1425 5147 1613 5221 saneto
1647 5147 1939 5219 Illllansueto
1994 5163 2212 5230 ilignum
2243 5168 2328 5211 est
2357 5167 2412 5210 ut
2442 5155 2568 5206 add.
2603 5147 2657 5207 2.
2685 5153 2737 5206 5.
2835 5153 2853 5184 "
2885 5147 2988 5205 fuit
3033 5151 3176 5203 enim
3206 5147 3262 5201 2.
3297 5148 3351 5200 5.
3430 5147 3454 5175 '
3489 5147 3748 5198 scotturum

1065 5239 1102 5270 ιο
1141 5239 1191 5284 in
1228 5239 1279 5284 εὶ-
1314 5238 1365 5284 3-
1483 5237 1524 5268 ἰ
1562 5237 1722 5284 etiam
1749 5237 1803 5284 εὶ.
1919 5234 1960 5264 ⁸¹
1988 5232 2054 5284 de
2082 5247 2127 5284 s.
2165 5228 2358 5281 desecu
2403 5225 2582 5279 avulsa
2615 5225 2667 5277 2.
2785 5223 2827 5253 "
2867 5223 2918 5276 b.
2966 5237 3038 5274 m.
3079 5220 3261 5273 desunt
3289 5217 3345 5271 2.
3373 5215 3428 5270 5.
3539 5214 3579 5284 ’ξ
3616 5202 3752 5284 relic};

2527 5295 2570 5326 ⁸⁸
2605 5296 2688 5396 (,lEi
2719 5292 2888 5419 285:5

2693 5381 2738 5419 ὃ.
2807 5402 2821 5417 ο

2693 5381 2738 5419 S.
2769 5381 2821 5419 α.
2856 5381 2908 5416 0.

2975 5290 3020 5323 ⁸⁸
3058 5292 3516 5357 circumquasque
3549 5282 3600 5357 2.

3014 5361 3061 5393 ιι
3096 5343 3209 5414 irim
3243 5343 3357 5413 diat
3386 5343 3444 5412 si
3554 5352 3596 5383 ιο
3629 5343 3751 5414 quis-

513 5421 635 5520 Bilis
654 5421 1115 5508 5Tv";.omnibii.s
1215 5421 1630 5507 “ﬁgite-cui“.
1661 5447 1713 5501 5.
1756 5421 2012 5520 "Vden:
2035 5443 2090 5497 5.
2130 5421 2147 5424 ⁷
2167 5440 2221 5520 ’_°_
2255 5421 2376 5520 Hoc:
2403 5439 2516 5492 loco
2544 5437 2597 5491 2.
2627 5437 2784 5490 vitam
2816 5433 2873 5489 S.
2904 5433 3168 5487 Mansucti
3208 5430 3272 5484 ab
3296 5429 3511 5482 Adsonc
3539 5421 3752 5488 scriptam

513 5510 684 5591 (Non.
716 5521 819 5579 SS.
854 5521 959 5587 IV,
990 5540 1042 5592 ρ.
1065 5523 1188 5594 487)
1212 5523 1451 5578 inseruit.
1526 5521 1569 5551 ³¹
1610 5535 1690 5590 pr.
1724 5533 1773 5571 a.
1800 5515 1939 5585 petri
1966 5513 2021 5578 2,
2049 5515 2103 5567 5.
2180 5511 2223 5542 ³³
2263 5520 2315 5565 et
2344 5510 2398 5563 2.

2012 5641 2241 5699 NOTAE.

587 5767 695 5833 (ιδ)
726 5769 981 5836 Sequitur
1004 5778 1192 5822 auctor
1218 5767 1397 5823 Vitam
1416 5762 1474 5820 S.
1491 5763 1751 5820 Mansueli
1776 5764 1842 5819 ab
1865 5763 2076 5819 Adsunt;

517 5834 758 5894 fabulose
787 5834 1172 5907 conscriptam.

2258 5759 2371 5820 (lt)
2415 5757 2534 5810 llaec
2555 5769 2765 5824 quoque
2794 5769 2860 5807 ex
2887 5755 3118 5816 Adsonis
3139 5750 3254 5807 Vita
3281 5749 3342 5807 S.
3361 5744 3620 5805 Mansueti
3642 5739 3756 5797 libd

2201 5833 2265 5886 ad
2293 5831 2452 5885 linem
2484 5829 2674 5882 hausta
2704 5836 2846 5880 sunt.
