3926 6442
212 392 302 448 1⁸19
1402 387 1624 443 CESTA
1652 388 1862 447 EPlSC.
1901 391 2239 448 TULLENS.
3317 407 3422 463 ‘50

210 521 274 561 ex
299 501 490 576 proprio
510 499 777 555 ditabant.
808 498 936 552 Erat
976 499 1118 553 enim
1151 497 1257 552 illic
1284 497 1562 553 conﬁuens
1590 503 1742 554 turba
1774 507 1820 561 Α
1846 500 2069 572 ejusque
2098 504 2450 560 sacratissimi
2477 510 2716 578 corporis
2746 511 3008 582 depositio
3036 514 3099 569 17
3122 515 3237 572 Kal.
3261 517 3424 573 Octo—

215 594 573 653 advenientium
601 603 661 646 et
684 593 955 645 innumera
979 589 1260 643 multitudo
1282 603 1598 658 pauperum,
1621 592 1744 660 qui-
1848 594 1958 648 bris
1995 595 2316 650 czelebrutur
2363 599 2414 653 in
2456 598 2692 668 ejusdem
2739 603 2974 660 civitatis
3019 606 3315 673 sulm-bin,
3361 611 3416 665 iu

215 688 308 741 bus
322 684 443 739 unde
469 682 709 736 viverent
731 688 847 734 erat
871 695 901 732 ει
928 679 1172 734 ﬁdelibus
1192 680 1572 743 constitutum;
1603 682 1743 737 unde
1845 685 2075 741 ecclesia
2110 702 2274 758 quam
2313 689 2426 760 ipse
2462 693 2608 763 cepit
2637 703 2954 752 construere
2984 712 3012 750 a
3043 696 3415 756 fundamento.

215 791 362 848 usque
383 775 532 830 hodie
554 773 790 828 dicitur:
822 772 902 824 Ad
923 772 1250 826 matricidam
1274 773 1450 826 domui
1481 772 1744 829 Μαιηηαὶ
1847 776 2074 847 Quique,
2106 786 2166 832 ut
2193 779 2244 833 in
2270 780 2422 836 libris
2446 785 2805 841 auctoralibus
2839 789 3129 857 reperitur,
3155 795 3416 862 tempori-

207 883 254 926 et
272 866 430 922 damni
455 864 686 918 Antonia.

1867 885 1946 924 ms
1965 871 2184 926 Adriani
2212 875 2567 931 crudelissimi
2594 879 2930 948 imperatoris
2950 882 3114 939 fuisse
3135 889 3417 957 cognosci-

267 960 314 1013 4.
349 955 469 1011 Post
499 969 655 1023 quem
705 952 926 1022 adeptus
965 964 1051 1009 est
1086 954 1433 1022 poutilicatus
1482 956 1741 1012 honorem
1844 969 1933 1016 tur
1963 965 2096 1034 (16).
2145 965 2246 1032 Qui
2285 982 2473 1024 omnes
2509 971 2678 1026 totius
2704 975 2852 1028 orbis
2880 977 2980 1031 sub
3006 993 3064 1032 se
3081 952 3294 1046 iudices
3317 997 3418 1038 suo

205 1055 279 1108 vir
312 1047 547 1120 egregius
586 1046 804 1101 nomine
845 1046 1012 1102 Alcha
1039 1047 1103 1100 ³³.
1129 1046 1227 1114 Qui
1260 1049 1462 1119 proprii
1493 1052 1742 1109 vocabuli
1844 1054 2065 1110 nomine
2105 1057 2288 1112 vocari
2329 1061 2560 1115 censuit.
2602 1061 2767 1132 Cujus
2812 1077 3006 1134 quarto
3043 1085 3187 1128 anno
3225 1074 3420 1129 beatus

207 1159 319 1200 usus
363 1139 662 1212 privilegio.
713 1153 872 1208 supra
923 1140 1025 1194 sibi
1075 1141 1420 1196 commissum
1456 1142 1502 1174 “
1524 1158 1741 1214 gregem
1843 1144 1989 1214 Aper
2051 1149 2337 1221 episcopus
2380 1152 2740 1221 ordinatus,
2801 1158 3086 1216 undecimo
3147 1162 3420 1222 hominem

206 1232 410 1288 sollicito
435 1229 667 1299 vigilavit
685 1230 880 1284 studio.
920 1229 1120 1286 Alchos
1148 1233 1291 1288 enim
1314 1231 1498 1289 Eolice
1525 1235 1677 1291 albus
1695 1237 1742 1268 ⁸⁸
1843 1241 2074 1295 exuit».

205 1326 379 1381 dicitur
413 1322 602 1378 Latiali
636 1322 680 1354 ³⁸
702 1323 975 1378 notamine
1001 1324 1068 1385 ",
1093 1325 1216 1393 quia
1247 1325 1292 1357 ³⁸
1324 1327 1437 1396 ipse
1477 1326 1740 1382 virtutum
1915 1329 1968 1384 9.
2009 1331 2332 1392 Omittentes
2383 1352 2512 1408 ergo
2554 1353 2617 1394 ea
2663 1354 2784 1410 qum
2819 1340 2886 1397 de
2917 1357 2982 1398 eo
3021 1343 3136 1411 jam
3183 1348 3254 1404 ab
3297 1349 3441 1407 aliis

200 1417 516 1485 omnigenum
537 1415 731 1470 decore
752 1413 1046 1478 dealbatus,
1065 1416 1245 1472 verbis
1261 1427 1317 1472 et
1334 1419 1592 1488 exemplis
1615 1433 1744 1474 oves
1845 1423 2048 1492 scripta
2079 1427 2345 1492 novimus,
2367 1444 2743 1487 successorum
2768 1431 2884 1501 ejus
2913 1448 2968 1491 et
2993 1446 3146 1506 gesta
3170 1439 3224 1494 in
3248 1454 3422 1511 quan-

199 1510 286 1565 sibi
311 1509 533 1565 creditas
557 1508 708 1562 duxit
735 1509 801 1563 ad
831 1521 1127 1576 amoenum,

1870 1530 1957 1568 um
1989 1517 2233 1572 novimus
2261 1529 2316 1574 et
2344 1522 2559 1576 nomina
2593 1523 2916 1582 inseramus.
2968 1508 3419 1588 Successit—vero

259 1600 434 1656 Pastor
459 1599 599 1655 ovile
628 1599 818 1667 bonus,
851 1615 956 1669 qua
984 1600 1182 1656 vellere
1206 1603 1440 1672 praevius
1464 1603 1606 1669 albo,
1845 1607 1920 1662 illi
1964 1608 2193 1666 domnus
2237 1611 2464 1668 Albinus
2485 1613 2531 1647 ⁸ο
2561 1615 2580 1685 (
2588 1616 2674 1678 l7)
2710 1619 2994 1688 episcopus
3043 1621 3128 1675 vir
3171 1623 3421 1693 egregius

261 1690 1740 1762 Virginlsagnusovisgrexqueomniscandidusintrat”.
1843 1699 2100 1770 omnique
2132 1703 2368 1760 bonitate
2397 1708 2736 1777 conspicua.
2779 1710 2827 1766 is
2857 1690 3214 1770 desiderabile
3234 1690 3416 1772 votum

259 1783 305 1838 5.
339 1783 414 1839 Eo
455 1797 586 1856 ergo
631 1785 698 1840 de
747 1792 920 1840 terrea
961 1785 1006 1817 ⁸⁸
1049 1785 1360 1842 calamitate
1392 1788 1436 1820 "
1469 1799 1740 1860 exempto.
1773 1863 1814 1876 _
1845 1789 1926 1844 sui
1956 1793 2302 1859 praecessoris
2325 1796 2657 1868 adimplevit.
2689 1810 2743 1855 et
2769 1803 3077 1872 ecclesiam,
3108 1821 3267 1876 quam
3301 1822 3416 1863 cm-

197 1874 414 1930 Celsiuus
454 1873 627 1929 factus
657 1885 742 1930 est
767 1875 812 1908 “
847 1876 1150 1947 episcopus.
1182 1877 1282 1946 Qui
1326 1893 1535 1934 summa
1583 1880 1742 1935 celsi-
1773 1863 1817 1922 Β
1845 1889 1999 1952 perat
2024 1894 2239 1938 sanctus
2255 1887 2419 1957 Aper,
2437 1863 2615 1961 sagaci
2632 1893 2809 1948 studio
2831 1863 3216 1964 pet'etiiﬁcavit.
3241 1901 3420 1972 Atque

199 1967 364 2022 tudine
383 1967 674 2022 divinarum
707 1969 999 2038 gratiarum
1021 1969 1310 2036 exaltatus,
1338 1973 1497 2026 terris
1517 1973 1741 2027 emicuit
1842 1975 1972 2031 inibi
1999 1977 2184 2035 ﬁdeles
2203 1981 2366 2044 viros.
2388 1986 2486 2040 sub
2508 1989 2872 2057 apostolorum
2894 1992 3130 2050 victuros
3149 1967 3418 2067 exemplo,

198 2059 464 2114 cmlestium
490 2059 753 2114 virtutum
783 2061 1059 2131 operibus,
1083 2070 1137 2116 et
1172 2063 1297 2132 quia
1330 2063 1470 2119 ﬁdeli
1495 2065 1541 2097 “
1562 2075 1741 2120 mente
1841 2083 2161 2140 aggregans.
2188 2076 2539 2143 apostolicum
2580 2091 2904 2150 praeceptum
2931 2084 2976 2116 "
3000 2087 3066 2141 de
3095 2085 3282 2144 eodem
3308 2059 3418 2146 Ice;

193 2151 457 2222 conplexus
513 2160 602 2207 est
657 2152 943 2207 Dominum
1005 2153 1278 2208 excelsum
1341 2170 1505 2225 super
1552 2171 1741 2211 omnes
1843 2159 2004 2213 nobio
2045 2171 2236 2216 nactus
2259 2173 2339 2219 est
2369 2181 2398 2218 a
2429 2169 2656 2224 summis
2697 2172 3041 2238 pontiﬁcibus
3081 2187 3244 2248 atque
3268 2195 3417 2234 mar.

189 2252 379 2313 gentes,
402 2242 600 2298 idcirco
624 2241 695 2296 ab
717 2243 834 2313 ipso
870 2241 1138 2298 exaltatus
1165 2252 1249 2299 est
1275 2243 1328 2298 in
1355 2259 1526 2300 cornu
1558 2244 1740 2316 populi
1843 2249 2050 2320 tyribus
2070 2251 2345 2323 Stephano
2361 2266 2417 2311 et
2441 2257 2679 2315 Fabiano
2701 2261 2835 2333 (18),
2859 2272 2918 2319 ut
2943 2265 2996 2320 in
3020 2241 3416 2338 antiquissimis

195 2335 284 2390 sui.
499 2379 504 2384 .
1842 2343 2146 2412 repperitur
2178 2347 2556 2405 thomocartis.

252 2425 299 2480 6.
336 2425 446 2493 Quo
466 2426 590 2480 vitm
612 2423 770 2494 hujus
791 2441 1019 2482 excessu
1042 2425 1187 2483 facto
1213 2442 1336 2483 cum
1364 2429 1474 2485 Deo
1494 2427 1564 2500 (c.
1585 2429 1738 2502 470),
1914 2434 2000 2488 10.
2039 2434 2166 2492 Post
2209 2453 2370 2509 quem
2415 2438 2721 2500 'l‘risoricus
2761 2446 3019 2502 cathedra
3041 2449 3089 2482 “
3124 2451 3417 2524 episcopali

193 2519 448 2590 Auspicius
474 2519 520 2550 “
541 2519 595 2574 in
622 2520 877 2589 praedicta
917 2521 1045 2576 sede
1077 2521 1257 2577 extitit
1294 2523 1577 2580 ordinatus
1601 2523 1735 2596 (15),
1841 2533 1928 2580 est
1950 2526 2289 2583 sublimatus.
2330 2529 2448 2599 Ipse
2481 2547 2694 2603 quoque
2735 2551 2839 2592 non
2865 2537 3091 2594 inferior
3117 2519 3414 2612 superiori-

194 2614 266 2668 vir
287 2615 512 2671 bonitate
541 2619 870 2686 prmelarus,
915 2620 1058 2675 circa
1090 2636 1218 2677 suos
1248 2620 1476 2677 sollicita
1508 2622 1741 2677 circum-
1841 2613 1973 2678 bus.
2000 2631 2098 2686 pro
2121 2632 2278 2688 posse
2305 2618 2357 2673 in
2391 2620 2586 2676 diVina
2615 2623 2893 2694 religionis
2925 2626 3139 2684 fervore
3165 2631 3267 2686 sibi
3299 2647 3420 2690 cre-

193 2708 438 2778 spectione
471 2710 596 2766 dum
641 2713 779 2768 vixit
805 2715 1106 2786 perspicax,
1147 2714 1410 2784 Quocirca
1454 2717 1742 2786 εεηιρῑιειι-
1843 2707 1986 2763 ditas
2013 2723 2143 2765 oves
2170 2710 2436 2782 sagaciter
2473 2715 2622 2782 pavit
2661 2716 2824 2770 divini
2865 2718 3067 2790 eloquii
3107 2723 3326 2791 pabulo,
3358 2735 3416 2781 et

196 2798 592 2858 namaChristo
641 2807 1132 2863 remunerationem
1176 2807 1391 2870 meruit.
1419 2815 1476 2862 et
1519 2823 1740 2864 consor-
1845 2799 1918 2854 ad
1969 2816 2201 2873 superna
2267 2804 2422 2859 duxit
2476 2807 2616 2862 atria
2673 2808 3013 2865 imitabilium
3056 2813 3106 2846 ⁸³
3156 2815 3416 2874 virtutum

198 2889 309 2944 tium
334 2906 689 2962 supernorum
715 2896 914 2951 civium
948 2912 1072 2952 cum
1096 2896 1283 2953 electis
1321 2897 1633 2968 pastoribus
1657 2907 1742 2955 est
1841 2895 2109 2966 exemplo.

192 2980 405 3051 adeptus.
1915 2985 2002 3039 11.
2043 2985 2248 3042 Deinde
2284 2986 2547 3044 Dulcititts
2583 2992 2859 3048 communi
2887 2993 3168 3052 voluntate
3194 2999 3418 3071 parique

251 3071 296 3124 7.
332 3071 450 3129 inde
473 3089 713 3145 sequens
747 3085 830 3133 est
862 3077 1052 3141 Ursus,
1080 3081 1172 3149 qui
1197 3077 1250 3133 in
1283 3086 1488 3134 tantum
1516 3093 1739 3135 suorum
1841 3073 2013 3144 plebis
2055 3077 2296 3148 clerique
2327 3079 2374 3113 “
2402 3082 2630 3139 consilio
2663 3083 2710 3116 "
2735 3085 3027 3157 episcopus
3066 3099 3152 3145 est
3189 3093 3416 3149 ordina-

192 3172 397 3220 sectatus
424 3177 507 3222 est
534 3170 800 3240 vestigia-.
830 3187 936 3242 quo
959 3173 1214 3229 credatur
1245 3187 1369 3228 cum
1406 3172 1512 3229 illis
1540 3173 1740 3243 sempi-
1767 3221 1810 3243 Α
1846 3175 1932 3224 tus
1957 3168 2024 3223 ".

195 3263 318 3309 terna
348 3258 540 3327 perfrui
569 3221 931 3330 @0353?"
963 3221 1201 3229 --ΜΨ
1250 3221 1369 3228 wn
1406 3221 1510 3229 mw
1541 3221 1710 3243 *ΜΓ
1765 3221 1812 3286 C
1853 3221 2002 3316 ⁷⁷12.
2041 3261 2172 3318 Post
2197 3263 2339 3320 hunc
2364 3266 2542 3322 extitit
2573 3266 2818 3325 Prazmon
2843 3269 2911 3326 ".
2947 3269 3046 3328 Hic
3074 3271 3240 3328 divini
3260 3274 3420 3345 juva«

250 3347 296 3402 8.
332 3349 417 3405 llis
443 3350 489 3384 ⁸⁸
511 3354 584 3408 ita
613 3354 933 3422 transactis,
959 3353 1200 3427 largiﬁua
1225 3353 1608 3426 omnipotentis
1642 3353 1738 3411 Dei
1843 3352 2006 3408 minis
2033 3355 2233 3412 auxilio
2261 3359 2632 3428 praemunitus,
2670 3371 2857 3416 contra
2887 3363 3199 3433 spirituales
3227 3367 3417 3436 ncqui-

194 3440 506 3498 miseratione
526 3445 854 3514 disponente
876 3462 941 3501 ac
969 3447 1144 3502 locum
1168 3447 1346 3517 ipsum
1369 3447 1738 3503 misericordi-
1844 3442 1947 3497 tias
1994 3443 2225 3500 viriliter
2267 3449 2526 3503 certando
2577 3449 2822 3516 bellavit,
2867 3464 3030 3522 atque
3075 3456 3414 3511 subditorum

191 3537 260 3583 ter
281 3534 609 3601 respiciente,
639 3537 1015 3592 sanetissimus
1044 3537 1128 3591 vir
1153 3545 1209 3592 et
1241 3537 1590 3592 ammirandae
1611 3536 1736 3592 vita:
1841 3543 2050 3590 mentes
2073 3536 2322 3595 evincere
2354 3538 2556 3594 Christi
2587 3540 2770 3598 hostes
2796 3545 3034 3600 studiose
3071 3549 3412 3616 praemonuit.

193 3621 439 3678 confessor
477 3627 714 3682 domnus
741 3628 883 3697 Aper
912 3629 977 3682 ad
1014 3628 1226 3684 culmen
1271 3626 1510 3697 ejusdem
1558 3629 1735 3700 ponti.
1842 3629 1943 3698 Qiti
1998 3631 2205 3688 scilicet
2261 3635 2469 3705 praefati
2523 3648 2706 3709 patres
2749 3654 2856 3709 qua
2899 3639 3158 3708 religione
3201 3641 3417 3712 qualive

193 3711 279 3766 ﬁcii
306 3714 368 3782 (e.
396 3717 520 3789 500)
539 3759 554 3781 ,
583 3719 729 3774 sicut
752 3719 806 3773 in
842 3719 976 3775 libro
1002 3719 1125 3774 vitae
1157 3719 1276 3790 eius
1304 3719 1521 3791 legitur,
1552 3728 1737 3790 raptus
1843 3720 2003 3775 modo
2034 3723 2085 3775 in
2112 3722 2212 3778 hac
2240 3725 2368 3780 sede
2394 3727 2645 3783 vixerunt
2665 3739 2828 3800 atque
2865 3731 2916 3785 in
2945 3731 3034 3786 Dei
3069 3711 3244 3788 messe
3268 3735 3416 3788 labo-

192 3802 334 3862 fuisse
369 3809 682 3867 dinoscitur
727 3813 904 3882 potius
949 3827 1110 3882 quam
1151 3812 1378 3868 electus.
1423 3812 1524 3878 Qui
1577 3811 1737 3881 primi
1842 3819 2123 3870 raverunt.
2170 3811 2459 3880 plurimum
2510 3827 2683 3873 restat
2713 3835 2741 3872 a
2778 3820 2932 3874 nobis
2971 3823 3412 3891 praetermissum,

189 3905 502 3964 praecessor-is
524 3905 568 3935 "
589 3904 678 3958 sui
705 3904 884 3958 domui
907 3903 1172 3958 Mansueti
1200 3905 1443 3958 imitatus
1469 3903 1734 3972 exempla,
1842 3901 1983 3970 quod
2009 3902 2215 3972 pridem
2245 3904 2313 3959 ab
2345 3908 2737 3976 antiquioribus
2763 3909 2990 3965 habetur
3015 3912 3337 3981 neglectum.

189 4001 278 4042 non
306 3992 467 4047 solum
496 3995 763 4050 doctrinae
799 3996 982 4064 copia,
1009 3995 1103 4050 sed
1133 4003 1188 4049 et
1212 3993 1538 4048 mirabilium
1567 3992 1737 4047 virtu-
1913 3991 2000 4046 15.
2036 3991 2322 4049 Abstracto
2350 4006 2528 4052 autem
2560 4000 2628 4052 ab
2656 4001 2759 4054 hac
2784 4000 2902 4056 luce
2930 4003 3245 4071 praescripto
3272 4002 3414 4058 Prae-

190 4087 283 4134 tum
309 4083 498 4140 eﬁ'ulsit
539 4085 797 4142 eiiicatia.
846 4086 998 4153 Quod
1026 4085 1069 4141 si
1093 4087 1216 4156 quis
1244 4099 1405 4140 nosse
1442 4083 1733 4150 desiderat,
1843 4083 2395 4166 mone,Autmundus
2443 4088 2728 4142 ordinatus
2773 4100 2856 4145 est
2898 4091 3200 4161 episcopus.
3245 4092 3412 4162 Cujus

191 4168 356 4228 librum
395 4176 516 4230 vitae
556 4177 680 4247 ejus
707 4177 752 4209 ⁸⁸
786 4176 1052 4248 perlegat;
1089 4186 1144 4232 et
1181 4176 1287 4232 illic
1329 4176 1559 4246 pleuiter
1584 4175 1734 4228 inve-
1841 4170 2039 4228 aﬂ'abili
2077 4173 2314 4228 bonitate
2338 4177 2489 4231 multi
2524 4193 2623 4232 suo
2650 4188 2892 4249 tempore
2919 4180 3202 4252 diligentes
3223 4191 3292 4237 ‘ac
3321 4198 3413 4238 re-

189 4263 297 4320 niet.
331 4266 422 4325 llic
453 4281 664 4343 septem
697 4271 854 4326 annis
883 4270 1178 4342 pontiﬁcali
1205 4271 1333 4327 sede
1372 4269 1588 4325 functus
1616 4277 1730 4332 est,
1839 4265 2116 4335 quirentes
2160 4255 2350 4336 Deitm,
2380 4269 2504 4325 odio
2549 4280 2832 4342 coeperunt
2884 4270 3085 4328 habere
3133 4272 3408 4337 saeculum.

1450 4421 1682 4478 VARIJE
1721 4420 2123 4477 LECTIONES.

251 4557 513 4618 “alcna5.
582 4562 630 4594 ³⁸
667 4562 941 4617 commissi
966 4563 1017 4616 1.
1094 4561 1139 4592 ³⁵
1162 4562 1213 4616 d.
1245 4578 1294 4615 a.
1321 4563 1374 4616 5.
1453 4559 1497 4590 ³⁸
1521 4559 1691 4612 latiari
1724 4558 1780 4613 5.
1856 4558 1899 4590 "’
1939 4558 2154 4613 nomine
2184 4559 2235 4613 1.
2314 4560 2422 4616 "et
2446 4562 2574 4616 2.5.
2653 4564 2696 4602 ι’
2736 4564 2875 4620 intra
2899 4565 2954 4620 5.
3023 4563 3069 4595 “’
3107 4568 3322 4621 terrai.
3351 4565 3406 4618 2.

191 4626 382 4686 “deest
412 4635 462 4688 1.
579 4635 626 4666 δ’
668 4637 809 4688 deest
832 4633 886 4687 5.
997 4632 1042 4664 ⁸³
1078 4632 1200 4688 ﬁdei
1228 4634 1262 4687 5
1391 4631 1437 4705 ξι
1471 4631 1704 4705 aspicius
1733 4629 1786 4705 5.
1810 4645 1945 4705 corr.
1985 4630 2257 4699 auspicius
2291 4632 2343 4684 2.
2443 4633 2488 4664 ”
2525 4636 2616 4688 Sui
2653 4650 2881 4705 namque
2903 4636 3133 4690 nominis
3153 4637 3405 4691 ferociam

191 4711 352 4755 coulra
376 4705 500 4758 vitia
531 4704 794 4768 imitatus,
832 4705 1300 4759 mansuetudinem
1356 4703 1619 4756 virtutum
1666 4699 2005 4754 laudabiliter
2047 4711 2129 4754 est
2177 4712 2434 4771 sequutus
2475 4705 2598 4757 add.
2623 4705 2676 4759 2.
2707 4705 2760 4758 5.
2794 4699 2810 4705 ’
2869 4707 2914 4738 ⁵⁸
2951 4707 3129 4761 5.ante
3168 4707 3260 4760 His
3281 4707 3407 4759 add.

190 4786 288 4838 qua
311 4775 444 4843 infra
467 4793 480 4828 :
506 4776 611 4842 Qui
645 4791 835 4830 omnes
859 4778 1025 4830 totius
1052 4775 1200 4828 orbis
1224 4803 1294 4816 ο-
1322 4774 1602 4846 hominem
1626 4771 1812 4833 exivit,
1839 4781 2220 4846 e_co_rr._tam_eu
2249 4789 2345 4846 suo
2373 4773 2486 4846 loco
2509 4778 2768 4846 restituta.
2879 4777 2924 4809 ⁸⁷
2962 4794 3100 4830 corr.
3130 4785 3412 4846 predeces-

191 4843 308 4916 soris
338 4839 389 4898 2.
463 4846 510 4879 ⁸⁸
531 4839 642 4916 ἰιιιί
673 4847 811 4914 apud
843 4847 1015 4901 locum
1069 4845 1298 4914 sepulcri
1355 4844 1494 4916 illius
1522 4840 1992 4916 habetur__add.
2032 4839 2084 4916 5.
2161 4840 2233 4916 "_
2253 4841 2379 4916 Hoc,
2405 4843 2519 4899 loco
2546 4845 2581 4899 2
2621 4848 2773 4900 vitam
2801 4855 2851 4900 et
2885 4839 3146 4901 miracula'
3173 4847 3234 4900 S.
3281 4845 3411 4910 Apri

190 4912 399 4984 inseruit.
471 4917 521 4950 ”
557 4911 842 4972 albauldus
870 4932 1008 4970 corr.
1037 4911 1144 4972 rec.
1173 4931 1333 4968 manu
1372 4915 1584 4968 albiuus
1617 4911 1802 4984 2.__'_‘_
1838 4911 2173 4984 privilegium
2208 4913 2262 4967 2.
2339 4914 2384 4945 "
2425 4917 2717 4972 chathedra
2759 4917 2813 4970 2.
2849 4917 3059 4984 ιωρὶιιε.
3135 4915 3180 4948 ⁸³
3230 4917 3411 4968 imita-

191 4980 267 5048 bili
298 4985 346 5039 5.
442 4988 490 5018 “
522 4988 654 5044 cleri
687 5004 751 5043 ac
787 4988 956 5058 plebis
982 4991 1035 5045 5.
1149 4987 1198 5058 ’ξ
1231 5001 1494 5040 consensu
1519 4985 1604 5058 2._
1682 4981 1730 5058 ’ξ
1761 4980 1870 5058 Nec
1900 4982 2197 5058 immerito,
2225 4984 2348 5058 quia
2389 5001 2511 5040 cum
2567 4988 2800 5042 nominis
2835 4980 3162 5058 dulcedine
3209 4984 3408 5058 mellita

191 5053 412 5112 eminebat
441 5074 654 5114 morum
683 5048 992 5130 bon-estate,
1027 5069 1083 5116 et
1119 5057 1267 5112 velut
1304 5071 1431 5125 apes
1471 5053 1883 5130 prudentissima
1908 5048 2394 5130 _[prtt_t_leritissintas
2429 5048 3013 5130 corr._pr_udeutissima
3047 5055 3129 5130 2.]
3153 5057 3204 5110 iu
3227 5056 3410 5122 subje-

191 5132 374 5181 ctorum
403 5129 661 5184 cordibus
679 5131 780 5200 piae
805 5121 1077 5201 religionis
1100 5130 1251 5184 favos
1289 5121 1612 5198 aggi'cgabat
1647 5123 1774 5176 add.
1829 5121 1885 5175 2.
1907 5121 1960 5176 5.
2037 5122 2080 5152 "
2115 5123 2399 5194 episcopus
2419 5127 2544 5180 add.
2568 5121 2624 5181 2'.
2648 5128 2698 5181 5.

1696 5253 1928 5312 ΝΟΤιΕ.

253 5377 348 5450 (l5)
386 5381 576 5437 Exstat
607 5379 830 5452 epistola
869 5378 986 5448 ejus
1012 5375 1245 5452 metrica
1276 5373 1342 5428 ad
1381 5373 1737 5443 Arhogastem
1769 5373 1816 5432 D
1845 5438 1859 5451 .
1887 5346 2029 5437 ⁸(1⁸7)
2156 5364 3191 5452 Al‘b‘nulduslegimusgjd‘em‘fortasse
3206 5362 3410 5452 estgqui

191 5435 760 5514 coaugmbuchgsne
785 5450 826 5516 ι,
852 5435 974 5520 p58,
1007 5447 1135 5520 δεμ,
1244 5516 1256 5520 Α
1404 5513 1463 5520 __
1531 5435 1558 5443 ⁷
1634 5510 1701 5520 ω
1844 5438 1900 5520 in
1928 5435 2164 5520 concilio
2199 5435 2566 5520 Apre'lia«'_eusi
2600 5437 2725 5520 anni
2899 5435 3413 5520 flodiulsg‘noiuiua-

251 5503 444 5589 (“illo
480 5503 981 5592 iVitaHKp't-l'apiid
1024 5503 1372 5592 Martenium
1404 5513 1596 5569 Thess.
1632 5510 1735 5592 lll,
1846 5517 1964 5573 tur,
1995 5504 2288 5592 Couczed:
2302 5503 2574 5592 ullarduin.
2608 5505 2670 5570 ll,
2894 5507 3054 5592 Certe
3083 5503 3169 5556 hic
3198 5503 3411 5570 episco-

1162 5585 1740 5730 ttlzez".:.s::j;;:;:
1845 5592 2034 5717 νοδξς
2062 5573 3410 5730 illi:33:32321335‘ggﬁ‘iﬁﬁmﬂﬂr

192 5710 1065 5803 uiiij'tiszsi‘sﬁés‘aa‘éiitem,
1082 5710 1413 5803 accessisse,
1444 5710 1584 5793 quod
1611 5710 1738 5803 huic
1847 5710 2058 5803 morum
2080 5715 2338 5803 stet-them
2369 5725 2425 5772 et
2447 5715 2693 5781 Fabiani,
2715 5715 2806 5784 qui
2829 5712 2985 5783 longe
3007 5721 3131 5766 ante
3157 5710 3410 5766 Albinum

190 5786 407 5868 opinioni
439 5786 742 5858 ﬁlsis'simae
768 5818 952 5856 ansam
982 5786 1214 5865 dedisse,
1244 5786 1484 5852 Ilartene
1511 5793 1737 5865 putavit.
1843 5787 2118 5844 vivebant.
2159 5786 2338 5844 Itur.
