3926 6452
493 393 601 449 455

1735 385 2022 441 ΑΡΡΕΜ).
2064 384 2155 438 AD
2190 383 2507 440 ΡῙΒΟΝΕΜ.

3617 397 3710 455 155

489 505 701 571 urbem,
729 505 863 560 mira
911 505 982 558 ibi
1015 502 1246 559 fidelium
1288 510 1576 556 veneratur
1627 500 1931 555 devotione.
1963 501 2063 558 Cu-
2089 508 2140 565 Α
2167 499 2347 556 nulqu
2392 500 2634 572 pontifex
2663 501 2834 574 (847),
2877 513 3030 560 ortus
3057 520 3124 560 ex
3155 521 3295 578 pago
3319 506 3596 566 Aureliensi
3622 513 3714 580 ιη,

487 599 571 654 ius
605 600 729 653 vitae
751 599 863 651 dies
895 596 1079 650 ultima
1109 595 1143 649 5
1173 593 1354 647 iduum
1386 591 1720 663 Septembris
1756 591 1874 646 fuit.

478 701 484 706 '
553 687 643 744 25.
681 687 846 744 Iacob
875 686 938 717 ¹⁰⁸
971 699 1099 738 vero
1140 685 1456 754 cpiscopus,
1498 685 1590 754 qui
1639 694 1763 754 post
1805 687 2061 740 domuum

483 779 753 840 Bodonem
785 778 836 832 in
866 777 1119 830 cathedra
1144 776 1338 830 resedit
1357 775 1648 846 episcopali
1677 776 1788 847 (52)
1819 777 1887 847 (ε.
1913 775 2060 848 756),

481 867 769 938 adquisivit
815 867 1088 921 abbaliam
1130 867 1302 920 sancti
1345 865 1566 921 Deodati
1616 868 1756 936 apud
1813 867 2062 938 Pipiuum

479 961 777 1032 piissimum
813 957 880 991 m
919 976 1097 1029 regem
1131 959 1264 1028 (55).
1305 959 1470 1029 Cujus
1513 967 1754 1030 tempore
1787 959 1902 1032 (54)
1938 978 2062 1016 san-

477 1062 597 1108 clus
641 1049 913 1106 llildulfus
941 1051 1012 1084 ¹⁰³
1043 1051 1450 1122 achiepiscopus
1492 1051 1841 1107 Trevirorum
1883 1055 2062 1109 szeculi

477 1143 683 1199 honore
731 1141 919 1198 relicto
950 1141 1042 1208 ⁸⁸⁸,
1091 1142 1143 1194 in
1181 1141 1316 1196 saltu
1351 1139 1565 1213 Vosago
1614 1143 1902 1198 cenobium
1932 1161 2066 1200 cou-

477 1237 676 1291 strusit
699 1234 1024 1299 Medianum,
1062 1233 1269 1304 praefati
1293 1235 1536 1304 przesulis
1571 1234 1902 1307 suffragante
1932 1253 2065 1291 con-

476 1343 638 1383 sensu
667 1336 722 1383 et
769 1324 981 1381 solatio.
1016 1325 1156 1379 Idem
1204 1338 1332 1380 vero
1369 1325 1538 1381 Jacob
1571 1326 1771 1382 Christi
1823 1329 2066 1398 pontifex

476 1429 706 1476 mortem
737 1418 957 1474 subiens
1001 1417 1100 1482 m,
1147 1417 1438 1486 requiescit
1483 1419 1534 1471 in
1573 1418 1747 1487 cripta
1784 1418 1853 1450 Μ
1896 1419 2067 1474 sancti

476 1513 708 1584 Benigni
772 1511 1027 1583 martyris
1087 1510 1330 1566 ecclesiae
1376 1512 1712 1568 Divioneusis
1758 1511 1904 1584 (55),
1970 1515 2069 1570 ha-

476 1603 613 1659 bens
644 1603 713 1636 ¹⁹⁷
739 1603 804 1658 ad
849 1601 1021 1673 eapud
1056 1600 1228 1655 altare
1255 1601 1307 1655 in
1349 1599 1553 1658 honore
1586 1603 1760 1658 sancti
1799 1601 2064 1659 Mansueti

479 1695 833 1750 confessoris.
1855 1738 1858 1741 _

545 1785 638 1842 24.
665 1784 954 1856 Postquem
973 1785 1200 1841 domnus
1225 1786 1399 1841 Borno
1423 1785 1816 1857 fuitepisc0pus
1833 1787 1901 1857 (c.
1917 1784 2070 1856 770),

2171 601 2328 664 patre
2351 593 2581 648 Alnaldo
2612 595 2701 658 η’,
2740 605 2913 652 matre
2937 611 3067 653 vero
3095 597 3410 667 Flammola,
3437 601 3516 655 vir
3539 615 3716 665 sancte

2170 695 2226 742 et
2253 701 2461 758 magna:
2487 686 2555 722 ¹²³
2599 689 2875 758 religionis
2901 699 3065 760 atque
3100 693 3152 746 in
3181 691 3424 747 doctrina
3451 697 3589 751 verbi
3638 700 3718 756 Dei

2164 778 2630 845 studiosissimus,
2661 791 2717 835 et
2743 781 2896 851 quasi
2924 782 3172 837 columna
3221 784 3509 841 immobilis
3552 787 3720 845 funda-

2163 883 2343 929 menta
2377 885 2578 930 sanctae
2603 875 2817 932 fortiter
2839 886 3028 933 tenens
3051 879 3217 934 immo
3239 878 3512 951 fastigium
3536 897 3721 941 susten-

2164 976 2284 1023 tans
2332 968 2606 1036 ecclesiae,
2663 971 2805 1026 inter
2857 973 3081 1028 adversa
3123 971 3439 1029 fluctuantis
3472 976 3540 1006 η*
3579 981 3722 1038 seculi

2164 1057 2477 1114 discrimina
2503 1074 2603 1115 nec
2631 1062 3083 1131 prosperitatibus
3111 1063 3280 1117 valuit
3311 1063 3496 1118 extolli
3526 1082 3618 1122 nec
3643 1069 3723 1123 ad-

2163 1151 2512 1206 versitatibus
2567 1167 2596 1206 a
2647 1153 2991 1209 rectitudinis
3039 1157 3257 1211 tramite
3292 1157 3527 1212 deviare.
3575 1158 3722 1214 Nam-

2166 1258 2271 1314 que
2297 1244 2364 1275 “'
2393 1253 2632 1314 tempore
2661 1260 2766 1314 quo
2795 1247 2840 1300 is
2869 1249 3212 1301 venerandus
3237 1249 3419 1318 presul
3450 1248 3721 1307 Tulleusem

2167 1335 2394 1406 regebat
2420 1335 2728 1402 ecclesiam,
2760 1334 2860 1391 fuit
2885 1354 2980 1394 rex
3010 1337 3317 1405 Lotbarius,
3351 1339 3443 1409 qui
3475 1340 3723 1396 dicebatur

2161 1424 2366 1493 junior,
2400 1425 2490 1495 qui
2523 1425 2791 1494 permulta
2821 1437 3040 1483 strenue
3077 1429 3275 1499 gessit,
3322 1429 3516 1499 quippe
3556 1433 3638 1500 qui
3666 1431 3723 1463 ¹¹¹

2168 1527 2289 1572 erat
2337 1516 2488 1587 regio
2518 1525 2668 1572 satus
2710 1533 2941 1588 genere;
2982 1521 3074 1573 sed
3106 1520 3312 1589 antiqui
3362 1522 3528 1574 hostis
3555 1523 3726 1591 depra-

2167 1619 2324 1664 vatus
2345 1609 2562 1674 astutia,
2593 1625 2698 1664 non
2730 1619 2878 1664 recto
2908 1611 3059 1666 calce
3087 1612 3264 1666 finivit
3293 1612 3431 1666 bene
3451 1621 3612 1681 cepta.
3632 1614 3724 1668 Ac-

2170 1701 2378 1771 cipiens
2402 1718 2637 1774 namque
2668 1719 2895 1760 uxorem
2925 1707 3143 1761 nomine
3173 1705 3530 1777 Zeutbergam
3555 1703 3617 1738 ’τ’
3636 1709 3726 1761 cla-

2175 1793 2431 1856 rissimis,
2475 1796 2552 1850 uti
2580 1796 2826 1860 decebat,
2867 1807 3039 1852 ortam
3071 1797 3362 1862 natalibus,
3400 1797 3726 1854 concubinam

477 1877 564 1931 vir
591 1876 918 1933 venerabilis
950 1883 1112 1945 atque
1138 1875 1272 1930 adeo
1297 1877 1578 1947 religiosus
1596 1920 1610 1944 ,
1639 1887 1698 1931 lli.
1725 1879 1793 1932 ah
1819 1878 2069 1933 omnibus
2105 1861 2146 1919 Β
2174 1888 2446 1958 quandam
2494 1886 2714 1941 nomine
2743 1884 3090 1942 \Valdradam
3123 1904 3254 1944 ceco
3295 1861 3483 1943 dilexit
3529 1905 3695 1942 amore
3713 1930 3726 1952 ν

476 1971 560 2024 vir
587 1975 874 2024 vocaretur
905 1966 1256 2040 apostolicus.
1290 1969 1407 2037 Quo
1444 1971 1767 2041 prmsulaute
1789 1971 1903 2025 sedi
1929 1971 2066 2025 Leu-

475 2075 553 2117 cae
584 2058 675 2126 ’°',
719 2062 907 2117 eadem
953 2061 1082 2116 urbs
1128 2061 1342 2117 demum
1373 2063 1442 2095 ¹⁰⁹
1499 2063 1621 2133 igne
1670 2059 2064 2134 conflagravit,

476 2152 716 2223 peccatis
741 2151 1115 2224 exigentibus;
1150 2151 1242 2206 sed
1298 2153 1411 2222 ipse
1457 2154 1765 2223 impetravit
1805 2169 1834 2207 a
1867 2150 2066 2208 Karolo

476 2261 602 2318 rege
641 2248 1093 2303 restaurationem
1123 2254 1397 2301 cartarum
1427 2247 1547 2318 igne
1582 2257 1942 2301 crematarum
1970 2245 2062 2302 ¹¹⁶ι

477 2352 640 2411 atque
664 2343 731 2396 ah
756 2343 944 2396 eodem
984 2356 1109 2412 rege
1134 2341 1425 2410 adquisivit
1461 2339 1730 2395 abbatiam
1762 2343 1826 2395 de
1851 2336 2058 2396 Offouis

476 2433 623 2488 villa.
655 2429 802 2489 Obiit
829 2442 1007 2487 autem
1037 2433 1090 2487 in
1116 2448 1248 2503 pace
1275 2433 1334 2488 11
1377 2431 1494 2487 Kal.
1524 2431 1747 2501 Aprilis.

550 2526 644 2580 25.
691 2523 862 2594 Hujus
888 2525 955 2556 ¹¹¹
1001 2540 1284 2580 successor
1313 2526 1494 2580 extitit
1519 2523 1819 2580 Wanincus
1848 2525 1913 2557 ¹¹¹
1956 2525 2070 2596 cpi-

478 2634 674 2690 scopus
711 2621 781 2689 (c.
812 2619 968 2690 800),
1000 2635 1128 2690 erga
1157 2618 1442 2674 ecclesiam
1478 2617 1571 2672 Dei
1625 2618 1711 2671 vir
1739 2617 2071 2672 studiosissi-

479 2727 620 2766 mus.
651 2711 749 2766 llic
777 2721 886 2766 tum
933 2713 986 2767 in
1033 2709 1364 2766 adornandis
1393 2707 1761 2776 subiectorum
1795 2710 2064 2774 moribus,

482 2813 596 2856 tum
643 2803 696 2857 in
749 2802 1089 2857 ornamentis
1134 2801 1378 2857 ecclesia
1423 2800 1836 2866 construendis,
1880 2813 2066 2856 curam

480 2909 696 2964 semper
723 2893 911 2949 habuit
956 2891 1315 2956 indefessam,
1348 2900 1404 2945 et
1433 2889 1590 2945 beato
1633 2888 1738 2945 fine
1774 2891 2065 2956 transiens,

481 2988 718 3043 excessit
748 3002 778 3040 a
819 2985 1016 3042 saeculo
1049 2985 1118 3018 ¹¹³
1143 2983 1261 3040 Kal.
1294 2981 1557 3039 Januarii.
1599 2983 1960 3055 Sepultusque
1987 2990 2071 3040 est

481 3079 533 3133 in
560 3078 830 3133 cimiterio
861 3076 1034 3132 sancti
1065 3077 1194 3148 Apri
1218 3076 1308 3130 ω.

549 3171 641 3225 26.
683 3168 822 3226 liuic
850 3169 918 3201 ⁸³⁵
962 3168 1242 3225 Frotarius
1273 3169 1348 3225 "'.
1380 3168 1464 3223 vir
1515 3167 1914 3233 sanctissimus,
1959 3165 2071 3236 pri-

2168 1983 2306 2036 adeo
2345 1989 2436 2045 ut,
2467 1979 2610 2049 quod
2642 1975 2792 2034 nefas
2833 1990 2982 2046 erat,
3025 1981 3092 2035 ab
3118 1996 3182 2036 co
3227 1978 3465 2049 conjunx
3511 1980 3726 2050 legitima

2166 2071 2444 2127 videretur
2473 2070 2750 2124 derelicta.
2784 2069 2936 2137 Quod
2967 2071 3118 2125 multi
3147 2071 3238 2142 qui
3289 2082 3417 2126 tunc
3461 2071 3728 2142 pontificali

2166 2164 2375 2234 praediti
2400 2162 2468 2202 ιη
2491 2161 2808 2219 videbantur
2831 2164 3035 2217 honore
3065 2163 3363 2226 audientes,
3391 2164 3521 2230 prob
3551 2161 3716 2216 nefas!

2166 2256 2365 2326 partim
2398 2255 2612 2320 timore,
2639 2255 2835 2324 partim
2862 2253 3065 2324 injusto
3091 2269 3310 2320 amore,
3359 2253 3570 2308 silentio
3594 2269 3732 2323 cepe-

2169 2357 2298 2402 runt
2351 2357 2553 2418 tegere.
2590 2345 2744 2414 Quod
2777 2346 2864 2401 ubi
2894 2347 3162 2415 comperit
3209 2346 3317 2414 iam
3369 2346 3648 2416 praedictus
3676 2345 3733 2377 "’

2168 2439 2370 2494 athleta
2402 2437 2558 2493 fortis
2591 2447 2647 2494 et
2685 2437 2930 2509 pontifex
2960 2438 3027 2469 ”°
3057 2437 3289 2492 domnus
3318 2433 3591 2500 Arnulfus,
3637 2453 3735 2491 ma-

2170 2531 2262 2586 luit
2297 2547 2394 2603 pro
2419 2527 2620 2588 Christi
2659 2531 2879 2587 nomine
2924 2530 3314 2601 temporalibus
3349 2539 3512 2599 atque
3540 2530 3736 2585 caducis

2169 2623 2386 2680 destitui
2417 2623 2602 2688 bonis,
2638 2631 2694 2679 et
2721 2623 2789 2677 ad
2816 2621 3084 2685 ultimum,
3119 2623 3161 2678 si
3201 2638 3422 2678 necesse
3449 2623 3602 2684 foret.
3640 2623 3735 2678 dis-

2170 2716 2376 2771 crimen
2404 2716 2515 2784 pati
2547 2715 2672 2771 vitae
2703 2715 3011 2786 praesentis,
3041 2731 3202 2784 quam
3233 2725 3292 2770 ut
3319 2714 3388 2770 ab
3417 2731 3482 2769 eo
3508 2713 3738 2770 deficeret

2170 2819 2406 2877 congrua
2439 2803 2704 2860 rectitudo
2732 2805 2965 2874 pastoris
2987 2844 3002 2859 .
3053 2805 3282 2875 Ideoque
3323 2806 3630 2876 praedictum
3663 2821 3738 2860 re-

2170 2911 2290 2968 gem
2337 2910 2499 2966 super
2527 2896 2630 2951 hoc
2658 2897 2861 2951 scelere
2889 2911 3114 2966 perscpe
3143 2913 3404 2967 arguens,
3445 2912 3566 2951 cum
3593 2911 3732 2952 revo-

2170 2998 2298 3043 care
2329 2988 2612 3058 nequiret,
2662 2988 2921 3059 pastorali
2968 2988 3215 3060 religavit
3255 2989 3523 3043 sententia
3545 3031 3558 3051 ,
3585 2988 3736 3042 donec

2171 3079 2542 3150 resipisceret.
2586 3080 2932 3150 QuaprOpter
2983 3081 3051 3134 ab
3104 3081 3221 3150 ipso
3274 3095 3401 3151 rege
3451 3080 3662 3148 suisque
3694 3079 3739 3132 in

2173 3169 2376 3224 malum
2416 3168 2718 3226 fautoribus
2748 3169 2815 3201 ¹³¹
2846 3169 3170 3226 venerabilis
3195 3169 3390 3239 praesul
3424 3184 3624 3240 suaque
3660 3185 3740 3222 cc-

481 3279 627 3318 mum
674 3263 844 3318 abbas
874 3262 1084 3319 cenobii
1121 3263 1185 3294 ¹¹⁷
1217 3260 1390 3317 sancti
1431 3259 1705 3330 pontificis
1747 3259 1911 3328 Apri,
1950 3265 2071 3329 post
2097 3242 2143 3304 (ἶ
2174 3259 2336 3315 clesia
2369 3260 2600 3316 abbatiis
2629 3276 2851 3331 prorsus
2876 3261 2941 3315 ad
2971 3270 3188 3330 tempus
3217 3260 3447 3330 spoliata
3479 3261 3736 3315 remansit.

482 3357 708 3412 idoneus
737 3355 805 3388 ⁸⁸⁸
831 3356 1178 3426 episcOpatus
1205 3354 1472 3410 successit
1495 3353 1608 3424 (56)
1639 3351 1808 3425 (815).
1857 3352 2067 3422 Quique

482 3449 765 3521 praefatum
804 3450 1108 3506 coenobium
1141 3457 1198 3505 et
1239 3448 1434 3503 divinae
1473 3447 1751 3518 religionis
1777 3456 2068 3516 augmento

482 3525 823 3607 Sublimavit,
868 3549 926 3595 et
950 3555 1130 3595 rerum
1173 3539 1506 3594 exteriorum
1554 3537 1928 3609 supplemento
1961 3554 2066 3592 nin

483 3634 694 3688 modice
721 3633 1009 3688 adornavit
1035 3632 1169 3703 (57).
1207 3631 1259 3687 is
1297 3630 1589 3702 adquisivit
1619 3645 1650 3684 a
1698 3629 1970 3684 Ludovico
1997 3631 2064 3661 "9

484 3736 537 3782 et
559 3727 819 3783 Lothario
845 3727 1262 3797 imperatoribus
1285 3725 1678 3780 immunitatem
1702 3724 1991 3779 comitatus
2011 3732 2064 3777 et

486 3819 722 3875 thelonei
758 3827 814 3874 et
847 3817 1246 3873 restitutionem
1296 3825 1567 3870 cartarum
1599 3821 2063 3870 coucrcmatarmn

486 3921 541 3964 et
589 3908 844 3965 forestem
897 3924 1018 3963 cum
1057 3908 1235 3963 hanno
1283 3921 1444 3978 quam
1487 3904 1810 3960 Ermundies
1855 3904 2064 3958 dicunt.

486 4001 648 4057 Rexit
677 4010 854 4055 autem
881 3999 1164 4055 ecclesiam
1187 3997 1434 4053 eamdem
1471 3996 1626 4051 annis
1650 3994 1749 4058 55,
1782 3995 2068 4049 ordinatus

486 4103 569 4150 est
609 4093 666 4149 11
717 4092 832 4147 Kal.
881 4092 1110 4162 Aprilis,
1157 4089 1358 4145 mundo
1396 4097 1480 4144 est
1525 4099 1808 4158 exemptus
1843 4087 1903 4140 11
1948 4085 2065 4140 Kal.

486 4183 611 4239 Jun.
655 4182 864 4254 Corpus
891 4198 1020 4238 vero
1051 4181 1192 4236 illius
1224 4181 1278 4235 in
1308 4179 1580 4235 cimiterio
1608 4177 1782 4233 sancti
1812 4176 1942 4245 Apri
1984 4190 2068 4230 re-

486 4275 713 4342 tinetur,
743 4272 882 4328 infra
912 4272 1246 4336 claustrum,
1291 4272 1343 4326 in
1378 4269 1600 4325 introitu
1631 4266 1942 4322 monasterii
1976 4266 2064 4319 “°.

555 4367 648 4421 27.
682 4366 883 4422 Deinde
910 4366 1138 4435 adeptus
1167 4372 1251 4419 est
1295 4361 1645 4434 praesulatum
1695 4359 1924 4415 domnus
1965 4357 2068 4410 Ar-

2173 3349 2278 3404 Sed
2310 3350 2402 3404 Dei
2435 3349 2649 3404 favente
2677 3349 2986 3416 clementia,
3009 3359 3129 3420 post
3153 3365 3436 3405 excessum
3469 3352 3591 3405 vita:
3615 3351 3736 3418 regis

2171 3443 2376 3507 insani,
2421 3451 2530 3497 tam
2577 3458 2675 3512 per
2719 3442 2894 3513 ipsum
2941 3459 3212 3513 quamque
3259 3459 3356 3515 per
3399 3445 3737 3500 venerabilem

2168 3535 2463 3591 Arnaldum
2506 3533 2574 3568 ¹³²
2624 3551 2993 3592 successorem
3043 3537 3212 3607 ipsius
3262 3547 3425 3607 atque
3481 3548 3737 3608 nepolein.

2169 3627 2400 3682 abbatiis
2429 3627 2623 3698 quibus
2654 3628 2721 3659 ⁸³³
2750 3627 2926 3683 fuerat
2953 3628 3180 3698 spoliata
3208 3627 3278 3659 ’³⁸
3319 3627 3547 3698 praefata
3587 3628 3739 3682 cccle-

2170 3720 2271 3782 sia,
2293 3718 2508 3789 alioque
2531 3721 2738 3775 honore
2760 3719 2957 3790 partim
2985 3729 3070 3773 est
3096 3729 3410 3790 recuperata
3433 3719 3571 3790 (58).
3593 3715 3740 3787 liuius

2174 3819 2415 3881 tempore
2460 3811 2812 3868 subdiderunt
2871 3827 2930 3866 se
2976 3811 3221 3866 ecclesi:e
3271 3813 3451 3866 sancti
3501 3810 3740 3881 Stephani

2174 3902 2390 3973 ingenui
2435 3903 2686 3958 homines
2712 3919 2872 3973 quam
2901 3902 3116 3972 plurimi
3148 3920 3213 3958 ex
3262 3903 3486 3974 lngolini
3525 3888 3742 3960 curte'et

2174 3989 2344 4045 Mauri
2392 3991 2540 4046 villa.
2576 3991 2728 4047 Sedit
2775 4001 2952 4047 autem
3000 3991 3142 4047 idem
3187 3992 3271 4046 vir
3319 3995 3656 4047 venerandus
3696 3993 3739 4043 in

2179 4081 2307 4135 sedc
2353 4082 2674 4149 praesulatus
2702 4083 2860 4138 annis
2883 4081 2985 4147 25,
3037 4083 3264 4138 recessit
3294 4097 3512 4154 quoque
3545 4084 3613 4137 ab
3655 4083 3740 4136 hac

2170 4174 2308 4230 valle
2337 4171 2405 4206 "‘
2445 4174 2788 4230 lacrimarum
2839 4177 2905 4231 15
2945 4175 3061 4230 Kal.
3108 4176 3457 4238 Decembris,
3489 4175 3738 4247 sepultus-

2169 4281 2275 4336 que
2299 4274 2382 4320 est
2411 4266 2479 4298 ⁸³⁸
2503 4265 2657 4335 juxta
2688 4282 2884 4335 corpus
2924 4266 3096 4321 sancti
3125 4267 3251 4335 Apri
3286 4266 3339 4319 in
3372 4267 3546 4335 cripta
3576 4263 3734 4320 sancti

2170 4356 2364 4412 Auiani
2392 4357 2456 4388 ’³⁷
2491 4367 2908 4428 sanctorumque
2936 4367 3235 4429 martyrum
3273 4356 3511 4412 Cornelii
3552 4366 3607 4412 et
3641 4356 3732 4427 Cy-

1834 4467 2070 4524 V’ARUE
2106 4467 2512 4524 LECTIONES.

565 4591 630 4623 ¹⁰¹
653 4605 796 4644 acoe
828 4605 966 4643 corr.
989 4605 1094 4643 rec.
1113 4605 1300 4643 manus
1313 4587 1370 4642 2.
1447 4587 1516 4620 ¹⁰¹
1542 4583 1992 4655 gloriosissimum
2013 4583 2067 4636 2.
2145 4583 2219 4615 ¹⁰³
2248 4582 2565 4655 hidulfusl?
2639 4584 2708 4616 ὀδ
2740 4584 3046 4652 posthabito
3064 4584 3121 4638 2.
3146 4586 3201 4640 5.
3279 4591 3347 4622 ποι
3380 4595 3554 4644 morte
3569 4581 3740 4640 obiens

490 4662 544 4717 2.
574 4660 777 4716 obiit5.
857 4659 924 4691 ιοσ
947 4661 1146 4731 scripta
1183 4660 1228 4712 ι.

1307 4659 1374 4690 ’⁸⁷
1410 4653 1573 4712 habet
1599 4656 1655 4710 5.
1731 4655 1800 4686 ³⁸³⁸
1829 4653 2030 4707 leuchze
2044 4655 2097 4708 2.
2125 4655 2179 4708 5.
2256 4653 2324 4684 ¹⁰⁹
2351 4655 2526 4708 denuo
2554 4657 2605 4710 5.
2688 4655 2754 4687 “°
2779 4666 3238 4710 concrematarutu
3279 4661 3333 4714 5.

3415 4661 3477 4691 ¹¹¹
3510 4656 3668 4722 Cujus
3689 4655 3738 4709 5.

495 4733 564 4764 ί¹²
594 4731 833 4785 wanicus
850 4745 986 4784 corr.
1006 4721 1285 4784 waniucus
1304 4730 1358 4783 2.
1380 4729 1660 4784 waunicus
1673 4724 1726 4779 5.
1787 4721 1856 4756 “’
1887 4724 1970 4776 Vll
1991 4722 2044 4776 5.
2105 4725 2173 4756 ’³⁸
2194 4725 2233 4778 A
2261 4725 2585 4780 confessoris
2605 4726 2659 4780 2.
2685 4725 2737 4780 5.
2796 4726 2862 4758 “5
2889 4725 3024 4780 Hinc
3045 4728 3100 4780 2.
3164 4729 3231 4759 ¹¹⁶
3261 4730 3555 4786 frotharius
3573 4721 3625 4780 2.
3645 4725 3742 4779 fro-

493 4803 701 4858 tuarius
713 4801 770 4856 5.
831 4799 896 4833 ¹¹⁷
925 4803 1066 4854 deest
1086 4802 1104 4854 l
1121 4840 1134 4853 .

504 4873 696 4928 subtus
742 4873 914 4926 altare
942 4885 990 4924 s.
1023 4871 1202 4926 crucis
1235 4871 1361 4925 add.
1397 4871 1449 4924 1.

496 4943 787 4998 relianeusi
819 4944 873 4998 5.
953 4941 1024 4972 ¹”
1051 4942 1272 4995 arnaldo
1295 4940 1348 4996 5.

497 5013 566 5045 ⁸⁸⁸
590 5013 714 5079 quia
738 5013 791 5066 2.
823 5015 878 5068 5.
955 5012 1019 5043 ¹³⁷
1051 5014 1370 5081 zeubergam
1402 5012 1453 5066 1.
1481 5010 1822 5081 teutbergam
1843 5007 1897 5060 5.

499 5083 566 5116 ³³⁸
595 5083 888 5137 factorihus
923 5082 972 5135 1.

495 5153 637 5209 valle
659 5153 713 5206 2.
791 5151 858 5183 ¹³⁸
884 5152 1023 5206 deest
1049 5152 1098 5206 l.
1175 5153 1241 5184 ¹³⁷
1276 5153 1454 5207 amani
1485 5151 1541 5205 5.

1461 4940 1529 4971 ’”
1554 4939 1845 4994 sanctitate
1867 4950 2076 5005 magna:
2109 4952 2152 4990 r.
2183 4936 2244 4989 D.
2271 4935 2591 5004 conspicuus
2615 4939 2670 4990 2.
2708 4940 2762 4992 5.

1481 5010 1815 5058 teuthergam
1843 5007 1897 5058 5.
2015 5005 2084 5037 ¹²⁸
2112 5008 2250 5058 deest
2284 5006 2334 5058 1.
2449 5007 2517 5037 ¹²⁹
2545 5008 2762 5058 nrzeliha

2112 5017 2250 5059 deest
2284 5017 2306 5058 ‘I
2321 5046 2334 5058 .

1052 5083 1117 5113 ¹³¹
1138 5076 1455 5137 aruauldum
1481 5082 1540 5135 2.
1617 5076 2340 5149 miniibus—subdiderunt
2364 5091 2422 5132 se
2449 5078 2503 5131 in
2529 5079 2642 5132 loco
2668 5094 2787 5134 raso
2813 5079 2868 5132 2.
2948 5079 3017 5111 ηδ
3046 5081 3255 5151 privata
3297 5081 3351 5136 2.
3393 5082 3466 5138 52
3525 5079 3593 5112 ⁸³³
3620 5093 3737 5132 cou-

1215 4800 1284 4833 ¹¹⁸
1306 4800 1373 4854 ad
1400 4814 1542 4870 onus
1554 4799 1614 4870 5.
1691 4796 1758 4828 m
1783 4793 2106 4870 leudouvino
2123 4811 2263 4848 corr.
2293 4811 2397 4848 rec.
2422 4811 2581 4870 manu
2608 4797 2852 4870 ludovico
2873 4797 2927 4852 2.
3009 4798 3074 4829 "°
3104 4799 3196 4852 sed
3219 4813 3406 4870 postea
3439 4798 3739 4870 translatum

1525 4867 1679 4923 Nunc
1720 4881 1847 4921 vero
1889 4864 2128 4933 quiescit
2172 4865 2559 4934 trauspositum
2593 4878 2739 4921 retro
2777 4868 2948 4922 altare
2978 4879 3178 4923 sanctze
3213 4864 3391 4927 crucis
3429 4871 3484 4924 5.
3559 4869 3624 4899 ⁸⁸⁸
3660 4882 3741 4920 au-

2875 4937 2944 4969 ηδ
2971 4937 3234 4995 ﬂuctuans
3267 4944 3316 4996 1.
3436 4941 3504 4972 ηδ
3536 4937 3642 4992 Nec
3678 4937 3731 4990 2.

2545 5008 2854 5076 przelibatus
2873 5007 2931 5062 2.
2959 5010 3014 5062 5.
3125 5010 3194 5042 ¹³⁹
3219 5011 3424 5066 domini
3456 5010 3580 5065 add.
3606 5009 3660 5061 2.
3687 5007 3736 5060 5.

2029 5235 2260 5295 NOTAE.

568 5381 683 5454 (52)
723 5378 1053 5454 subscripsit
1097 5373 1322 5454 concilio
1368 5369 1875 5454 Compendiensia.
1921 5369 2059 5454 765,
2091 5375 2140 5434 D
2239 5369 2355 5442 (55)
2396 5370 2513 5454 Cf;
2529 5371 2736 5454 Chron.
2761 5367 2865 5454 ἐκ.
2887 5367 3112 5445 Benigni
3151 5373 3364 5429 Divion.
3405 5389 3494 5444 ap.
3546 5373 3736 5427 Dacbe-

498 5446 674 5509 Cone.
706 5452 793 5507 ed.
840 5446 1097 5518 Hardiiin.
1143 5448 1243 5518 lli,
1291 5461 1346 5518 p.
1391 5446 1564 5510 2008,
1611 5453 1667 5498 et
1708 5446 2063 5500 Attiniaceusi

497 5540 552 5580 a.
582 5520 882 5596 _776_5,_Mon.
901 5517 1038 5596 _Leg.
1067 5518 1108 5596 lA,
1137 5536 1190 5590 p.
1217 5515 1342 5596 50.“
1516 5587 1533 5596 _
1558 5583 1598 5596 _
1708 5585 1722 5596 .

576 5581 779 5668 (55)’Ῡ.
807 5581 1037 5663 diploma
1067 5581 1278 5668 Ottonis
1297 5585 1366 5668 _ll,
1395 5587 1533 5658 apud
1558 5583 1772 5668 Beuoif.
1798 5581 2063 5668 p.331“.

577 5594 664 5668 (55
717 5594 779 5648 ν.
807 5594 1037 5663 diploma
1067 5594 1278 5646 Ottonis
1303 5594 1366 5652 ll,
1395 5594 1533 5658 apud
1561 5594 1772 5644 Beuott.
1798 5599 1851 5655 p.
1879 5594 2063 5639 xxut.

577 5594 686 5736 (5ιέ
725 5664 922 5736 lterum
967 5672 1162 5736 auctor
1189 5659 1347 5736 valde
1367 5657 1909 5736 teiuporanturbavit.
1951 5653 2067 5736 Ea.-

502 5723 624 5790 oem
651 5723 781 5788 vero
807 5733 918 5802 jam
966 5734 1016 5786 in
1047 5730 1336 5800 antiquiori
1367 5723 1501 5782 Vita'
1521 5725 1579 5783 S.
1609 5725 1802 5779 ilil‘dufl
1831 5741 1918 5795 ap.
1951 5723 2067 5780 Bel-

505 5806 717 5860 bomme
745 5803 945 5859 Hister.
975 5803 1201 5858 Mediam
1232 5808 1462 5856 monast.
1487 5810 1538 5868 ρ.
1570 5795 1637 5851 36
1669 5796 1935 5866 leguntur.

543 5819 717 5860 omme
745 5812 945 5859 Ht‘stor.
975 5812 1201 5858 Mediam
1232 5812 1462 5856 tuonaSt.
1487 5812 1538 5860 p.
1570 5812 1637 5851 συ
1669 5812 1935 5860 leguntur.

2171 5439 2466 5517 nu_t_t_t.,_et1._
2481 5441 2641 5517 2L“,
2677 5453 2732 5511 ι).

2245 5511 2358 5582 (56)
2396 5510 2479 5582 Cf.
2511 5510 2801 5567 Flodoard.
2837 5513 2974 5568 Hist.
3005 5511 3160 5569 Rem.
3189 5514 3251 5580 11,
3277 5515 3362 5570 18.

2193 5649 2219 5668 ,ι
2245 5583 2358 5705 (57)
2396 5581 2479 5637 Cf.
2515 5583 2785 5638 lt‘rotharii
2831 5584 3054 5656 diplom.
3109 5599 3196 5656 ap.
3248 5585 3476 5652 Calmet,
3513 5584 3564 5650 1,
3609 5583 3739 5647 50!;

2174 5654 2251 5709 (ια
2279 5652 2312 5705 l.
2339 5652 2465 5707 Chr.
2492 5649 2630 5716 Xlll,
2659 5653 2784 5709 447.

2248 5719 2463 5798 (58)(Σῇ
2489 5721 3058 5798 diplomatajfudoyjci
3083 5723 3228 5783 Balbi
3248 5725 3416 5798 Bouq.
3436 5721 3531 5792 rx,
3546 5737 3601 5797 p.
3627 5721 3738 5780 598.

2173 5786 2379 5849 Arimlfl
2411 5786 2557 5864 regis
2580 5792 2747 5866 Bouq.
2778 5786 2868 5862 tx,
2899 5793 3003 5851 5116
3032 5809 3151 5867 sqq.
