3926 6452
437 370 546 431 ‘59

1643 425 1651 433 ,
1723 354 2011 412 sereno.
2053 351 2146 409 AD
2175 346 2500 405 PlBONEM.
3575 352 3662 410 too

437 492 745 551 Germaniae
759 487 986 547 Galliam
1016 481 1288 554 Belgicam
1311 476 1569 535 incendit.
1608 474 1848 542 Quorum
1878 486 2018 525 nun-
2052 468 2099 525 Α
2125 464 2226 520 sibi
2253 462 2546 533 contigisse
2562 459 2896 526 dcmiratur;
2934 473 3076 530 equo
3102 457 3374 527 desiliens,
3406 459 3664 520 frutecttnn

446 585 528 641 tio
558 579 839 655 perterriti
868 575 1127 632 cenobitte
1153 570 1327 626 sancti
1374 565 1622 638 praesulis
1664 562 1819 632 Apri,
1855 574 2023 616 vene.

436 676 611 731 randa
636 673 754 742 ejus
783 670 1002 740 pignora
1025 664 1077 719 in
1097 661 1287 717 urbem
1311 658 1587 722 deferunt,
1612 656 1937 723 demumque
1959 666 2026 705 ne

412 781 467 822 ta
496 764 724 837 praefato
748 756 1001 830 pontiﬁce
1052 753 1107 807 vi
1163 751 1493 808 retineretur
1526 748 1711 802 furtim
1760 744 2024 810 referunt,

433 833 598 924 attrue
629 848 917 921 perlonga
942 858 1207 898 annorum
1225 838 1505 896 curricula
1538 836 1894 892 abscondunt.
1927 833 2027 891 llic

427 957 564 1016 ergo
609 940 804 997 divina:
848 933 1102 1006 religioni
1136 932 1421 996 insistens,
1451 929 1482 982 7
1514 928 1677 983 annis
1718 926 2026 983 sacerdotio

426 1034 692 1091 infulatus
719 1029 901 1087 5>Kal.
921 1024 1209 1083 Februarii
1256 1025 1420 1080 rebus
1443 1021 1787 1078 esthumauis
1805 1029 2022 1082 exutus,

422 1133 746 1198 atqueante
772 1122 944 1177 altare
966 1119 1111 1176 beati
1133 1117 1286 1174 Petri
1310 1114 1541 1187 apostoli
1575 1112 1714 1168 infra
1746 1111 2025 1167 civitatem

421 1226 507 1272 est
536 1213 862 1268 tumulatus.

499 1304 590 1359 5i.
623 1302 722 1358 Cui
754 1310 940 1371 pastor
966 1297 1088 1370 (65)
1110 1307 1166 1353 et
1187 1312 1340 1351 amor
1371 1295 1551 1366 gregis
1577 1296 1811 1351 domnus
1841 1290 2028 1346 Gauz-

422 1392 578 1471 linus
613 1392 875 1448 successit
897 1387 1068 1461 (922),
1096 1388 1179 1442 vir
1207 1401 1417 1442 summe
1445 1384 1747 1442 catholicus
1772 1382 1836 1414 ¹⁷¹
1865 1391 2028 1450 atque

432 1488 751 1553 monasticae
783 1484 1056 1554 religionis
1082 1482 1257 1538 cultor
1290 1479 1690 1536 devotissimus.
1730 1474 1832 1543 Qui
1861 1473 2030 1528 Fran-

433 1594 625 1638 corum
655 1577 824 1643 nobili
859 1575 1127 1646 sanguine
1154 1582 1334 1636 ortus,
1383 1574 1438 1626 iu
1471 1570 1674 1641 palatio
1704 1567 1847 1623 inter
1873 1565 2027 1636 regni

432 1687 695 1745 proceres
724 1680 808 1726 est
836 1668 997 1733 altus,
1025 1677 1191 1737 atque
1218 1681 1340 1719 mox
1388 1661 1598 1716 futurus
1644 1659 1902 1729 pontifex,
1935 1672 2030 1712 su-

433 1780 536 1838 per
565 1762 768 1819 multos
797 1761 882 1816 sui
922 1757 1142 1831 generis
1175 1764 1468 1812 coetaneos
1488 1752 1682 1808 enituit
1705 1750 1773 1827 f"
1799 1748 2028 1817 gemina:

2125 553 2447 622 ingreditur,
2473 549 2647 605 altare
2674 549 2913 605 dirutum
2965 564 3088 603 eum
3120 548 3514 605 circumvicinis
3540 553 3669 608 editi—

2125 644 2227 700 eiis
2257 641 2680 712 contemplatur.
2743 641 2888 713 Ergo
2930 655 3047 695 rem
3117 649 3404 697 veneratus
3446 641 3668 713 divinant,

2125 736 2410 806 feramque
2464 735 2654 789 sinens
2699 733 2852 788 abire
2896 747 3165 796 securam,
3200 732 3266 787 ad
3305 733 3514 803 propria
3551 735 3674 792 celer

2127 827 2372 897 repedat,
2392 824 2549 880 fratri
2580 840 2681 880 suo
2715 824 2957 894 pontiﬁci
3002 835 3122 879 acta
3153 832 3208 879 et
3234 824 3445 878 inventa
3469 826 3671 883 nuntiat.

2129 919 2369 974 Domnus
2396 926 2576 973 autem
2606 916 2803 987 pracsul
2845 928 3024 971 certos
3055 916 3122 946 ¹⁸¹
3176 917 3392 971 nuntios
3445 917 3672 986 dirigens,

2128 1016 2183 1062 et
2206 1023 2236 1060 a
2269 1004 2491 1075 majoris
2520 1006 2695 1060 aetatis
2737 1006 2980 1070 senibus,
3012 1006 3282 1074 quomodo
3311 1019 3368 1059 se
3397 1020 3480 1062 res
3499 1006 3674 1064 habue-

2132 1108 2217 1153 rat
2256 1099 2571 1168 exquirens,
2615 1097 2806 1151 didicit
2845 1097 2912 1152 ab
2944 1098 3169 1166 antiquo
3200 1096 3480 1152 ecclesiam
3506 1110 3675 1157 sancta:

2132 1188 2222 1244 Dei
2248 1189 2531 1261 genitricis
2559 1188 2690 1243 inibi
2716 1194 3111 1255 constructam,
3146 1189 3240 1242 sed
3278 1195 3534 1244 vetustate
3569 1205 3677 1245 con-

2129 1288 2379 1336 sumente
2409 1278 2481 1312 ¹⁸³
2508 1287 2564 1335 et
2588 1280 2795 1335 incuria
2829 1278 3148 1349 neglegente
3175 1278 3678 1337 desolatam.Astrue-

2129 1371 2262 1425 bant
2292 1369 2477 1436 etiam,
2510 1378 2670 1424 noctu
2702 1367 2833 1424 inibi
2865 1383 3027 1438 quam
3064 1382 3193 1438 sepe
3215 1367 3394 1422 divina
3427 1367 3678 1427 luminaria

2128 1463 2436 1534 splendere,
2462 1473 2518 1519 et
2542 1463 2660 1519 loca
2689 1462 2934 1533 proxima
2961 1477 3058 1517 sua
3087 1461 3339 1516 claritate
3360 1462 3677 1533 perfundere.

2133 1554 2290 1621 Quod
2339 1569 2673 1626 pernoscens
2728 1552 2933 1624 praesul
2985 1552 3341 1620 venerabilis,
3390 1556 3680 1624 permaxima

2129 1647 2333 1704 letatur
2363 1647 2452 1703 ἐι.
2488 1647 2559 1704 Et
2601 1647 2728 1718 quia
2783 1661 2941 1703 mons
2987 1646 3306 1716 praelibatus
3350 1644 3429 1702 ad
3478 1647 3679 1707 Metense

2130 1738 2439 1809 pertinebat
2466 1738 2828 1810 episcopium,
2874 1737 3035 1808 petiit
3063 1737 3133 1768 '”
3159 1752 3190 1792 a
3244 1737 3533 1795 Teodorico
3570 1755 3680 1811 pne-

434 1822 679 1912 scientite
706 1854 867 1909 dono.
900 1822 1154 1907 (lmuium
1184 1862 1317 1919 ergo
1356 1845 1496 1901 votis
1525 1822 1819 1915 pontiﬁcali
1855 1840 2021 1896 infula
2057 1841 2099 1896 Β
2126 1830 2240 1885 S'llc
2271 1832 2381 1897 (67)
2414 1831 2505 1901 qui
2543 1842 2600 1887 et
2630 1830 2820 1886 Sixtus
2865 1830 3185 1897 vocabatur,
3237 1830 3388 1886 illum
3444 1833 3539 1888 sibi
3584 1835 3677 1890 dari

433 1944 778 2010 sublimatus,
826 1941 893 1996 16
957 1938 1076 1993 Kal.
1120 1937 1322 2008 Aprilis
1385 1944 1492 1999 est,
1534 1933 1749 1990 Christo
1788 1932 2021 1997 favente,

435 2035 742 2099 ordinatus,
775 2032 1227 2103 dulcedinemque
1247 2045 1360 2085 sua:
1383 2028 1648 2099 prosapia:
1665 2025 2025 2083 benivolentia

435 2124 845 2181 clementissimi
870 2122 1055 2180 cordis
1078 2121 1484 2190 serenitateque
1509 2120 1645 2174 adeo
1666 2116 1885 2186 iocundi
1907 2116 2024 2170 vul-

434 2229 526 2275 tus
551 2228 608 2274 et
638 2217 864 2272 lenitate
894 2214 1167 2271 sermonis
1198 2212 1383 2269 sedule
1412 2211 1705 2281 superabat
1739 2210 1829 2277 ⁸⁷⁸,
1880 2217 2028 2265 totus

436 2310 495 2368 in
518 2308 738 2380 vigiliis,
773 2307 827 2362 in
859 2305 1174 2361 elemosinis
1222 2304 1488 2360 intentus.
1521 2301 1622 2368 Qui
1654 2304 1719 2356 ad
1748 2300 2026 2357 cumulum

434 2401 705 2458 bonorum
733 2415 979 2465 suorum,
1038 2396 1105 2452 14
1135 2395 1494 2452 ordinationis
1520 2410 1632 2451 suae
1680 2408 1845 2458 anno,
1894 2401 2028 2447 nutu

435 2493 533 2548 Dei
563 2491 805 2562 regulam
838 2491 1012 2544 sancti
1044 2487 1320 2544 Benedicti
1351 2483 1510 2554 hujus
1556 2484 1708 2556 regni
1760 2484 2029 2538 habitato-

434 2582 592 2638 ribus
643 2579 898 2635 omnibus
939 2579 1198 2649 ignotam,
1250 2577 1341 2631 diu
1383 2575 1651 2646 quesitam
1682 2615 1696 2638 ,
1735 2572 2031 2642 proculque

436 2670 738 2735 inventam,
780 2665 954 2723 sancti
981 2665 1110 2734 Apri
1141 2664 1375 2720 instituit
1407 2663 1549 2720 loco.
1579 2661 1877 2719 Cenobium
1907 2678 2031 2718 san-

438 2772 542 2818 cta:
572 2762 665 2816 Dei
697 2761 766 2793 ¹⁷¹⁶
793 2759 1073 2830 genitricis
1100 2756 1281 2812 Maria:
1316 2755 1567 2812 Buxeriis
1595 2769 1626 2809 a
1664 2753 2032 2810 fundamentis

438 2853 782 2920 construxit,
811 2854 1039 2907 chorum
1082 2850 1400 2906 ancillarum
1433 2848 1526 2903 Dei
1556 2848 1685 2902 inibi
1727 2846 2031 2912 constituit,

438 2946 604 3001 rebus
630 2955 684 3001 et
715 2944 935 3015 prcediis
964 2958 1027 2997 ac
1056 2941 1396 2998 ornamentis
1428 2939 1730 2994 decoravit.
1760 2939 1840 2993 0b
1878 2935 2035 3007 cujus

436 3038 564 3094 facti
589 3037 839 3093 meritum
857 3050 956 3091 suo
967 3033 1268 3091 successori
1284 3030 1496 3102 prtrsuli
1514 3030 1755 3085 Gerardo
1776 3040 1857 3084 est
1879 3045 1905 3084 a
1928 3031 2035 3084 Deo

438 3137 915 3202 prannonstratum
951 3140 1074 3181 eum
1106 3124 1333 3195 martyri
1387 3120 1691 3193 Apollinari
1740 3121 1794 3176 in
1847 3119 2034 3176 celesti

2129 1933 2226 1988 per
2255 1920 2633 1975 eoncambium
2665 1919 2750 1982 ³⁸⁸.
2776 1919 3068 1976 conferens
3120 1920 3195 1975 illi
3251 1921 3427 1976 sancti
3471 1922 3600 1978 Petri
3624 1925 3679 1957 η’

2130 2007 2362 2077 apostoli
2400 2008 2650 2064 baculum
2681 2011 2992 2066 venerabile
3024 2010 3114 2076 ⁸⁸⁸,
3146 2026 3311 2080 quem
3346 2011 3528 2067 beatus
3561 2014 3681 2069 Illan-

2129 2110 2314 2155 suetus
2349 2114 2532 2154 secum
2558 2101 2825 2157 detulerat
2849 2120 2877 2157 a
2907 2103 3154 2158 Romana
3179 2105 3336 2158 urbe.
3377 2107 3569 2175 Attepto
3605 2110 3684 2161 ita-

2130 2206 2240 2260 que
2288 2201 2496 2256 monte,
2537 2193 2826 2249 ecclesiam
2869 2196 3136 2249 restrnxit
3163 2194 3253 2260 '3',
3292 2211 3356 2251 ac
3383 2211 3537 2266 super
3558 2197 3685 2266 stipi-

2134 2298 2237 2339 tem
2271 2284 2338 2317 "°
2367 2284 2608 2355 prmfatze
2630 2288 2844 2343 arboris
2867 2287 3039 2344 altare
3064 2288 3119 2343 in
3163 2289 3375 2344 honore
3399 2289 3556 2344 beatae
3591 2291 3680 2344 Ma-

2132 2378 2225 2431 riae
2268 2378 2549 2433 stabilivit.
2588 2378 2859 2446 Quoniam
2908 2381 2974 2413 ¹⁹¹
3023 2379 3270 2449 ejusdem
3319 2380 3412 2435 Dei
3451 2382 3685 2450 genitricis

2132 2469 2524 2539 precibusiuibi
2551 2473 2891 2528 sanabuntur
2915 2472 3116 2528 inﬁrmi
3133 2471 3372 2527 diversis
3395 2473 3688 2527 dctentilan-

2131 2563 2417 2633 guoribus,
2454 2572 2511 2619 et
2537 2574 2663 2620 vota
2687 2565 2927 2637 vulgaris
2950 2567 3131 2637 populi
3158 2565 3360 2623 ibidem
3379 2566 3688 2622 conﬂuebant

2135 2655 2337 2725 sepius,
2367 2655 2556 2710 divina
2610 2656 2912 2727 inspirante
2955 2656 3248 2713 clementia
3289 2658 3503 2730 dignum
3546 2657 3684 2721 duxit,

2134 2760 2201 2799 ne
2229 2745 2436 2800 diutius
2461 2746 2527 2777 ‘"
2557 2755 2770 2801 careret
2799 2746 3055 2803 cultibus.
3084 2747 3243 2819 Cepit
3294 2762 3421 2804 vero
3462 2749 3688 2819 cogitare,

2135 2826 2400 2909 quatinus
2422 2842 2476 2895 in
2517 2841 2707 2896 eodem
2742 2823 3063 2907 oratorio,si
3093 2844 3204 2899 Deo
3220 2843 3457 2899 donante
3492 2841 3689 2898 inveniri

2135 2940 2379 3003 possent,
2422 2933 2917 2990 sanctimonialium
2960 2922 3231 3006 virginum
3279 2936 3506 2991 societas
3543 2934 3686 3000 ﬁeret,

2137 3038 2258 3093 quae
2298 3024 2398 3079 sub
2436 3026 2626 3095 regula
2676 3027 2850 3081 sancti
2900 3026 3178 3082 Benedicti
3233 3028 3506 3098 obsequiis
3531 3041 3690 3097 perpe-

2140 3123 2244 3170 tuae
2272 3112 2511 3187 Virginis
2540 3116 2858 3172 deserviret.
2886 3116 3041 3186 Quod
3067 3133 3198 3173 sane
3224 3119 3426 3173 factum
3463 3132 3550 3188 per
3576 3114 3688 3171 trivi-

439 3224 611 3297 gloria
638 3220 905 3278 sociatum
935 3216 1068 3286 (66).
1100 3216 1265 3286 Cujus
1287 3214 1504 3288 gloriosi
1536 3213 1663 3268 facti
1687 3212 2031 3268 occasionem
2063 3184 2104 3243 Ο
2139 3220 2263 3259 nam
2293 3204 2636 3261 clementiam
2663 3209 2861 3263 meruit
2885 3184 3220 3279 provectum.
3250 3208 3383 3263 Nam
3408 3184 3510 3263 Deo
3526 3222 3690 3278 prmor-

440 3330 623 3387 opera:
648 3312 892 3386 precium
919 3326 1040 3367 reor
1074 3309 1308 3381 posteris
1348 3308 1561 3363 tradere
1588 3306 1655 3362 ad
1698 3319 2033 3361 rememora-

442 3408 647 3463 tionem
681 3403 772 3459 ¹⁷³.

511 3499 605 3553 52.
649 3496 893 3565 Denique
933 3491 1249 3549 llardradus
1289 3490 1356 3523 ¹⁷⁶
1405 3487 1610 3561 prmfati
1660 3486 1930 3558 pontiﬁcis
1965 3486 2030 3520 ί⁷⁷

443 3587 693 3647 Gauzlini
730 3586 900 3641 frater
960 3596 1274 3659 germanus,
1334 3581 1385 3634 in
1440 3579 1662 3634 militari
1719 3577 1900 3633 studio
1953 3576 2036 3632 vir

444 3694 608 3751 quam
645 3678 880 3733 maxime
901 3688 1181 3740 strenuus,
1209 3674 1262 3727 in
1309 3672 1551 3729 bonitate
1584 3685 1795 3724 tuorum
1826 3669 2036 3724 cunctis

443 3782 730 3840 percarus,
759 3766 995 3837 quadam
1027 3765 1144 3821 vice
1169 3778 1331 3834 super
1364 3760 1502 3815 Murt
1539 3758 1760 3815 ﬁuvium
1790 3759 2033 3815 venatio-

446 3858 533 3912 nis
556 3855 972 3912 cxeercitationi
1010 3852 1295 3909 insistebat
1344 3850 1432 3905 ηε.
1475 3850 1713 3921 Contigit
1743 3850 1952 3919 itaque,
1979 3857 2038 3902 ut

446 3961 614 4017 canes
642 3945 759 4017 ejus
790 3961 984 4017 aprum
1022 3943 1258 4001 ferocem
1309 3941 1750 4011 insequerentur,
1803 3951 2036 4008 quorum

444 4048 668 4095 coactus
722 4037 1036 4102 latratibus,
1080 4044 1313 4093 mortem
1345 4035 1663 4105 contiguam
1713 4032 1860 4086 idem
1906 4044 2037 4100 aper

444 4132 681 4202 eﬁugere
710 4129 1118 4198 nitebatur.Qui
1142 4130 1232 4186 diu
1247 4143 1342 4200 per
1364 4140 1592 4197 qumque
1606 4123 1733 4179 avia
1759 4122 2037 4178 discucur-

447 4225 519 4281 rit
543 4225 633 4292 η’,
666 4225 996 4296 tandemque
1018 4224 1071 4279 in
1103 4231 1343 4278 montem
1376 4233 1541 4290 supra
1566 4215 1818 4271 Buxeriis
1856 4213 2036 4268 villam

443 4318 607 4374 situm
634 4315 919 4387 fugitando
951 4314 1224 4386 pervenit.
1275 4312 1392 4380 Quo
1424 4300 1759 4382 pertingens,
1781 4305 1881 4362 sub
1907 4320 2040 4375 qua-
2078 4362 2085 4365 ‘

443 4408 568 4462 dam
595 4407 814 4478 spinosa
841 4406 1037 4461 arbore
1076 4403 1195 4458 ﬁxit
1252 4417 1519 4474 gressum,
1566 4412 1803 4467 moxque
1847 4397 2038 4451 subse-

2138 3297 2363 3353 diuante
2401 3296 2606 3353 invenit
2636 3301 2898 3370 quasdam
2928 3300 3396 3366 sanctimoniales,
3434 3297 3691 3354 velutoves

2136 3401 2405 3454 errantes,
2438 3391 2533 3447 sed
2565 3400 2744 3447 tamen
2776 3402 2994 3448 aitet-me
3019 3394 3140 3449 vitae
3168 3408 3379 3465 pascua
3403 3393 3469 3425 ¹⁹³
3489 3405 3695 3461 queren-

2142 3492 2243 3548 tes,
2276 3483 2330 3537 iu
2355 3482 2451 3539 Dei
2479 3483 2769 3540 dilectione
2815 3484 3115 3552 ferventes,
3172 3496 3228 3542 et
3265 3486 3334 3541 ad
3386 3483 3691 3541 serviendum

2138 3574 2214 3629 illi
2243 3574 2416 3631 locum
2450 3585 2715 3631 remotum
2759 3576 3162 3644 desiderantes;
3219 3592 3453 3646 quarunt
3498 3575 3693 3630 misera.

2142 3663 2287 3719 tione
2326 3674 2625 3735 permotus,
2665 3666 2918 3720 consultu
2956 3666 3143 3721 domui
3205 3667 3421 3722 abbatis
3465 3664 3691 3719 Archem-

2138 3751 2305 3817 boldi,
2335 3754 2426 3824 qui
2465 3762 2699 3823 prmerat
2728 3754 2981 3809 coenobio
3015 3755 3083 3787 ’³³
3108 3757 3289 3811 sancti
3328 3755 3479 3825 Apri,
3509 3762 3689 3808 cetero.

2139 3860 2367 3915 rumque
2390 3847 2458 3878 ¹⁹⁵
2508 3846 2767 3911 ﬁdelium,
2817 3845 2931 3916 jam
2988 3846 3193 3903 dictam
3238 3847 3484 3903 cellulam
3537 3845 3607 3902 eis
3639 3843 3693 3898 a.l

2138 3934 2497 3990 habitandum
2534 3936 2822 4006 delegavit,
2849 3938 3156 4006 prmﬁciens
3187 3938 3258 3970 ’⁸⁸
3306 3939 3385 3994 eis
3432 3934 3691 3991 Rothildint

2139 4026 2493 4093 abbatissam,
2543 4043 2665 4098 quae
2702 4028 2890 4084 earum
2922 4040 3137 4100 regeret
3199 4030 3392 4083 vitam.
3446 4028 3607 4098 Atque
3648 4032 3696 4076 ut

2140 4116 2340 4172 ibidem
2369 4117 2598 4175 liberius
2623 4130 2845 4189 possent
2876 4120 3038 4175 rebus
3081 4134 3281 4176 vacare
3333 4117 3692 4191 spiritualibus,

2137 4210 2379 4280 providit
2403 4210 2529 4275 illis,
2560 4212 2701 4267 unde
2737 4212 2981 4268 viverent
3022 4212 3090 4268 de
3118 4213 3384 4283 CpiSCOllii
3432 4208 3695 4281 posscssio-

2140 4301 2322 4367 nibus,
2345 4301 2632 4358 ecclesiam
2682 4304 2935 4359 videlicet
2987 4303 3041 4358 in
3096 4304 3290 4359 eadem
3335 4302 3460 4357 villa
3497 4298 3694 4356 Buxcria

2138 4407 2263 4449 cum
2289 4393 2514 4450 decimis
2534 4404 2590 4450 et
2614 4396 2866 4450 omnibus
2888 4396 2956 4449 ad
2980 4410 3099 4450 eam
3143 4395 3563 4467 pertinentibus,
3608 4400 3694 4444 nec

443 4516 621 4574 quens
647 4499 898 4555 latrando
926 4512 1057 4569 grex
1098 4508 1322 4558 canum,
1349 4492 1530 4548 divina
1572 4492 1771 4544 virtute
1802 4488 2036 4543 celerem
2073 4530 2115 4584 Β
2142 4486 2464 4556 noncapella
2477 4503 2526 4540 m
2549 4487 2832 4542 Porchcrae
2852 4488 3021 4542 curtis
3034 4504 3157 4543 cum
3179 4488 3329 4543 omni
3348 4483 3694 4543 decimationc.

445 4592 715 4649 continuit
743 4591 994 4661 gradum.
1024 4587 1162 4643 Fera
1193 4584 1294 4641 sub
1311 4583 1506 4639 arbore
1533 4582 1713 4638 stabat
1741 4578 2033 4649 intrepida,

442 4684 866 4740 vislatrautium
892 4680 960 4712 ¹⁸⁰
985 4694 1016 4734 a
1042 4678 1198 4747 longe
1214 4674 1546 4731 subsistebat
1569 4682 1714 4727 muta
1732 4678 1786 4727 et
1799 4668 2034 4740 stupida,

448 4789 549 4829 ne:
569 4773 839 4829 ullatenus
867 4772 1103 4825 audebat
1122 4766 1431 4839 proximare
1452 4764 1519 4818 ad
1544 4762 1736 4835 spineti
1761 4759 2033 4815 vicinam.

446 4865 750 4923 l’raedietus
772 4862 929 4921 miles
952 4859 1244 4933 equitando
1268 4857 1590 4929 insequitur,
1615 4869 1729 4910 rem
1762 4852 2036 4908 insolitam

2145 4575 2278 4630 Tale
2309 4591 2442 4647 ergo
2473 4577 2537 4608 ¹⁹⁷
2570 4577 2747 4632 fertur
2772 4577 3027 4633 habuisse
3066 4578 3351 4633 exordium
3396 4574 3695 4630 Buxcrieuse

2144 4667 2455 4734 eenobium,
2485 4670 2628 4740 quod
2658 4668 2769 4724 Deo
2802 4670 2870 4702 ³⁵⁸
2897 4671 3117 4725 iuvante
3146 4669 3201 4725 in
3233 4670 3349 4725 dies
3366 4667 3696 4726 sumitinere»

2145 4772 2409 4818 mentum.

2217 4853 2307 4909 55.
2341 4852 2651 4910 Venerandi
2702 4862 2883 4912 autem
2930 4852 3091 4925 hujus
3119 4853 3396 4926 pontiﬁcis
3422 4853 3488 4885 ’θ’
3518 4860 3697 4916 tempo-

1742 4988 1973 5048 VARL/E
2011 4989 2409 5050 LECTIONES.

498 5144 813 5198 '“‘summe
847 5143 994 5198 chat.
1024 5141 1081 5196 2.
1150 5139 1538 5197 ""emicuit3.
1614 5134 1945 5208 "ﬂsperabat
1964 5133 2019 5186 5.

450 5233 543 5286 ρει·
574 5215 613 5270 ν
647 5215 840 5281 scripto
862 5216 916 5270 5.
992 5214 1060 5286 Ψ
1089 5212 1229 5286 deest
1255 5212 1291 5267 2
1303 5212 1399 5286 tibi
1420 5208 1647 5286 gaulini.

450 5274 505 5340 ἒ.
535 5274 826 5341 latraututn
855 5286 908 5339 5.
988 5283 1053 5316 ¹³¹
1078 5283 1271 5339 vicinia
1301 5283 1354 5336 5.
1422 5274 1499 5314 ῖ³¹
1532 5278 1658 5334 illuc
1686 5277 1812 5331 add.
1835 5276 1890 5329 ‘2.
1926 5274 1982 5327 5.

451 5357 581 5411 lium
613 5357 893 5411 tractando
927 5355 1220 5410 meditatur
1247 5355 1373 5406 add.
1405 5352 1460 5408 2.
1488 5352 1543 5406 5.
1623 5350 1689 5381 ¹⁸⁵
1734 5347 1874 5417 petit
1899 5345 1953 5417 5.

450 5428 521 5462 ⁸⁸⁸
556 5428 860 5483 rextrucxit
890 5428 941 5481 ί.
1016 5424 1085 5456 ³⁵⁸
1111 5426 1305 5494 stipem
1335 5424 1404 5494 5._
1451 5422 1533 5494 Am
1567 5415 1747 5474 autem
1770 5415 1896 5469 add.
1921 5416 1975 5469 5.

453 5496 522 5531 ί⁹¹
549 5507 1026 5568 eetererorumque
1047 5494 1102 5551 2.
1182 5485 1250 5527 5”
1276 5492 1562 5563 proﬁciens
1594 5506 1696 5545 rec.
1725 5502 1884 5542 manu
1914 5499 2053 5539 corr.
2093 5485 2228 5554 pref.
2257 5485 2312 5539 2.

1998 5620 2229 5681 NOTAE.

453 5568 689 5640 gachliui
717 5569 771 5623 5.

517 5729 636 5798 (55)
662 5729 878 5798 limere:
915 5727 974 5798 S.
1000 5721 1438 5798 Apriﬂmirarnlis
1474 5719 1743 5792 descripta
1785 5728 1929 5774 sunt.

518 5792 638 5871 (66)
670 5799 747 5856 Ex
778 5797 898 5853 Vita
927 5792 1181 5860 Gerardi,
1212 5809 1261 5850 c.
1291 5792 1372 5849 t7.

2095 5130 2312 5188 "‘deesl
2335 5133 2390 5189 2.

1728 5201 1796 5241 λη
1818 5202 2121 5259 exsistebat
2148 5201 2213 5256 Η
2290 5204 2358 5236 ⁸⁷⁸
2382 5206 2637 5261 discurrit
2662 5206 2718 5260 5.

2060 5273 2128 5305 ί³³
2158 5286 2531 5343 coasumptam
2563 5276 2618 5330 5.

2034 5343 2102 5373 ¹⁸⁶
2140 5346 2458 5399 concubium
2506 5348 2560 5399 ‘2.

2055 5413 2124 5445 ¹⁹¹
2148 5414 2349 5470 divinis
2378 5417 2505 5470 add.
2536 5417 2591 5470 δὲ.

2468 5135 2535 5168 ¹⁷⁸
2553 5135 2969 5191 remoratianem
2988 5134 3044 5190 5.
3104 5132 3175 5167 ⁸⁷⁸
3190 5129 3541 5189 Varderadus,
3566 5122 3600 5177 bi
3622 5139 3696 5179 sit?

2800 5207 2866 5239 “‘°
2909 5202 3217 5260 Intrandum
3256 5217 3394 5256 corr.
3415 5195 3648 5253 latrantiu
3670 5209 3692 5242 ιι

2699 5275 2769 5308 η’*
2800 5287 2855 5332 et
2894 5275 3181 5331 ecclesiam
3229 5282 3503 5328 restruere
3546 5262 3696 5320 tonsi.

2672 5347 2736 5378 ³⁸⁷
2778 5362 2831 5401 a.
2864 5362 2913 5417 p.
2939 5344 2997 5399 2.
3024 5346 3080 5417 5.
3162 5343 3251 5417 Af?“
3279 5337 3626 5417 venerabilem

2671 5417 2739 5448 ¹⁹³
2767 5403 2908 5471 deest
2941 5417 2992 5469 ί.
3019 5415 3078 5470 2.
3161 5413 3229 5445 ηδ
3270 5428 3317 5468 s.
3369 5427 3420 5467 a.
3467 5425 3514 5463 c.
3558 5405 3607 5461 2.
3649 5403 3694 5456 5.

2421 5487 2485 5519 ⁸⁸⁷
2537 5487 2677 5543 deest
2727 5487 2780 5544 5.
2863 5485 2931 5519 ¹⁹⁸
2952 5485 3024 5541 (Ιό
3069 5503 3098 5539 e
3141 5499 3278 5539 corr.
3317 5484 3356 5537 2
3431 5480 3497 5514 η’
3543 5485 3696 5532 autem

2212 5694 2325 5790 (6i)
2358 5715 2510 5773 Tunc
2537 5710 2796 5785 temporis
2826 5712 3092 5770 Adclbero
3113 5712 3270 5769 sedit.
