3926 6484
481 384 588 471 ᾶϐδ
1728 390 2018 447 sermo.
2060 392 2074 444 Α

2190 385 2490 444 PlBONEiI
3601 393 3683 451 ιω

481 506 625 576 gusti
671 521 961 583 germanus
1012 504 1197 560 frater.
1251 502 1366 574 ipse
1421 511 1600 558 autem
1645 504 2067 574 praenominatus
2093 507 2143 564 Α
2169 498 2500 572 praelationis
2537 499 2862 569 pmgravari
2913 497 3171 568 pondere.
3211 497 3405 556 Tamen
3448 501 3689 574 plurimum

483 594 736 666 princeps
767 606 876 651 tum
906 593 1042 650 forte
1065 593 1254 649 abcrat
1278 632 1292 656 ,
1320 594 1446 661 quia
1494 593 1628 648 ﬁnes
1661 593 1875 649 italicos
1904 610 2067 652 causa

475 693 708 752 urgente
725 682 961 736 adierat.
1004 679 1227 736 dimsttts
1260 694 1391 752 ergo
1431 678 1771 737 Leuchorum
1813 683 2068 758 populus,

462 773 711 826 «tonsilia
742 772 994 826 viduatus
1039 771 1311 841 pastoris,
1365 772 1435 828 ad
1490 782 1849 828 memoratum
1890 775 2071 830 archi-

464 848 773 935 tprzesulem
815 861 1126 919 Brunonem
1164 862 1374 934 legatos
1408 864 1634 935 dirigit,
1675 864 2068 922 desolationem

466 948 563 1029 sui
588 952 777 1010 humili
807 955 1150 1023 suggestione
1171 950 1385 1010 intimat
1407 997 1423 1019 ,
1452 965 1618 1029 utque
1652 957 1753 1014 sibi
1777 970 2071 1014 succurra-

464 1026 571 1099 "r'ar
595 1043 912 1115 suppliciter
933 1044 1258 1115 expostulat,
1280 1062 1347 1101 ne
1369 1047 1513 1103 velut
1530 1026 1668 1118 grex
1698 1047 2069 1111 errabundus,

465 1128 699 1211 epastoré
738 1136 986 1209 perdito,
1013 1136 1303 1209 dispereat.
1355 1138 1402 1193 ιε
1450 1153 1578 1194 vero
1605 1138 1890 1195 clementis
1923 1153 2073 1195 com-

470 1217 736 1301 passione
767 1229 933 1284 animi
984 1244 1174 1285 eorum
1221 1240 1277 1286 et
1330 1231 1705 1287 lamentationi
1744 1226 2071 1299 condolens,

481 1303 768 1391 ipsamque
795 1312 984 1376 urbem
1001 1362 1016 1387 ,
1045 1318 1290 1376 Francia:
1320 1336 1485 1392 regno
1512 1320 1799 1385 conﬁnem,
1826 1321 2073 1378 ltomano

482 1410 797 1481 nuperrime
837 1409 1146 1481 adjunctam
1195 1412 1423 1482 imperio
1455 1414 1822 1486 perpendens,
1863 1428 2073 1467 summa

483 1502 683 1557 mentis
723 1502 1025 1579 angebatur
1068 1502 1429 1558 sollicitudine.
1454 1543 1469 1567 ,
1500 1502 1775 1575 cogitans,
1813 1518 1972 1573 quem
1999 1503 2075 1557 ei-

482 1582 607 1647 dem
631 1582 875 1648 ecclesia:
913 1592 1166 1663 idoneum
1207 1591 1361 1662 juxta
1394 1608 1660 1648 canonum
1697 1592 1834 1669 scita
1865 1593 2075 1664 potuis-

478 1694 569 1739 set
595 1684 904 1755 pontiﬁcem
937 1685 1173 1754 eligere,
1215 1688 1509 1740 secundmn
1552 1685 1748 1741 divina:
1797 1685 2075 1758 religionis

484 1776 685 1829 cultum
715 1790 838 1831 cum
887 1776 1130 1830 bonitate
1174 1790 1387 1829 morum
1435 1775 1712 1844 sapientia:
1743 1777 1859 1831 sale
1886 1779 2075 1833 condi-

2171 590 2472 648 reclamans
2496 631 2511 655 ,
2543 589 2838 660 plurimum
2888 603 3228 660 repugnans,
3268 605 3438 647 coram
3460 596 3557 665 jam
3577 601 3693 659 dicto

2170 680 2552 751 archipresule
2583 679 2906 744 deducitur,
2936 688 2991 734 et
3035 680 3137 734 sub
3164 679 3400 750 jussione
3426 687 3695 750 obedientia

2170 769 2539 843 pontiﬁcalem
2590 771 2799 842 apicem
2861 768 3142 839 suscipere
3202 771 3536 839 compellitur.
3588 778 3695 836 Dum

2171 877 2301 933 ergo
2352 876 2530 917 annus
2575 861 2786 917 ineat-ai.
2842 860 2990 915 ciem.
3042 859 3149 916 965
3189 872 3443 931 curreret,
3471 865 3696 927 Leucbam

2172 954 2362 1007 urbem
2393 952 2710 1014 adducitur,
2742 950 3026 1021 obviisque
3054 950 3366 1021 populorum
3401 956 3575 1012 turmis
3599 974 3694 1013 cum

2174 1042 2511 1115 hymnisonis
2534 1041 2780 1096 laudibus
2801 1041 3091 1110 excipitur,
3128 1056 3193 1096 ac
3215 1082 3230 1105 ,
3258 1043 3397 1097 sicut
3418 1060 3527 1099 mos
3553 1048 3701 1121 exige-

2175 1134 2290 1199 bat,
2322 1131 2605 1204 praesnlari
2657 1132 2787 1187 sede
2836 1130 3220 1186 intronizatur.
3277 1131 3454 1202 Itaque
3503 1134 3556 1189 ﬁt
3593 1138 3700 1195 mira

2173 1223 2438 1282 exultatio
2465 1225 2517 1279 in
2542 1223 2842 1279 commixto
2871 1223 3088 1294 populo,
3120 1237 3310 1278 omnes
3339 1224 3606 1294 tripudiant
3627 1243 3705 1298 pro

2173 1327 2396 1391 pastore
2428 1318 2650 1390 adepto,
2677 1326 2997 1374 cunctorum
3036 1327 3318 1389 terguntur
3345 1318 3561 1375 lacrima:
3580 1322 3706 1391 hujus

2176 1412 2422 1485 ingressu
2450 1427 2611 1468 novo.
2645 1409 2846 1467 Omnes
2883 1412 2986 1468 sibi
3014 1411 3196 1467 divino
3233 1418 3361 1466 nutu
3395 1412 3565 1467 datum
3584 1413 3708 1471 adse.

2174 1511 2400 1571 verant,
2427 1512 2592 1575 atque
2617 1503 2670 1558 in
2703 1501 2821 1572 ejus
2849 1503 3206 1559 ordinationis
3246 1517 3462 1558 assensu
3492 1505 3707 1574 plausibi-

2175 1596 2302 1651 liter
2327 1596 2604 1651 insonant.
2640 1593 2685 1652 Ο
2705 1595 2752 1651 si
2783 1610 2942 1667 quem
2965 1604 3116 1665 gesta
3145 1594 3263 1663 ejus
3292 1594 3515 1650 delectat
3535 1597 3708 1666 audire,

2176 1686 2376 1744 librum
2409 1687 2536 1743 vitae
2579 1696 2636 1743 et
2668 1697 2887 1743 actuum
2919 1686 3072 1756 ejus,
3117 1686 3208 1756 qui
3255 1685 3397 1756 apud
3446 1688 3706 1756 sepulcrum

2178 1776 2295 1849 ejus
2325 1778 2611 1842 retinetur,
2641 1778 2903 1850 perlegat,
2927 1788 2981 1833 et
3015 1778 3123 1832 illic
3152 1776 3383 1847 pleniter
3408 1776 3637 1834 inveniet.

482 1871 601 1918 tum
648 1864 787 1927 etin
832 1862 1074 1918 scientiae
1120 1863 1383 1918 secularis
1427 1864 1607 1920 studio
1657 1865 2074 1923 excercitatum.
2107 1857 2152 1914 Β
2190 1860 2195 1869 ’
2246 1860 2337 1925 55.
2380 1869 2517 1925 liuic
2561 1869 2631 1902 "°
2683 1884 2814 1936 ergo
2860 1869 3005 1924 viam
3048 1868 3315 1922 universa:
3344 1867 3517 1923 carnis
3549 1867 3714 1938 ingres-

486 1941 594 2021 Sed
640 1942 811 2017 Deus,
839 1954 929 2022 qui
972 1953 1025 2007 in
1063 1952 1219 2009 bonis
1258 1953 1328 1985 ²¹⁶
1372 1969 1589 2024 semper
1630 1954 2076 2025 dispositionEbus

484 2032 694 2115 piorum
717 2044 924 2098 assistit
950 2041 1249 2108 elicctibus,
1281 2044 1399 2114 ejus
1427 2059 1533 2099 non
1557 2044 1806 2114 permisit
1828 2045 2074 2101 animum

484 2120 711 2189 diutinis
739 2134 933 2207 agitari
971 2146 1226 2189 curarum
1261 2133 1553 2203 ﬂuctibus,
1581 2150 1788 2207 suoque
1841 2136 2076 2206 inspira-

483 2227 562 2280 vit
586 2217 659 2259 δ”
691 2225 920 2282 consilio
941 2266 960 2292 ,
991 2226 1358 2282 venerabilem
1389 2224 1693 2283 Gerardum
1716 2216 1856 2282 huic
1897 2228 2075 2297 praeﬁ-

469 2316 739 2371 -‘ciendum
784 2315 964 2373 ofﬁcio
1009 2318 1317 2384 asciscere,
1358 2331 1518 2387 quem
1557 2319 1843 2373 constabat
1889 2318 2075 2375 utilem

482 2408 707 2479 superni
732 2407 873 2464 dono
895 2409 1191 2465 conditoris
1219 2409 1271 2465 in
1303 2411 1512 2466 cunctis
1540 2410 1798 2467 existere.
1831 2411 1907 2467 Ea
1941 2420 2077 2467 tem-

487 2508 698 2572 pestate
722 2502 860 2556 idem
888 2503 980 2557 Dei
1009 2501 1242 2556 famulus
1264 2500 1469 2565 cellarii
1497 2502 1807 2571 obedientia
1851 2504 2078 2575 impedi-

480 2601 617 2659 ‘tus,
648 2610 745 2664 pro
773 2597 1004 2664 quodam
1062 2608 1172 2650 non
1218 2596 1455 2665 maximo
1496 2606 1722 2652 excessu
1775 2596 1828 2650 in
1859 2596 2079 2654 levioris

474 2684 661 2754 eulpae
690 2700 831 2767 nexu
873 2686 1011 2767 inira
1051 2684 1362 2763 etanstraiia
1393 2695 1514 2741 erat
1536 2696 1686 2757 septa
1718 2689 2074 2756 constitutus,

488 2770 673 2848 ibique
723 2760 1107 2853 lact-ymarum
1134 2793 1206 2835 ac
1248 2779 1557 2848 orationum
1590 2780 1907 2837 holocausta
1956 2798 2078 2839 sese

485 2856 804 2941 immolabat
831 2871 1123 2935 attentius;
1150 2885 1311 2942 quem
1342 2864 1464 2925 ideo
1493 2869 1723 2927 caelestis
1745 2872 2080 2942 diSpensatio

487 2957 595 3014 hac
622 2973 788 3028 parva
830 2950 1076 3030 permisit
1123 2960 1376 3030 temptari
1417 2956 1738 3030 afﬂictione,
1784 2971 1839 3019 ut
1869 2964 2080 3035 cunctis

484 3046 667 3120 palam
711 3050 1077 3107 innotesceret
1106 3054 1195 3108 hic
1214 3036 1300 3107 vir
1318 3055 1577 3116 eximius.
1612 3055 1768 3125 cujus
1795 3055 1934 3112 foret
1962 3071 2073 3113 me-

489 3140 580 3194 riti
625 3150 752 3197 ante
792 3143 980 3198 oculos
1004 3143 1201 3198 divina:
1240 3144 1741 3215 contemplationis.
1772 3146 2078 3220 Religiosus

488 3248 622 3314 ergo
644 3233 881 3302 pontife‘x
913 3235 1095 3292 Bruno
1133 3236 1202 3293 ad
1245 3253 1365 3293 sese
1403 3240 1604 3308 primos
1627 3241 1757 3296 cleri
1785 3251 2071 3313 convocat,

488 3322 913 3403 eis‘coepiscopi
942 3328 1023 3382 sui
1057 3329 1237 3402 domui
1258 3398 1261 3399 ν
1284 3329 1532 3409 Gauzlini
1557 3331 1628 3365 ³⁸⁸
1662 3333 1955 3401 transitum
1988 3332 2076 3403 lie-

484 3416 659 3491 ‘biqu
698 3419 975 3483 notiﬁcat,
1004 3436 1275 3493 quemque
1318 3421 1390 3477 illi
1439 3438 1821 3493 successorem,
1857 3423 2077 3493 dignum

487 3507 1130 3581 uibrogetJamiliariter
1159 3511 1451 3567 consultat.
1477 3512 1598 3567 Mox
1629 3513 2079 3569 decanusdivinre

489 3609 705 3655 amator
754 3598 1029 3675 religionis
1051 3640 1064 3664 ,
1092 3601 1209 3655 sani
1252 3602 1492 3671 prudens
1521 3601 1731 3657 consilii
1754 3643 1769 3667 ,
1799 3600 1914 3673 ejus
1944 3620 2075 3679 con,-

489 3688 723 3755 snitibus
754 3690 870 3745 lucc
895 3690 1128 3747 reddidit
1160 3709 1173 3745 :
1209 3688 1301 3756 Si",
1331 3692 1539 3751 domine
1581 3694 1777 3763 prtem!
1802 3737 1817 3761 ,
1847 3711 1961 3751 meo
1996 3696 2077 3768 di-

489 3786 670 3852 gnm-ie
695 3784 900 3839 tantillo
930 3785 1138 3840 credere
1163 3786 1334 3848 dido,
1368 3787 1587 3854 {mtrem
1627 3786 1923 3845 Gerardum
1957 3790 2078 3845 huic

489 3872 682 3947 gradui
702 3891 814 3945 pra:
849 3876 1031 3937 ceteris
1067 3877 1312 3930 idoneum
1356 3878 1581 3945 rertdiro
1620 3878 1689 3911 ⁸³⁵
1726 3896 1903 3933 assero
1935 3881 2077 3934 testi-

488 3966 663 4046 u'tonia
686 4005 699 4031 ,
730 3982 882 4036 quem
913 3984 1029 4022 vera
1051 3954 1347 4021 humilitate
1373 3969 1661 4037 subjectum
1685 4010 1700 4035 ,
1726 3982 1930 4039 promta
1959 3972 2079 4024 obe-

488 4044 687 4117 dientia
705 4056 931 4123 clarum,
954 4057 1246 4129 longanimi
1269 4060 1521 4127 patientia
1550 4062 1834 4116 certissime
1860 4071 2079 4120 attestor

486 4146 786 4217 probatum.
819 4145 1045 4221 Insuper
1071 4146 1188 4216 ejus
1222 4147 1486 4203 diutinam
1520 4149 1572 4203 in
1602 4150 1918 4220 ptenitentia
1949 4164 2075 4220 pcr-

488 4224 852 4317 {everantiam
904 4241 1154 4309 intimat,
1191 4241 1397 4312 Deique
1444 4250 1576 4297 nutu
1617 4243 1684 4298 ad
1713 4241 1816 4299 sibi
1849 4243 2078 4305 creden-

487 4326 614 4399 dum
645 4340 880 4384 mentem
921 4330 1167 4400 praesulis
1192 4347 1296 4385 non
1344 4330 1494 4386 tarde
1523 4329 1768 4386 inclinat.
1801 4329 1954 4397 Tunc
1984 4331 2078 4399 dc,-

486 4434 660 4475 canus
711 4421 1024 4490 prtulibatus
1103 4423 1319 4477 beatum
1390 4420 1694 4477 Gerardum
1756 4437 1787 4477 a
1850 4421 2072 4479 claustri

2177 1980 2240 2023 so
2272 1963 2421 2035 (994)
2448 2004 2464 2030 ,
2495 1964 2727 2018 domnus
2758 1962 3067 2034 Stephanus
3108 1974 3394 2015 successor
3416 1957 3525 2028 ejus
3551 1960 3714 2024 extitit,

2178 2054 2347 2111 nobili
2372 2052 2763 2111 Parisiensium
2782 2053 2950 2122 stirpe
2974 2051 3171 2113 editus,
3201 2051 3270 2105 de
3290 2050 3467 2104 Lincri
3496 2050 3606 2103 vilia
3630 2049 3716 2120 (82)

2178 2145 2402 2216 antiqua
2454 2145 2751 2214 propagine
2801 2152 2972 2198 ortus.
3019 2141 3119 2209 Qui
3166 2142 3219 2195 in
3268 2139 3717 2211 Metelahc’"(85)

2179 2235 2409 2291 cenobio
2459 2235 2493 2292 8
2538 2233 2656 2289 Kal.
2693 2231 2818 2290 Julii
2868 2231 3163 2302 pontificali
3213 2230 3451 2300 unguine
3484 2244 3723 2286 consecrato

2181 2334 2298 2392 tus,
2353 2324 2569 2382 modico
2625 2323 2886 2395 temporis
2933 2322 3145 2392 spatio,
3179 2336 3329 2375 anno
3368 2321 3437 2351 ²³¹
3481 2320 3658 2375 scilicet
3678 2328 3722 2374 et

2179 2417 2379 2481 semis,
2410 2415 2672 2486 regimine
2706 2415 2907 2485 potitus
2932 2453 2947 2477 ,
2992 2412 3028 2467 4
3077 2410 3202 2468 ldus
3248 2409 3426 2465 Martii
3470 2408 3602 2481 (996)
3636 2410 3721 2464 vita

2180 2508 2416 2564 excessit
2445 2508 2587 2579 apud
2625 2505 2862 2563 Bodonis
2910 2503 3335 2571 monasterium,
3363 2511 3417 2559 et
3438 2502 3578 2573 juxta
3605 2500 3721 2557 beati

2181 2596 2550 2669 apostolorum
2595 2595 2860 2668 principis
2916 2592 3060 2649 Petri
3118 2592 3296 2650 altare
3342 2603 3426 2648 est
3476 2591 3726 2646 tumulatus

2181 2691 2321 2760 apud
2347 2687 2694 2744 lledianense
2715 2686 3022 2743 cmuobium
3055 2683 3194 2757 (84).

2251 2780 2340 2837 56.
2383 2779 2490 2834 Sed
2526 2780 2644 2835 lucc
2692 2778 2880 2833 eadem
2926 2776 3228 2833 Leucorum
3270 2776 3462 2832 civitas
3504 2790 3596 2833 suo
3636 2789 3727 2830 rec-

2185 2880 2299 2928 tore
2325 2871 2583 2925 destituta
2611 2910 2627 2934 ,
2681 2883 3023 2940 nequaquam
3056 2868 3263 2923 diutius
3289 2876 3374 2922 est
3397 2909 3412 2933 ,
3446 2867 3548 2922 Deo
3576 2866 3725 2936 dispo-

2180 2950 2365 3031 nente,
2402 2960 2742 3034 pessumdari
2781 2960 3063 3031 permissa.
3113 2958 3251 3013 Nam
3304 2959 3445 3014 votis
3486 2958 3729 3027 utriusque

2183 3054 2421 3110 ﬁdelium
2450 3052 2693 3119 ordinis,
2729 3052 3004 3122 aspirante
3048 3049 3340 3106 clementia
3379 3049 3568 3105 divina:
3593 3045 3729 3115 majeo

2182 3143 2382 3211 statis,
2428 3141 2843 3212 triumphatoris
2886 3140 3118 3206 invicti,
3171 3139 3365 3195 domni
3412 3137 3483 3170 ’³³
3520 3136 3732 3193 videlicet

2182 3234 2399 3291 Ottonis
2432 3233 2585 3288 tercii
2616 3234 2825 3302 augusti
2853 3272 2869 3296 ,
2918 3231 3138 3287 decreto
3191 3237 3497 3294 statuente,
3539 3227 3731 3284 domnus

2184 3325 2472 3393 Bertoldns
2496 3324 2609 3397 (85)
2640 3322 2991 3393 nobilissimis
3019 3321 3452 3391 Alemannorum
3501 3316 3735 3385 natalibus

2181 3425 2335 3485 ortus
2356 3456 2371 3481 ,
2405 3414 2459 3471 in
2494 3422 2685 3469 sancta
2714 3412 2976 3484 religione
3020 3409 3386 3481 conspicuus,
3414 3426 3506 3487 per
3528 3408 3611 3463 Dei
3635 3422 3736 3476 ριῖορ

2182 3507 2474 3562 vidcntiam
2522 3505 2756 3569 electus,
2791 3504 2847 3560 in
2887 3505 2986 3560 hac
3014 3505 3139 3559 sede
3162 3511 3251 3557 est
3300 3503 3337 3558 5
3372 3502 3501 3557 ldus
3520 3497 3735 3557 Octobris

2182 3596 2424 3669 pontifex
2458 3596 2762 3652 ordinatus.
2815 3594 2917 3663 Qui
2968 3593 3397 3665 praedecessoris
3446 3592 3529 3646 sui
3583 3586 3736 3645 domui
3835 3601 3840 3607 ’

2179 3689 2406 3747 Gerardi
2438 3702 2618 3757 mores
2647 3696 2703 3763 et
2740 3688 2997 3763 instituta
3021 3701 3118 3757 pro
3154 3684 3626 3763 posseimitatus,
3650 3692 3739 3734 non

2181 3782 2323 3839 valet
2374 3782 2679 3854 explicari,
2728 3789 2945 3851 quanta:
2992 3781 3269 3841 bonitatis,
3294 3789 3355 3836 et
3394 3769 3742 3836 muniﬁcentia:

2180 3875 2435 3947 operibus
2486 3875 2554 3930 ad
2602 3874 2876 3945 pmpriam
2938 3873 3307 3927 decorandum
3375 3870 3556 3939 sedem
3607 3861 3743 3920 fuerit

2181 3969 2585 4039 comprobatus.
2640 3964 2775 4039 Nam
2832 3965 3118 4037 diligenter
3172 3965 3387 4035 clerum
3456 3961 3742 4023 instituens.

2180 4061 2327 4114 viros
2357 4058 2664 4137 prudentes
2684 4056 2937 4122 familiari
2980 4057 3050 4088 ’³⁸
3085 4058 3389 4117 dilectione
3435 4068 3546 4124 prae
3580 4047 3747 4107 ceteris

2182 4150 2529 4221 amplectens,
2562 4163 2861 4221 eorumque
2891 4149 3121 4207 consilio
3165 4151 3218 4203 in
3262 4147 3528 4204 omnibus
3567 4144 3745 4200 nitens,

2179 4243 2367 4297 urbem
2414 4242 2591 4307 rebus,
2629 4241 2810 4307 auxit,
2863 4240 3124 4311 sapientia
3179 4238 3502 4301 decoravit,
3556 4229 3745 4304 provida

2180 4316 2591 4404 dispensatione.
2616 4331 2865 4397 munivit.
2890 4332 3033 4399 Quis,
3062 4340 3255 4397 autem
3279 4339 3455 4400 queat
3481 4327 3588 4381 ullo
3611 4323 3749 4378 ratio~

2180 4424 2449 4481 nisaﬂhlu
2488 4425 2761 4499 pandere,
2807 4440 2969 4501 quam
3003 4424 3241 4495 prudens
3273 4434 3333 4480 et
3378 4431 3572 4480 cautus
3612 4412 3747 4470 fuerit

487 4508 801 4585 potnitrn‘tia
865 4513 1046 4582 rapit,
1095 4514 1163 4567 ad
1212 4513 1431 4567 domum
1483 4513 1756 4583 propriam
1799 4513 2076 4584 insperato
2108 4531 2156 4591 ι)
2184 4517 2235 4572 in
2266 4517 2412 4585 omni
2440 4531 2532 4570 sua
2566 4529 2624 4569 re
2656 4515 2984 4585 disponenda
3017 4557 3031 4582 ,
3079 4532 3198 4588 qua:
3220 4524 3280 4572 et
3316 4525 3526 4586 quanta
3556 4524 3658 4565 sua:
3678 4519 3751 4558 ec-

488 4603 705 4669 addnrit
732 4644 746 4665 ,
778 4604 1086 4660 balneatum
1138 4605 1379 4659 vestibus
1424 4605 1606 4660 nitidis
1649 4620 1715 4662 ex
1752 4607 2075 4674 suoinduit,

487 4692 839 4764 mirantique.
869 4696 997 4763 quid
1020 4695 1142 4749 novi
1170 4697 1538 4764 portenderet,
1563 4711 1687 4752 eum
1711 4696 1828 4754 fore
1855 4700 2072 4770 episco-

485 4788 613 4854 pum
647 4787 909 4858 praedicit.
957 4786 1064 4842 Sed
1096 4787 1179 4843 vir
1203 4787 1415 4844 Domini
1447 4789 1499 4843 in
1531 4789 1851 4847 humilitatis
1884 4790 2076 4847 funda-

487 4884 671 4931 mento
701 4878 928 4934 lirmiter
973 4877 1271 4946 stabilitas,
1320 4878 1448 4951 huic
1507 4880 1835 4938 ordinationi
1866 4870 2074 4939 cunctis

485 4964 833 5019 obnitebatur
858 4967 1090 5031 viribus,
1134 4969 1411 5039 magisque
1440 4969 1603 5041 elegit
1639 4952 1925 5041 pristinum
1955 4986 2071 5042 poe-

488 5055 731 5112 nitentite
775 5059 945 5113 otium
1002 5072 1288 5130 repetere,
1353 5076 1517 5133 quam
1579 5061 1741 5133 hujus
1785 5063 2071 5119 laboriosa:

2179 4606 2359 4663 clesiae
2383 4604 2701 4676 acquisierit
2721 4615 3039 4663 ornamenta
3065 4647 3079 4669 ,
3110 4607 3315 4676 quibus
3343 4600 3599 4670 aediﬁciis,
3624 4597 3749 4652 elate

2177 4709 2350 4754 stram
2374 4698 2457 4752 sui
2501 4696 2631 4753 cieri
2662 4697 3009 4752 adornaverit
3036 4698 3130 4763 "1‘,
3160 4697 3373 4768 quibus
3397 4688 3754 4757 emolumentis,

2176 4802 2332 4845 suam
2357 4787 2540 4844 sedem
2570 4786 3017 4867 ampliﬁcaverit?
3047 4787 3247 4844 Verum
3298 4802 3481 4858 pauca
3518 4779 3751 4856 perstrine

2175 4894 2368 4952 gamus
2400 4878 2465 4936 de
2496 4879 2765 4949 pluribus,
2795 4895 2918 4951 cum
2943 4878 3154 4951 singula
3184 4891 3524 4950 percurrere
3552 4871 3755 4939 sufﬁci“.l

2176 4973 2374 5029 nullus.
2403 4972 2502 5028 llic
2529 4972 2822 5042 adquisivit
2848 4988 2887 5027 a.
2919 4972 3260 5029 Theoderico
3289 4972 3439 5025 duce
3468 4966 3674 5022 Aslteim
3694 4956 3755 4993 ⁸³⁸

2178 5064 2363 5118 villam
2400 5064 2516 5134 (86)
2547 5073 2602 5118 et
2627 5060 2829 5119 Airaidi
2861 5063 2933 5099 ¹³⁷
2964 5071 3177 5118 curtem
3203 5070 3261 5117 et
3303 5061 3492 5117 Monoi
3516 5061 3547 5114 ii
3578 5058 3752 5113 vittam.

1788 5153 2025 5209 VARIA‘}
2060 5153 2465 5210 LECTIONES.

558 5241 631 5275 m
667 5241 805 5298 deest
846 5246 897 5299 i.

997 5247 1065 5317 Ψ
1106 5246 1405 5317 inspirante
1437 5245 1506 5301 Η
1605 5247 1676 5278 ⁸¹⁸
1715 5246 1979 5317 gattzelini
2020 5247 2089 5299 i?
2184 5246 2255 5279 “’
2293 5243 2523 5309 iuridico
2550 5246 2617 5300 Η

2720 5247 2789 5279 ’³⁸
2833 5246 2967 5301 iluic
3012 5247 3525 5309 extititsttrcessor
3549 5241 3757 5297 domm!

487 5308 976 5387 Stephanusnobili
1002 5304 1438 5387 Patriejtsiumﬁ.
1467 5316 1521 5387 5.
1596 5316 1661 5348 ὐ
1694 5304 1994 5387 n‘ietelarho
2021 5318 2078 5371 Ξ.
2110 5317 2161 5368 5.
2237 5304 2308 5348 ²τέ
2331 5319 2485 5387 annis
2524 5317 2568 5370 l.
2647 5316 2719 5353 ³³³
2751 5316 2892 5371 deest
2921 5310 2971 5372 i.
3044 5318 3119 5351 ⁸³³
3150 5304 3419 5372 inutiliori
3447 5310 3506 5371 '2.
3542 5309 3754 5387 familia-

487 5376 696 5441 ιὶθιιῖινό.
773 5386 846 5419 ⁸³⁸
881 5376 1234 5442 ornavet‘itb.
1312 5386 1385 5418 '“
1423 5385 1595 5455 askim
1627 5387 1678 5441 1η.
1713 5380 1894 5457 aschei
1918 5388 1972 5442 5.
2051 5388 2117 5418 ³³⁷
2147 5387 2351 5442 adi-aldi
2376 5386 2428 5441 5.

2001 5478 2235 5536 NOTAE.

553 5567 667 5639 (Si)
707 5568 1001 5629 Ltt'wville.

555 5634 668 5707 ('87.)
708 5642 764 5696 In
797 5642 1017 5696 dimccsi
1053 5639 1386 5697 Trevirensi.

555 5710 671 5786 (δέ)
709 5711 791 5786 gf.
822 5711 1024 5767 Chron.
1056 5709 1288 5786 {indigni
1313 5726 1477 5786 _mon._
1504 5710 1604 5786 SS,
1635 5712 1724 5781 Ν,
1752 5731 1805 5786 p.
1839 5714 1930 5778 θὶς.

558 5778 668 5835 ’σει
710 5781 901 5836 Benest
925 5789 1051 5834 ante
1067 5778 1417 5836 Bertboldum
1449 5778 2067 5855 “obuium-quemdam

2173 5573 2488 5643 episcopum
2520 5569 2687 5643 fuisse
2713 5570 2944 5627 electum
2984 5577 3167 5643 monet
3204 5583 3260 5639 p.
3286 5568 3407 5643 βυ
3430 5612 3456 5641 ,
3487 5562 3757 5643 diplomata

2174 5638 2375 5713 allato,’
2404 5641 2694 5713 quodcum
2750 5643 2988 5698 nondum
3036 5638 3243 5701 editum
3282 5638 3627 5704 inimicitiam,
3657 5643 3759 5693 aen

2173 5712 2436 5767 incertam
2468 5712 2735 5781 relinquo.

2251 5781 2364 5854 (36)
2403 5779 2717 5852 Acreignes,
2745 5780 3043 5847 iiaraconr,
3071 5779 3434 5842 Hauonr'tlk.
