3926 6460
299 453 410 515 ιω

1575 461 1797 517 GESTA
1832 457 2048 515 EPISC.
2089 454 2273 515 TULL
2283 457 2436 515 ENS.

3495 464 3607 522 ΠΟ

305 567 489 624 listam
519 567 792 640 dignatur
818 572 1126 635 admonere.
1159 569 1414 640 quatinus
1437 585 1466 625 a
1496 584 1748 641 perversa
1779 571 1912 627 resi-
1939 569 1987 627 A
2011 569 2416 638 evangeliorum
2462 567 2621 636 libro,
2667 567 2829 623 trium
2864 568 3249 639 praedictarum
3296 574 3607 648 prtedictio-

314 662 551 733 piseeret
581 663 894 719 voluntate.
926 662 1022 718 Cui
1054 671 1109 718 et
1139 663 1272 717 dixit
1302 662 1372 695 ³⁰⁸
1402 680 1415 716 :
1449 660 1599 717 Scias
1628 673 1696 729 te,
1727 663 1916 733 frater,

317 755 431 809 ideo
470 752 605 808 talia
641 754 777 821 pati,
807 755 933 826 quia
974 764 1153 809 votum
1180 753 1320 825 quod
1354 752 1459 808 Deo
1487 770 1699 807 voveras
1727 753 1917 823 infrin-

320 859 436 915 gere
457 842 805 911 disposuisti;
852 844 939 897 sed
976 843 1022 896 si
1060 844 1118 897 in
1154 842 1409 912 promisso
1435 840 1662 910 fideliter
1687 858 1916 911 perseve-

320 950 436 988 rare
459 932 714 997 volueris,
752 943 802 988 et
830 931 1129 987 desiderata
1170 932 1396 986 sanitate
1433 931 1588 985 citius
1612 930 1913 997 donaberis,

322 1036 367 1080 et
417 1024 596 1080 divina
643 1027 822 1097 gratia
870 1026 927 1080 in
978 1025 1182 1080 cunctis
1230 1025 1336 1079 tuis
1386 1024 1589 1078 actibus
1640 1023 1913 1093 fovcberis.

324 1118 474 1186 Quod
500 1117 571 1150 ³⁸⁸
598 1133 726 1173 cum
750 1118 824 1155 ⁸⁰⁶
857 1115 913 1174 in
940 1116 1146 1173 somnis
1171 1115 1287 1172 hinc
1318 1115 1388 1147 ’θ’
1417 1131 1476 1171 se
1503 1114 1915 1170 observaturum

323 1210 432 1267 Deo
490 1220 764 1266 annuente
821 1209 1202 1282 promisisset,
1259 1218 1380 1265 erat
1441 1209 1487 1265 ei
1546 1206 1721 1262 simile
1771 1208 1913 1278 quod

321 1300 475 1371 quasi
502 1301 573 1334 ³⁸⁸
598 1310 707 1359 tres
730 1290 1158 1371 subscriptiones
1178 1315 1450 1372 praesagus
1478 1299 1781 1353 futurorum
1811 1298 1913 1352 sibi

320 1395 582 1461 traderet,
614 1405 669 1451 et
704 1396 760 1450 in
788 1411 850 1450 os
881 1396 948 1450 ad
983 1395 1373 1451 comedendum
1423 1396 1742 1464 imponeret,
1778 1408 1915 1462 qun-

319 1502 439 1543 rum
488 1486 806 1542 memoriam
852 1500 1067 1556 semper
1113 1486 1166 1539 in
1197 1487 1380 1541 animo
1408 1484 1657 1551 retinuit,
1687 1499 1788 1540 nec
1818 1486 1912 1542 ulli

319 1592 541 1632 suorum
569 1576 941 1640 familiarium,
974 1576 1077 1631 nisi
1127 1575 1181 1631 in
1219 1576 1409 1631 ultimo
1437 1576 1559 1630 vitae
1590 1576 1716 1640 ﬁne,
1766 1577 1911 1631 noti-

316 1671 484 1727 ficare
518 1670 709 1725 voluit.
756 1670 959 1724 Tamen
1011 1684 1198 1723 carum
1244 1668 1442 1724 seriem
1487 1676 1610 1739 post
1648 1668 1912 1735 dicemus,

318 1778 439 1817 cum
469 1760 624 1818 locus
653 1770 953 1831 oportunus
980 1760 1243 1815 evenerit.
1266 1758 1583 1815 Atlirmabat
1610 1768 1791 1815 autem
1815 1761 1914 1815 hu-

310 1850 545 1921 jnsmodi
588 1852 852 1908 visionem
891 1865 953 1906 ea
986 1852 1054 1884 ⁸⁰⁹
1083 1863 1241 1907 nocte
1275 1852 1380 1907 sibi
1418 1851 1767 1921 apparuisse,
1803 1866 1911 1921 qua

2021 676 2148 717 num
2180 662 2269 727 ⁸⁸⁸,
2314 677 2451 733 quas
2492 661 2548 716 in
2591 662 2799 717 somnis
2838 662 3071 724 viderat.
3102 665 3432 737 exemplaria
3474 669 3616 723 verk

2020 754 2142 810 dico
2166 755 2481 825 recognovit
2514 755 2756 809 oraculo.
2791 754 3068 824 Siquidem
3099 759 3277 827 primo
3321 759 3442 814 loco
3471 776 3500 814 a
3534 759 3616 815 le-

2019 853 2178 911 gente
2208 855 2292 899 est
2318 845 2603 900 recitatum
2636 844 2801 898 divini
2833 845 3033 915 eloquii
3057 847 3363 917 exemplum
3390 863 3404 901 :
3434 847 3615 904 Nunt-

2017 950 2174 1003 qnam
2201 934 2399 1005 legistis
2440 933 2496 988 in
2528 935 2804 1005 scripturis
2833 948 2855 986 :
2905 935 3159 1006 Lapidem
3186 955 3338 1010 quem
3367 939 3616 1008 reproba-

2016 1033 2201 1078 verunt
2232 1025 2576 1094 aediﬁcantes,
2608 1024 2697 1078 hic
2731 1024 2902 1093 factus
2928 1035 3004 1080 est
3041 1031 3094 1081 in
3125 1039 3281 1099 caput
3320 1028 3541 1100 anguli!
3566 1028 3614 1081 Α

2019 1113 2244 1169 Domino
2294 1116 2491 1177 factum
2537 1124 2613 1169 est
2657 1115 2821 1179 istud,
2871 1126 2919 1170 et
2962 1127 3036 1170 est
3076 1118 3315 1172 mirabile
3341 1120 3398 1173 in
3446 1119 3612 1174 oculis

2017 1207 2209 1259 nostris
2254 1206 2469 1275 (Matth.
2522 1222 2648 1272 χχι,
2685 1206 2800 1271 42).
2856 1206 3058 1261 Deinde
3092 1210 3389 1265 secundum
3425 1225 3613 1265 exem-

2013 1297 2160 1367 plum
2188 1307 2272 1354 est
2301 1299 2507 1354 dictum
2536 1300 2601 1355 de
2639 1299 2860 1371 prologo
2888 1304 3149 1371 evangelii
3181 1304 3341 1358 Luem
3375 1319 3610 1376 evange-

2018 1388 2155 1444 lista:
2179 1408 2192 1443 :
2217 1388 2456 1445 Serviens
2488 1391 2713 1444 Domino
2742 1392 2855 1445 sine
2883 1393 3120 1446 crimine.
3154 1392 3397 1450 Tertium
3426 1407 3610 1449 autem

2016 1479 2120 1534 fuit
2148 1481 2202 1535 in
2231 1480 2421 1537 eodem
2449 1481 2779 1555 evangelista
2809 1482 2875 1537 de
2911 1481 3173 1538 Zachaxia
3204 1489 3261 1539 tt
3286 1480 3559 1541 EliSabcth
3589 1499 3606 1537 :

2014 1571 2321 1627 Incedentes
2350 1572 2407 1625 in
2434 1572 2675 1627 omnibus
2701 1571 2969 1627 mandatis
3000 1573 3069 1605 ³⁸⁸
3099 1573 3313 1628 Domini
3343 1574 3457 1629 sine
3483 1590 3610 1643 que-

2015 1662 2125 1717 rela
2156 1661 2306 1736 (Luc.
2333 1678 2383 1729 ι,
2418 1661 2497 1735 6).
2537 1662 2741 1718 Horum
2780 1678 2911 1735 ergo
2947 1664 3092 1718 verbi
3114 1678 3236 1719 run
3273 1663 3607 1734 exemplaria

2014 1758 2116 1813 sibi
2147 1773 2179 1813 a
2202 1756 2432 1813 Domino
2458 1758 2526 1790 ³⁸⁷
2553 1757 2911 1813 reminiscens
2939 1756 3141 1812 dudum
3167 1765 3601 1827 praemonstrata,

2013 1849 2178 1907 veluti
2230 1862 2359 1920 apes
2412 1849 2830 1920 prndenti:s'ma
2875 1848 3043 1919 dapes
3091 1848 3285 1904 florum
3335 1848 3605 1906 indefessa

314 1958 412 1997 suo
437 1942 737 1997 venerabili
768 1941 907 2011 patri
936 1942 1133 1996 domno
1160 1940 1376 2012 praesuli
1405 1940 1643 1996 Brunoni
1678 1942 1731 1996 in
1763 1956 1908 1995 som-
1939 1941 1982 1996 Β
2009 1941 2190 1995 animo
2243 1939 2577 1995 revolvebat.
2639 1939 2952 2006 Quamlibet
3000 1939 3142 1994 enim
3191 1954 3220 1992 a
3272 1939 3602 2009 quibusdam

311 2034 413 2089 nis
436 2035 614 2089 visum
657 2044 771 2098 est,
819 2034 1034 2089 beatum
1076 2032 1294 2088 Petrum
1342 2033 1646 2103 apostolum
1678 2033 1747 2065 ⁸¹⁰
1780 2048 1905 2089 cum

310 2124 756 2195 protbomartyre
791 2122 1067 2194 Stephano
1099 2137 1159 2178 se
1196 2121 1482 2176 infulatum
1513 2123 1578 2176 ad
1609 2122 1907 2194 principale

311 2216 486 2271 altare
523 2217 668 2287 apud
703 2215 1069 2272 Wormaciam
1107 2215 1375 2271 deducere
1406 2215 1733 2282 honoriﬁce,
1767 2227 1823 2272 et
1854 2217 1905 2273 ei

310 2307 552 2379 quinque
584 2306 782 2364 calices
808 2323 1002 2364 aureos
1028 2308 1096 2363 ad
1122 2309 1444 2381 praesagium
1472 2324 1650 2363 rerum
1676 2324 1906 2381 sequen-

311 2398 443 2454 tium
479 2400 697 2455 tradere
726 2399 862 2472 (95).

378 2488 469 2544 41.
492 2489 610 2546 Νοη
634 2490 804 2546 multo
823 2500 945 2565 post
965 2491 1105 2548 idem
1125 2491 1388 2561 gloriosus
1404 2490 1586 2548 Bruno
1606 2492 1745 2564 apud
1766 2507 1905 2564 pra:-

310 2582 509 2637 dictam
533 2582 725 2639 urbem
741 2582 1111 2640 Wormaciam
1143 2584 1208 2639 ad
1235 2585 1589 2655 apostolicam
1613 2587 1794 2642 sedem
1816 2596 1903 2643 est

306 2684 593 2742 promotus
620 2674 829 2747 (1049),
859 2684 913 2732 et
941 2675 1103 2731 istum
1135 2675 1203 2731 de
1230 2691 1340 2747 quo
1366 2674 1642 2747 loquimur
1668 2691 1900 2732 venera-

307 2761 471 2818 bilem
503 2751 748 2821 Udonem
796 2766 1025 2821 Romam
1068 2766 1242 2832 duxit,
1272 2782 1394 2823 cum
1421 2765 1745 2837 quibusdam
1788 2767 1901 2823 suis

307 2850 692 2922 familiaribus,
721 2857 923 2929 quique
952 2857 1007 2912 in
1043 2858 1295 2914 omnibus
1321 2858 1387 2889 ³¹¹
1418 2874 1531 2929 pra:
1560 2859 1760 2914 ceteris
1787 2874 1903 2915 scr-

305 2943 440 2997 vitio
479 2945 730 3014 adhaesit,
779 2947 984 3002 idcirco
1030 2946 1178 3002 illum
1209 2945 1263 3002 in
1293 2947 1482 3019 majori
1514 2947 1900 3006 familiaritatis

306 3032 549 3088 amicitia
581 3035 837 3090 connexit
864 3036 951 3090 δι’.
983 3035 1210 3092 Biennio
1233 3048 1414 3093 autem
1456 3039 1573 3095 fere
1610 3048 1803 3096 exacto
1830 3039 1900 3072 ³¹³

307 3123 515 3195 “050),
554 3124 787 3181 domnus
830 3126 1157 3198 apostolicus
1191 3128 1469 3199 antiquam
1507 3130 1742 3199 patriam
1784 3130 1896 3202 pri-

306 3228 561 3284 mamque
589 3213 775 3271 sedem
815 3217 1051 3272 revisere
1085 3216 1285 3282 voluit,
1317 3227 1371 3274 et
1405 3219 1708 3275 interventu
1753 3218 1897 3289 ejus-

2010 2033 2164 2104 quasi
2207 2046 2308 2104 pro
2354 2031 2520 2086 nimia
2570 2029 2917 2102 simplicitate
2965 2030 3366 2098 reproharetur,
3420 2038 3602 2086 tamen

2010 2126 2344 2182 incessanter
2395 2123 2707 2195 satagebat,
2763 2131 2824 2177 ut
2872 2122 2924 2175 in
2978 2121 3161 2177 divino
3205 2121 3431 2178 servitio
3480 2122 3600 2180 sine

2008 2216 2235 2273 crimine
2258 2230 2324 2271 ac
2350 2216 2471 2272 sine
2501 2213 2722 2284 querela
2763 2211 3064 2268 secundum
3101 2211 3396 2267 humanam
3425 2211 3601 2282 possi-

2005 2308 2270 2365 bilitatem
2301 2316 2428 2362 ante
2459 2306 2550 2363 Dei
2580 2304 2766 2362 oculos
2795 2302 3128 2358 inveniretur
3151 2302 3243 2357 ³¹⁸.

2073 2399 2164 2454 45.
2206 2398 2471 2455 Studebat
2512 2395 2677 2451 etiam
2719 2407 2902 2451 mores
2946 2394 3029 2450 sui
3077 2391 3493 2463 pmderessoris
3526 2391 3595 2424 ⁹¹⁹

2004 2492 2186 2550 domni
2222 2490 2456 2548 Bertoldi
2484 2489 2553 2522 ³¹⁰
2582 2489 2637 2544 in
2674 2486 3098 2556 multiplicandis
3133 2483 3397 2542 reditibus
3425 2496 3479 2540 et
3506 2500 3598 2540 or—

2002 2581 2277 2639 namentis
2305 2578 2550 2635 ecclesiae
2574 2592 2688 2637 suae
2711 2576 2857 2631 sedis
2883 2590 2981 2645 pro
3004 2589 3163 2646 posse
3188 2575 3409 2639 imit,.ri.
3432 2583 3597 2645 atque

2001 2675 2192 2732 hostes
2221 2673 2411 2744 patriae
2437 2687 2545 2728 non
2578 2670 2803 2725 timebat
2838 2684 2937 2739 pro
2958 2667 3272 2729 defensione
3297 2682 3595 2743 pauperum

2001 2775 2059 2821 et
2090 2764 2442 2820 ecclesiarum
2471 2762 2535 2793 ³⁹¹
2565 2760 2815 2815 inimicos
2858 2757 2997 2814 ﬁeri.
3044 2758 3351 2828 Adquisivit
3378 2772 3597 2831 quoque

2002 2861 2071 2917 ab
2109 2859 2374 2914 llaimone
2412 2856 2609 2913 comite
2647 2856 2936 2912 eccles'am
2971 2855 3245 2925 quandam
3273 2855 3342 2888 ³”
3375 2856 3444 2911 ad
3474 2871 3595 2911 ser.

2000 2951 2194 3006 vitium
2215 2948 2443 3005 fratrum
2466 2946 2903 3019 congregationis
2923 2961 3037 3000 san;
3055 2946 3094 3003 ti
3124 2944 3404 3020 Stephani,
3429 2962 3596 3017 quam

2000 3046 2082 3102 eis
2122 3059 2222 3115 pro
2261 3041 2489 3098 'annuali
2529 3042 2618 3098 die
2648 3056 2762 3097 sua:
2806 3040 3166 3097 ordinationis
3208 3039 3597 3111 perpelualiter

2000 3134 2418 3193 rememorando
2466 3132 2818 3189 contradidit.
2876 3131 2932 3187 ln
2991 3131 3319 3188 destruendo
3368 3130 3595 3187 castello

2008 3227 2296 3283 Vallicolor
2321 3226 2391 3257 ³¹³
2421 3224 2557 3296 (95),
2602 3225 2656 3280 in
2687 3238 2795 3294 quo
2825 3224 3155 3280 annu'llando
3190 3238 3323 3280 suus
3346 3232 3593 3278 anteces-

304 3303 424 3359 dem
456 3305 665 3363 Udonis
703 3310 1104 3380 congregationi
1151 3309 1381 3365 fratrum
1414 3313 1585 3368 sancti
1635 3313 1897 3384 Stephani
1927 3302 1971 3364 C
2002 3335 2095 3375 sor
2121 3315 2445 3373 venerabilis
2466 3315 2647 3371 Bruno
2672 3316 2790 3370 sine
2816 3315 2919 3369 ﬁne
2951 3316 3318 3381 laboraverat,
3348 3315 3424 3371 ita
3456 3314 3595 3371 mul-

304 3396 594 3451 ecclesiam
627 3397 696 3453 de
730 3397 1001 3455 Tranculﬁ
1031 3400 1154 3456 villa
1184 3410 1238 3457 et
1266 3403 1522 3471 [medium
1554 3402 1619 3459 de
1653 3402 1897 3460 Mandri-

303 3488 442 3543 valle
469 3489 737 3555 restituit,
761 3500 816 3547 et
840 3492 1043 3548 eisdem
1066 3493 1343 3550 canonicis
1368 3494 1705 3563 privilegium
1733 3494 1900 3550 liber-

304 3580 430 3634 tatis
455 3580 754 3651 apostolica
786 3584 1346 3640 excommunicationc
1392 3586 1681 3640 subnixum
1709 3602 1896 3642 corro-

301 3672 517 3727 horavit
557 3674 697 3746 (94).
746 3675 970 3731 Demum
1010 3676 1241 3731 domnus
1293 3676 1623 3747 apostolicus
1668 3693 1897 3734 cernens

302 3778 425 3818 eum
468 3762 525 3819 in
557 3774 747 3822 sancta
788 3764 1049 3833 religione
1083 3767 1149 3823 de
1172 3766 1371 3821 virtute
1413 3767 1464 3820 in
1491 3767 1744 3826 virtutem
1776 3784 1893 3839 pro-

304 3852 495 3918 ﬁcere,
544 3853 813 3925 disposuit
849 3870 1005 3921 cum,
1051 3858 1389 3926 praecedente
1439 3856 1570 3911 cleri
1620 3857 1897 3929 plebisque

301 3941 585 4010 electione,
620 3944 673 3999 in
704 3943 865 4013 hujus
896 3946 1039 4001 sedis
1068 3947 1387 4017 praesulatus
1425 3944 1601 4002 ofﬁcio
1628 3948 1729 4003 sibi
1764 3949 1892 4003 sub-

301 4047 494 4103 rogare
542 4035 748 4107 (1051),
800 4051 863 4092 ac
912 4037 1178 4107 legatione
1222 4038 1289 4099 ad
1340 4038 1631 4094 llenricutn
1677 4040 1894 4095 tertium

302 4124 531 4182 Romani
562 4127 775 4199 imperii
807 4139 1071 4185 rectorem
1098 4129 1327 4197 directa,
1358 4129 1507 4185 illum
1543 4132 1645 4187 sibi
1680 4147 1896 4188 succes-

301 4232 479 4272 sorem
510 4218 861 4275 substituere.

367 4316 458 4371 42.
501 4316 713 4393 Adepto
750 4333 892 4391 ergo.
928 4320 1137 4377 honore
1180 4319 1549 4392 pontificatus,
1606 4321 1681 4376 ita
1731 4321 1895 4392 coepit

296 4424 420 4469 esse
448 4411 502 4466 iu
531 4412 993 4482 cunctis'agcndis
1018 4414 1179 4469 rebus
1209 4424 1487 4479 strenuus,
1509 4414 1673 4469 veluti
1707 4413 1896 4470 fuisset

296 4515 325 4552 a
359 4499 624 4570 primva
644 4500 717 4533 ‘"
737 4502 791 4556 in
824 4502 909 4558 Itis
932 4502 1277 4573 disponendis
1302 4503 1568 4574 sagaciter
1594 4503 1889 4558 institutus.

2000 3409 2206 3469 timodo
2235 3415 2458 3482 precatu
2499 3415 2554 3464 et
2588 3407 2765 3478 pretio
2799 3421 2897 3476 per
2929 3405 3346 3467 c'ncumvicinos
3373 3420 3593 3476 compa-

1999 3507 2195 3562 triotas
2221 3502 2401 3560 effecit
2435 3501 2527 3570 θ’θ’,
2559 3500 2703 3572 quod
2740 3501 2823 3555 bis
2851 3516 2976 3556 cum
3001 3500 3070 3532 ⁸³⁵
3107 3499 3277 3556 armis
3313 3497 3521 3556 bellicis
3560 3515 3592 3554 a

1998 3594 2363 3651 fundamentis
2410 3591 2626 3660 dejecit.
2678 3590 3069 3646 Monasterium
3119 3590 3292 3645 sancti
3342 3587 3591 3660 Gengulﬁ

1991 3686 2106 3757 jam
2134 3685 2224 3741 diu
2252 3699 2388 3757 pene
2414 3684 2674 3750 dirutum,
2706 3690 2759 3737 et
2789 3682 2954 3738 etiam
2998 3681 3119 3753 igne
3144 3683 3507 3746 combustum,
3535 3682 3589 3736 in

1997 3797 2294 3853 congruum
2332 3780 2608 3851 reparavit
2646 3789 2881 3843 statum,
2931 3788 3096 3847 atque
3130 3778 3467 3833 ornamentis
3502 3792 3593 3833 ec-

1997 3871 2315 3929 clesiasticis
2343 3880 2398 3925 et
2449 3869 2779 3925 necessariis
2820 3869 3076 3924 subsidiis
3111 3882 3175 3923 ac
3201 3866 3446 3924 aedificiis
3476 3882 3592 3922 am-

1996 3966 2256 4037 pliatum,
2312 3962 2444 4018 fecit
2488 3962 2673 4017 divino
2724 3961 2947 4016 servitio
2992 3968 3047 4016 et
3092 3972 3298 4016 sanctas
3344 3960 3590 4031 religioni

1996 4055 2173 4111 locum
2203 4061 2386 4124 aptum
2415 4051 2553 4123 (96),
2591 4052 2682 4106 ubi
2714 4050 3066 4106 laudabiliter
3101 4051 3248 4122 viget
3283 4052 3590 4106 canonicali

1996 4159 2148 4201 more
2180 4157 2412 4214 superna
2451 4142 2708 4207 servitus,
2738 4150 2793 4197 et
2826 4141 3048 4198 Christo
3081 4149 3355 4197 annuente
3384 4141 3591 4211 vigebit

1996 4236 2050 4290 in
2081 4244 2424 4306 perpetuum,
2462 4239 2523 4285 ut
2547 4247 2852 4302 speramus.
2884 4231 3153 4288 Prazdium
3184 4232 3357 4288 sant-ti
3386 4233 3589 4290 Αιιίδηί

1995 4341 2117 4382 cum
2149 4326 2261 4380 suis
2293 4322 2619 4394 appenditiis
2651 4323 2705 4378 in
2735 4324 2999 4379 suburbio
3024 4339 3135 4379 suae
3160 4324 3399 4381 civitatis
3426 4325 3591 4381 situm

1995 4417 2065 4471 ab
2098 4415 2308 4471 lndensi
2340 4416 2538 4471 abbate
2565 4413 2732 4485 regali
2763 4414 3089 4469 auctoritate
3115 4415 3332 4486 gloriosi
3367 4414 3587 4475 flenrit-i

1995 4508 2140 4565 tertii
2188 4508 2553 4565 Romanorum
2597 4507 2941 4576 imperatoris
2977 4521 3072 4576 per
3103 4508 3586 4561 commutationent

298 4595 536 4652 Ventum
573 4608 691 4653 erat
719 4598 998 4656 Treverim
1041 4600 1109 4656 l5
1140 4600 1410 4657 Kalendas
1461 4601 1799 4673 Septembris
1823 4603 1892 4658 ad
1917 4639 1973 4701 Β
1996 4598 2206 4669 accepit
2227 4597 2362 4672 (97).
2390 4597 2497 4654 Pro
2526 4612 2633 4670 quo
2662 4597 2826 4653 etiam
2852 4597 3115 4666 quasdam
3141 4610 3229 4652 res
3254 4595 3589 4653 hereditario
3632 4586 3650 4701 ξ

292 4702 473 4742 sacra:
501 4689 858 4746 ordinationis
895 4692 1346 4759 benedictionem,
1383 4694 1472 4748 ubi
1511 4666 1652 4748 licus
1694 4694 1745 4749 ci
1780 4694 1893 4750 cle-
1917 4666 2142 4760 "iure
2166 4666 2267 4747 sibi
2320 4666 2351 4746 a
2406 4666 2723 4763 parentibus
2762 4704 3053 4746 concessas
3096 4688 3337 4761 legitime
3376 4687 3591 4761 delega-
3637 4666 3655 4721 τι

292 4787 515 4832 menter
539 4782 779 4835 ostendit
801 4797 912 4836 sua:
934 4784 1153 4852 pietatis
1182 4784 1612 4852 dispositionem.
1648 4783 1805 4851 Nam,
1833 4791 1893 4839 ut
1999 4784 2077 4839 vit
2106 4782 2241 4855 (98),
2269 4783 2362 4839 ubi
2395 4783 2735 4854 disposuerat
2770 4782 2998 4837 mdiﬁcia
3039 4780 3443 4840 monachorum.
3466 4782 3588 4839 usui

290 4868 471 4924 moris
517 4883 633 4936 est,
682 4872 861 4942 posito
904 4888 1066 4943 super
1110 4875 1368 4930 humeros
1416 4872 1532 4944 ejus
1574 4886 1888 4930 sanctorum
2000 4886 2127 4946 apta
2160 4876 2343 4932 divina
2379 4876 2757 4947 suppeditante
2797 4874 2972 4946 gratia
2998 4881 3333 4940 construere,
3376 4888 3449 4930 ac
3480 4871 3589 4928 fra-

1604 4982 1841 5039 VARUE
1890 4984 2294 5044 LECTIONES.

364 5094 443 5170 f“
480 5094 848 5170 viSiquidem
888 5095 942 5148 in
987 5094 1293 5170 apostolico_
1315 5094 1504 5150 habitu
1535 5094 1710 5149 eidem
1747 5105 1970 5170 sanctus
2005 5096 2251 5170 Joannes
2277 5098 2632 5169 ewangelista
2664 5099 2947 5169 apparuit,
2986 5099 3141 5170 cujus
3165 5098 3587 5170 formant.th

287 5166 464 5241 solito
491 5166 796 5241 sibivisam
828 5167 1160 5241 recognovit.
1193 5164 1454 5241 Quicum
1481 5181 1651 5233 quare
1686 5168 1975 5241 tamdiu/in
2004 5168 2273 5241 languore
2283 5164 2496 5241 ᾕρει-ἐι
2525 5164 2832 5239 requisivit.
2873 5164 3498 5241 Ipsoquerespondente
3522 5182 3585 5241 se

286 5237 534 5296 nescire,
567 5236 858 5291 videbatur
885 5235 989 5291 sibi
1021 5246 1107 5290 sat
1134 5235 1491 5289 amicahiliter
1520 5237 1861 5305 respondisse
1891 5240 1945 5292 5.
2041 5239 2110 5269 ³⁰⁸
2151 5238 2217 5292 Et
2245 5235 2300 5294 5.
2376 5238 2447 5271 ³⁰⁶
2483 5235 2624 5292 deest
2658 5242 2709 5293 1.
2785 5241 2873 5299 tm
2897 5235 2974 5295 'se
3002 5235 3057 5297 li.
3090 5239 3146 5294 5.
3226 5235 3314 5273 ’³⁸⁸
3351 5241 3493 5294 deest
3522 5236 3579 5291 5.

284 5306 365 5339 ³⁸⁹
408 5306 598 5361 eadem
648 5306 703 5360 5.
794 5305 868 5376 Ψ
907 5321 959 5358 a.
1017 5322 1070 5372 p.
1115 5305 1168 5358 5.
1266 5305 1333 5336 ³η
1375 5305 1573 5376 quique
1612 5307 1660 5360 ei
1700 5322 1751 5376 ι).
1783 5324 1832 5362 c.
1869 5309 1920 5360 in
1952 5309 2101 5363 omni
2134 5309 2367 5364 servicio
2404 5309 2693 5365 sollicitius
2725 5310 2853 5366 adh.
2904 5311 2961 5365 5.
3077 5310 3146 5342 ³⁸⁸
3180 5310 3474 5365 oonnexnit
3524 5307 3585 5361 5.

281 5375 363 5407 ⁹¹³
402 5386 636 5431 exattcto
660 5377 713 5433 l.
787 5374 857 5406 ‘”
892 5376 1203 5446 primicerio
1226 5376 1290 5446 Vl.
1358 5375 1426 5446 ³ίέ
1456 5374 1983 5446 ᾼευνειτεεὲίριὶοιιιιιη
2009 5378 2064 5433 5.
2166 5378 2238 5409 ³³⁸
2267 5395 2349 5435 In.
2374 5379 2930 5446 etjustiﬁcationibus
2965 5396 3087 5437 cum
3116 5382 3237 5437 sine
3259 5380 3312 5434 5.
3388 5377 3454 5410 ³¹¹
3481 5378 3584 5430 deo

278 5448 342 5501 5.
435 5446 505 5481 ³⁸³
543 5446 812 5501 inveniret
836 5444 909 5501 5.’
967 5445 1036 5477 ³¹⁹
1074 5460 1129 5515 p.
1155 5445 1236 5501 sui
1259 5444 1314 5499 5.
1402 5444 1471 5476 ³²⁰
1512 5444 1711 5502 bellodi
1742 5444 1793 5501 l.
1868 5446 1936 5481 ³²¹
1977 5449 2081 5505 sibi
2113 5448 2239 5504 add.
2266 5449 2322 5504 5.
2398 5444 2468 5482 m
2510 5449 2599 5505 de.
2637 5488 2657 5505 .
2700 5489 2715 5505 .
2757 5488 2774 5506 .
2817 5491 2831 5506 .
2872 5453 2927 5507 5.
3006 5451 3080 5493 ²²³ο
3112 5449 3487 5504 vallicolorum
3523 5445 3591 5503 5.

278 5517 363 5550 ³¹δ
406 5515 572 5574 efﬁcit
601 5516 656 5572 5.
732 5515 804 5548 ³³⁵
840 5530 965 5571 eum
996 5516 1053 5573 1.

1826 5609 2067 5669 NOTAE.

355 5697 484 5775 (ξοδ)
527 5701 590 5775 Ῡε
620 5698 853 5775 Wiaerti
883 5701 1061 5775 Viqu
1096 5700 1482 5775 anonis._ll_.
1516 5702 1567 5775 t.
1993 5703 2231 5761 lleinriei
2259 5703 2326 5760 tv
2353 5705 2514 5774 regis,
2546 5722 2597 5761 a.
2634 5705 2791 5770 l065,
2824 5703 2920 5769 ib.,
2946 5721 3000 5775 p.
3032 5702 3288 5775 xxvmt.

353 5772 481 5847 (gf)
520 5771 604 5847 9f.
632 5771 983 5847 diploma'ap.
1018 5771 1225 5838 Benolt,
1257 5787 1309 5843 p.
1339 5771 1570 5828 CXXVI.
2064 5776 2176 5847 (97)
2218 5776 2282 5829 γ.
2312 5771 2542 5845 diploma
2571 5792 2657 5847 ap.
2691 5776 2897 5835 Benolt.
2924 5771 2975 5843 ιῑ.
3009 5773 3242 5847 ΧᾎΣίζξ.

353 5840 478 5918 (95)
520 5842 886 5918 Ῐθυίέρίὲιθιὲἷο,
934 5840 979 5918 λ
1191 5912 1226 5918 _
1257 5840 1270 5843 ⁷
1345 5913 1354 5918 _
1565 5913 1582 5918 _
1608 5910 1775 5918 _______
2065 5840 2176 5918 (98)
2220 5847 2282 5903 V.
2314 5840 2557 5903 chartam
2585 5840 2788 5903 Udonis
2811 5847 2848 5901 l.
2879 5840 2999 5914 l.'p.
3031 5840 3272 5900 LXXIX.

354 5914 478 5985 (96)
524 5913 585 5968 ν.
630 5912 764 5983 dipl.
809 5911 1012 5970 Udonis
1056 5927 1141 5985 ap.
1191 5912 1411 5979 Benolt,
1462 5930 1514 5987 p.
1564 5910 1776 5970 LXXIV
1825 5925 1883 5971 et
2075 5910 2085 5916 ’
2154 5910 2167 5918 ’
2952 5910 2966 5914 ⁷
3597 5948 3610 5993 ξ
