3926 6464
429 406 531 483 ,m
1636 408 1926 464 sereno.
1968 408 2037 463 At

2142 408 2417 466 ΙΒΟΝΕΜ.
2584 468 2591 477 ,
2938 407 2947 416 ’
3564 426 3620 483 ι’]
3632 432 3663 486 ί

432 542 546 585 tres
574 538 783 585 sanctae
815 527 1089 598 religionis
1116 538 1298 578 amore
1326 520 1596 577 ferventes
1623 522 1688 574 ad
1714 521 1785 576 2i
1822 522 2023 577 ibidem
2054 530 2105 589 Α
2131 524 2268 577 adeo
2288 520 2632 593 probabilius
2665 520 3000 594 disponeret,
3041 530 3103 577 ut
3148 521 3342 580 exinde
3385 527 3596 593 sublatus
3620 538 3665 594 in

428 634 792 691 congregare,
820 628 875 673 et
908 618 973 670 de
999 613 1229 686 propriis
1259 611 1523 667 reditibus
1546 627 1658 667 sua:
1686 612 2022 680 hereditatis,
2131 606 2298 684 regali
2326 612 2532 683 palatio
2560 613 2796 682 primum
2820 611 3153 683 capellanus,
3178 618 3502 683 postmodum
3526 620 3669 683 factus

427 709 631 780 quibus
671 707 964 780 plurimum
1009 700 1434 768 abundabat’",
1467 702 1516 757 ei
1553 716 1793 774 congrue
1834 717 2020 758 neccs-
2129 707 2203 771 sit
2228 704 2604 761 cancellarius.
2636 704 2714 761 lbi
2745 705 2913 762 etiam
2937 715 3176 777 quantus
3197 705 3355 762 fuerit
3375 711 3665 780 princiuibus

428 801 606 856 sarios
656 806 905 868 sumplus
944 794 1219 851 ordinare.
1271 792 1585 862 Cuiusmodi
1637 801 1816 847 autem
1863 792 2030 847 fuerit
2132 799 2285 869 regni
2313 797 2449 854 satis
2478 798 2752 867 apparuit.

428 904 613 948 rerum
658 887 858 944 ibidem
896 885 965 941 ab
991 900 1059 940 eo
1096 884 1487 941 destinatarum
1520 883 1824 953 dispositio,
1856 883 2030 938 conti-
2198 890 2290 946 46,
2331 890 2434 959 Qui
2469 889 2871 960 Omnipotentis
2897 892 3107 948 occulta
3137 891 3473 962 dispositione
3490 896 3547 930 ³⁸¹
3569 915 3671 956 ccu-

425 989 522 1037 net
550 976 910 1050 apostolicum
949 974 1289 1047 privilegium
1333 973 1629 1028 Alexandri
1680 989 1852 1045 papae,
1884 975 2027 1043 quod
2131 982 2342 1038 ceditur
2361 982 2593 1038 antistes
2614 990 2668 1037 et
2688 982 2971 1038 ordinatur
2993 981 3231 1038 Tullensi
3248 982 3481 1039 ecclesia:
3501 984 3668 1060 (ton).

426 1071 485 1130 in
526 1070 700 1126 sancti
744 1067 1203 1140 protbomartyris
1231 1064 1491 1135 Stephani
1540 1065 1804 1120 retinetur
1832 1067 2027 1121 arrha-
2131 1073 2298 1142 Cujus
2325 1073 2612 1130 mdificium
2656 1088 2766 1130 non
2810 1074 2983 1133 solum
3014 1074 3406 1144 imperfectum,
3432 1078 3516 1133 sed
3536 1081 3671 1140 etiam

432 1161 603 1218 rismo
631 1159 723 1212 ³⁸⁷.
760 1156 869 1214 Sed
897 1166 1073 1213 morte
1101 1164 1410 1227 praeventus
1438 1157 1681 1225 nequivit
1702 1158 1769 1211 ad
1794 1172 2027 1228 unguem
2134 1165 2411 1221 ruinosam
2461 1166 2772 1235 reperiens,
2822 1182 2932 1223 non
2978 1167 3261 1225 minimum
3305 1169 3562 1231 condoluit
3597 1174 3671 1241 N,

432 1269 588 1311 suum
634 1250 939 1322 perducere
971 1247 1329 1315 desiderium,
1369 1247 1515 1317 quod
1563 1247 1887 1318 cuicumque
1929 1262 2031 1303 suo
2133 1254 2299 1310 immo
2331 1256 2591 1324 repedare
2620 1254 2908 1327 cogitavit;
2955 1256 3115 1329 quia,
3157 1257 3298 1327 Quod
3334 1266 3552 1322 mentem
3578 1260 3670 1330 ejus

431 1344 757 1413 successori,
790 1342 876 1401 cui
916 1342 1056 1397 Deus
1078 1340 1215 1396 velle
1251 1350 1305 1395 et
1338 1354 1497 1411 posse
1532 1339 1768 1405 dederit,
1812 1339 2032 1412 reliquit
2132 1346 2306 1402 dirius
2335 1347 2404 1379 3”
2434 1347 2688 1419 angebat,
2734 1347 2852 1403 sine
2889 1348 3298 1405 intermissmue
3343 1350 3675 1422 ingemiscens,

427 1437 732 1511 perducere
761 1436 828 1490 ad
859 1433 1133 1490 effectum.
2133 1438 2203 1496 de
2233 1438 2605 1494 consolatione
2629 1438 2701 1471 ‘“
2729 1439 3033 1495 animarum
3067 1440 3169 1497 sibi
3199 1441 3584 1504 commissarum
3607 1445 3679 1501 de-

502 1529 601 1584 “.
641 1529 829 1600 itaque
862 1527 990 1582 urbs
1019 1526 1240 1583 Leuctra
1281 1542 1380 1582 suo
1425 1536 1669 1597 tempore
1710 1526 1897 1582 multis
1936 1525 2034 1582 ad-
2135 1529 2408 1599 sperabat,
2454 1529 2713 1601 quoniam
2761 1545 2867 1599 qua
2897 1529 3154 1600 populum
3202 1531 3416 1585 doceret
3441 1530 3600 1605 lingua
3622 1536 3680 1568 ³-⁸

430 1622 785 1679 versitatibus
821 1621 894 1664 ’ἰ
936 1636 968 1675 a
1009 1619 1413 1676 circumvicinis
1449 1619 1519 1653 ³⁸⁸
1560 1619 1935 1690 compatriotis
1977 1628 2035 1676 et
2132 1634 2359 1691 prorsus
2406 1621 2713 1692 ignorabat.
2763 1621 2876 1676 Sed
2919 1622 3100 1676 divina
3141 1621 3313 1676 virtus
3358 1622 3495 1678 circa
3538 1624 3679 1695 ipsum

431 1713 710 1769 extraneis
735 1722 1054 1783 aggravata,
1080 1726 1184 1766 non
1216 1720 1424 1765 tantum
1448 1709 1711 1765 doluitde
1734 1708 2030 1774 laboribus,
2135 1711 2461 1783 dignabatur
2504 1712 2801 1784 gloriosum
2853 1714 3144 1768 ostendere
3194 1712 3535 1782 miraculum,
3582 1732 3680 1771 cunt

432 1819 570 1875 quos
602 1818 668 1858 eo
697 1804 913 1857 vivente
951 1810 1038 1858 est
1078 1814 1356 1872 perpessa,
1389 1809 1649 1870 quantum
1688 1799 1858 1868 flevit,
1889 1804 2031 1871 quod
2062 1868 2102 1876 _
2131 1802 2245 1873 jam
2299 1803 2691 1872 sexagenarius
2744 1819 2915 1875 parvo
2966 1803 3187 1873 quidem
3248 1813 3483 1876 tempore
3534 1807 3681 1876 loque-

432 1868 739 1963 bnjusmodi
766 1868 1096 1963 sagacitatis
1120 1868 1426 1947 etvfervoris
1451 1905 1577 1960 erga
1609 1868 2032 1945 utilitatem-sure
2062 1868 2106 1928 Β
2131 1868 2241 1946 iam
2270 1892 2340 1924 m
2366 1868 2665 1949 inauditam
2689 1868 2804 1964 (9b)
2831 1868 3107 1960 didicerit,
3130 1909 3241 1965 qua
3280 1868 3482 1965 plebem
3515 1868 3681 1965 Christi

433 1983 677 2039 ecclesia:
708 1983 884 2037 virum
920 1998 1023 2037 non
1054 1981 1156 2037 fuit
1195 1983 1284 2036 diu
1332 1980 1609 2052 possidere
1643 1982 1826 2053 digna.
1872 1982 2030 2047 Nam,
2133 1984 2268 2038 satis
2298 1983 2711 2056 intelligibiliter
2756 1994 2810 2040 et
2860 2001 2892 2041 a
2924 1986 3083 2041 malis
3112 1986 3379 2042 desistere
3407 1997 3459 2043 et
3497 2003 3685 2059 qumque

2133 2072 2276 2129 bona
2323 2076 2589 2143 perlicere
2634 2075 2904 2141 edocens,
2956 2076 3205 2146 pervigili
3254 2092 3382 2139 cura
3426 2077 3685 2148 gubernare

2134 2174 2427 2236 satageret.
2477 2167 2646 2223 Porro
2686 2183 2851 2239 quam
2895 2169 3291 2240 infatigabilem
3330 2170 3384 2224 in
3422 2168 3512 2229 Dei
3547 2169 3688 2225 fantu-

2134 2254 2246 2312 latu
2295 2271 2355 2312 se
2397 2257 2731 2325 exhibuerit,
2779 2259 2833 2313 in
2885 2258 3053 2313 divini
3095 2257 3261 2315 ollicii
3311 2260 3572 2315 nocturnis
3608 2261 3688 2314 ho-

2134 2346 2214 2403 ris
2242 2346 2310 2380 ³⁸⁷
2354 2362 2518 2419 quam
2564 2348 2811 2404 assiduus
2856 2347 3054 2414 fuerit,
3092 2348 3148 2403 in
3192 2347 3503 2405 celebritate
3539 2362 3691 2403 sacm-

2135 2438 2309 2494 sancti
2357 2440 2636 2513 mysterii,
2686 2440 2919 2496 interius
2967 2440 3134 2495 corde
3182 2449 3443 2509 mactato,
3486 2440 3687 2495 exterius

2136 2548 2298 2603 quam
2348 2531 2629 2588 sollemnis
2655 2534 2920 2599 extiterit,
2974 2535 3028 2589 in
3081 2535 3259 2590 sacris
3307 2535 3693 2607 ordinationibus

2137 2624 2401 2695 pontiﬁcii
2446 2641 2609 2695 quam
2653 2625 2930 2699 angelieus
2977 2626 3315 2697 apparuerit,
3359 2626 3605 2682 sirutncc
3639 2628 3691 2695 de

2136 2716 2398 2770 memoria
2433 2714 2525 2786 qui
2569 2715 2825 2771 viderunt
2870 2714 2997 2779 labi,
3032 2717 3104 2770 ita
3135 2731 3237 2769 nec
3264 2715 3459 2770 futuris
3484 2712 3691 2770 mortali.

2134 2802 2238 2860 bus
2265 2805 2422 2861 facile
2465 2807 2667 2877 poterit
2712 2807 2997 2862 innotesci.
3034 2806 3132 2862 llic
3161 2807 3419 2862 nimirum
3450 2807 3498 2862 in
3524 2807 3692 2863 elemo-

2137 2898 2272 2952 sinis
2303 2897 2483 2954 fuerat
2522 2898 3086 2967 misericordissimus,
3121 2899 3174 2954 in
3211 2896 3694 2971 percgrinorumvcl

2138 2989 2415 3061 hospitum
2441 2991 2786 3060 susceptione
2813 2991 3199 3059 bilarissimus,
3223 2993 3421 3051 vinctis
3443 3001 3495 3046 et
3515 3006 3638 3061 :cgro
3659 2990 3695 3047 is

2136 3081 2389 3147 visitator
2419 3081 2721 3155 piissimus,
2766 3082 2820 3138 in
2857 3084 3140 3145 viduarum
3171 3083 3256 3138 vel
3294 3082 3594 3155 pupillorum
3621 3082 3696 3135 de-

2062 3211 2107 3270 Ο
2140 3170 2386 3228 fensione
2422 3172 2790 3245 iustissimus.
2836 3173 3113 3245 postremo
3151 3173 3202 3227 in
3241 3172 3313 3229 dii
3338 3175 3523 3229 ctione
3550 3172 3616 3229 De
3651 3178 3697 3231 cl

2139 3266 2371 3336 proximi
2401 3265 2786 3336 perseverabat
2832 3265 3269 3322 ferventissimus
3295 3266 3385 3319 ³⁸⁸.
3415 3264 3597 3334 Sicque
3618 3261 3697 3327 ι)ιὶ

2138 3357 2312 3426 gratia
2355 3356 2641 3427 perfusus,
2684 3370 3057 3424 quoscumque
3097 3372 3301 3427 genere
3347 3356 3429 3420 vel
3477 3355 3523 3409 fa
3557 3356 3700 3413 u'tae

434 2083 495 2127 ut
522 2072 637 2142 jam
670 2073 927 2138 diximus,
960 2072 1244 2128 castellum
1279 2071 1691 2141 Vallicolor‘m,
1723 2072 1866 2142 quod
1895 2087 2034 2142 pene

432 2164 506 2220 ιο
534 2165 693 2221 annis
722 2163 791 2197 ⁸³¹
821 2162 1164 2220 Leucborum
1205 2162 1491 2218 ecclesiam
1523 2163 1870 2219 vehementer
1900 2162 2035 2219 allii-

434 2268 614 2324 xerat,
658 2274 719 2315 se
764 2259 981 2315 vivente
1022 2257 1361 2315 destructum
1399 2258 1470 2291 ³³⁸
1512 2257 1740 2325 dimisit,
1785 2259 2034 2328 quamvis

435 2352 630 2413 eodem
657 2367 766 2423 quo
796 2361 1123 2424 praesentem
1171 2352 1338 2406 vitam
1391 2350 1605 2405 transiit
1654 2348 1848 2405 fraude
1894 2367 2031 2422 quo-

435 2446 668 2506 rundam
697 2456 1026 2504 restructum
1049 2447 1243 2512 fuerit;
1267 2461 1458 2501 omnes
1484 2446 1732 2501 inimicos
1754 2462 1865 2501 sua:
1890 2448 2035 2503 sedis

444 2549 543 2596 aut
577 2539 750 2596 victos
778 2546 870 2593 aut
905 2548 1128 2609 pacatos
1159 2539 1211 2593 in
1244 2553 1344 2593 suo
1384 2536 1493 2593 fine
1523 2537 1742 2608 habuit;
1775 2538 2034 2609 quicquid

445 2631 515 2687 ad
542 2630 907 2701 pontiﬁcalem
939 2631 1284 2703 praebendam
1327 2630 1655 2701 pertinebat,
1701 2633 1843 2686 sicut
1884 2642 2040 2686 ante-

443 2738 633 2783 cessor
659 2739 790 2779 suus
832 2722 1118 2783 Bertoldus
1150 2722 1347 2793 praesul
1395 2731 1666 2788 tenuerat,
1698 2736 1795 2777 suo
1824 2736 2035 2777 succes-

441 2802 561 2872 sori
582 2811 753 2867 solide
798 2812 1109 2868 habendum
1156 2811 1396 2880 reliquit.
1442 2810 1585 2880 Ergo
1632 2810 1773 2865 sicut
1802 2825 2034 2881 superna

439 2904 547 2965 fuit
578 2902 827 2959 voluntas
876 2903 1051 2975 pridie
1090 2903 1216 2958 ldus
1249 2902 1374 2957 Julii
1404 2900 1611 2973 (1069),
1643 2900 1708 2964 18
1748 2917 1858 2956 sua:
1890 2903 2036 2956 ordi-

438 2997 676 3054 nationis
703 3011 866 3063 anno,
919 2996 990 3051 ab
1016 2996 1118 3051 bac
1149 2995 1269 3051 luce
1314 2996 1623 3050 subtractus
1650 3004 1734 3050 est
1766 2995 1856 3063 ³⁸³,
1894 3004 1949 3050 et
1980 2996 2033 3049 in

437 3102 554 3142 sua:
582 3086 729 3143 sedis
757 3085 986 3141 ecclesia
1016 3092 1145 3140 ante
1173 3084 1344 3140 altare
1369 3085 1543 3139 sancti
1567 3084 1727 3138 Blasii
1754 3093 1836 3138 est
1866 3084 2036 3139 hono-

442 3176 593 3234 riﬁce
624 3175 943 3230 tumulatus.

513 3265 602 3321 45.
646 3264 856 3323 Domno
887 3262 1079 3321 Udone
1107 3265 1178 3297 ³³⁸
1204 3266 1269 3321 de
1311 3265 1489 3321 medio
1517 3264 1684 3328 facto,
1712 3264 2037 3321 venerabilis

440 3357 579 3417 Pibo
606 3357 674 3414 ad
721 3357 949 3414 eandem
980 3356 1165 3413 sedem
1203 3373 1330 3413 mox
1376 3357 1639 3414 successit
1678 3357 1747 3391 ³³⁸
1788 3357 2037 3413 ordinan-

443 3448 567 3502 dus.
594 3446 696 3514 Qui
720 3448 1036 3519 parentibus
1061 3462 1168 3503 non
1196 3446 1417 3510 inlimis,
1444 3448 1650 3505 scilicet
1675 3458 1829 3520 patre
1852 3448 2038 3503 Thict-

444 3553 601 3595 mare
625 3537 717 3603 ”°,
770 3548 945 3594 matre
976 3553 1104 3594 vero
1148 3538 1386 3594 Dudicha
1432 3541 1763 3611 progenitus,
1794 3541 1862 3595 de
1895 3550 2034 3595 terra

447 3627 725 3684 Saxonum
758 3630 1022 3684 oriundus
1064 3629 1265 3687 extitit.
1316 3628 1417 3695 Qui
1467 3631 1535 3686 ab
1580 3641 1740 3686 aetate
1782 3633 2036 3703 pritnaava

444 3720 761 3778 litterarum
786 3719 1082 3791 disciplinae
1112 3720 1365 3786 traditus,
1393 3722 1492 3776 sub
1524 3723 1784 3793 magistro
1811 3724 2038 3779 Annoae

443 3819 637 3882 postea
666 3808 851 3865 futuro
878 3809 1352 3881 Agrippinensium
1384 3811 1453 3843 ⁸³⁷
1486 3812 1737 3881 prazsule,
1767 3813 2037 3868 scolarum

447 3900 811 3957 excercicium
833 3899 1138 3972 transigens
1160 3901 1249 3967 ³³⁸,
1277 3901 1475 3957 divinae
1496 3902 1855 3959 institutionis
1878 3914 2039 3972 atque

446 3990 737 4049 mundanae
779 3991 975 4063 peritia
1017 3992 1265 4063 adprime
1310 3994 1552 4049 emicuit.
1596 3995 1725 4050 Dein
1756 4011 1888 4051 vero
1925 3996 2037 4065 jam

344 4128 352 4137 .
449 4082 885 4161 adolescentulus
914 4085 968 4139 in
1016 4082 1416 4142 Halvertetensi
1452 4085 1679 4142 ecclesia
1715 4085 1944 4143 efficitur
1970 4088 2038 4123 ³⁸³

448 4174 763 4240 canonicus,
810 4175 901 4229 ubi
946 4190 1162 4230 omnem
1193 4176 1387 4231 callem
1431 4177 1730 4247 prudentia:
1756 4193 1879 4233 cum
1924 4195 2041 4233 mo-

446 4267 601 4321 desta
648 4264 985 4322 fortitudinis
1034 4267 1353 4337 operatione
1399 4268 1539 4324 inter
1580 4285 1912 4340 catequtevos
1965 4273 2038 4329 ita

445 4359 802 4428 praecucurrit
842 4357 935 4426 ⁸⁸⁵,
982 4367 1043 4414 ιιι
1095 4369 1287 4414 cuncta
1342 4359 1516 4415 ollicia
1573 4361 1743 4431 ipsius
1797 4363 2044 4419 ecclesiae

445 4449 707 4523 paulatim
756 4450 1093 4522 susciperet,
1144 4449 1492 4506 laudabiliter
1535 4460 1856 4523 perageret,
1907 4456 2038 4522 quin

2142 3448 2417 3504 tenuiores
2449 3448 2500 3502 in
2531 3450 2679 3503 clero
2709 3448 3112 3510 considerabat,
3147 3463 3252 3505 non
3288 3458 3395 3511 tam
3429 3447 3594 3507 verbis
3618 3459 3702 3517 pse

2141 3549 2308 3600 ternae
2357 3541 2780 3612 consolationis,
2828 3557 2995 3614 quam
3043 3543 3207 3599 etiam
3263 3545 3428 3605 rebus
3471 3550 3701 3601 sustenta-

2139 3635 2232 3689 bat
2262 3633 2351 3687 Μ.

2208 3721 2299 3776 47.
2324 3720 2612 3779 Civitatem
2637 3738 2760 3777 cum
2783 3721 3043 3777 suburtno
3064 3724 3373 3792 ceterisque
3396 3722 3505 3779 suis
3528 3733 3700 3791 appen-

2141 3810 2313 3880 ditiis,
2344 3827 2466 3882 qua:
2494 3827 2525 3866 a
2557 3812 2746 3867 diebus
2783 3813 2865 3866 sui
2915 3812 3336 3882 ptmtlecessoris
3361 3812 3429 3844 ⁸⁵⁸
3468 3808 3698 3882 quaside

2140 3913 2286 3960 serta
2311 3903 2547 3973 fuerant,
2569 3904 3026 3975 quemadmodum
3051 3904 3487 3976 locupletaverit,
3508 3900 3702 3959 aediﬁcia

2141 4010 2240 4050 suo
2271 4004 2514 4065 tempore
2535 4004 2846 4052 constructa
2880 3995 3280 4051 demonstrant.
3306 3996 3560 4066 Quotiens
3581 3990 3702 4047 enim

2140 4088 2423 4159 episcopio
2449 4088 2518 4121 ⁸⁸¹
2552 4087 2754 4143 bellum
2786 4086 3136 4152 imminebat,
3175 4104 3343 4160 quam
3376 4088 3609 4161 pluribus
3626 4083 3703 4141 ³⁸⁵.

2140 4194 2343 4243 mensa:
2365 4194 2478 4238 suae
2505 4178 2834 4235 victualibus
2864 4180 3176 4247 distractis,
3214 4182 3466 4238 ecclesia:
3489 4192 3656 4252 pacem
3677 4188 3705 4233 a

2144 4270 2389 4341 tyrannis
2430 4269 2764 4325 irruentibus
2794 4269 3220 4340 circumquaque
3266 4268 3609 4342 comparabat
3626 4265 3705 4319 ⁸⁸³.

2141 4361 2327 4416 Primo
2356 4361 2521 4433 igitur
2536 4361 2684 4417 aditu
2709 4361 2983 4431 praedicta:
3007 4362 3179 4417 sancti
3209 4362 3475 4433 Stephani
3501 4358 3707 4423 basilica

2145 4454 2337 4513 turrim
2367 4469 2493 4508 eum
2526 4452 2775 4525 gemellis
2822 4454 3243 4524 campanaribus
3286 4454 3467 4525 (100).
3498 4454 3591 4509 sub
3618 4464 3707 4521 qua

445 4541 612 4596 etiam
642 4541 881 4602 honores
908 4539 1151 4596 ecclesia:
1192 4548 1419 4596 cunctos
1457 4551 1655 4611 praeter
1698 4543 2036 4612 pontificium
2073 4556 2116 4611 ι)
2141 4544 2336 4614 prmsul
2384 4544 2527 4613 idem
2552 4542 2711 4614 juxta
2739 4560 2893 4602 aram
2924 4552 3131 4605 sancta:
3171 4545 3363 4604 Maria:
3407 4544 3707 4618 Magdalenen

1730 4651 1966 4709 vitata:
2005 4654 2410 4721 LECTIONES.
3518 4634 3521 4635 γ

518 4743 589 4799 ⁸8⁸
634 4743 919 4801 habitabat
956 4742 1011 4797 '5.

448 4814 519 4849 ⁸³¹
561 4830 731 4868 annos
758 4814 812 4869 5.
927 4811 999 4844 ³³³
1033 4811 1420 4868 destruendum
1466 4812 1519 4867 5.

447 4884 520 4920 ³³⁸
561 4885 826 4939 thiemaro
847 4884 901 4939 5.
1014 4882 1082 4915 ⁸³τ
1125 4883 1545 4952 agrippinesium
1579 4885 1631 4938 l.

448 4956 663 5010 satione
711 4954 767 5008 5.
875 4953 945 4987 ³δ¹
985 4968 1081 5008 cor
1111 4953 1280 5007 doluit
1309 4953 1377 5007 Η
1487 4953 1557 4986 ³⁸³
1594 4955 1783 5011 durius
1804 4957 1858 5012 5.

450 5025 521 5058 ³⁸⁷
563 5032 729 5092 atque
751 5023 962 5079 diurnis
997 5023 1126 5076 add.
1153 5023 1210 5077 5.
1323 5022 1396 5055 “8

1116 4744 1187 4774 ³³⁷
1237 4746 1399 4797 archa
1409 4742 1623 4798 rissimo
1673 4744 1720 4798 Ι.

1832 4746 1903 4779 ³⁸⁸
1948 4747 2382 4806 adversantibus.
2429 4751 2456 4804 1
2469 4789 2484 4805 .

1633 4813 1703 4849 ⁸⁸³
1751 4826 1835 4870 est
1880 4816 1920 4870 l.
1951 4833 1997 4872 s.
2055 4819 2108 4873 5.

1741 4886 1812 4918 ³³⁸
1866 4889 2141 4944 transiens
2169 4891 2220 4945 1.

1971 4958 2043 4992 ³⁸⁵
2076 4959 2455 5029 condolatione
2502 4961 2556 5016 1.

1432 5025 1536 5091 Qui
1563 5039 1664 5081 nec
1680 5027 1951 5102 propiciis
1974 5028 2243 5102 exaltatus
2280 5025 2381 5085 nec
2408 5030 2653 5099 adversis
2682 5025 2953 5102 tlcjeeﬁts,
2980 5026 3077 5087 sed
3107 5025 3423 5097 illatas'sihi
3452 5042 3714 5102 contume-

3174 4754 3247 4788 ³⁸⁸
3292 4752 3616 4810 vallicoloris
3659 4747 3705 4801 5.

2215 4818 2288 4852 ³³⁸
2324 4820 2638 4876 leuchorum
2679 4822 2939 4893 pontifice
2999 4823 3126 4877 add.
3174 4823 3230 4879 5.
3357 4825 3429 4858 ³⁸⁸
3470 4841 3517 4878 s.
3565 4838 3631 4875 m.
3658 4818 3705 4871 5.

2331 4890 2403 4923 ³³9
2463 4892 2605 4928 dape!
2642 4893 2665 4928 ΑΙ
2807 4892 2876 4928 “0
2915 4896 3193 4928 ηνωοιινι-ἶι
3238 4895 3273 4928 Χ
3412 4895 3481 4926 ιιι
3518 4893 3710 4928 ﬂictu-ro

2462 4892 2605 4946 deest
2642 4892 2696 4945 1.
2807 4892 2876 4928 ’⁸ο
2914 4896 3198 4963 praecurrit
3237 4895 3294 4948 5.
3412 4895 3481 4926 ³⁸⁸
3518 4893 3707 4956 dispell-

2462 4961 2556 5034 _1.
2605 5030 2617 5034 Δ
2665 4962 2972 5034 ³ξεᾲιίηε³ιιι
3004 4963 3058 5031 1.
3154 4962 3242 5034 7³⁸⁸
3294 4966 3452 5034 prius
3499 4962 3616 5015 add.
3660 4956 3707 5008 5.

2593 4753 2665 4791 ”’
2698 4767 2749 4809 c.
2786 4759 2841 4807 et
2898 4768 2950 4809 c.
3008 4753 3064 4808 3.

447 5095 561 5176 llas.
584 5107 683 5164 pro
700 5091 922 5176 Christo
949 5094 1222 5176 patienter
1247 5092 1451 5176 ferens,
1480 5109 1585 5149 non
1614 5091 2036 5176 solum'nqtisct
2066 5099 2258 5176 amicis
2277 5096 2469 5176 verum
2488 5102 2653 5176 etiam
2686 5091 2919 5176 inimicis
2935 5091 3234 5176 apparebat
3253 5091 3511 5176 amabilis
3530 5101 3647 5176 add.
3665 5097 3711 5176 1’3-

446 5166 532 5256 MA
546 5166 1269 5256 ingenuosa‘utelttregregie'
1287 5166 1537 5256 nutriens
1558 5166 2023 5256 opibus_ecclesim
2065 5184 2160 5225 seu
2188 5171 2784 5256 dignitatibuspitabat
2809 5173 2939 5254 add.
2962 5166 3023 5227 Ξῖ
3059 5242 3073 5256 ν
3095 5173 3166 5206 ⁸⁸⁰
3197 5190 3249 5256 p.
3285 5175 3370 5256 sui
3401 5176 3458 5256 5_.
3532 5166 3714 5256 "tepi:

443 5231 628 5303 seopo'
654 5231 712 5287 5.
746 5302 755 5304 _
821 5234 892 5282 ιδ’
920 5231 1211 5304 plurimum
1236 5235 1292 5290 5.

1401 5234 1473 5278 ³⁸³
1505 5235 1685 5313 Super
1729 5237 1814 5297 his
1843 5247 2027 5313 autem
2075 5255 2198 5313 quae
2247 5234 2614 5313 inemorando
2663 5243 2996 5298 retexuimus
3029 5242 3075 5298 si
3121 5234 3395 5313 quispiam
3431 5238 3716 5313 incredulus

831 5302 1202 5401 adiltegiplum
1247 5302 1714 5376 protbomartvris
1756 5308 2001 5383 revolvat
2045 5302 2232 5366 oculos
2256 5310 2474 5378 ruentis,
2498 5325 2708 5383 nosque
2752 5313 3024 5382 mendacii
3049 5302 3274 5383 minime
3326 5315 3611 5401 redarguet
3645 5303 3715 5375 vel

444 5372 806 5435 adulationis.
833 5375 961 5428 add.
997 5374 1034 5431 5

522 5536 636 5607 (99)
678 5537 897 5593 Scilicet
927 5536 1209 5593 Gallicam.
1248 5536 1314 5590 Ρ.

522 5604 671 5678 (100)
702 5608 913 5670 Benoit,
946 5624 1001 5677 p.
1030 5607 1154 5678 598,
1181 5608 1284 5660 hoc
1319 5606 1455 5678 ina.
1495 5604 1948 5678 1091_coltocavit
1984 5616 2042 5664 et

448 5675 779 5747 ex'quodam
804 5675 993 5734 codice
1032 5675 1541 5747 (Gesto_rum?)_ha:c
1567 5676 1737 5747 refert
1773 5694 1785 5731 :
1816 5675 2042 5732 Funda-

451 5749 522 5808 νὶι
556 5744 687 5801 Pibo
710 5757 757 5801 et
778 5748 1079 5815 construxit
1097 5744 1295 5815 ωτι-ἕω
1317 5744 1475 5811 hujus
1490 5744 1672 5815 templi
1696 5762 1815 5803 cum
1835 5747 2039 5802 duabus

453 5818 722 5890 campanis
759 5825 807 5874 et
844 5814 1138 5881 dedicavit;
1188 5813 1325 5869 unde
1371 5813 1605 5890 quolibet
1634 5832 1775 5885 anno
1822 5818 1878 5873 in
1918 5833 2064 5908 erat

1962 5446 2194 5507 ΝΟΤᾸΞ.

2149 5539 2284 5595 stino
2320 5541 2685 5598 translationis
2724 5541 2784 5598 S.
2827 5540 3055 5598 Gerardi
3097 5544 3505 5599 celebrabantur
3540 5542 3718 5596 [tanta

2148 5619 2258 5664 toto
2287 5615 2614 5685 conventuin
2636 5614 2777 5685 dicta
2802 5623 2948 5667 turre
2970 5631 3003 5666 a
3023 5616 3207 5685 primis
3229 5619 3460 5685 vesperi:
3487 5628 3639 5681 usque
3659 5606 3719 5685 tu!

2148 5681 2428 5756 secundas.
2467 5681 2750 5756 Sciendum
2778 5694 2876 5756 est,
2917 5676 3057 5756 quod
3088 5684 3154 5741 ab
3186 5676 3407 5756 aluique
3427 5676 3636 5755 juvenes
3664 5676 3720 5754 4.6

2148 5748 2388 5822 ecclesia,
2420 5750 2581 5805 etiam
2618 5748 2882 5822 canonici,
2908 5748 3004 5808 illa
3031 5756 3116 5809 die
3141 5748 3555 5817 conveniebant,
3588 5748 3720 5822 etin

2096 5902 2102 5911 .
2148 5820 2295 5885 dicta
2322 5829 2467 5879 turre
2500 5822 2658 5895 simul
2683 5819 2920 5880 bibebant
2956 5834 3003 5879 et
3032 5824 3395 5892 comedebat",
3444 5834 3491 5881 et
3525 5819 3717 5888 quill“
