3926 6464
294 393 368 449 ’ῖό
1537 396 1765 454 GESTA
1804 394 2020 452 EPISC.
2061 394 2399 455 TULLBNS.

3474 376 3643 461 δι’

270 505 581 565 honoriﬁce
612 513 870 582 sepultus
899 512 1214 584 requiescit,
1255 528 1287 567 a
1335 512 1704 568 tundameutis
1748 529 1876 569 cou~
1912 521 1956 572 Α
1988 511 2223 583 politana
2257 513 2427 585 igitur
2456 511 2592 570 urbe
2618 512 2934 585 regrediens
2959 515 3187 589 (1087),
3223 533 3254 572 a
3289 518 3572 593 gloriosis-

278 599 506 665 struxit,
555 603 661 656 sed
710 619 820 659 nec
849 604 1029 659 minus
1057 603 1377 661 celsitudine
1416 603 1656 675 ejusdem
1706 605 1881 661 media

287 693 389 749 tria
416 693 644 760 altaria,
679 696 921 752 medium
945 698 1164 768 quidem
1194 696 1440 769 gloriosae
1478 698 1577 752 Dei
1602 697 1883 770 genitricis"

296 787 498 852 Maria,
546 787 806 844 dextrum
835 803 966 845 vero
997 790 1258 859 apostolis
1285 787 1570 853 omnibus,
1603 789 1820 843 tertium
1850 803 1882 843 a

302 878 532 934 sinistris
558 881 898 949 martyribus
919 880 1144 943 sanctis,
1164 878 1260 935 sed
1284 886 1339 935 et
1356 876 1670 949 pigneribus
1699 876 1883 933 multis

303 969 655 1040 reliquiarum
709 970 1006 1041 impositis,
1048 971 1276 1025 devotus
1329 968 1695 1024 consecravit.
1750 967 1883 1022 ltem

303 1061 579 1132 laquearia
632 1061 878 1132 ejusdem
926 1063 1243 1119 monasterii
1291 1062 1520 1134 mystico
1566 1075 1731 1134 opere
1782 1059 1886 1115 ful-

302 1153 503 1225 gentia,
533 1153 803 1223 picturam
831 1167 1045 1224 quoque
1070 1152 1359 1207 dominicae
1385 1151 1680 1222 majestatis
1704 1150 1886 1207 immi-

301 1255 519 1302 nentem
549 1244 709 1299 altari
740 1244 1013 1316 praecipuo
1060 1253 1180 1299 arte
1221 1244 1307 1300 vel
1337 1253 1576 1301 scemate
1609 1241 1887 1297 decoravit

299 1337 725 1410 preciositvsino.
769 1334 1042 1393 Coronam
1085 1335 1342 1390 similiter
1378 1343 1688 1405 argenteam
1720 1348 1883 1388 aurea

300 1426 565 1481 varieute
623 1426 966 1491 micantem,
1019 1439 1157 1495 qum.
1207 1423 1451 1494 speciosa
1530 1422 1886 1491 amplitudine

248 1554 257 1561 -
303 1518 489 1574 medio
533 1518 655 1572 sinu
702 1516 970 1588 dependet
1012 1515 1250 1571 basilica:
1295 1515 1559 1569 fabricare
1586 1513 1656 1546 ³⁵⁸
1700 1514 1883 1584 jussit.

304 1612 606 1669 Sacrorum
636 1611 802 1666 etiam
836 1626 1084 1665 VﬂSONlﬂl
1133 1623 1359 1664 numero
1394 1607 1617 1664 calicem
1648 1623 1714 1661 CX
1755 1623 1886 1663 auro

310 1720 378 1774 μυ
390 1703 604 1758 rissimo
627 1702 1048 1772 preciosissimis
1077 1710 1330 1755 ornatum
1354 1698 1623 1769 lapidibus
1644 1699 1884 1753 adauxit.

309 1793 444 1851 Item
475 1810 775 1864 campanar
801 1803 1091 1848 exstruens
1119 1792 1376 1862 ligneum,
1408 1807 1618 1846 summa
1662 1791 1793 1847 tecti
1817 1791 1887 1823 ³⁸³

1991 605 2129 660 sime
2152 603 2467 660 Graecorum
2494 604 2860 695 imperatore,
2884 607 2974 676 qui
3004 607 3164 662 valde
3187 608 3361 680 ipsum
3386 612 3581 685 dilige-
3616 600 3617 603 “

1990 695 2108 762 bat,
2140 713 2245 751 non
2274 712 2502 767 parvam
2530 696 2815 753 dominicae
2851 701 3029 756 crucis
3065 702 3367 770 portionem
3404 703 3581 774 impe-

1992 789 2178 854 travit,
2200 801 2360 857 quam
2388 803 2511 842 cum
2542 787 2717 842 sacris
2745 787 3100 855 reliquiarum
3126 790 3439 860 pigneribus
3460 795 3582 848 dor-

1990 878 2304 949 salibusque
2335 877 2756 956 preciosissimis
2782 879 3074 951 multisque
3090 881 3162 913 3"
3183 882 3409 940 alterius
3430 885 3577 941 modi

1989 970 2231 1026 donariis
2289 971 2530 1026 ecclesia:
2574 986 2686 1027 sua:
2717 969 2786 1003 "°
2831 972 3058 1029 devotus
3105 973 3352 1029 contulit.
3408 974 3577 1034 Jussit

1989 1074 2122 1133 ergo
2143 1076 2363 1117 crucem
2392 1076 2640 1132 magnam
2670 1076 2739 1116 ex
2763 1075 2897 1115 auro
2928 1063 3220 1132 purissimo
3242 1068 3580 1137 gemmisque

1993 1151 2334 1206 radiantibus
2381 1152 2677 1205 artiﬁciose
2709 1150 2990 1218 fabricari,
3030 1152 3082 1205 in
3109 1167 3215 1223 qua
3239 1155 3417 1209 vitalis
3447 1155 3580 1226 ligni

1992 1244 2347 1315 margaritum
2419 1243 2631 1298 cunctis
2691 1243 2885 1312 opibus
2948 1243 3251 1313 preciosius
3312 1247 3609 1318 condigne

1992 1334 2365 1405 imponeretur
2408 1334 2481 1389 ad
2505 1334 2987 1403 comportandum,
3036 1344 3203 1405 utque
3246 1338 3581 1407 superpositi

1995 1437 2173 1481 tamen
2201 1426 2271 1459 ⁸⁷³
2303 1426 2556 1482 claritate
2581 1426 2777 1495 lapidis
2801 1426 2976 1481 oculis
2999 1428 3327 1484 intuentium
3358 1430 3583 1484 eviden-

1995 1527 2077 1573 ter
2121 1527 2409 1589 appareat,
2441 1527 2493 1572 et
2528 1516 2770 1573 ﬁdelium
2811 1517 3070 1573 cordibus
3109 1520 3580 1589 compunctionem

1994 1608 2187 1666 alferat
2227 1610 2432 1681 pariter
2463 1610 2534 1642 ³⁷³
2571 1619 2628 1667 et
2676 1609 2933 1667 salutem.
2966 1609 3107 1678 Quid
3144 1610 3340 1680 plura?
3374 1610 3586 1670 Deinde

1994 1700 2178 1756 mundi
2210 1700 2412 1756 relictis
2435 1701 2709 1766 omnibus,
2727 1699 2840 1770 jam
2868 1710 3225 1757 consecratur
3251 1702 3583 1770 monachus;

1992 1792 2136 1865 quod
2177 1800 2356 1851 tamen
2378 1791 2544 1847 ﬁebat
2580 1790 2832 1846 clanculo
2861 1790 2912 1844 in
2964 1789 3272 1847 Divioncnsi
3308 1793 3582 1847 coenobio.

301 1886 584 1957 crepidine
639 1885 987 1954 prominens,
1042 1883 1310 1954 plumbeis
1363 1882 1578 1953 operuit
1638 1882 1885 1950 laminis;
1917 1893 1965 1952 Β
2060 1882 2151 1938 19.
2200 1882 2497 1953 Postquam
2553 1890 2737 1939 autem
2791 1882 2944 1953 plebs
2990 1881 3262 1938 Tullensis
3317 1893 3468 1940 tanto
3523 1900 3585 1940 se

299 1981 599 2039 cancellum
619 1996 838 2052 quoque
857 1980 1020 2036 simili
1042 1980 1255 2034 curavit
1277 1989 1462 2051 tegere
1476 1979 1721 2037 metallo.
1755 1979 1891 2051 {his

301 2089 559 2144 umquam
606 2075 676 2106 ³⁵⁸
725 2074 857 2129 tanti
910 2073 1180 2142 pontificis
1209 2081 1362 2143 gesta
1407 2072 1580 2141 possit
1622 2086 1892 2129 remulco-

303 2177 426 2218 rare
469 2162 538 2194 ⁸⁸⁷
570 2177 666 2233 per
709 2161 956 2231 singula?
1003 2160 1104 2229 Qui
1160 2161 1407 2231 profecto
1445 2160 1587 2231 quod
1643 2160 1886 2229 legerat:

306 2251 567 2308 Ociositas
591 2253 809 2307 inimica
839 2263 914 2306 est
955 2253 1169 2318 animm,
1207 2266 1424 2322 semper
1450 2259 1633 2305 tuente
1661 2251 1730 2285 ³⁸⁸
1758 2251 1892 2305 rt-ti-

312 2357 482 2409 nens,
533 2351 627 2396 aut
680 2342 736 2397 in
788 2341 1199 2411 augmentandis
1257 2340 1501 2396 ecclesia:
1554 2341 1893 2396 ornamentis

312 2433 756 2503 restruendisque
799 2433 971 2488 sacris
1014 2430 1258 2487 aediﬁciis
1311 2431 1612 2487 insudando
1643 2431 1748 2499 "’,
1796 2444 1892 2485 aut

304 2525 537 2597 publicis
560 2524 998 2579 ordinationibus
1028 2524 1298 2579 universze
1348 2525 1651 2594 parrochia:
1677 2525 1747 2556 “°
1780 2540 1893 2581 sua:

305 2619 644 2674 sollicitando
674 2632 964 2687 numquam
989 2616 1240 2672 inventus
1269 2626 1352 2672 est
1370 2617 1606 2672 ociosus.

372 2709 463 2764 48.
493 2710 605 2765 Sed
649 2709 908 2778 quoniam
937 2723 1036 2764 nec
1066 2708 1229 2763 minis
1268 2721 1369 2765 nec
1400 2706 1687 2766 blandiciis
1725 2706 1889 2778 regia:

307 2797 593 2869 potestatis
623 2813 652 2850 a
681 2798 785 2852 lide
817 2806 872 2853 et
900 2797 1207 2852 obedientia
1230 2807 1434 2852 sanctte
1465 2796 1726 2852 llomante
1750 2797 1893 2852 sedis

307 2888 630 2944 venerabilis
676 2888 812 2943 Pibo
861 2886 1005 2943 ﬂecti
1062 2887 1353 2957 nequibat,
1418 2886 1562 2945 inter
1610 2886 1892 2947 innumera

309 2990 468 3037 tanta
495 2980 893 3051 persecutionis
923 2981 1116 3033 damna
1135 3019 1151 3043 ,
1192 2994 1315 3049 qua:
1340 2977 1527 3033 sedulo
1564 2976 1893 3047 pet-ferebat,

307 3083 515 3128 curtem
542 3071 587 3127 Τ
593 3072 817 3127 ullensis
841 3071 908 3103 ³⁶¹
936 3069 1182 3126 ecclesia:
1201 3070 1311 3137 juri
1343 3069 1582 3125 debitam
1608 3068 1892 3124 Bcrclteim

307 3166 374 3198 "’
397 3165 642 3230 nomine,
672 3164 877 3219 honore
912 3163 1187 3234 quondam
1215 3171 1272 3216 et
1305 3160 1611 3229 frugalitate
1639 3160 1896 3232 opinatis-

1989 1975 2236 2031 orbatam
2260 1983 2499 2044 patrono
2544 1974 2834 2044 persensit,
2869 1973 3371 2043 incomparabiliter
3393 1976 3585 2045 lugens

1989 2066 2132 2139 quod
2167 2065 2354 2125 multis
2388 2065 2562 2143 potuit
2585 2065 2877 2121 consilium
2916 2066 3127 2122 caelitus
3150 2068 3406 2137 sumpsit,
3431 2083 3579 2124 sum-

1990 2170 2249 2226 mumque
2275 2156 2531 2212 Romanae
2558 2156 2704 2212 sedis
2728 2164 3001 2226 pastorem
3026 2172 3125 2228 per
3145 2157 3349 2229 legatos
3368 2159 3581 2226 adiens,

1985 2245 2344 2303 desolatiouis
2387 2262 2500 2305 stlte
2529 2247 2727 2303 seriem
2767 2255 2821 2302 et
2855 2248 3001 2317 quod
3042 2247 3390 2304 desiderabat
3432 2260 3587 2320 pate-

1990 2336 2140 2401 fecit,
2181 2347 2331 2394 eteo
2362 2354 2535 2409 usque
2580 2339 3073 2410 supplicationibus
3116 2339 3422 2397 lacrimosis
3458 2353 3586 2400 ante

1991 2428 2169 2499 ipsum
2209 2430 2473 2497 incubuit,
2505 2430 2678 2488 donec
2707 2431 2811 2501 piae
2849 2430 3102 2502 petitioni
3152 2432 3390 2502 ipsorum
3442 2449 3582 2503 papa

1991 2522 2372 2577 sanctissimus
2409 2523 2735 2593 ignescens,
2780 2523 3060 2593 preprium
3088 2531 3388 2593 pastorem,
3420 2539 3583 2592 quem

1993 2616 2332 2684 repetebant,
2365 2615 2448 2669 vel
2475 2614 2617 2670 sicut
2653 2606 2770 2670 erat
2800 2614 3128 2670 monachum
3159 2615 3308 2668 reddi
3341 2614 3583 2685 juberet,

1992 2705 2121 2777 quin
2160 2706 2325 2760 immo
2353 2705 2651 2776 apostolica
2687 2705 3017 2761 auctoritate
3052 2704 3423 2774 compelleret.
3466 2705 3584 2761 llac

1992 2809 2122 2865 ergo
2153 2795 2327 2867 gratia
2371 2795 2569 2851 divinae
2597 2795 2964 2851 miserationis
3005 2804 3282 2865 suscepta,
3324 2794 3585 2868 Omnipo-

1999 2887 2135 2943 tenti
2162 2887 2650 2959 apostolorumque
2678 2887 3016 2958 principibus
3055 2887 3243 2941 laudes
3279 2901 3384 2942 non
3433 2888 3587 2943 inde-

1996 2979 2140 3034 bitas
2183 2980 2591 3049 persolventes,
2640 2980 2968 3035 Divionense
3029 2979 3420 3034 monasterium
3476 2978 3586 3033 laeti

1997 3072 2417 3142 adgrediuntur,
2444 3072 2947 3127 reverentissimum
2976 3070 3238 3128 Pibonem
3261 3070 3416 3140 quasi
3448 3071 3588 3125 redi-

1994 3163 2175 3217 vivum
2212 3177 2335 3216 cum
2388 3163 2688 3232 gratiarum
2720 3162 2938 3217 actione
2971 3162 3272 3233 recipiunt,
3297 3171 3353 3217 et
3380 3163 3587 3233 majore

307 3257 522 3324 simam,
575 3270 739 3326 quam
799 3270 898 3325 per
947 3253 1134 3309 fideles
1192 3253 1339 3323 regis
1391 3252 1582 3307 diebus
1635 3251 1964 3314 amiseratC
1996 3253 2286 3310 admodum
2316 3268 2480 3324 quam
2511 3254 2685 3325 prima
2712 3254 3048 3309 exultatione
3074 3253 3417 3309 Leuchorum
3464 3253 3579 3308 sedi

304 3351 506 3415 multis,
538 3360 668 3405 ante
695 3349 820 3405 vita:
858 3364 970 3404 sua:
1017 3348 1311 3403 terminum
1357 3347 1603 3405 ecclesia:
1652 3348 1892 3405 restituit

302 3456 399 3514 per
424 3439 882 3510 quinquennium.
913 3437 1156 3509 Denique
1178 3438 1368 3492 videns
1393 3437 1685 3507 praedictus
1707 3445 1894 3507 pastor

304 3531 641 3604 inperialem
690 3529 1120 3602 persecutionem
1168 3529 1393 3586 minime
1437 3528 1509 3561 ³⁸³
1550 3529 1742 3598 minui,
1795 3527 1892 3584 sed

303 3624 600 3681 nonnullos
627 3625 1005 3695 episcoporum
1029 3638 1125 3693 per
1146 3638 1309 3680 omne
1331 3624 1401 3656 '“
1430 3622 1891 3678 Theutouicorum

303 3732 531 3788 regnum
561 3716 909 3771 atlltmrentes
956 3715 1069 3787 regi
1114 3717 1181 3771 de
1233 3715 1594 3771 inohedieutia
1635 3716 1892 3770 Romana:

304 3810 453 3866 sedis
477 3807 870 3873 condemnari,
902 3823 1009 3863 nun
1042 3817 1219 3862 tamen
1250 3807 1322 3841 “'
1361 3808 1430 3863 de
1471 3807 1552 3861 sui
1590 3807 1892 3861 constantia

305 3901 650 3970 ambigebat,
684 3899 853 3954 immo
882 3899 1137 3956 instinctu
1169 3900 1352 3956 divino
1383 3910 1603 3969 propter
1645 3916 1894 3969 peccato-

306 4010 421 4050 rum
451 4010 677 4050 suorum
708 3993 1085 4064 pmnitentiam
1131 3992 1202 4026 "‘
1248 3993 1426 4049 locum
1457 3993 1741 4048 dominica:
1772 4007 1895 4061 pas-

308 4084 479 4142 sionis
531 4084 686 4139 adire
731 4085 987 4154 cupiens,
1017 4100 1140 4140 cum
1189 4084 1389 4143 comite
1438 4083 1715 4139 Conrartlo
1747 4084 1892 4156 (101)

307 4173 604 4243 multisque
634 4174 786 4244 regni
816 4174 1179 4245 principibus,
1209 4176 1441 4231 ducente
1470 4175 1579 4229 Deo
1597 4215 1614 4238 .
1637 4174 1892 4230 llieroso-

308 4263 510 4335 lymam
563 4266 816 4335 pervenit
856 4265 1074 4335 (l085),
1126 4265 1217 4320 ubi
1276 4280 1505 4335 qumque
1555 4264 1894 4320 sanctissima

308 4359 600 4415 dominica:
633 4357 702 4391 ³⁸⁷
726 4359 1156 4413 conversationis
1185 4359 1301 4413 loca
1329 4373 1434 4412 non
1461 4358 1640 4412 minus
1662 4373 1897 4428 corpore

306 4463 473 4519 quam
496 4445 665 4502 corde
683 4446 920 4503 contrito
943 4446 1299 4517 perlustrans,
1316 4459 1442 4502 ante
1464 4447 1673 4505 Domini
1703 4464 1897 4501 tuonu-

305 4548 556 4595 mentum
605 4552 705 4608 pro
757 4546 1005 4592 reatuum
1058 4552 1280 4594 suormn
1335 4537 1492 4593 venia
1547 4537 1894 4595 lacrimarum

1994 3345 2309 3404 solemniter
2348 3345 2809 3411 reiuthrouizato,
2840 3360 2869 3398 a
2914 3344 2986 3377 ³⁷³
3016 3346 3255 3400 maximo
3302 3358 3475 3414 usque
3513 3343 3587 3399 ad

1993 3437 2276 3495 minimum
2307 3435 2446 3491 ﬁdeli
2474 3437 2780 3492 obedientia
2801 3479 2815 3504 ,
2853 3437 3031 3507 quoad
3060 3436 3226 3500 vixit.
3258 3436 3437 3492 clerus
3460 3451 3584 3491 cum

1988 3527 2190 3599 populo
2242 3527 2447 3599 pariter
2476 3528 2852 3598 obsequuntur
2899 3526 2993 3593 ³⁷⁸,
3023 3537 3077 3584 et
3123 3527 3264 3583 sicut
3303 3542 3431 3582 vera
3465 3525 3591 3581 reli-

2001 3620 2162 3689 gione
2193 3619 2512 3684 monachus,
2547 3619 2619 3673 ita
2647 3617 2878 3674 sollicita
2904 3619 3310 3689 dispensatione
3333 3632 3588 3687 perman-

1996 3711 2067 3766 sit
2099 3711 2168 3743 ⁸⁷⁸
2193 3711 2480 3782 episcopus
2503 3712 2829 3768 venerabilis
2857 3710 2992 3767 Pibo
3027 3711 3260 3768 dilectus
3291 3709 3361 3741 ³⁷³
3391 3719 3445 3785 et
3474 3708 3585 3781 Deo

1992 3815 2047 3859 et
2075 3803 2404 3863 hominibus.

2064 3895 2152 3949 50.
2183 3893 2293 3949 Nec
2315 3893 2448 3948 illud
2473 3893 2691 3950 silentio
2710 3894 3146 3965 praetereundum
3165 3894 3235 3926 ³⁷⁷
3251 3894 3584 3962 censuimus,

1995 3985 2139 4056 quod
2167 3999 2310 4052 sa-pe
2345 3984 2523 4038 dictus
2559 3993 2735 4055 pater,
2778 3984 3035 4053 quamdiu
3088 3994 3365 4054 superstes
3412 3982 3589 4051 foret,

1995 4093 2093 4148 pro
2116 4075 2544 4130 consecrationis
2584 4090 2695 4130 suae
2721 4074 2832 4140 die,
2864 4075 2958 4128 sed
2986 4090 3088 4130 nec
3122 4075 3300 4129 minus
3320 4084 3441 4145 post
3466 4075 3591 4153 vitae

1996 4168 2280 4239 praesentis
2329 4176 2572 4234 metam,
2612 4182 2711 4236 pro
2763 4164 3120 4236 depositionis
3180 4166 3400 4219 aunuali
3470 4165 3591 4224 luce

1996 4259 2288 4316 celebriter
2320 4258 2670 4312 memoranda
2689 4255 2759 4289 ⁸⁷⁸
2781 4254 3067 4311 ecclesiam
3095 4256 3161 4309 de
3181 4254 3294 4310 Bue
3326 4255 3590 4311 fratribus

1997 4352 2114 4407 suis
2139 4349 2458 4407 contulerit.
2492 4348 2692 4405 Tribus
2737 4346 2994 4404 similiter
3039 4346 3307 4403 altaribus
3354 4349 3406 4403 in
3439 4356 3592 4411 turre

1997 4444 2068 4477 ³⁷⁸
2095 4442 2432 4499 consecratis
2456 4441 2599 4497 idem
2632 4439 3059 4512 benignissimus
3088 4449 3245 4510 pater
3263 4439 3332 4495 de
3359 4437 3594 4510 propriis

1998 4535 2319 4600 redditibus,
2343 4532 2597 4590 videlicet
2615 4532 2683 4589 de
2708 4531 2980 4598 theloneo,
3000 4530 3072 4586 30
3088 4530 3291 4586 solidos
3312 4544 3378 4585 eo
3403 4539 3593 4585 tenore

304 4632 607 4691 uberrimis
634 4632 902 4687 imbribus
926 4629 1184 4701 profusis,
1210 4630 1548 4687 orationibus
1576 4628 1895 4683 diutissituis
1925 4615 1974 4674 ο
2000 4629 2294 4689 concessit.
2315 4624 2458 4696 quod
2482 4624 2550 4657 ’⁸⁸
2568 4622 2795 4695 singulis
2811 4622 2970 4677 annis
2992 4636 3091 4691 pro
3115 4616 3473 4677 dedicationis
3502 4632 3593 4675 ce~

306 4722 706 4786 incumbentis),
753 4736 852 4792 pro
888 4721 1176 4777 animal-us
1219 4720 1384 4774 etiam
1433 4719 1537 4774 sibi
1587 4717 1896 4775 commissis

305 4812 604 4869 Dominum
642 4813 927 4868 exorabat.
975 4811 1109 4868 lnibi
1139 4809 1367 4881 supplex
1409 4809 1696 4880 episcopus
1732 4808 1897 4864 sociis

303 4902 660 4960 audientibus
699 4902 939 4968 devovit,
986 4902 1032 4958 si
1066 4901 1285 4971 quando
1323 4901 1467 4957 Deus
1498 4901 1795 4971 repatriare
1823 4899 1896 4934 ‘“

301 4992 420 5056 sibi
448 4994 799 5061 concederet,
842 4993 969 5051 ilico
996 5007 1257 5050 mouacus
1299 4991 1480 5048 ﬁeret.
1509 4989 1893 5048 Constantino-

2000 4720 2251 4781 lebritate
2279 4733 2347 4771 es
2371 4716 2459 4772 his
2494 4717 2563 4772 10
2586 4714 2745 4769 solidi
2777 4711 3042 4768 fratribus
3066 4710 3421 4774 deservireut,
3445 4706 3585 4769 alios

2002 4819 2180 4865 autem
2206 4807 2278 4862 ΞΟ
2318 4805 2520 4863 solidos
2543 4804 2773 4877 quilibet
2800 4803 2971 4859 frater
3016 4802 3273 4865 haberet,
3314 4800 3406 4870 qui
3451 4796 3587 4857 inibi

2002 4899 2192 4956 sedulo
2217 4897 2485 4966 serviens,
2514 4906 2837 4953 nocturnum
2874 4893 3056 4949 lumen
3102 4908 3226 4948 cum
3254 4890 3410 4946 lineis
3434 4888 3585 4945 vela-

2000 4991 2199 5045 mentis
2223 4989 2487 5045 altaribus
2511 5003 2731 5060 semper
2773 4983 3183 5052 subtninistret;
3213 4992 3271 5039 et
3290 4981 3358 5039 ad
3390 4995 3590 5059 supra.

1620 5101 1857 5161 VARIA‘I
1889 5101 2299 5162 LECTIONES.

383 5219 457 5253 ³⁵⁸
495 5216 756 5275 fabricari
784 5217 840 5276 3.

299 5292 382 5327 ⁸⁸⁸
433 5290 730 5346 barrocltite
762 5291 815 5346 1.

300 5361 385 5399 οῖ’
425 5360 819 5430 paenitudinem
853 5360 909 5416 3.

296 5431 386 5468 ³⁷⁸
419 5428 557 5485 deest
600 5432 650 5485 1.
727 5429 800 5464 ³⁷⁸
846 5439 1055 5486 tantum
1088 5429 1142 5483 3.
1216 5428 1288 5459 ³⁷⁸

954 5216 1318 5289 πιωωωίλ

1427 5215 1499 5250 ³⁸⁸
1527 5216 1747 5287 inquam
1790 5217 1845 5273 3.

928 5288 996 5322 ³⁶¹
1050 5288 1287 5343 telleusis
1334 5288 1386 5342 1.

1958 5215 2028 5250 ³⁸⁷
2070 5214 2424 5271 rememorari
2460 5212 2530 5268 l?

1496 5287 1566 5320 ³⁶¹
1603 5284 1877 5342 ἰωτιὶιοὲιη
1905 5286 1963 5341 5.
2039 5286 2111 5357 ξδ’
2158 5299 2496 5357 nequaquam
2525 5284 2580 5339 3.

1019 5359 1087 5391 ³⁸⁷
1127 5358 1502 5414 ᾱοηιίηἰοω-
1529 5357 1634 5412 sibi
1683 5357 1988 5412 commissis
2027 5356 2213 5409 desunt
2254 5356 2308 5409 3.

1325 5443 1380 5496 p.
1424 5443 1477 5482 a.
1521 5428 1576 5481 3.
1651 5426 1722 5458 ³⁷³
1756 5427 1823 5496 ad
1866 5428 1916 5481 1.

2638 5212 2710 5247 ⁸⁸³
2748 5216 2888 5269 deest
2910 5212 2963 5267 1.
3075 5210 3147 5244 ³³⁸
3182 5207 3499 5265 desudande
3532 5206 3592 5262 ‘5.

2693 5282 2766 5317 '“
2809 5295 3026 5338 omnem
3049 5280 3102 5335 3.
3181 5280 3251 5313 ³⁸⁸
3283 5287 3491 5334 tantutn
3523 5275 3596 5330 11

2666 5353 2816 5408 triari
2869 5352 2942 5408 l?
3041 5351 3114 5384 “’
3155 5364 3227 5405 m.
3270 5360 3485 5417 quoque
3528 5343 3589 5402 3.

2420 5353 2491 5386 ⁸⁸⁸
2532 5353 2816 5423 repatriari
2869 5353 2942 5408 l?
3041 5353 3114 5384 ³⁶⁹
3155 5364 3227 5405 m.
3270 5360 3485 5426 quoque
3528 5353 3589 5402 ὃ.

2425 5439 2449 5477 r
2479 5423 2525 5477 l.
2604 5422 2675 5457 ³⁷⁸
2724 5421 3030 5486 permansit
3059 5422 3109 5476 1.
3186 5419 3257 5450 ³⁷⁵
3286 5418 3340 5472 d.
3375 5430 3590 5486 episco-

1991 5425 2061 5458 ³⁷³
2085 5428 2449 5481 obsecunctur
2479 5423 2525 5477 l.
2594 5421 2675 5457 ’³⁷⁸
2724 5421 3030 5492 permansit
3059 5422 3109 5476 1.

298 5517 420 5585 pus
443 5512 498 5557 et
525 5499 591 5556 t?
613 5500 699 5556 ed.
720 5508 780 5557 et
811 5502 952 5557 decu
984 5500 1041 5556 3.
1115 5497 1185 5531 ⁸⁷⁷
1216 5488 1634 5570 prmteriendum
1676 5496 1731 5553 3.
1807 5495 1879 5530 ³⁷⁸
1905 5496 2317 5554 rememoranla
2350 5496 2407 5551 3.
2482 5492 2553 5526 ³⁷⁸
2599 5488 2791 5550 ωτεἸ.
2866 5491 2937 5524 ⁸⁸⁸
2967 5505 3077 5562 quo
3110 5488 3163 5543 3.

1846 5633 2081 5694 NOTAE.

300 5761 605 5837 portionem
644 5754 1061 5837 apportabunt!
1112 5753 1457 5837 reverentiam.
1503 5750 1632 5805 dicti
1678 5748 1795 5819 {cui
1843 5757 1893 5804 et

301 5823 480 5896 iam
523 5823 901 5903 fraternitatis,
939 5834 988 5882 et
1038 5823 1235 5896 legebat
1258 5838 1396 5878 unus
1437 5823 1495 5875 in
1526 5837 1726 5877 mense.

2073 5746 2221 5819 (101)
2256 5745 2736 5818 Lucemburgensi.
