4106 6356
359 365 465 422 ΠΊ

1790 365 2140 424 STATUTA.

1169 567 3547 592 m

3531 370 3639 426 ηε

1046 703 1536 824 SUAVII
1626 703 2228 821 ABBATIS
2316 705 2980 823 STATUTA

1309 941 1546 1036 PRO
1618 942 1712 1032 S.
1787 943 2216 1036 SEVERI
2291 944 2693 1036 VILLA.

1717 1133 1916 1217 (Circa
1943 1154 2048 1200 an.
2087 1139 2289 1218 1100.)

925 1301 1235 1372 Hlarus,
1269 1299 1528 1354 Thesaur.
1573 1300 1772 1354 Anecd.
1815 1299 1857 1365 l,
1887 1300 2022 1366 277,
2048 1316 2114 1356 ex
2145 1302 2425 1360 chartario
2457 1303 2691 1360 abbatiaa
2723 1305 2783 1362 S.
2817 1304 3061 1380 Severi.]

1755 1459 2016 1475 ﬂ

425 1576 691 1645 Quoniam
722 1573 838 1629 dies
882 1572 1120 1628 hominis
1161 1572 1356 1627 breves
1394 1579 1549 1632 sunt,
1575 1578 1630 1624 et
1653 1568 1828 1623 labilis
1863 1578 1948 1623 est
1973 1551 2022 1611 Α
2050 1585 2181 1624 vero
2205 1571 2396 1625 vulnus
2428 1571 2725 1641 legitimum
2755 1573 2919 1630 fuerit
2957 1576 3009 1630 in
3041 1575 3428 1646 profunditate,
3455 1571 3538 1627 vel
3578 1575 3630 1628 in

352 1669 619 1725 memoria
648 1682 858 1730 eorum,
892 1665 1012 1720 ideo
1040 1679 1160 1733 qua:
1191 1663 1340 1718 utilia
1373 1670 1522 1726 sunt,
1553 1670 1607 1716 et
1636 1675 1757 1717 esse
1787 1669 1944 1732 pote-

351 1768 500 1823 runt,
526 1755 723 1812 litteris
749 1754 1004 1810 duximus
1035 1768 1160 1807 esse
1188 1752 1596 1808 committenda.

423 1849 623 1904 Notum
677 1847 748 1902 sit
795 1847 960 1914 igitur
1019 1845 1377 1913 prmsentibus
1428 1851 1484 1897 et
1535 1840 1949 1898 successoribus

347 1941 494 2010 quod
513 1939 768 2000 Suavius,
793 1935 977 1992 Sancti
1010 1935 1194 1990 Severi
1225 1935 1412 1999 abbas,
1439 1933 1742 1989 salvitatem
1775 1947 1938 2001 quam

347 2031 457 2087 SS.
482 2031 590 2085 dux
616 2028 922 2094 Vasconize,
955 2038 1008 2082 et
1040 2027 1245 2082 Urraca
1277 2041 1413 2080 uxor
1438 2041 1560 2089 sua,
1602 2025 1653 2078 in
1684 2025 1946 2080 honorem

347 2120 540 2175 Sancti
575 2119 722 2173 Petri
750 2117 1048 2186 Sanctique
1071 2117 1257 2171 Severi
1309 2115 1724 2178 constituerant,
1755 2114 1820 2167 ad
1859 2113 1943 2167 iu-

345 2211 606 2268 stantiam
629 2222 685 2264 et
712 2225 902 2278 preces
924 2209 1205 2263 hominum
1227 2206 1466 2275 ejusdem
1497 2206 1598 2260 loci
1623 2205 1866 2275 permisit
1891 2215 1947 2260 et

346 2303 608 2359 sustinuit
651 2301 1078 2371 circumquaque
1110 2300 1296 2354 vallari
1331 2308 1387 2354 et
1416 2299 1611 2354 tnuniri
1635 2339 1648 2360 ,
1683 2309 1740 2352 ut
1769 2299 1838 2353 ab
1865 2299 1945 2351 in-

345 2411 508 2451 cursu
537 2403 590 2448 et
614 2392 954 2464 malignitate
978 2393 1259 2447 hominum
1300 2391 1495 2445 ibidem
1529 2391 1696 2446 tutius
1723 2399 1944 2460 possent

344 2502 690 2560 permanere.
725 2486 1117 2541 Verumtamen
1152 2494 1445 2555 antequam
1477 2499 1634 2538 suum
1662 2498 1942 2537 assensum

346 2582 416 2637 de
447 2580 697 2636 clausura
727 2579 867 2633 villae
898 2580 979 2634 eis
1026 2579 1376 2643 concederet,
1405 2577 1472 2631 de
1503 2575 1765 2638 moribus,
1809 2590 1940 2630 con-

346 2673 755 2736 suetudinibus,
784 2671 969 2734 lesdis,
1000 2678 1053 2724 et
1079 2668 1323 2739 pedagiis
1353 2669 1552 2724 ibidem
1581 2666 1943 2737 percipiendis

346 2764 489 2820 inter
524 2779 583 2818 se
630 2772 1033 2825 convenerunt,
1103 2771 1158 2815 et
1201 2761 1359 2815 tactis
1403 2760 1762 2816 sacrosanctis
1814 2758 1938 2813 reli-

345 2855 510 2925 quiis,
544 2855 659 2925 jam
701 2854 829 2909 dicti
864 2854 1114 2908 homines
1145 2867 1242 2922 pro
1269 2867 1327 2908 se
1353 2853 1576 2922 suisque
1613 2852 1942 2907 successori-

344 2948 448 3004 bus
471 2945 826 3017 jurejurando
878 2945 1258 3012 firmaverunt,
1307 2953 1366 2998 ut
1393 2945 1537 3014 quod
1584 2944 1940 2999 constituere-

347 3050 456 3106 tur,
496 3037 879 3094 inviolabiliter
907 3037 1314 3092 observaretur.
1363 3035 1536 3092 Simili
1565 3036 1724 3091 modo
1747 3035 1942 3104 prmfa-

346 3145 434 3189 tus
485 3133 655 3189 abbas
700 3131 891 3188 eadem
940 3131 1280 3187 observanda
1328 3131 1384 3187 in
1423 3139 1743 3201 perpetuum
1793 3128 1940 3184 alIir-

347 3225 540 3280 mavit.

415 3317 468 3371 1.
511 3317 752 3371 Primum
790 3315 954 3382 igitur
983 3321 1244 3370 statutum
1275 3315 1398 3382 fuit,
1429 3323 1572 3386 quod
1603 3316 1770 3370 abbas
1801 3329 1941 3368 sem-

341 3422 441 3479 per
465 3417 651 3478 portas
679 3407 818 3461 vill:e
847 3406 1124 3462 clauderet
1153 3417 1208 3462 et
1238 3407 1504 3471 muniret,
1536 3416 1588 3461 et
1630 3407 1680 3460 in
1711 3405 1939 3470 eisdem,

345 3500 557 3554 ratione
581 3499 806 3554 dominii
827 3508 882 3554 et
908 3509 1187 3569 portarum
1209 3498 1495 3560 clausum,
1519 3498 1587 3552 ab
1614 3495 1942 3550 intrantibus

343 3601 399 3646 et
440 3591 766 3646 exeuntibus
812 3590 1034 3660 pedagia
1083 3589 1411 3659 perciperet.
1459 3587 1765 3658 Burgenscs
1811 3600 1941 3640 vero

343 3683 607 3753 reliquam
655 3684 965 3739 clausuram
995 3681 1154 3744 villm,
1187 3681 1413 3735 arbitrio
1461 3679 1692 3743 abbatis,
1724 3692 1944 3748 semper

343 3777 660 3832 clauderent
682 3785 738 3831 et
765 3775 1060 3844 munirent.
1092 3772 1356 3828 Similiter
1384 3773 1551 3827 abbas
1575 3772 1709 3826 duas
1735 3769 1942 3839 plateas

344 3869 492 3924 circa
523 3868 937 3930 monasterium,
989 3879 1158 3919 causa
1205 3863 1472 3932 spatiandi
1509 3872 1564 3916 et
1589 3862 1776 3916 domos
1811 3860 1942 3916 tedi—

342 3960 576 4022 ficandi,
610 3957 711 4014 sibi
744 3969 798 4014 et
830 3959 964 4021 suis,
994 3958 1165 4013 libere
1201 3965 1255 4010 et
1287 3956 1493 4025 absque
1528 3953 1632 4008 ulla
1659 3952 1938 4018 servitute,

344 4053 605 4118 retinuit;
645 4067 809 4106 uuam
840 4051 908 4104 ab
932 4049 1184 4104 arenario
1224 4062 1394 4117 usque
1432 4051 1500 4100 ad
1531 4044 1811 4109 vallatum,
1859 4043 1941 4098 di-

343 4155 494 4200 recte
525 4145 592 4198 ab
623 4143 750 4199 inde
779 4157 950 4211 usque
975 4142 1041 4195 ad
1067 4139 1290 4204 Galam,
1320 4139 1548 4194 alteram
1588 4152 1618 4192 a
1645 4135 1940 4192 refectorio

343 4252 518 4306 usque
567 4236 634 4290 ad
663 4235 806 4289 viam
859 4249 980 4304 quae
1025 4233 1172 4289 vadit
1217 4232 1285 4286 ad
1315 4230 1640 4296 Pontillum;
1692 4229 1938 4298 quaedam
1967 4236 2008 4292 Ο

341 4328 508 4382 etiam
561 4324 666 4379 alia
711 4323 910 4394 spatia,
963 4331 1023 4378 ut
1078 4323 1148 4378 ibi
1197 4323 1388 4378 domos
1443 4317 1790 4383 tediticarent,
1825 4316 1938 4385 jam

342 4426 714 4482 concesserat,
746 4427 802 4473 et
832 4425 961 4471 tttnc
987 4415 1258 4472 concessit
1302 4415 1473 4469 libere
1517 4412 1770 4482 episcopo
1792 4409 1941 4465 Adu-

344 4509 513 4568 rensi,
546 4516 602 4562 et
637 4506 968 4577 quibusdam
995 4505 1117 4560 aliis
1149 4504 1436 4559 militibus.

417 4601 472 4654 2.
516 4601 744 4669 Insuper
781 4599 1088 4654 institutum
1135 4597 1266 4664 fuit,
1303 4598 1446 4666 quod
1479 4595 1523 4650 si
1555 4595 1678 4664 quis
1703 4592 1939 4647 vicinum

345 4708 506 4748 suum
545 4691 899 4756 interficeret,
949 4689 1290 4753 interfector,
1334 4699 1389 4744 et
1423 4703 1535 4743 sua:
1568 4701 1659 4742 res
1697 4685 1749 4741 in
1786 4694 1940 4756 pote-

345 4793 488 4840 state
536 4783 748 4838 abbatis
801 4791 1006 4837 essent.
1063 4781 1328 4836 Similiter
1369 4780 1413 4835 si
1460 4787 1782 4835 extraneum
1819 4776 1942 4846 quis

345 4875 490 4930 infra
523 4875 785 4929 ambitum
815 4873 956 4927 villa:
983 4873 1282 4934 occideret,
1315 4870 1476 4924 simili
1524 4881 1685 4939 pcena
1716 4868 1941 4923 damna-

346 4976 522 5027 retur.
552 4966 654 5020 nisi
687 4973 966 5020 constaret
1009 4979 1132 5018 eum
1165 4963 1402 5032 aliquem
1443 4963 1510 5017 de
1535 4961 1660 5015 villa
1713 4959 1940 5015 interfe-

345 5061 522 5122 cisse,
571 5057 655 5111 vel
705 5056 774 5110 ad
830 5055 1255 5123 redemptionem
1326 5054 1588 5124 coegisse.
1643 5051 1686 5105 Ε
1730 5051 1942 5107 furibus

346 5151 540 5212 etiam,
581 5157 636 5203 et
674 5149 754 5202 eis
789 5146 1276 5207 consentientibus,
1328 5143 1517 5198 eadem
1562 5156 1720 5212 poena
1767 5151 1826 5196 ut
1873 5142 1940 5196 de

349 5241 644 5296 homicidio
699 5245 970 5294 servetur.
1011 5237 1066 5291 Si
1108 5237 1231 5305 quis
1272 5250 1398 5290 vero
1435 5249 1502 5290 ex
1543 5233 1818 5304 superbia,
1857 5233 1941 5288 vel

347 5347 415 5386 ex
453 5331 826 5403 indignatione
872 5337 1073 5394 motus,
1125 5336 1315 5382 contra
1363 5325 1598 5396 aliquem
1649 5332 1800 5378 extra
1848 5325 1942 5379 do-

348 5437 494 5478 mum
535 5438 688 5478 suam
722 5437 873 5477 arma
904 5419 1205 5477 extraxerit
1248 5431 1342 5474 sex
1375 5415 1578 5473 solidos
1603 5416 1786 5472 abbati
1816 5429 1941 5485 per-

351 5518 547 5570 solvat.

2049 1661 2422 1732 longitudine,
2469 1680 2602 1718 xvnt
2652 1665 2852 1720 solidos
2900 1666 3183 1720 vulnerato
3227 1665 3532 1736 persolvat;
3585 1665 3632 1719 si

2047 1769 2154 1807 non
2197 1752 2498 1824 legitimum
2539 1756 2723 1818 fuerit,
2759 1756 2924 1811 faciat
2960 1759 3087 1812 la:so
3114 1759 3256 1828 quod
3294 1758 3457 1812 fuerit
3488 1757 3632 1824 judi-

2049 1857 2250 1902 catum.
2287 1848 2562 1905 Statutum
2597 1851 2720 1912 fuit,
2745 1853 2888 1920 quod
2927 1854 2971 1908 si
3013 1854 3153 1910 alter
3186 1854 3413 1909 alterum
3441 1854 3633 1909 verbeo

2049 1940 2271 2001 raverit.
2303 1956 2399 1996 sex
2441 1941 2642 1996 solidos
2677 1943 2861 1998 abbati
2905 1944 3198 2013 persolvat,
3230 1953 3286 2000 et
3315 1960 3413 2000 sex
3439 1945 3631 1998 verbe-

2049 2042 2188 2097 rato,
2221 2036 2323 2088 nisi
2359 2034 2470 2102 ipse
2503 2051 2624 2089 cum
2665 2035 3084 2104 repercusserit;
3119 2044 3242 2090 tunc
3273 2043 3499 2102 uterque
3535 2033 3632 2087 ab-

2046 2123 2156 2178 bati
2185 2138 2275 2178 sex
2307 2124 2507 2179 solidos
2531 2125 2820 2195 persolvat.
2847 2127 3122 2181 Statutum
3149 2127 3310 2181 etiam
3343 2126 3464 2190 fuit,
3485 2124 3630 2194 quod

2048 2215 2091 2268 si
2131 2215 2330 2284 aliquis
2364 2216 2580 2270 domum
2615 2217 2777 2272 vicini
2828 2218 2909 2272 sui
2956 2217 3250 2280 invaserit,
3291 2231 3386 2271 sex
3429 2213 3632 2269 solidos

2047 2305 2229 2359 abbati
2261 2307 2551 2376 persolvat,
2574 2317 2630 2362 et
2660 2308 2879 2362 domino
2900 2308 3093 2362 domus
3131 2307 3398 2362 similiter.
3425 2305 3480 2358 Si
3509 2303 3631 2373 quis

2047 2399 2355 2464 hominem,
2395 2400 2513 2455 sine
2552 2385 2914 2467 licentia,ivel
2947 2409 3218 2470 praecepto
3258 2397 3499 2462 abbatis,
3541 2395 3629 2450 in-

2050 2497 2134 2542 tra
2164 2489 2343 2543 villam
2368 2491 2592 2560 ceperit,
2625 2491 2728 2545 nisi
2756 2489 3004 2555 iurando,
3028 2489 3111 2544 vel
3135 2504 3256 2544 cum
3282 2488 3426 2543 furto
3453 2489 3628 2556 ipsum

2044 2578 2329 2643 invenerit,
2359 2596 2422 2634 cr.
2451 2581 2652 2635 solidos
2679 2597 2774 2650 pro
2807 2581 3089 2635 invasione
3120 2579 3261 2632 villae
3296 2577 3480 2632 abbati
3510 2591 3631 2646 per-

2043 2673 2236 2738 solvat,
2268 2683 2322 2726 et
2347 2682 2560 2742 captum
2595 2673 2774 2727 abbati
2815 2673 3028 2728 reddat.
3073 2671 3228 2736 Item,
3260 2672 3304 2726 si
3331 2672 3452 2739 quis
3493 2670 3628 2723 bau-

2043 2777 2197 2826 num,
2232 2762 2312 2815 vel
2342 2762 2578 2832 sigillum
2607 2763 2842 2825 abbatis,
2875 2777 2904 2815 a
2936 2775 3276 2830 quocumque
3318 2759 3520 2814 factum
3546 2758 3631 2812 vel

2045 2850 2422 2918 interpositum
2452 2850 2752 2920 infregerit,
2779 2866 2873 2904 sex
2901 2849 3102 2904 solidos
3130 2847 3308 2902 abbati
3337 2847 3627 2918 persolvat.

2044 2942 2330 3003 Similiter,
2353 2943 2781 3011 quotiescunque
2807 2955 3003 3009 praco,
3031 2940 3118 2994 vel
3146 2939 3367 2993 nuntius
3393 2937 3628 3000 abbatis,

2045 3034 2248 3103 aliquid
2293 3034 2652 3102 praeceperit,
2701 3033 2784 3086 vel
2841 3031 3212 3093 interdixerit,
3267 3031 3334 3083 ab
3378 3029 3630 3083 omnibus

2043 3125 2391 3190 observetur;
2443 3125 2536 3194 qui
2579 3139 2686 3179 non
2720 3121 3116 3190 observaverit,
3156 3122 3395 3192 quinque
3428 3119 3630 3174 solidos

2044 3215 2223 3271 abbati
2254 3215 2547 3285 persolvat.

2113 3351 2168 3405 ι.
2211 3350 2273 3404 Et
2314 3350 2417 3404 hoc
2455 3357 2716 3406 statutum
2763 3349 2884 3414 fuit,
2929 3349 3072 3420 quod
3116 3348 3162 3402 si
3210 3347 3379 3401 abbas
3420 3346 3630 3399 miserit

2040 3458 2142 3514 pro
2174 3442 2354 3512 aliquo
2382 3442 2449 3496 de
2483 3442 2597 3496 suis
2639 3441 3029 3512 hurgensibus,
3063 3449 3122 3493 ut
3163 3439 3229 3491 ad
3259 3454 3381 3492 eum
3425 3438 3627 3500 veniat,

2043 3536 2159 3590 sine
2199 3551 2345 3588 mora
2375 3534 2442 3587 ad
2475 3550 2598 3590 eum
2629 3535 2839 3598 veniat;
2871 3533 2914 3588 si
2947 3547 3077 3587 vero
3107 3530 3309 3600 aliquid
3345 3529 3630 3598 inemperit

2043 3635 2330 3696 antequam
2383 3627 2452 3680 ad
2504 3641 2627 3680 eum
2677 3627 2898 3691 veniat,
2956 3641 3052 3681 sex
3107 3623 3308 3679 solidos
3358 3621 3630 3691 persolvat

2044 3718 2248 3783 abbati,
2273 3717 2374 3772 nisi
2397 3715 2508 3785 jam
2537 3731 2720 3772 mensa
2749 3717 2814 3771 ad
2842 3717 3232 3772 comedendum
3256 3715 3330 3769 sit
3353 3713 3402 3770 ei
3429 3713 3628 3782 posita,

2042 3810 2128 3866 vel
2160 3809 2262 3863 nisi
2292 3817 2453 3878 caput
2492 3824 2649 3864 suum
2683 3807 2794 3877 jam
2829 3809 3115 3878 incmperit
3143 3807 3384 3871 abluere,
3411 3805 3494 3860 vel
3525 3804 3628 3861 nisi

2042 3913 2252 3969 pannos
2283 3899 2532 3969 proprios
2562 3899 2833 3964 inciderit,
2863 3899 2947 3952 vel
2980 3898 3080 3952 nisi
3108 3897 3284 3966 aliqua
3313 3895 3630 3949 intirmitate

2042 3994 2116 4048 sit
2151 3999 2437 4063 gravatus,
2483 3992 2561 4046 ita
2609 3991 2752 4062 quod
2787 3991 2852 4043 ad
2894 4005 3015 4044 eum
3062 3989 3250 4043 venire
3291 4002 3396 4040 non
3434 3985 3627 4056 possit,

2039 4080 2129 4136 vel
2174 4079 2277 4135 nisi
2322 4079 2520 4149 aliquis
2563 4088 2808 4133 mortuus
2849 4077 3013 4132 fuerit
3066 4077 3119 4130 in
3173 4078 3333 4130 domo
3377 4089 3492 4128 sua.
3535 4073 3630 4130 llis

2042 4173 2294 4243 peractis,
2330 4175 2396 4226 ad
2445 4187 2569 4226 eum
2617 4171 2803 4224 statim
2853 4169 3039 4223 venire
3073 4184 3177 4222 non
3210 4165 3448 4220 differat.
3494 4165 3627 4220 ltetn

2042 4273 2301 4320 statutum
2348 4263 2449 4317 fuit
2476 4262 2619 4331 quod
2650 4265 2692 4315 si
2721 4259 2912 4324 abbas,
2949 4259 3035 4313 vel
3075 4260 3178 4323 sui,
3207 4255 3458 4329 injuriam
3483 4257 3630 4328 passi

2041 4355 2241 4410 fuerint
2266 4355 2338 4408 ab
2359 4353 2557 4422 aliquo,
2586 4359 2642 4405 et
2669 4349 2955 4419 injuriator
2971 4345 3177 4416 judicio
3203 4357 3350 4402 stare
3371 4345 3626 4408 noluerit,

2041 4457 2096 4504 et
2129 4448 2296 4504 abbas
2337 4455 2559 4516 prOpter
2600 4443 2855 4514 injuriam
2903 4441 3007 4496 sibi
3060 4440 3264 4494 illatam
3308 4438 3630 4492 raballicare

2041 4556 2205 4613 super
2233 4556 2356 4597 eum
2388 4537 2638 4602 voluerit,
2671 4535 2755 4590 vel
2791 4541 2979 4590 contra
3011 4547 3134 4588 eum
3172 4530 3470 4586 exercitum
3514 4544 3632 4584 mo-

2041 4648 2191 4697 vere,
2237 4631 2535 4701 burgenses
2577 4627 2643 4681 de
2686 4635 2958 4694 praecepto
3003 4621 3234 4685 abbatis,
3287 4635 3450 4690 super
3491 4619 3630 4687 inju-

2042 4725 2246 4780 riantes
2293 4721 2468 4790 ipsum
2519 4724 2856 4786 sequantur;
2906 4721 2961 4768 et
3008 4712 3052 4766 si
3090 4711 3214 4780 quis
3253 4711 3372 4764 sine
3413 4707 3630 4763 licentia

2042 4816 2276 4880 abbatis,
2309 4829 2339 4868 a
2365 4811 2774 4868 cavallicatione
2808 4806 3066 4870 abfuerit,
3095 4819 3189 4859 sex
3221 4803 3421 4858 solidos
3448 4802 3630 4858 abbati

2041 4907 2348 4978 persolvat;
2404 4905 2448 4959 si
2501 4904 2569 4958 de
2597 4901 2842 4958 exercitu
2894 4897 3242 4960 remanserit,
3295 4910 3390 4950 sex
3429 4894 3632 4950 solidos

2041 4997 2220 5053 abbati
2256 4994 2556 5065 persolvat,
2596 5001 2652 5049 et
2690 4993 2947 5047 damnum
2993 4989 3135 5058 quod
3175 4995 3400 5059 propter
3433 4986 3629 5042 absen-

2045 5091 2172 5144 tiam
2202 5089 2320 5160 ejus
2346 5085 2617 5150 habuerit,
2643 5083 2824 5138 abbati
2855 5081 3128 5136 restituat.

2083 5228 2085 5230 ’
2112 5225 2168 5279 5.
2207 5223 2473 5277 Prmterea
2505 5231 2626 5274 eum
2656 5233 2851 5288 magna
2894 5217 3316 5280 deliberatione,
3342 5221 3398 5270 et
3421 5213 3628 5283 pluries

2045 5313 2305 5380 requisito
2344 5311 2604 5376 consilio,
2647 5320 2946 5364 mercatum
2993 5309 3137 5378 quod
3185 5308 3382 5362 dicitur
3409 5303 3627 5368 Lubere,

2045 5412 2374 5466 statuerunt,
2408 5403 2550 5473 quod
2582 5401 2829 5471 quisquis
2861 5399 2928 5454 ad
2961 5399 3093 5454 illud
3137 5408 3435 5454 mercatutn
3461 5410 3629 5449 vene-

2045 5499 2136 5565 rit,
2186 5509 2397 5559 secure,
2447 5501 2505 5548 et
2545 5491 2751 5560 absque
2801 5488 2912 5544 ullo
2959 5487 3348 5556 impedimento
3392 5485 3626 5550 veniret,

419 5609 473 5662 5.
518 5606 576 5662 Si
624 5621 756 5662 vero
797 5607 1036 5676 aliquem
1081 5603 1470 5666 vulneraverit.
1499 5615 1598 5672 pro
1623 5599 1846 5655 vulnere
1873 5583 2151 5654 si.Dnisi
2211 5587 2426 5642 debitor
2477 5592 2644 5650 esset,
2696 5581 2782 5636 vel
2829 5579 3142 5649 ﬁdejussor,
3200 5577 3283 5631 vel
3335 5575 3625 5631 homicida.

351 5701 551 5756 militer
577 5715 671 5756 sex
702 5700 908 5754 solidos
937 5698 1209 5769 persolvat
1240 5695 1452 5761 abbati;
1487 5703 1542 5748 et
1572 5709 1670 5764 pro
1699 5691 1940 5762 qualibet

350 5793 527 5860 specie
562 5806 841 5847 armorum
871 5833 884 5860 ,
929 5805 1020 5846 sex
1068 5788 1270 5844 solidos
1317 5785 1586 5858 persolvat
1634 5783 1834 5841 abbati.
1879 5784 1937 5841 Si

2051 5683 2326 5738 Statutum
2375 5681 2539 5737 etiam
2588 5678 2710 5744 fuit,
2755 5675 2898 5748 quod
2929 5674 2975 5729 si
3009 5673 3130 5742 quis
3172 5679 3323 5725 extra
3367 5669 3630 5725 terminos

2047 5777 2275 5834 mercati
2317 5775 2520 5846 aliquid
2549 5771 2759 5836 emerit,
2793 5767 2873 5824 vel
2904 5763 3228 5833 vendiderit,
3257 5770 3314 5820 et
3338 5771 3494 5821 extra
3521 5771 3629 5818 ter-
