  <div class='ocr_page' id='page_1' title='image "/cluster/home/n/w/nwhite01/storage/ocr_20150623/157/hvd.32044010248185/245.png"; bbox 0 0 3926 6446; ppageno 0'>
   <div class='ocr_carea' id='block_1_1' title="bbox 476 411 582 467">
    <p class='ocr_par' dir='ltr' id='par_1_1' title="bbox 476 411 582 467">
     <span class='ocr_line' id='line_1_1' title="bbox 476 411 582 467; baseline 0.009 -1"><span class='ocrx_word' id='word_1_1' title='bbox 476 411 582 467; x_wconf 66' lang='lat'><strong>£79</strong></span> 
     </span>
    </p>
   </div>
   <div class='ocr_carea' id='block_1_2' title="bbox 1465 401 2825 467">
    <p class='ocr_par' dir='ltr' id='par_1_2' title="bbox 1465 401 2825 467">
     <span class='ocr_line' id='line_1_2' title="bbox 1465 401 2825 467; baseline -0.005 0"><span class='ocrx_word' id='word_1_2' title='bbox 1465 406 1689 467; x_wconf 66' lang='lat' dir='ltr'><strong>EUAYII</strong></span> <span class='ocrx_word' id='word_1_3' title='bbox 1729 401 2024 462; x_wconf 56' lang='lat' dir='ltr'><strong>ABBA’l‘lS</strong></span> <span class='ocrx_word' id='word_1_4' title='bbox 2073 402 2136 459; x_wconf 77' lang='lat'><strong>3.</strong></span> <span class='ocrx_word' id='word_1_5' title='bbox 2173 401 2430 461; x_wconf 54' lang='lat' dir='ltr'><strong>SEVERI</strong></span> <span class='ocrx_word' id='word_1_6' title='bbox 2481 404 2825 464; x_wconf 77' lang='lat' dir='ltr'><strong>STATUTA.</strong></span> 
     </span>
    </p>
   </div>
   <div class='ocr_carea' id='block_1_3' title="bbox 3631 404 3728 471">
    <p class='ocr_par' dir='ltr' id='par_1_3' title="bbox 3631 404 3728 471">
     <span class='ocr_line' id='line_1_3' title="bbox 3631 404 3728 471; baseline 0.041 -4"><span class='ocrx_word' id='word_1_7' title='bbox 3631 404 3728 471; x_wconf 65' lang='lat'><strong>480&#39;</strong></span> 
     </span>
    </p>
   </div>
   <div class='ocr_carea' id='block_1_4' title="bbox 478 515 3720 596">
    <p class='ocr_par' dir='ltr' id='par_1_4' title="bbox 478 515 3720 596">
     <span class='ocr_line' id='line_1_4' title="bbox 478 515 3720 596; baseline -0.002 -16"><span class='ocrx_word' id='word_1_8' title='bbox 478 525 658 580; x_wconf 90' lang='lat' dir='ltr'><strong>minos</strong></span> <span class='ocrx_word' id='word_1_9' title='bbox 679 526 800 596; x_wconf 78' lang='lat' dir='ltr'><strong>ejus</strong></span> <span class='ocrx_word' id='word_1_10' title='bbox 830 524 1044 581; x_wconf 90' lang='lat' dir='ltr'><strong>retineri</strong></span> <span class='ocrx_word' id='word_1_11' title='bbox 1067 521 1394 594; x_wconf 83' lang='lat' dir='ltr'><strong>possit,rem</strong></span> <span class='ocrx_word' id='word_1_12' title='bbox 1423 530 1659 596; x_wconf 86' lang='lat' dir='ltr'><strong>emptam</strong></span> <span class='ocrx_word' id='word_1_13' title='bbox 1690 520 2065 577; x_wconf 88' lang='lat' dir='ltr'><strong>vclvenditam</strong></span> <span class='ocrx_word' id='word_1_14' title='bbox 2095 521 2144 584; x_wconf 78' lang='grc' dir='ltr'><strong>Α</strong></span> <span class='ocrx_word' id='word_1_15' title='bbox 2172 518 2460 586; x_wconf 80' lang='lat' dir='ltr'><strong>vendendi,</strong></span> <span class='ocrx_word' id='word_1_16' title='bbox 2513 519 2565 573; x_wconf 89' lang='lat' dir='ltr'><strong>lu</strong></span> <span class='ocrx_word' id='word_1_17' title='bbox 2619 517 2966 584; x_wconf 80' lang='lat' dir='ltr'><strong>animalibus,</strong></span> <span class='ocrx_word' id='word_1_18' title='bbox 3016 518 3098 571; x_wconf 87' lang='lat' dir='ltr'><strong>vel</strong></span> <span class='ocrx_word' id='word_1_19' title='bbox 3147 516 3199 570; x_wconf 90' lang='lat' dir='ltr'><strong>in</strong></span> <span class='ocrx_word' id='word_1_20' title='bbox 3249 520 3497 588; x_wconf 70' lang='lat' dir='ltr'><strong>plaustris</strong></span> <span class='ocrx_word' id='word_1_21' title='bbox 3543 515 3720 594; x_wconf 85' lang='lat' dir='ltr'><strong>aliquid</strong></span> 
     </span>
    </p>
   </div>
   <div class='ocr_carea' id='block_1_5' title="bbox 481 611 1333 670">
    <p class='ocr_par' dir='ltr' id='par_1_5' title="bbox 481 611 1333 670">
     <span class='ocr_line' id='line_1_5' title="bbox 481 611 1333 670; baseline -0.002 -1"><span class='ocrx_word' id='word_1_22' title='bbox 481 625 669 669; x_wconf 85' lang='lat' dir='ltr'><strong>custos</strong></span> <span class='ocrx_word' id='word_1_23' title='bbox 701 613 923 670; x_wconf 92' lang='lat' dir='ltr'><strong>mercati</strong></span> <span class='ocrx_word' id='word_1_24' title='bbox 953 611 1052 666; x_wconf 89' lang='lat' dir='ltr'><strong>sibi</strong></span> <span class='ocrx_word' id='word_1_25' title='bbox 1081 611 1333 668; x_wconf 89' lang='lat' dir='ltr'><strong>retineat.</strong></span> 
     </span>
    </p>
   </div>
   <div class='ocr_carea' id='block_1_6' title="bbox 549 699 2066 768">
    <p class='ocr_par' dir='ltr' id='par_1_6' title="bbox 549 699 2066 768">
     <span class='ocr_line' id='line_1_6' title="bbox 549 699 2066 768; baseline -0.004 -8"><span class='ocrx_word' id='word_1_26' title='bbox 549 707 602 760; x_wconf 84' lang='lat'><strong>6.</strong></span> <span class='ocrx_word' id='word_1_27' title='bbox 646 705 938 768; x_wconf 68' lang='lat' dir='ltr'><strong>Prteterea,</strong></span> <span class='ocrx_word' id='word_1_28' title='bbox 970 703 1014 756; x_wconf 93' lang='lat' dir='ltr'><strong>si</strong></span> <span class='ocrx_word' id='word_1_29' title='bbox 1053 702 1192 759; x_wconf 80' lang='lat' dir='ltr'><strong>alter</strong></span> <span class='ocrx_word' id='word_1_30' title='bbox 1212 701 1374 757; x_wconf 66' lang='lat' dir='ltr'><strong>altat</strong></span> <span class='ocrx_word' id='word_1_31' title='bbox 1413 700 1471 756; x_wconf 77' lang='lat' dir='ltr'><strong>in</strong></span> <span class='ocrx_word' id='word_1_32' title='bbox 1515 709 1758 756; x_wconf 79' lang='lat' dir='ltr'><strong>mercato</strong></span> <span class='ocrx_word' id='word_1_33' title='bbox 1809 699 2066 768; x_wconf 73' lang='lat' dir='ltr'><strong>iniuriam</strong></span> 
     </span>
    </p>
   </div>
   <div class='ocr_carea' id='block_1_7' title="bbox 476 791 2072 863">
    <p class='ocr_par' dir='ltr' id='par_1_7' title="bbox 476 791 2072 863">
     <span class='ocr_line' id='line_1_7' title="bbox 476 791 2072 863; baseline -0.004 -11"><span class='ocrx_word' id='word_1_34' title='bbox 476 796 700 858; x_wconf 87' lang='lat' dir='ltr'><strong>fecerit,</strong></span> <span class='ocrx_word' id='word_1_35' title='bbox 733 794 914 852; x_wconf 90' lang='lat' dir='ltr'><strong>abbati</strong></span> <span class='ocrx_word' id='word_1_36' title='bbox 945 792 1030 847; x_wconf 97' lang='lat' dir='ltr'><strong>vel</strong></span> <span class='ocrx_word' id='word_1_37' title='bbox 1069 795 1259 848; x_wconf 80' lang='lat' dir='ltr'><strong>nuntio</strong></span> <span class='ocrx_word' id='word_1_38' title='bbox 1297 807 1394 848; x_wconf 76' lang='lat' dir='ltr'><strong>suo</strong></span> <span class='ocrx_word' id='word_1_39' title='bbox 1424 791 1610 863; x_wconf 73' lang='lat' dir='ltr'><strong>viginti</strong></span> <span class='ocrx_word' id='word_1_40' title='bbox 1643 793 1902 848; x_wconf 78' lang='lat' dir='ltr'><strong>denarios</strong></span> <span class='ocrx_word' id='word_1_41' title='bbox 1948 808 2072 862; x_wconf 56' lang='lat' dir='ltr'><strong>per.</strong></span> 
     </span>
    </p>
   </div>
   <div class='ocr_carea' id='block_1_8' title="bbox 478 883 2069 955">
    <p class='ocr_par' dir='ltr' id='par_1_8' title="bbox 478 883 2069 955">
     <span class='ocr_line' id='line_1_8' title="bbox 478 883 2069 955; baseline -0.003 -13"><span class='ocrx_word' id='word_1_42' title='bbox 478 887 675 946; x_wconf 83' lang='lat' dir='ltr'><strong>solvat,</strong></span> <span class='ocrx_word' id='word_1_43' title='bbox 722 895 779 940; x_wconf 90' lang='lat' dir='ltr'><strong>et</strong></span> <span class='ocrx_word' id='word_1_44' title='bbox 827 883 1084 954; x_wconf 83' lang='lat' dir='ltr'><strong>injuriato</strong></span> <span class='ocrx_word' id='word_1_45' title='bbox 1114 883 1356 955; x_wconf 82' lang='lat' dir='ltr'><strong>legitime</strong></span> <span class='ocrx_word' id='word_1_46' title='bbox 1403 884 1728 939; x_wconf 79' lang='lat' dir='ltr'><strong>satisfaciat.</strong></span> <span class='ocrx_word' id='word_1_47' title='bbox 1777 883 2069 938; x_wconf 72' lang='lat' dir='ltr'><strong>Mercatura</strong></span> 
     </span>
    </p>
   </div>
   <div class='ocr_carea' id='block_1_9' title="bbox 478 973 2070 1045">
    <p class='ocr_par' dir='ltr' id='par_1_9' title="bbox 478 973 2070 1045">
     <span class='ocr_line' id='line_1_9' title="bbox 478 973 2070 1045; baseline -0.003 -12"><span class='ocrx_word' id='word_1_48' title='bbox 478 987 534 1033; x_wconf 93' lang='lat' dir='ltr'><strong>et</strong></span> <span class='ocrx_word' id='word_1_49' title='bbox 575 976 694 1045; x_wconf 76' lang='lat' dir='ltr'><strong>ejus</strong></span> <span class='ocrx_word' id='word_1_50' title='bbox 738 976 1008 1031; x_wconf 81' lang='lat' dir='ltr'><strong>securitas</strong></span> <span class='ocrx_word' id='word_1_51' title='bbox 1053 975 1215 1029; x_wconf 84' lang='lat' dir='ltr'><strong>durat</strong></span> <span class='ocrx_word' id='word_1_52' title='bbox 1260 990 1290 1029; x_wconf 94' lang='lat' dir='ltr'><strong>a</strong></span> <span class='ocrx_word' id='word_1_53' title='bbox 1336 975 1422 1031; x_wconf 90' lang='lat' dir='ltr'><strong>die</strong></span> <span class='ocrx_word' id='word_1_54' title='bbox 1443 973 1590 1030; x_wconf 59' lang='lat' dir='ltr'><strong>lovis</strong></span> <span class='ocrx_word' id='word_1_55' title='bbox 1628 982 1754 1042; x_wconf 75' lang='lat' dir='ltr'><strong>post</strong></span> <span class='ocrx_word' id='word_1_56' title='bbox 1788 973 2070 1028; x_wconf 83' lang='lat' dir='ltr'><strong>meridiem</strong></span> 
     </span>
    </p>
   </div>
   <div class='ocr_carea' id='block_1_10' title="bbox 479 1063 2073 1136">
    <p class='ocr_par' dir='ltr' id='par_1_10' title="bbox 479 1063 2073 1136">
     <span class='ocr_line' id='line_1_10' title="bbox 479 1063 2073 1136; baseline -0.004 -14"><span class='ocrx_word' id='word_1_57' title='bbox 479 1081 650 1135; x_wconf 85' lang='lat' dir='ltr'><strong>usque</strong></span> <span class='ocrx_word' id='word_1_58' title='bbox 681 1066 748 1120; x_wconf 91' lang='lat' dir='ltr'><strong>ad</strong></span> <span class='ocrx_word' id='word_1_59' title='bbox 777 1065 1137 1129; x_wconf 86' lang='lat' dir='ltr'><strong>Dominicam,</strong></span> <span class='ocrx_word' id='word_1_60' title='bbox 1168 1065 1343 1120; x_wconf 82' lang='lat' dir='ltr'><strong>donec</strong></span> <span class='ocrx_word' id='word_1_61' title='bbox 1370 1067 1542 1136; x_wconf 88' lang='lat' dir='ltr'><strong>prima</strong></span> <span class='ocrx_word' id='word_1_62' title='bbox 1575 1066 1901 1119; x_wconf 83' lang='lat' dir='ltr'><strong>celebretur.</strong></span> <span class='ocrx_word' id='word_1_63' title='bbox 1948 1063 2073 1119; x_wconf 80' lang='lat' dir='ltr'><strong>Sta-</strong></span> 
     </span>
    </p>
   </div>
   <div class='ocr_carea' id='block_1_11' title="bbox 477 1154 2074 1225">
    <p class='ocr_par' dir='ltr' id='par_1_11' title="bbox 477 1154 2074 1225">
     <span class='ocr_line' id='line_1_11' title="bbox 477 1154 2074 1225; baseline -0.002 -15"><span class='ocrx_word' id='word_1_64' title='bbox 477 1165 653 1210; x_wconf 88' lang='lat' dir='ltr'><strong>tutum</strong></span> <span class='ocrx_word' id='word_1_65' title='bbox 681 1155 849 1209; x_wconf 87' lang='lat' dir='ltr'><strong>etiam</strong></span> <span class='ocrx_word' id='word_1_66' title='bbox 877 1154 980 1209; x_wconf 89' lang='lat' dir='ltr'><strong>fuit</strong></span> <span class='ocrx_word' id='word_1_67' title='bbox 1003 1155 1166 1224; x_wconf 89' lang='lat' dir='ltr'><strong>quod,</strong></span> <span class='ocrx_word' id='word_1_68' title='bbox 1195 1155 1240 1210; x_wconf 87' lang='lat' dir='ltr'><strong>si</strong></span> <span class='ocrx_word' id='word_1_69' title='bbox 1265 1157 1388 1225; x_wconf 91' lang='lat' dir='ltr'><strong>quis</strong></span> <span class='ocrx_word' id='word_1_70' title='bbox 1413 1167 1568 1210; x_wconf 91' lang='lat' dir='ltr'><strong>extra</strong></span> <span class='ocrx_word' id='word_1_71' title='bbox 1594 1155 1773 1211; x_wconf 86' lang='lat' dir='ltr'><strong>villam</strong></span> <span class='ocrx_word' id='word_1_72' title='bbox 1799 1165 2074 1225; x_wconf 66' lang='lat' dir='ltr'><strong>pergeret,</strong></span> 
     </span>
    </p>
   </div>
   <div class='ocr_carea' id='block_1_12' title="bbox 471 1250 2072 1320">
    <p class='ocr_par' dir='ltr' id='par_1_12' title="bbox 471 1250 2072 1320">
     <span class='ocr_line' id='line_1_12' title="bbox 471 1250 2072 1320; baseline -0.004 -12"><span class='ocrx_word' id='word_1_73' title='bbox 471 1262 530 1308; x_wconf 92' lang='lat' dir='ltr'><strong>et</strong></span> <span class='ocrx_word' id='word_1_74' title='bbox 559 1253 610 1306; x_wconf 90' lang='lat' dir='ltr'><strong>in</strong></span> <span class='ocrx_word' id='word_1_75' title='bbox 640 1251 729 1306; x_wconf 78' lang='lat' dir='ltr'><strong>via</strong></span> <span class='ocrx_word' id='word_1_76' title='bbox 768 1251 1007 1320; x_wconf 84' lang='lat' dir='ltr'><strong>aliquam</strong></span> <span class='ocrx_word' id='word_1_77' title='bbox 1052 1259 1416 1305; x_wconf 82' lang='lat' dir='ltr'><strong>mercaturam</strong></span> <span class='ocrx_word' id='word_1_78' title='bbox 1446 1250 1752 1306; x_wconf 73' lang='lat' dir='ltr'><strong>venientem</strong></span> <span class='ocrx_word' id='word_1_79' title='bbox 1783 1250 1849 1304; x_wconf 91' lang='lat' dir='ltr'><strong>ad</strong></span> <span class='ocrx_word' id='word_1_80' title='bbox 1893 1250 2072 1303; x_wconf 91' lang='lat' dir='ltr'><strong>villam</strong></span> 
     </span>
    </p>
   </div>
   <div class='ocr_carea' id='block_1_13' title="bbox 473 1339 2072 1412">
    <p class='ocr_par' dir='ltr' id='par_1_13' title="bbox 473 1339 2072 1412">
     <span class='ocr_line' id='line_1_13' title="bbox 473 1339 2072 1412; baseline -0.001 -12"><span class='ocrx_word' id='word_1_81' title='bbox 473 1351 724 1408; x_wconf 90' lang='lat' dir='ltr'><strong>emeret,</strong></span> <span class='ocrx_word' id='word_1_82' title='bbox 771 1358 801 1396; x_wconf 94' lang='lat' dir='ltr'><strong>a</strong></span> <span class='ocrx_word' id='word_1_83' title='bbox 847 1341 1132 1396; x_wconf 77' lang='lat' dir='ltr'><strong>venditare</strong></span> <span class='ocrx_word' id='word_1_84' title='bbox 1173 1339 1381 1396; x_wconf 88' lang='lat' dir='ltr'><strong>lesdam</strong></span> <span class='ocrx_word' id='word_1_85' title='bbox 1432 1342 1742 1412; x_wconf 87' lang='lat' dir='ltr'><strong>reciperet,</strong></span> <span class='ocrx_word' id='word_1_86' title='bbox 1791 1350 1847 1396; x_wconf 86' lang='lat' dir='ltr'><strong>et</strong></span> <span class='ocrx_word' id='word_1_87' title='bbox 1891 1341 2072 1398; x_wconf 86' lang='lat' dir='ltr'><strong>abbati</strong></span> 
     </span>
    </p>
   </div>
   <div class='ocr_carea' id='block_1_14' title="bbox 473 1433 1382 1506">
    <p class='ocr_par' dir='ltr' id='par_1_14' title="bbox 473 1433 1382 1506">
     <span class='ocr_line' id='line_1_14' title="bbox 473 1433 1382 1506; baseline -0.001 -16"><span class='ocrx_word' id='word_1_88' title='bbox 473 1435 829 1506; x_wconf 83' lang='lat' dir='ltr'><strong>persolveret,</strong></span> <span class='ocrx_word' id='word_1_89' title='bbox 863 1433 947 1489; x_wconf 93' lang='lat' dir='ltr'><strong>vel</strong></span> <span class='ocrx_word' id='word_1_90' title='bbox 974 1433 1042 1488; x_wconf 86' lang='lat' dir='ltr'><strong>de</strong></span> <span class='ocrx_word' id='word_1_91' title='bbox 1073 1448 1173 1488; x_wconf 87' lang='lat' dir='ltr'><strong>suo</strong></span> <span class='ocrx_word' id='word_1_92' title='bbox 1205 1433 1382 1489; x_wconf 90' lang='lat' dir='ltr'><strong>daret.</strong></span> 
     </span>
    </p>
   </div>
   <div class='ocr_carea' id='block_1_15' title="bbox 545 1521 2074 1594">
    <p class='ocr_par' dir='ltr' id='par_1_15' title="bbox 545 1521 2074 1594">
     <span class='ocr_line' id='line_1_15' title="bbox 545 1521 2074 1594; baseline -0.001 -14"><span class='ocrx_word' id='word_1_93' title='bbox 545 1527 599 1580; x_wconf 89' lang='lat'><strong>7.</strong></span> <span class='ocrx_word' id='word_1_94' title='bbox 642 1525 905 1579; x_wconf 87' lang='lat' dir='ltr'><strong>Similiter</strong></span> <span class='ocrx_word' id='word_1_95' title='bbox 932 1531 1190 1578; x_wconf 90' lang='lat' dir='ltr'><strong>statutum</strong></span> <span class='ocrx_word' id='word_1_96' title='bbox 1226 1521 1328 1578; x_wconf 89' lang='lat' dir='ltr'><strong>fuit</strong></span> <span class='ocrx_word' id='word_1_97' title='bbox 1353 1524 1524 1593; x_wconf 87' lang='lat' dir='ltr'><strong>quod,</strong></span> <span class='ocrx_word' id='word_1_98' title='bbox 1557 1523 1602 1578; x_wconf 89' lang='lat' dir='ltr'><strong>si</strong></span> <span class='ocrx_word' id='word_1_99' title='bbox 1630 1524 1756 1594; x_wconf 85' lang='lat' dir='ltr'><strong>quis</strong></span> <span class='ocrx_word' id='word_1_100' title='bbox 1783 1525 1849 1578; x_wconf 89' lang='lat' dir='ltr'><strong>ad</strong></span> <span class='ocrx_word' id='word_1_101' title='bbox 1881 1526 2074 1579; x_wconf 88' lang='lat' dir='ltr'><strong>domos</strong></span> 
     </span>
    </p>
   </div>
   <div class='ocr_carea' id='block_1_16' title="bbox 479 1612 2071 1682">
    <p class='ocr_par' dir='ltr' id='par_1_16' title="bbox 479 1612 2071 1682">
     <span class='ocr_line' id='line_1_16' title="bbox 479 1612 2071 1682; baseline -0.003 -12"><span class='ocrx_word' id='word_1_102' title='bbox 479 1615 808 1670; x_wconf 90' lang='lat' dir='ltr'><strong>rusticorum</strong></span> <span class='ocrx_word' id='word_1_103' title='bbox 835 1621 989 1668; x_wconf 81' lang='lat' dir='ltr'><strong>extra</strong></span> <span class='ocrx_word' id='word_1_104' title='bbox 1019 1612 1202 1666; x_wconf 84' lang='lat' dir='ltr'><strong>villam</strong></span> <span class='ocrx_word' id='word_1_105' title='bbox 1235 1613 1562 1682; x_wconf 81' lang='lat' dir='ltr'><strong>perrexerit,</strong></span> <span class='ocrx_word' id='word_1_106' title='bbox 1597 1622 1653 1666; x_wconf 93' lang='lat' dir='ltr'><strong>et</strong></span> <span class='ocrx_word' id='word_1_107' title='bbox 1682 1615 1751 1668; x_wconf 94' lang='lat' dir='ltr'><strong>ab</strong></span> <span class='ocrx_word' id='word_1_108' title='bbox 1776 1615 1856 1669; x_wconf 86' lang='lat' dir='ltr'><strong>eis</strong></span> <span class='ocrx_word' id='word_1_109' title='bbox 1885 1614 2071 1666; x_wconf 89' lang='lat' dir='ltr'><strong>vinum</strong></span> 
     </span>
    </p>
   </div>
   <div class='ocr_carea' id='block_1_17' title="bbox 475 1705 2072 1778">
    <p class='ocr_par' dir='ltr' id='par_1_17' title="bbox 475 1705 2072 1778">
     <span class='ocr_line' id='line_1_17' title="bbox 475 1705 2072 1778; baseline -0.001 -16"><span class='ocrx_word' id='word_1_110' title='bbox 475 1707 564 1762; x_wconf 91' lang='lat' dir='ltr'><strong>vel</strong></span> <span class='ocrx_word' id='word_1_111' title='bbox 591 1706 900 1778; x_wconf 89' lang='lat' dir='ltr'><strong>pomacium</strong></span> <span class='ocrx_word' id='word_1_112' title='bbox 947 1705 1164 1772; x_wconf 87' lang='lat' dir='ltr'><strong>emerit,</strong></span> <span class='ocrx_word' id='word_1_113' title='bbox 1208 1713 1262 1758; x_wconf 93' lang='lat' dir='ltr'><strong>et</strong></span> <span class='ocrx_word' id='word_1_114' title='bbox 1303 1721 1400 1776; x_wconf 89' lang='lat' dir='ltr'><strong>per</strong></span> <span class='ocrx_word' id='word_1_115' title='bbox 1439 1721 1519 1770; x_wconf 89' lang='lat' dir='ltr'><strong>se,</strong></span> <span class='ocrx_word' id='word_1_116' title='bbox 1549 1705 1634 1761; x_wconf 90' lang='lat' dir='ltr'><strong>vel</strong></span> <span class='ocrx_word' id='word_1_117' title='bbox 1679 1721 1776 1776; x_wconf 86' lang='lat' dir='ltr'><strong>per</strong></span> <span class='ocrx_word' id='word_1_118' title='bbox 1819 1706 1985 1761; x_wconf 90' lang='lat' dir='ltr'><strong>alium</strong></span> <span class='ocrx_word' id='word_1_119' title='bbox 2020 1707 2072 1760; x_wconf 91' lang='lat' dir='ltr'><strong>in</strong></span> 
     </span>
    </p>
   </div>
   <div class='ocr_carea' id='block_1_18' title="bbox 472 1796 2072 1871">
    <p class='ocr_par' dir='ltr' id='par_1_18' title="bbox 472 1796 2072 1871">
     <span class='ocr_line' id='line_1_18' title="bbox 472 1796 2072 1871; baseline 0.001 -18"><span class='ocrx_word' id='word_1_120' title='bbox 472 1799 717 1871; x_wconf 83' lang='lat' dir='ltr'><strong>periculo</strong></span> <span class='ocrx_word' id='word_1_121' title='bbox 761 1812 859 1853; x_wconf 91' lang='lat' dir='ltr'><strong>suo</strong></span> <span class='ocrx_word' id='word_1_122' title='bbox 909 1796 997 1852; x_wconf 86' lang='lat' dir='ltr'><strong>illa</strong></span> <span class='ocrx_word' id='word_1_123' title='bbox 1048 1798 1117 1852; x_wconf 90' lang='lat' dir='ltr'><strong>ad</strong></span> <span class='ocrx_word' id='word_1_124' title='bbox 1164 1797 1344 1850; x_wconf 91' lang='lat' dir='ltr'><strong>villam</strong></span> <span class='ocrx_word' id='word_1_125' title='bbox 1395 1797 1676 1862; x_wconf 90' lang='lat' dir='ltr'><strong>attulerit,</strong></span> <span class='ocrx_word' id='word_1_126' title='bbox 1745 1813 2072 1870; x_wconf 85' lang='lat' dir='ltr'><strong>quocunque</strong></span> 
     </span>
    </p>
   </div>
   <div class='ocr_carea' id='block_1_19' title="bbox 2175 609 3719 679">
    <p class='ocr_par' dir='ltr' id='par_1_19' title="bbox 2175 609 3719 679">
     <span class='ocr_line' id='line_1_19' title="bbox 2175 609 3719 679; baseline 0.006 -19"><span class='ocrx_word' id='word_1_127' title='bbox 2175 609 2567 675; x_wconf 86' lang='lat' dir='ltr'><strong>abstraxerint,</strong></span> <span class='ocrx_word' id='word_1_128' title='bbox 2597 611 2650 664; x_wconf 89' lang='lat' dir='ltr'><strong>in</strong></span> <span class='ocrx_word' id='word_1_129' title='bbox 2677 611 2824 664; x_wconf 84' lang='lat' dir='ltr'><strong>exitu</strong></span> <span class='ocrx_word' id='word_1_130' title='bbox 2851 618 3128 678; x_wconf 86' lang='lat' dir='ltr'><strong>portarum</strong></span> <span class='ocrx_word' id='word_1_131' title='bbox 3161 609 3392 662; x_wconf 90' lang='lat' dir='ltr'><strong>lemnam</strong></span> <span class='ocrx_word' id='word_1_132' title='bbox 3423 612 3719 679; x_wconf 77' lang='lat' dir='ltr'><strong>persolvant.</strong></span> 
     </span>
    </p>
   </div>
   <div class='ocr_carea' id='block_1_20' title="bbox 2175 698 3722 766">
    <p class='ocr_par' dir='ltr' id='par_1_20' title="bbox 2175 698 3722 766">
     <span class='ocr_line' id='line_1_20' title="bbox 2175 698 3722 766; baseline 0.005 -11"><span class='ocrx_word' id='word_1_133' title='bbox 2175 698 2317 755; x_wconf 74' lang='lat' dir='ltr'><strong>Idem</strong></span> <span class='ocrx_word' id='word_1_134' title='bbox 2367 701 2596 760; x_wconf 91' lang='lat' dir='ltr'><strong>dicimus</strong></span> <span class='ocrx_word' id='word_1_135' title='bbox 2643 703 2714 760; x_wconf 80' lang='lat' dir='ltr'><strong>de</strong></span> <span class='ocrx_word' id='word_1_136' title='bbox 2747 701 3005 766; x_wconf 69' lang='lat' dir='ltr'><strong>curaris,</strong></span> <span class='ocrx_word' id='word_1_137' title='bbox 3054 701 3198 754; x_wconf 77' lang='lat' dir='ltr'><strong>quod</strong></span> <span class='ocrx_word' id='word_1_138' title='bbox 3248 701 3478 756; x_wconf 91' lang='lat' dir='ltr'><strong>lemnam</strong></span> <span class='ocrx_word' id='word_1_139' title='bbox 3523 704 3722 762; x_wconf 78' lang='lat' dir='ltr'><strong>debeant</strong></span> 
     </span>
    </p>
   </div>
   <div class='ocr_carea' id='block_1_21' title="bbox 2169 789 2327 844">
    <p class='ocr_par' dir='ltr' id='par_1_21' title="bbox 2169 789 2327 844">
     <span class='ocr_line' id='line_1_21' title="bbox 2169 789 2327 844; baseline 0.019 -2"><span class='ocrx_word' id='word_1_140' title='bbox 2169 789 2327 844; x_wconf 72' lang='lat' dir='ltr'><strong>dare.</strong></span> 
     </span>
    </p>
   </div>
   <div class='ocr_carea' id='block_1_22' title="bbox 2247 881 3722 954">
    <p class='ocr_par' dir='ltr' id='par_1_22' title="bbox 2247 881 3722 954">
     <span class='ocr_line' id='line_1_22' title="bbox 2247 881 3722 954; baseline 0.005 -19"><span class='ocrx_word' id='word_1_141' title='bbox 2247 882 2335 936; x_wconf 79' lang='grc'><strong>15.</strong></span> <span class='ocrx_word' id='word_1_142' title='bbox 2380 881 2456 936; x_wconf 84' lang='lat' dir='ltr'><strong>De</strong></span> <span class='ocrx_word' id='word_1_143' title='bbox 2515 883 2876 952; x_wconf 78' lang='lat' dir='ltr'><strong>burgensibtts</strong></span> <span class='ocrx_word' id='word_1_144' title='bbox 2923 882 3064 936; x_wconf 66' lang='lat' dir='ltr'><strong>villae</strong></span> <span class='ocrx_word' id='word_1_145' title='bbox 3109 892 3370 936; x_wconf 87' lang='lat' dir='ltr'><strong>statutum</strong></span> <span class='ocrx_word' id='word_1_146' title='bbox 3411 892 3495 939; x_wconf 90' lang='lat' dir='ltr'><strong>est</strong></span> <span class='ocrx_word' id='word_1_147' title='bbox 3524 887 3722 954; x_wconf 86' lang='lat' dir='ltr'><strong>quodin</strong></span> 
     </span>
    </p>
   </div>
   <div class='ocr_carea' id='block_1_23' title="bbox 2175 969 3719 1042">
    <p class='ocr_par' dir='ltr' id='par_1_23' title="bbox 2175 969 3719 1042">
     <span class='ocr_line' id='line_1_23' title="bbox 2175 969 3719 1042; baseline 0.006 -20"><span class='ocrx_word' id='word_1_148' title='bbox 2175 969 2321 1029; x_wconf 85' lang='lat' dir='ltr'><strong>exitu</strong></span> <span class='ocrx_word' id='word_1_149' title='bbox 2355 987 2458 1024; x_wconf 79' lang='lat' dir='ltr'><strong>non</strong></span> <span class='ocrx_word' id='word_1_150' title='bbox 2489 971 2723 1027; x_wconf 80' lang='lat' dir='ltr'><strong>debeant</strong></span> <span class='ocrx_word' id='word_1_151' title='bbox 2746 971 2877 1026; x_wconf 74' lang='lat' dir='ltr'><strong>dare</strong></span> <span class='ocrx_word' id='word_1_152' title='bbox 2907 970 3166 1034; x_wconf 89' lang='lat' dir='ltr'><strong>lemnam,</strong></span> <span class='ocrx_word' id='word_1_153' title='bbox 3199 972 3299 1024; x_wconf 89' lang='lat' dir='ltr'><strong>nisi</strong></span> <span class='ocrx_word' id='word_1_154' title='bbox 3331 971 3398 1026; x_wconf 88' lang='lat' dir='ltr'><strong>de</strong></span> <span class='ocrx_word' id='word_1_155' title='bbox 3427 973 3584 1036; x_wconf 85' lang='lat' dir='ltr'><strong>ferro,</strong></span> <span class='ocrx_word' id='word_1_156' title='bbox 3609 976 3719 1042; x_wconf 85' lang='lat' dir='ltr'><strong>sale,</strong></span> 
     </span>
    </p>
   </div>
   <div class='ocr_carea' id='block_1_24' title="bbox 2174 1059 3722 1132">
    <p class='ocr_par' dir='ltr' id='par_1_24' title="bbox 2174 1059 3722 1132">
     <span class='ocr_line' id='line_1_24' title="bbox 2174 1059 3722 1132; baseline 0.006 -20"><span class='ocrx_word' id='word_1_157' title='bbox 2174 1068 2230 1113; x_wconf 92' lang='lat' dir='ltr'><strong>et</strong></span> <span class='ocrx_word' id='word_1_158' title='bbox 2279 1059 2536 1128; x_wconf 86' lang='lat' dir='ltr'><strong>piscibus.</strong></span> <span class='ocrx_word' id='word_1_159' title='bbox 2577 1062 2964 1116; x_wconf 75' lang='lat' dir='ltr'><strong>Verumtamen</strong></span> <span class='ocrx_word' id='word_1_160' title='bbox 3012 1063 3252 1132; x_wconf 85' lang='lat' dir='ltr'><strong>quandiu</strong></span> <span class='ocrx_word' id='word_1_161' title='bbox 3306 1062 3553 1118; x_wconf 64' lang='lat' dir='ltr'><strong>nundinae</strong></span> <span class='ocrx_word' id='word_1_162' title='bbox 3589 1065 3722 1122; x_wconf 75' lang='lat' dir='ltr'><strong>dnra~</strong></span> 
     </span>
    </p>
   </div>
   <div class='ocr_carea' id='block_1_25' title="bbox 2177 1149 3719 1225">
    <p class='ocr_par' dir='ltr' id='par_1_25' title="bbox 2177 1149 3719 1225">
     <span class='ocr_line' id='line_1_25' title="bbox 2177 1149 3719 1225; baseline 0.006 -23"><span class='ocrx_word' id='word_1_163' title='bbox 2177 1151 2375 1216; x_wconf 89' lang='lat' dir='ltr'><strong>verint,</strong></span> <span class='ocrx_word' id='word_1_164' title='bbox 2411 1149 2525 1219; x_wconf 82' lang='lat' dir='ltr'><strong>jam</strong></span> <span class='ocrx_word' id='word_1_165' title='bbox 2553 1151 2682 1206; x_wconf 89' lang='lat' dir='ltr'><strong>dicti</strong></span> <span class='ocrx_word' id='word_1_166' title='bbox 2718 1153 3042 1225; x_wconf 73' lang='lat' dir='ltr'><strong>burgenses,</strong></span> <span class='ocrx_word' id='word_1_167' title='bbox 3088 1152 3231 1207; x_wconf 83' lang='lat' dir='ltr'><strong>sicut</strong></span> <span class='ocrx_word' id='word_1_168' title='bbox 3259 1155 3440 1209; x_wconf 73' lang='lat' dir='ltr'><strong>eteteri</strong></span> <span class='ocrx_word' id='word_1_169' title='bbox 3489 1154 3719 1225; x_wconf 79' lang='lat' dir='ltr'><strong>homines,</strong></span> 
     </span>
    </p>
   </div>
   <div class='ocr_carea' id='block_1_26' title="bbox 2175 1241 2770 1312">
    <p class='ocr_par' dir='ltr' id='par_1_26' title="bbox 2175 1241 2770 1312">
     <span class='ocr_line' id='line_1_26' title="bbox 2175 1241 2770 1312; baseline 0.002 -14"><span class='ocrx_word' id='word_1_170' title='bbox 2175 1241 2407 1298; x_wconf 87' lang='lat' dir='ltr'><strong>lemnam</strong></span> <span class='ocrx_word' id='word_1_171' title='bbox 2440 1243 2770 1312; x_wconf 83' lang='lat' dir='ltr'><strong>persolvant.</strong></span> 
     </span>
    </p>
   </div>
   <div class='ocr_carea' id='block_1_27' title="bbox 2245 1334 3724 1409">
    <p class='ocr_par' dir='ltr' id='par_1_27' title="bbox 2245 1334 3724 1409">
     <span class='ocr_line' id='line_1_27' title="bbox 2245 1334 3724 1409; baseline 0.003 -17"><span class='ocrx_word' id='word_1_172' title='bbox 2245 1334 2333 1392; x_wconf 74' lang='grc'><strong>14.</strong></span> <span class='ocrx_word' id='word_1_173' title='bbox 2377 1336 2651 1391; x_wconf 88' lang='lat' dir='ltr'><strong>Statutum</strong></span> <span class='ocrx_word' id='word_1_174' title='bbox 2698 1337 2863 1393; x_wconf 83' lang='lat' dir='ltr'><strong>etiam</strong></span> <span class='ocrx_word' id='word_1_175' title='bbox 2912 1335 3050 1404; x_wconf 86' lang='lat' dir='ltr'><strong>fuit,</strong></span> <span class='ocrx_word' id='word_1_176' title='bbox 3107 1337 3249 1409; x_wconf 83' lang='lat' dir='ltr'><strong>quod</strong></span> <span class='ocrx_word' id='word_1_177' title='bbox 3303 1338 3348 1393; x_wconf 88' lang='lat' dir='ltr'><strong>si</strong></span> <span class='ocrx_word' id='word_1_178' title='bbox 3395 1339 3516 1409; x_wconf 90' lang='lat' dir='ltr'><strong>quis</strong></span> <span class='ocrx_word' id='word_1_179' title='bbox 3565 1339 3724 1397; x_wconf 72' lang='lat' dir='ltr'><strong>falsam</strong></span> 
     </span>
    </p>
   </div>
   <div class='ocr_carea' id='block_1_28' title="bbox 2173 1427 3727 1499">
    <p class='ocr_par' dir='ltr' id='par_1_28' title="bbox 2173 1427 3727 1499">
     <span class='ocr_line' id='line_1_28' title="bbox 2173 1427 3727 1499; baseline 0.005 -18"><span class='ocrx_word' id='word_1_180' title='bbox 2173 1442 2485 1482; x_wconf 88' lang='lat' dir='ltr'><strong>mensuram</strong></span> <span class='ocrx_word' id='word_1_181' title='bbox 2540 1427 2609 1484; x_wconf 90' lang='lat' dir='ltr'><strong>de</strong></span> <span class='ocrx_word' id='word_1_182' title='bbox 2655 1443 2980 1499; x_wconf 89' lang='lat' dir='ltr'><strong>quacunque</strong></span> <span class='ocrx_word' id='word_1_183' title='bbox 3033 1444 3128 1496; x_wconf 92' lang='lat' dir='ltr'><strong>re,</strong></span> <span class='ocrx_word' id='word_1_184' title='bbox 3187 1429 3256 1484; x_wconf 89' lang='lat' dir='ltr'><strong>ad</strong></span> <span class='ocrx_word' id='word_1_185' title='bbox 3308 1430 3619 1498; x_wconf 90' lang='lat' dir='ltr'><strong>emendum,</strong></span> <span class='ocrx_word' id='word_1_186' title='bbox 3661 1434 3727 1488; x_wconf 85' lang='lat' dir='ltr'><strong>vel</strong></span> 
     </span>
    </p>
   </div>
   <div class='ocr_carea' id='block_1_29' title="bbox 2175 1521 3727 1592">
    <p class='ocr_par' dir='ltr' id='par_1_29' title="bbox 2175 1521 3727 1592">
     <span class='ocr_line' id='line_1_29' title="bbox 2175 1521 3727 1592; baseline 0.003 -20"><span class='ocrx_word' id='word_1_187' title='bbox 2175 1521 2538 1586; x_wconf 84' lang='lat' dir='ltr'><strong>vendendum,</strong></span> <span class='ocrx_word' id='word_1_188' title='bbox 2581 1521 2863 1586; x_wconf 90' lang='lat' dir='ltr'><strong>babuerit,</strong></span> <span class='ocrx_word' id='word_1_189' title='bbox 2914 1523 3032 1578; x_wconf 92' lang='lat' dir='ltr'><strong>sine</strong></span> <span class='ocrx_word' id='word_1_190' title='bbox 3079 1522 3450 1577; x_wconf 83' lang='lat' dir='ltr'><strong>misericordia</strong></span> <span class='ocrx_word' id='word_1_191' title='bbox 3493 1523 3727 1592; x_wconf 80' lang='lat' dir='ltr'><strong>persolvat</strong></span> 
     </span>
    </p>
   </div>
   <div class='ocr_carea' id='block_1_30' title="bbox 2177 1610 3728 1680">
    <p class='ocr_par' dir='ltr' id='par_1_30' title="bbox 2177 1610 3728 1680">
     <span class='ocr_line' id='line_1_30' title="bbox 2177 1610 3728 1680; baseline 0.003 -16"><span class='ocrx_word' id='word_1_192' title='bbox 2177 1610 2358 1666; x_wconf 86' lang='lat' dir='ltr'><strong>abbati</strong></span> <span class='ocrx_word' id='word_1_193' title='bbox 2398 1621 2494 1667; x_wconf 85' lang='lat' dir='ltr'><strong>sex</strong></span> <span class='ocrx_word' id='word_1_194' title='bbox 2526 1612 2762 1680; x_wconf 87' lang='lat' dir='ltr'><strong>solidos;</strong></span> <span class='ocrx_word' id='word_1_195' title='bbox 2805 1613 2849 1668; x_wconf 90' lang='lat' dir='ltr'><strong>si</strong></span> <span class='ocrx_word' id='word_1_196' title='bbox 2884 1629 3013 1669; x_wconf 91' lang='lat' dir='ltr'><strong>vero</strong></span> <span class='ocrx_word' id='word_1_197' title='bbox 3040 1612 3108 1668; x_wconf 88' lang='lat' dir='ltr'><strong>de</strong></span> <span class='ocrx_word' id='word_1_198' title='bbox 3146 1627 3402 1668; x_wconf 89' lang='lat' dir='ltr'><strong>mensura</strong></span> <span class='ocrx_word' id='word_1_199' title='bbox 3439 1612 3568 1666; x_wconf 84' lang='lat' dir='ltr'><strong>falsa</strong></span> <span class='ocrx_word' id='word_1_200' title='bbox 3593 1615 3728 1670; x_wconf 86' lang='lat' dir='ltr'><strong>vicini</strong></span> 
     </span>
    </p>
   </div>
   <div class='ocr_carea' id='block_1_31' title="bbox 2176 1702 3729 1774">
    <p class='ocr_par' dir='ltr' id='par_1_31' title="bbox 2176 1702 3729 1774">
     <span class='ocr_line' id='line_1_31' title="bbox 2176 1702 3729 1774; baseline 0.001 -17"><span class='ocrx_word' id='word_1_201' title='bbox 2176 1703 2456 1773; x_wconf 88' lang='lat' dir='ltr'><strong>conquesti</strong></span> <span class='ocrx_word' id='word_1_202' title='bbox 2489 1703 2711 1769; x_wconf 86' lang='lat' dir='ltr'><strong>fuerint,</strong></span> <span class='ocrx_word' id='word_1_203' title='bbox 2759 1719 2857 1774; x_wconf 87' lang='lat' dir='ltr'><strong>pro</strong></span> <span class='ocrx_word' id='word_1_204' title='bbox 2883 1717 3213 1774; x_wconf 87' lang='lat' dir='ltr'><strong>unoquoque</strong></span> <span class='ocrx_word' id='word_1_205' title='bbox 3261 1713 3620 1774; x_wconf 80' lang='lat' dir='ltr'><strong>conquerente</strong></span> <span class='ocrx_word' id='word_1_206' title='bbox 3653 1702 3729 1760; x_wconf 81' lang='lat' dir='ltr'><strong>ab-</strong></span> 
     </span>
    </p>
   </div>
   <div class='ocr_carea' id='block_1_32' title="bbox 2177 1793 3730 1867">
    <p class='ocr_par' dir='ltr' id='par_1_32' title="bbox 2177 1793 3730 1867">
     <span class='ocr_line' id='line_1_32' title="bbox 2177 1793 3730 1867; baseline 0.002 -20"><span class='ocrx_word' id='word_1_207' title='bbox 2177 1793 2275 1850; x_wconf 89' lang='lat' dir='ltr'><strong>bas</strong></span> <span class='ocrx_word' id='word_1_208' title='bbox 2299 1809 2396 1849; x_wconf 88' lang='lat' dir='ltr'><strong>sex</strong></span> <span class='ocrx_word' id='word_1_209' title='bbox 2423 1794 2630 1851; x_wconf 83' lang='lat' dir='ltr'><strong>solidos</strong></span> <span class='ocrx_word' id='word_1_210' title='bbox 2663 1795 2885 1863; x_wconf 83' lang='lat' dir='ltr'><strong>habeat,</strong></span> <span class='ocrx_word' id='word_1_211' title='bbox 2920 1803 2974 1851; x_wconf 89' lang='lat' dir='ltr'><strong>et</strong></span> <span class='ocrx_word' id='word_1_212' title='bbox 3007 1795 3470 1867; x_wconf 89' lang='lat' dir='ltr'><strong>conquerentibus</strong></span> <span class='ocrx_word' id='word_1_213' title='bbox 3511 1793 3730 1850; x_wconf 81' lang='lat' dir='ltr'><strong>falsarios</strong></span> 
     </span>
    </p>
   </div>
   <div class='ocr_carea' id='block_1_33' title="bbox 475 1863 2733 1958">
    <p class='ocr_par' dir='ltr' id='par_1_33' title="bbox 475 1863 2733 1958">
     <span class='ocr_line' id='line_1_33' title="bbox 475 1863 2733 1958; baseline -0.001 -14"><span class='ocrx_word' id='word_1_214' title='bbox 475 1863 720 1958; x_wconf 73' lang='lat' dir='ltr'><strong>tempore</strong></span> <span class='ocrx_word' id='word_1_215' title='bbox 763 1888 852 1942; x_wconf 87' lang='lat' dir='ltr'><strong>illa</strong></span> <span class='ocrx_word' id='word_1_216' title='bbox 907 1887 1125 1950; x_wconf 85' lang='lat' dir='ltr'><strong>vendat,</strong></span> <span class='ocrx_word' id='word_1_217' title='bbox 1173 1887 1312 1942; x_wconf 92' lang='lat' dir='ltr'><strong>liber</strong></span> <span class='ocrx_word' id='word_1_218' title='bbox 1357 1887 1463 1942; x_wconf 90' lang='lat' dir='ltr'><strong>erit</strong></span> <span class='ocrx_word' id='word_1_219' title='bbox 1511 1903 1541 1941; x_wconf 93' lang='lat' dir='ltr'><strong>a</strong></span> <span class='ocrx_word' id='word_1_220' title='bbox 1590 1863 1780 1942; x_wconf 51' lang='lat' dir='ltr'><strong>lesda:</strong></span> <span class='ocrx_word' id='word_1_221' title='bbox 1809 1863 2067 1944; x_wconf 81' lang='lat' dir='ltr'><strong>Eamdetn</strong></span> <span class='ocrx_word' id='word_1_222' title='bbox 2102 1863 2146 1920; x_wconf 72' lang='grc' dir='ltr'><strong><em>Β</em></strong></span> <span class='ocrx_word' id='word_1_223' title='bbox 2176 1881 2428 1938; x_wconf 79' lang='lat' dir='ltr'><strong>damnum</strong></span> <span class='ocrx_word' id='word_1_224' title='bbox 2458 1886 2733 1940; x_wconf 81' lang='lat' dir='ltr'><strong>restituat.</strong></span> 
     </span>
    </p>
   </div>
   <div class='ocr_carea' id='block_1_34' title="bbox 471 1979 2068 2050">
    <p class='ocr_par' dir='ltr' id='par_1_34' title="bbox 471 1979 2068 2050">
     <span class='ocr_line' id='line_1_34' title="bbox 471 1979 2068 2050; baseline 0 -14"><span class='ocrx_word' id='word_1_225' title='bbox 471 1981 783 2036; x_wconf 88' lang='lat' dir='ltr'><strong>libertatem</strong></span> <span class='ocrx_word' id='word_1_226' title='bbox 828 1981 1014 2048; x_wconf 85' lang='lat' dir='ltr'><strong>habet,</strong></span> <span class='ocrx_word' id='word_1_227' title='bbox 1063 1979 1108 2034; x_wconf 88' lang='lat' dir='ltr'><strong>si</strong></span> <span class='ocrx_word' id='word_1_228' title='bbox 1155 1980 1341 2044; x_wconf 83' lang='lat' dir='ltr'><strong>boves,</strong></span> <span class='ocrx_word' id='word_1_229' title='bbox 1385 1994 1602 2046; x_wconf 88' lang='lat' dir='ltr'><strong>vaccas,</strong></span> <span class='ocrx_word' id='word_1_230' title='bbox 1650 1995 1802 2044; x_wconf 88' lang='lat' dir='ltr'><strong>oves,</strong></span> <span class='ocrx_word' id='word_1_231' title='bbox 1851 1995 2068 2050; x_wconf 82' lang='lat' dir='ltr'><strong>capras,</strong></span> 
     </span>
    </p>
   </div>
   <div class='ocr_carea' id='block_1_35' title="bbox 471 2071 2066 2144">
    <p class='ocr_par' dir='ltr' id='par_1_35' title="bbox 471 2071 2066 2144">
     <span class='ocr_line' id='line_1_35' title="bbox 471 2071 2066 2144; baseline -0.003 -15"><span class='ocrx_word' id='word_1_232' title='bbox 471 2089 668 2144; x_wconf 84' lang='lat' dir='ltr'><strong>porcos</strong></span> <span class='ocrx_word' id='word_1_233' title='bbox 715 2072 1042 2139; x_wconf 79' lang='lat' dir='ltr'><strong>vendiderit,</strong></span> <span class='ocrx_word' id='word_1_234' title='bbox 1093 2071 1199 2126; x_wconf 84' lang='lat' dir='ltr'><strong>nisi</strong></span> <span class='ocrx_word' id='word_1_235' title='bbox 1247 2080 1459 2125; x_wconf 89' lang='lat' dir='ltr'><strong>tantum</strong></span> <span class='ocrx_word' id='word_1_236' title='bbox 1507 2085 1571 2125; x_wconf 87' lang='lat' dir='ltr'><strong>ea</strong></span> <span class='ocrx_word' id='word_1_237' title='bbox 1618 2071 1671 2124; x_wconf 91' lang='lat' dir='ltr'><strong>in</strong></span> <span class='ocrx_word' id='word_1_238' title='bbox 1724 2071 1951 2127; x_wconf 91' lang='lat' dir='ltr'><strong>macello</strong></span> <span class='ocrx_word' id='word_1_239' title='bbox 1982 2072 2066 2127; x_wconf 87' lang='lat' dir='ltr'><strong>vel</strong></span> 
     </span>
    </p>
   </div>
   <div class='ocr_carea' id='block_1_36' title="bbox 473 2161 2067 2229">
    <p class='ocr_par' dir='ltr' id='par_1_36' title="bbox 473 2161 2067 2229">
     <span class='ocr_line' id='line_1_36' title="bbox 473 2161 2067 2229; baseline -0.001 -8"><span class='ocrx_word' id='word_1_240' title='bbox 473 2175 718 2221; x_wconf 76' lang='lat' dir='ltr'><strong>mercato</strong></span> <span class='ocrx_word' id='word_1_241' title='bbox 767 2175 972 2220; x_wconf 89' lang='lat' dir='ltr'><strong>statuto</strong></span> <span class='ocrx_word' id='word_1_242' title='bbox 1017 2163 1346 2218; x_wconf 84' lang='lat' dir='ltr'><strong>vendiderit.</strong></span> <span class='ocrx_word' id='word_1_243' title='bbox 1398 2161 1456 2216; x_wconf 90' lang='lat' dir='ltr'><strong>Si</strong></span> <span class='ocrx_word' id='word_1_244' title='bbox 1489 2178 1620 2218; x_wconf 91' lang='lat' dir='ltr'><strong>vero</strong></span> <span class='ocrx_word' id='word_1_245' title='bbox 1656 2178 1950 2229; x_wconf 89' lang='lat' dir='ltr'><strong>annonam,</strong></span> <span class='ocrx_word' id='word_1_246' title='bbox 1979 2165 2067 2219; x_wconf 88' lang='lat' dir='ltr'><strong>vel</strong></span> 
     </span>
    </p>
   </div>
   <div class='ocr_carea' id='block_1_37' title="bbox 471 2253 2071 2326">
    <p class='ocr_par' dir='ltr' id='par_1_37' title="bbox 471 2253 2071 2326">
     <span class='ocr_line' id='line_1_37' title="bbox 471 2253 2071 2326; baseline 0 -16"><span class='ocrx_word' id='word_1_247' title='bbox 471 2256 618 2310; x_wconf 87' lang='lat' dir='ltr'><strong>aliud</strong></span> <span class='ocrx_word' id='word_1_248' title='bbox 659 2256 886 2318; x_wconf 88' lang='lat' dir='ltr'><strong>emerit,</strong></span> <span class='ocrx_word' id='word_1_249' title='bbox 925 2262 982 2309; x_wconf 88' lang='lat' dir='ltr'><strong>et</strong></span> <span class='ocrx_word' id='word_1_250' title='bbox 1021 2253 1162 2308; x_wconf 92' lang='lat' dir='ltr'><strong>intra</strong></span> <span class='ocrx_word' id='word_1_251' title='bbox 1204 2268 1449 2308; x_wconf 88' lang='lat' dir='ltr'><strong>mensem</strong></span> <span class='ocrx_word' id='word_1_252' title='bbox 1490 2266 1546 2308; x_wconf 90' lang='lat' dir='ltr'><strong>et</strong></span> <span class='ocrx_word' id='word_1_253' title='bbox 1584 2255 1728 2309; x_wconf 89' lang='lat' dir='ltr'><strong>diem</strong></span> <span class='ocrx_word' id='word_1_254' title='bbox 1771 2255 1974 2326; x_wconf 90' lang='lat' dir='ltr'><strong>aliquid</strong></span> <span class='ocrx_word' id='word_1_255' title='bbox 2003 2255 2071 2311; x_wconf 89' lang='lat' dir='ltr'><strong>de</strong></span> 
     </span>
    </p>
   </div>
   <div class='ocr_carea' id='block_1_38' title="bbox 471 2345 2067 2414">
    <p class='ocr_par' dir='ltr' id='par_1_38' title="bbox 471 2345 2067 2414">
     <span class='ocr_line' id='line_1_38' title="bbox 471 2345 2067 2414; baseline 0.001 -14"><span class='ocrx_word' id='word_1_256' title='bbox 471 2347 562 2402; x_wconf 89' lang='lat' dir='ltr'><strong>illa</strong></span> <span class='ocrx_word' id='word_1_257' title='bbox 608 2355 915 2401; x_wconf 82' lang='lat' dir='ltr'><strong>mercatura</strong></span> <span class='ocrx_word' id='word_1_258' title='bbox 939 2345 1284 2413; x_wconf 88' lang='lat' dir='ltr'><strong>vendiderit,</strong></span> <span class='ocrx_word' id='word_1_259' title='bbox 1337 2345 1539 2402; x_wconf 87' lang='lat' dir='ltr'><strong>lesdam</strong></span> <span class='ocrx_word' id='word_1_260' title='bbox 1585 2359 1684 2414; x_wconf 92' lang='lat' dir='ltr'><strong>pro</strong></span> <span class='ocrx_word' id='word_1_261' title='bbox 1737 2355 1848 2400; x_wconf 89' lang='lat' dir='ltr'><strong>toto</strong></span> <span class='ocrx_word' id='word_1_262' title='bbox 1895 2347 2067 2402; x_wconf 88' lang='lat' dir='ltr'><strong>dabit.</strong></span> 
     </span>
    </p>
   </div>
   <div class='ocr_carea' id='block_1_39' title="bbox 475 2435 2068 2505">
    <p class='ocr_par' dir='ltr' id='par_1_39' title="bbox 475 2435 2068 2505">
     <span class='ocr_line' id='line_1_39' title="bbox 475 2435 2068 2505; baseline -0.003 -11"><span class='ocrx_word' id='word_1_263' title='bbox 475 2438 734 2494; x_wconf 77' lang='lat' dir='ltr'><strong>Extranei</strong></span> <span class='ocrx_word' id='word_1_264' title='bbox 761 2451 912 2502; x_wconf 90' lang='lat' dir='ltr'><strong>vero,</strong></span> <span class='ocrx_word' id='word_1_265' title='bbox 941 2437 986 2491; x_wconf 87' lang='lat' dir='ltr'><strong>si</strong></span> <span class='ocrx_word' id='word_1_266' title='bbox 1016 2435 1219 2505; x_wconf 90' lang='lat' dir='ltr'><strong>aliquid</strong></span> <span class='ocrx_word' id='word_1_267' title='bbox 1242 2437 1436 2491; x_wconf 78' lang='lat' dir='ltr'><strong>venale</strong></span> <span class='ocrx_word' id='word_1_268' title='bbox 1469 2436 1536 2490; x_wconf 88' lang='lat' dir='ltr'><strong>ad</strong></span> <span class='ocrx_word' id='word_1_269' title='bbox 1559 2435 1738 2489; x_wconf 90' lang='lat' dir='ltr'><strong>villam</strong></span> <span class='ocrx_word' id='word_1_270' title='bbox 1763 2435 2068 2504; x_wconf 89' lang='lat' dir='ltr'><strong>attulerint,</strong></span> 
     </span>
    </p>
   </div>
   <div class='ocr_carea' id='block_1_40' title="bbox 471 2525 2067 2596">
    <p class='ocr_par' dir='ltr' id='par_1_40' title="bbox 471 2525 2067 2596">
     <span class='ocr_line' id='line_1_40' title="bbox 471 2525 2067 2596; baseline 0 -14"><span class='ocrx_word' id='word_1_271' title='bbox 471 2529 590 2582; x_wconf 82' lang='lat' dir='ltr'><strong>sive</strong></span> <span class='ocrx_word' id='word_1_272' title='bbox 639 2527 691 2580; x_wconf 90' lang='lat' dir='ltr'><strong>in</strong></span> <span class='ocrx_word' id='word_1_273' title='bbox 735 2525 1021 2596; x_wconf 70' lang='lat' dir='ltr'><strong>praesenti,</strong></span> <span class='ocrx_word' id='word_1_274' title='bbox 1079 2525 1194 2580; x_wconf 82' lang='lat' dir='ltr'><strong>sive</strong></span> <span class='ocrx_word' id='word_1_275' title='bbox 1237 2525 1293 2580; x_wconf 89' lang='lat' dir='ltr'><strong>in</strong></span> <span class='ocrx_word' id='word_1_276' title='bbox 1359 2526 1574 2591; x_wconf 89' lang='lat' dir='ltr'><strong>futuro,</strong></span> <span class='ocrx_word' id='word_1_277' title='bbox 1620 2526 1968 2583; x_wconf 88' lang='lat' dir='ltr'><strong>vendiderint</strong></span> <span class='ocrx_word' id='word_1_278' title='bbox 2013 2526 2067 2582; x_wconf 92' lang='lat' dir='ltr'><strong>in</strong></span> 
     </span>
    </p>
   </div>
   <div class='ocr_carea' id='block_1_41' title="bbox 472 2617 2068 2689">
    <p class='ocr_par' dir='ltr' id='par_1_41' title="bbox 472 2617 2068 2689">
     <span class='ocr_line' id='line_1_41' title="bbox 472 2617 2068 2689; baseline -0.001 -15"><span class='ocrx_word' id='word_1_279' title='bbox 472 2620 694 2674; x_wconf 80' lang='lat' dir='ltr'><strong>introitu</strong></span> <span class='ocrx_word' id='word_1_280' title='bbox 732 2627 1032 2689; x_wconf 90' lang='lat' dir='ltr'><strong>portarum,</strong></span> <span class='ocrx_word' id='word_1_281' title='bbox 1071 2617 1274 2672; x_wconf 90' lang='lat' dir='ltr'><strong>lesdam</strong></span> <span class='ocrx_word' id='word_1_282' title='bbox 1313 2617 1644 2689; x_wconf 84' lang='lat' dir='ltr'><strong>persolvant,</strong></span> <span class='ocrx_word' id='word_1_283' title='bbox 1679 2618 1763 2672; x_wconf 89' lang='lat' dir='ltr'><strong>vel</strong></span> <span class='ocrx_word' id='word_1_284' title='bbox 1794 2617 2068 2674; x_wconf 83' lang='lat' dir='ltr'><strong>securita-</strong></span> 
     </span>
    </p>
   </div>
   <div class='ocr_carea' id='block_1_42' title="bbox 477 2707 1570 2764">
    <p class='ocr_par' dir='ltr' id='par_1_42' title="bbox 477 2707 1570 2764">
     <span class='ocr_line' id='line_1_42' title="bbox 477 2707 1570 2764; baseline -0.002 0"><span class='ocrx_word' id='word_1_285' title='bbox 477 2719 586 2764; x_wconf 89' lang='lat' dir='ltr'><strong>tem</strong></span> <span class='ocrx_word' id='word_1_286' title='bbox 619 2724 725 2763; x_wconf 92' lang='lat' dir='ltr'><strong>non</strong></span> <span class='ocrx_word' id='word_1_287' title='bbox 757 2708 1020 2763; x_wconf 86' lang='lat' dir='ltr'><strong>vendendi</strong></span> <span class='ocrx_word' id='word_1_288' title='bbox 1053 2707 1318 2763; x_wconf 90' lang='lat' dir='ltr'><strong>lemnario</strong></span> <span class='ocrx_word' id='word_1_289' title='bbox 1347 2707 1570 2762; x_wconf 86' lang='lat' dir='ltr'><strong>faciant.</strong></span> 
     </span>
    </p>
   </div>
   <div class='ocr_carea' id='block_1_43' title="bbox 551 2801 2062 2871">
    <p class='ocr_par' dir='ltr' id='par_1_43' title="bbox 551 2801 2062 2871">
     <span class='ocr_line' id='line_1_43' title="bbox 551 2801 2062 2871; baseline -0.001 -13"><span class='ocrx_word' id='word_1_290' title='bbox 551 2803 606 2858; x_wconf 92' lang='lat'><strong>8.</strong></span> <span class='ocrx_word' id='word_1_291' title='bbox 649 2801 922 2857; x_wconf 84' lang='lat' dir='ltr'><strong>Statutum</strong></span> <span class='ocrx_word' id='word_1_292' title='bbox 949 2802 1114 2856; x_wconf 87' lang='lat' dir='ltr'><strong>etiam</strong></span> <span class='ocrx_word' id='word_1_293' title='bbox 1157 2801 1256 2856; x_wconf 90' lang='lat' dir='ltr'><strong>fuit</strong></span> <span class='ocrx_word' id='word_1_294' title='bbox 1293 2803 1456 2871; x_wconf 90' lang='lat' dir='ltr'><strong>quod,</strong></span> <span class='ocrx_word' id='word_1_295' title='bbox 1489 2803 1533 2856; x_wconf 94' lang='lat' dir='ltr'><strong>si</strong></span> <span class='ocrx_word' id='word_1_296' title='bbox 1566 2811 1837 2858; x_wconf 88' lang='lat' dir='ltr'><strong>mercator</strong></span> <span class='ocrx_word' id='word_1_297' title='bbox 1863 2803 2062 2870; x_wconf 85' lang='lat' dir='ltr'><strong>viator,</strong></span> 
     </span>
    </p>
   </div>
   <div class='ocr_carea' id='block_1_44' title="bbox 471 2884 2064 2966">
    <p class='ocr_par' dir='ltr' id='par_1_44' title="bbox 471 2884 2064 2966">
     <span class='ocr_line' id='line_1_44' title="bbox 471 2884 2064 2966; baseline 0.002 -17"><span class='ocrx_word' id='word_1_298' title='bbox 471 2905 534 2952; x_wconf 89' lang='lat' dir='ltr'><strong>ut</strong></span> <span class='ocrx_word' id='word_1_299' title='bbox 585 2884 868 2966; x_wconf 64' lang='lat' dir='ltr'><strong>pctlagitttn</strong></span> <span class='ocrx_word' id='word_1_300' title='bbox 916 2903 1089 2966; x_wconf 75' lang='lat' dir='ltr'><strong>possu</strong></span> <span class='ocrx_word' id='word_1_301' title='bbox 1130 2898 1382 2960; x_wconf 87' lang='lat' dir='ltr'><strong>evadere,</strong></span> <span class='ocrx_word' id='word_1_302' title='bbox 1433 2911 1462 2948; x_wconf 91' lang='lat' dir='ltr'><strong>a</strong></span> <span class='ocrx_word' id='word_1_303' title='bbox 1509 2903 1680 2950; x_wconf 85' lang='lat' dir='ltr'><strong>strata</strong></span> <span class='ocrx_word' id='word_1_304' title='bbox 1736 2895 2064 2963; x_wconf 90' lang='lat' dir='ltr'><strong>deviaverit,</strong></span> 
     </span>
    </p>
   </div>
   <div class='ocr_carea' id='block_1_45' title="bbox 469 2985 2063 3059">
    <p class='ocr_par' dir='ltr' id='par_1_45' title="bbox 469 2985 2063 3059">
     <span class='ocr_line' id='line_1_45' title="bbox 469 2985 2063 3059; baseline 0.001 -19"><span class='ocrx_word' id='word_1_305' title='bbox 469 2989 555 3043; x_wconf 86' lang='lat' dir='ltr'><strong>vel</strong></span> <span class='ocrx_word' id='word_1_306' title='bbox 586 3003 684 3059; x_wconf 89' lang='lat' dir='ltr'><strong>per</strong></span> <span class='ocrx_word' id='word_1_307' title='bbox 712 2987 896 3040; x_wconf 85' lang='lat' dir='ltr'><strong>villam</strong></span> <span class='ocrx_word' id='word_1_308' title='bbox 931 2986 1224 3050; x_wconf 85' lang='lat' dir='ltr'><strong>transiens,</strong></span> <span class='ocrx_word' id='word_1_309' title='bbox 1257 2985 1542 3056; x_wconf 80' lang='lat' dir='ltr'><strong>pedagium</strong></span> <span class='ocrx_word' id='word_1_310' title='bbox 1571 3001 1676 3039; x_wconf 90' lang='lat' dir='ltr'><strong>non</strong></span> <span class='ocrx_word' id='word_1_311' title='bbox 1709 2986 2063 3055; x_wconf 83' lang='lat' dir='ltr'><strong>persolverit;</strong></span> 
     </span>
    </p>
   </div>
   <div class='ocr_carea' id='block_1_46' title="bbox 471 3078 2067 3149">
    <p class='ocr_par' dir='ltr' id='par_1_46' title="bbox 471 3078 2067 3149">
     <span class='ocr_line' id='line_1_46' title="bbox 471 3078 2067 3149; baseline -0.003 -13"><span class='ocrx_word' id='word_1_312' title='bbox 471 3082 516 3136; x_wconf 87' lang='lat' dir='ltr'><strong>si</strong></span> <span class='ocrx_word' id='word_1_313' title='bbox 558 3080 816 3149; x_wconf 89' lang='lat' dir='ltr'><strong>consequi</strong></span> <span class='ocrx_word' id='word_1_314' title='bbox 868 3079 1090 3149; x_wconf 91' lang='lat' dir='ltr'><strong>poterit,</strong></span> <span class='ocrx_word' id='word_1_315' title='bbox 1132 3088 1498 3133; x_wconf 88' lang='lat' dir='ltr'><strong>mercaturam</strong></span> <span class='ocrx_word' id='word_1_316' title='bbox 1532 3078 1781 3144; x_wconf 85' lang='lat' dir='ltr'><strong>amittat;</strong></span> <span class='ocrx_word' id='word_1_317' title='bbox 1830 3081 1914 3136; x_wconf 87' lang='lat' dir='ltr'><strong>vel</strong></span> <span class='ocrx_word' id='word_1_318' title='bbox 1942 3094 2067 3135; x_wconf 76' lang='lat' dir='ltr'><strong>eam</strong></span> 
     </span>
    </p>
   </div>
   <div class='ocr_carea' id='block_1_47' title="bbox 472 3172 1169 3240">
    <p class='ocr_par' dir='ltr' id='par_1_47' title="bbox 472 3172 1169 3240">
     <span class='ocr_line' id='line_1_47' title="bbox 472 3172 1169 3240; baseline -0.009 -12"><span class='ocrx_word' id='word_1_319' title='bbox 472 3188 595 3228; x_wconf 87' lang='lat' dir='ltr'><strong>cmn</strong></span> <span class='ocrx_word' id='word_1_320' title='bbox 627 3172 823 3228; x_wconf 86' lang='lat' dir='ltr'><strong>abbate</strong></span> <span class='ocrx_word' id='word_1_321' title='bbox 857 3178 1169 3240; x_wconf 85' lang='lat' dir='ltr'><strong>componat.</strong></span> 
     </span>
    </p>
   </div>
   <div class='ocr_carea' id='block_1_48' title="bbox 2247 1968 3730 2033">
    <p class='ocr_par' dir='ltr' id='par_1_48' title="bbox 2247 1968 3730 2033">
     <span class='ocr_line' id='line_1_48' title="bbox 2247 1968 3730 2033; baseline -0.001 -4"><span class='ocrx_word' id='word_1_322' title='bbox 2247 1974 2335 2030; x_wconf 87' lang='grc'><strong>15.</strong></span> <span class='ocrx_word' id='word_1_323' title='bbox 2375 1976 2456 2031; x_wconf 80' lang='lat' dir='ltr'><strong>Ad</strong></span> <span class='ocrx_word' id='word_1_324' title='bbox 2497 1976 2745 2030; x_wconf 90' lang='lat' dir='ltr'><strong>ultimum</strong></span> <span class='ocrx_word' id='word_1_325' title='bbox 2795 1975 2986 2033; x_wconf 85' lang='lat' dir='ltr'><strong>videns</strong></span> <span class='ocrx_word' id='word_1_326' title='bbox 3043 1975 3210 2032; x_wconf 87' lang='lat' dir='ltr'><strong>abbas</strong></span> <span class='ocrx_word' id='word_1_327' title='bbox 3256 1968 3540 2032; x_wconf 83' lang='lat' dir='ltr'><strong>raritatem</strong></span> <span class='ocrx_word' id='word_1_328' title='bbox 3585 1974 3730 2031; x_wconf 83' lang='lat' dir='ltr'><strong>boml-</strong></span> 
     </span>
    </p>
   </div>
   <div class='ocr_carea' id='block_1_49' title="bbox 2173 2065 3731 2138">
    <p class='ocr_par' dir='ltr' id='par_1_49' title="bbox 2173 2065 3731 2138">
     <span class='ocr_line' id='line_1_49' title="bbox 2173 2065 3731 2138; baseline 0.002 -19"><span class='ocrx_word' id='word_1_329' title='bbox 2173 2077 2325 2130; x_wconf 89' lang='lat' dir='ltr'><strong>num,</strong></span> <span class='ocrx_word' id='word_1_330' title='bbox 2359 2077 2413 2121; x_wconf 90' lang='lat' dir='ltr'><strong>et</strong></span> <span class='ocrx_word' id='word_1_331' title='bbox 2441 2068 2582 2135; x_wconf 87' lang='lat' dir='ltr'><strong>quod</strong></span> <span class='ocrx_word' id='word_1_332' title='bbox 2620 2067 2686 2122; x_wconf 89' lang='lat' dir='ltr'><strong>de</strong></span> <span class='ocrx_word' id='word_1_333' title='bbox 2721 2066 2865 2122; x_wconf 80' lang='lat' dir='ltr'><strong>facili</strong></span> <span class='ocrx_word' id='word_1_334' title='bbox 2901 2083 3005 2122; x_wconf 83' lang='lat' dir='ltr'><strong>non</strong></span> <span class='ocrx_word' id='word_1_335' title='bbox 3036 2078 3221 2138; x_wconf 82' lang='lat' dir='ltr'><strong>posset</strong></span> <span class='ocrx_word' id='word_1_336' title='bbox 3253 2068 3379 2123; x_wconf 88' lang='lat' dir='ltr'><strong>villa</strong></span> <span class='ocrx_word' id='word_1_337' title='bbox 3413 2065 3660 2138; x_wconf 85' lang='lat' dir='ltr'><strong>populari,</strong></span> <span class='ocrx_word' id='word_1_338' title='bbox 3685 2077 3731 2122; x_wconf 87' lang='lat' dir='ltr'><strong>ut</strong></span> 
     </span>
    </p>
   </div>
   <div class='ocr_carea' id='block_1_50' title="bbox 2173 2153 3732 2230">
    <p class='ocr_par' dir='ltr' id='par_1_50' title="bbox 2173 2153 3732 2230">
     <span class='ocr_line' id='line_1_50' title="bbox 2173 2153 3732 2230; baseline 0.002 -18"><span class='ocrx_word' id='word_1_339' title='bbox 2173 2157 2336 2213; x_wconf 90' lang='lat' dir='ltr'><strong>citius</strong></span> <span class='ocrx_word' id='word_1_340' title='bbox 2385 2158 2752 2229; x_wconf 78' lang='lat' dir='ltr'><strong>popularetur,</strong></span> <span class='ocrx_word' id='word_1_341' title='bbox 2801 2160 2934 2215; x_wconf 79' lang='lat' dir='ltr'><strong>dixit</strong></span> <span class='ocrx_word' id='word_1_342' title='bbox 2981 2170 3037 2216; x_wconf 93' lang='lat' dir='ltr'><strong>et</strong></span> <span class='ocrx_word' id='word_1_343' title='bbox 3085 2161 3391 2226; x_wconf 77' lang='lat' dir='ltr'><strong>Concessit,</strong></span> <span class='ocrx_word' id='word_1_344' title='bbox 3446 2153 3582 2230; x_wconf 81' lang='lat' dir='ltr'><strong>quod</strong></span> <span class='ocrx_word' id='word_1_345' title='bbox 3615 2159 3732 2215; x_wconf 91' lang='lat' dir='ltr'><strong>side</strong></span> 
     </span>
    </p>
   </div>
   <div class='ocr_carea' id='block_1_51' title="bbox 2173 2251 3730 2321">
    <p class='ocr_par' dir='ltr' id='par_1_51' title="bbox 2173 2251 3730 2321">
     <span class='ocr_line' id='line_1_51' title="bbox 2173 2251 3730 2321; baseline 0.003 -16"><span class='ocrx_word' id='word_1_346' title='bbox 2173 2251 2490 2307; x_wconf 88' lang='lat' dir='ltr'><strong>hominibus</strong></span> <span class='ocrx_word' id='word_1_347' title='bbox 2519 2252 2704 2308; x_wconf 84' lang='lat' dir='ltr'><strong>Sancti</strong></span> <span class='ocrx_word' id='word_1_348' title='bbox 2733 2251 2924 2309; x_wconf 89' lang='lat' dir='ltr'><strong>Severi</strong></span> <span class='ocrx_word' id='word_1_349' title='bbox 2953 2255 3148 2310; x_wconf 89' lang='lat' dir='ltr'><strong>vellent</strong></span> <span class='ocrx_word' id='word_1_350' title='bbox 3188 2257 3258 2310; x_wconf 87' lang='lat' dir='ltr'><strong>ibi</strong></span> <span class='ocrx_word' id='word_1_351' title='bbox 3295 2254 3526 2310; x_wconf 77' lang='lat' dir='ltr'><strong>aediﬁcia</strong></span> <span class='ocrx_word' id='word_1_352' title='bbox 3561 2253 3730 2321; x_wconf 82' lang='lat' dir='ltr'><strong>facere,</strong></span> 
     </span>
    </p>
   </div>
   <div class='ocr_carea' id='block_1_52' title="bbox 2175 2343 3731 2413">
    <p class='ocr_par' dir='ltr' id='par_1_52' title="bbox 2175 2343 3731 2413">
     <span class='ocr_line' id='line_1_52' title="bbox 2175 2343 3731 2413; baseline 0.003 -17"><span class='ocrx_word' id='word_1_353' title='bbox 2175 2345 2316 2413; x_wconf 87' lang='lat' dir='ltr'><strong>quod</strong></span> <span class='ocrx_word' id='word_1_354' title='bbox 2364 2343 2549 2400; x_wconf 89' lang='lat' dir='ltr'><strong>liceret</strong></span> <span class='ocrx_word' id='word_1_355' title='bbox 2601 2345 2682 2400; x_wconf 88' lang='lat' dir='ltr'><strong>eis</strong></span> <span class='ocrx_word' id='word_1_356' title='bbox 2738 2346 2880 2400; x_wconf 88' lang='lat' dir='ltr'><strong>intra</strong></span> <span class='ocrx_word' id='word_1_357' title='bbox 2928 2347 3270 2410; x_wconf 88' lang='lat' dir='ltr'><strong>viccnninm;</strong></span> <span class='ocrx_word' id='word_1_358' title='bbox 3329 2347 3579 2404; x_wconf 89' lang='lat' dir='ltr'><strong>viccnnio</strong></span> <span class='ocrx_word' id='word_1_359' title='bbox 3628 2363 3731 2402; x_wconf 88' lang='lat' dir='ltr'><strong>vero</strong></span> 
     </span>
    </p>
   </div>
   <div class='ocr_carea' id='block_1_53' title="bbox 2173 2436 3730 2508">
    <p class='ocr_par' dir='ltr' id='par_1_53' title="bbox 2173 2436 3730 2508">
     <span class='ocr_line' id='line_1_53' title="bbox 2173 2436 3730 2508; baseline 0.001 -20"><span class='ocrx_word' id='word_1_360' title='bbox 2173 2444 2468 2500; x_wconf 88' lang='lat' dir='ltr'><strong>transacto,</strong></span> <span class='ocrx_word' id='word_1_361' title='bbox 2501 2437 2545 2490; x_wconf 90' lang='lat' dir='ltr'><strong>si</strong></span> <span class='ocrx_word' id='word_1_362' title='bbox 2580 2437 2633 2490; x_wconf 94' lang='lat' dir='ltr'><strong>in</strong></span> <span class='ocrx_word' id='word_1_363' title='bbox 2666 2437 2754 2490; x_wconf 88' lang='lat' dir='ltr'><strong>illa</strong></span> <span class='ocrx_word' id='word_1_364' title='bbox 2799 2436 2999 2492; x_wconf 86' lang='lat' dir='ltr'><strong>vellent</strong></span> <span class='ocrx_word' id='word_1_365' title='bbox 3044 2438 3270 2503; x_wconf 90' lang='lat' dir='ltr'><strong>morari,</strong></span> <span class='ocrx_word' id='word_1_366' title='bbox 3320 2447 3375 2492; x_wconf 86' lang='lat' dir='ltr'><strong>et</strong></span> <span class='ocrx_word' id='word_1_367' title='bbox 3431 2451 3524 2508; x_wconf 86' lang='lat' dir='ltr'><strong>per</strong></span> <span class='ocrx_word' id='word_1_368' title='bbox 3563 2451 3730 2490; x_wconf 88' lang='lat' dir='ltr'><strong>annum</strong></span> 
     </span>
    </p>
   </div>
   <div class='ocr_carea' id='block_1_54' title="bbox 2169 2527 3730 2599">
    <p class='ocr_par' dir='ltr' id='par_1_54' title="bbox 2169 2527 3730 2599">
     <span class='ocr_line' id='line_1_54' title="bbox 2169 2527 3730 2599; baseline 0 -19"><span class='ocrx_word' id='word_1_369' title='bbox 2169 2534 2222 2580; x_wconf 91' lang='lat' dir='ltr'><strong>et</strong></span> <span class='ocrx_word' id='word_1_370' title='bbox 2259 2527 2401 2581; x_wconf 89' lang='lat' dir='ltr'><strong>diem</strong></span> <span class='ocrx_word' id='word_1_371' title='bbox 2443 2540 2627 2582; x_wconf 89' lang='lat' dir='ltr'><strong>secum</strong></span> <span class='ocrx_word' id='word_1_372' title='bbox 2665 2533 2869 2592; x_wconf 90' lang='lat' dir='ltr'><strong>essent,</strong></span> <span class='ocrx_word' id='word_1_373' title='bbox 2902 2538 2959 2584; x_wconf 91' lang='lat' dir='ltr'><strong>et</strong></span> <span class='ocrx_word' id='word_1_374' title='bbox 2997 2528 3064 2584; x_wconf 88' lang='lat' dir='ltr'><strong>de</strong></span> <span class='ocrx_word' id='word_1_375' title='bbox 3106 2543 3205 2584; x_wconf 91' lang='lat' dir='ltr'><strong>suo</strong></span> <span class='ocrx_word' id='word_1_376' title='bbox 3244 2530 3470 2599; x_wconf 88' lang='lat' dir='ltr'><strong>proprio</strong></span> <span class='ocrx_word' id='word_1_377' title='bbox 3505 2543 3629 2598; x_wconf 87' lang='lat' dir='ltr'><strong>pane</strong></span> <span class='ocrx_word' id='word_1_378' title='bbox 3653 2542 3730 2582; x_wconf 79' lang='lat' dir='ltr'><strong>co-</strong></span> 
     </span>
    </p>
   </div>
   <div class='ocr_carea' id='block_1_55' title="bbox 2171 2618 3731 2690">
    <p class='ocr_par' dir='ltr' id='par_1_55' title="bbox 2171 2618 3731 2690">
     <span class='ocr_line' id='line_1_55' title="bbox 2171 2618 3731 2690; baseline 0.003 -20"><span class='ocrx_word' id='word_1_379' title='bbox 2171 2618 2470 2682; x_wconf 86' lang='lat' dir='ltr'><strong>mederent,</strong></span> <span class='ocrx_word' id='word_1_380' title='bbox 2501 2629 2557 2673; x_wconf 90' lang='lat' dir='ltr'><strong>et</strong></span> <span class='ocrx_word' id='word_1_381' title='bbox 2590 2621 2712 2674; x_wconf 84' lang='lat' dir='ltr'><strong>sine</strong></span> <span class='ocrx_word' id='word_1_382' title='bbox 2741 2620 3080 2690; x_wconf 83' lang='lat' dir='ltr'><strong>querimonia</strong></span> <span class='ocrx_word' id='word_1_383' title='bbox 3111 2621 3356 2685; x_wconf 83' lang='lat' dir='ltr'><strong>abbatis,</strong></span> <span class='ocrx_word' id='word_1_384' title='bbox 3387 2622 3582 2676; x_wconf 77' lang='lat' dir='ltr'><strong>deinde</strong></span> <span class='ocrx_word' id='word_1_385' title='bbox 3609 2633 3731 2675; x_wconf 75' lang='lat' dir='ltr'><strong>mm</strong></span> 
     </span>
    </p>
   </div>
   <div class='ocr_carea' id='block_1_56' title="bbox 2172 2709 3730 2780">
    <p class='ocr_par' dir='ltr' id='par_1_56' title="bbox 2172 2709 3730 2780">
     <span class='ocr_line' id='line_1_56' title="bbox 2172 2709 3730 2780; baseline 0.001 -17"><span class='ocrx_word' id='word_1_386' title='bbox 2172 2709 2520 2780; x_wconf 82' lang='lat' dir='ltr'><strong>burgensinm</strong></span> <span class='ocrx_word' id='word_1_387' title='bbox 2570 2726 2627 2766; x_wconf 87' lang='lat' dir='ltr'><strong>se</strong></span> <span class='ocrx_word' id='word_1_388' title='bbox 2665 2713 2950 2776; x_wconf 87' lang='lat' dir='ltr'><strong>baberent,</strong></span> <span class='ocrx_word' id='word_1_389' title='bbox 3000 2713 3103 2768; x_wconf 89' lang='lat' dir='ltr'><strong>nisi</strong></span> <span class='ocrx_word' id='word_1_390' title='bbox 3155 2712 3295 2768; x_wconf 83' lang='lat' dir='ltr'><strong>forte</strong></span> <span class='ocrx_word' id='word_1_391' title='bbox 3344 2713 3534 2767; x_wconf 86' lang='lat' dir='ltr'><strong>easalli</strong></span> <span class='ocrx_word' id='word_1_392' title='bbox 3573 2727 3730 2767; x_wconf 85' lang='lat' dir='ltr'><strong>eorum</strong></span> 
     </span>
    </p>
   </div>
   <div class='ocr_carea' id='block_1_57' title="bbox 2173 2804 3728 2875">
    <p class='ocr_par' dir='ltr' id='par_1_57' title="bbox 2173 2804 3728 2875">
     <span class='ocr_line' id='line_1_57' title="bbox 2173 2804 3728 2875; baseline -0.002 -17"><span class='ocrx_word' id='word_1_393' title='bbox 2173 2813 2462 2860; x_wconf 84' lang='lat' dir='ltr'><strong>manerent</strong></span> <span class='ocrx_word' id='word_1_394' title='bbox 2504 2811 2692 2874; x_wconf 83' lang='lat' dir='ltr'><strong>postea</strong></span> <span class='ocrx_word' id='word_1_395' title='bbox 2740 2805 2995 2870; x_wconf 83' lang='lat' dir='ltr'><strong>desolali,</strong></span> <span class='ocrx_word' id='word_1_396' title='bbox 3028 2815 3158 2862; x_wconf 90' lang='lat' dir='ltr'><strong>tunc</strong></span> <span class='ocrx_word' id='word_1_397' title='bbox 3185 2817 3281 2875; x_wconf 84' lang='lat' dir='ltr'><strong>per</strong></span> <span class='ocrx_word' id='word_1_398' title='bbox 3324 2806 3472 2860; x_wconf 85' lang='lat' dir='ltr'><strong>filios</strong></span> <span class='ocrx_word' id='word_1_399' title='bbox 3498 2819 3631 2866; x_wconf 82' lang='lat' dir='ltr'><strong>suos,</strong></span> <span class='ocrx_word' id='word_1_400' title='bbox 3667 2804 3728 2856; x_wconf 84' lang='lat' dir='ltr'><strong>vel</strong></span> 
     </span>
    </p>
   </div>
   <div class='ocr_carea' id='block_1_58' title="bbox 2168 2895 3730 2967">
    <p class='ocr_par' dir='ltr' id='par_1_58' title="bbox 2168 2895 3730 2967">
     <span class='ocr_line' id='line_1_58' title="bbox 2168 2895 3730 2967; baseline 0 -18"><span class='ocrx_word' id='word_1_401' title='bbox 2168 2911 2266 2967; x_wconf 88' lang='lat' dir='ltr'><strong>per</strong></span> <span class='ocrx_word' id='word_1_402' title='bbox 2294 2895 2521 2964; x_wconf 88' lang='lat' dir='ltr'><strong>scipsos,</strong></span> <span class='ocrx_word' id='word_1_403' title='bbox 2564 2896 2815 2964; x_wconf 83' lang='lat' dir='ltr'><strong>quamvis</strong></span> <span class='ocrx_word' id='word_1_404' title='bbox 2852 2896 2906 2950; x_wconf 87' lang='lat' dir='ltr'><strong>in</strong></span> <span class='ocrx_word' id='word_1_405' title='bbox 2952 2896 3078 2951; x_wconf 88' lang='lat' dir='ltr'><strong>villa</strong></span> <span class='ocrx_word' id='word_1_406' title='bbox 3132 2895 3493 2960; x_wconf 79' lang='lat' dir='ltr'><strong>:ediflcarent,</strong></span> <span class='ocrx_word' id='word_1_407' title='bbox 3531 2896 3730 2951; x_wconf 73' lang='lat' dir='ltr'><strong>easa’las</strong></span> 
     </span>
    </p>
   </div>
   <div class='ocr_carea' id='block_1_59' title="bbox 2170 2986 3731 3056">
    <p class='ocr_par' dir='ltr' id='par_1_59' title="bbox 2170 2986 3731 3056">
     <span class='ocr_line' id='line_1_59' title="bbox 2170 2986 3731 3056; baseline -0.001 -15"><span class='ocrx_word' id='word_1_408' title='bbox 2170 2986 2509 3056; x_wconf 85' lang='lat' dir='ltr'><strong>cooperiant,</strong></span> <span class='ocrx_word' id='word_1_409' title='bbox 2546 2993 2789 3052; x_wconf 78' lang='lat' dir='ltr'><strong>teneant,</strong></span> <span class='ocrx_word' id='word_1_410' title='bbox 2823 2995 2877 3042; x_wconf 95' lang='lat' dir='ltr'><strong>et</strong></span> <span class='ocrx_word' id='word_1_411' title='bbox 2917 2988 3179 3051; x_wconf 84' lang='lat' dir='ltr'><strong>serviant,</strong></span> <span class='ocrx_word' id='word_1_412' title='bbox 3223 2997 3275 3042; x_wconf 90' lang='lat' dir='ltr'><strong>et</strong></span> <span class='ocrx_word' id='word_1_413' title='bbox 3317 2989 3368 3041; x_wconf 93' lang='lat' dir='ltr'><strong>in</strong></span> <span class='ocrx_word' id='word_1_414' title='bbox 3408 2989 3601 3043; x_wconf 85' lang='lat' dir='ltr'><strong>eisdem</strong></span> <span class='ocrx_word' id='word_1_415' title='bbox 3639 2997 3731 3040; x_wconf 79' lang='lat' dir='ltr'><strong>ina-</strong></span> 
     </span>
    </p>
   </div>
   <div class='ocr_carea' id='block_1_60' title="bbox 2171 3076 3730 3150">
    <p class='ocr_par' dir='ltr' id='par_1_60' title="bbox 2171 3076 3730 3150">
     <span class='ocr_line' id='line_1_60' title="bbox 2171 3076 3730 3150; baseline -0.001 -18"><span class='ocrx_word' id='word_1_416' title='bbox 2171 3087 2354 3132; x_wconf 89' lang='lat' dir='ltr'><strong>ncant.</strong></span> <span class='ocrx_word' id='word_1_417' title='bbox 2381 3076 2436 3133; x_wconf 91' lang='lat' dir='ltr'><strong>Si</strong></span> <span class='ocrx_word' id='word_1_418' title='bbox 2467 3089 2594 3133; x_wconf 86' lang='lat' dir='ltr'><strong>vero</strong></span> <span class='ocrx_word' id='word_1_419' title='bbox 2615 3080 2933 3144; x_wconf 87' lang='lat' dir='ltr'><strong>servientes,</strong></span> <span class='ocrx_word' id='word_1_420' title='bbox 2958 3077 3040 3135; x_wconf 84' lang='lat' dir='ltr'><strong>vel</strong></span> <span class='ocrx_word' id='word_1_421' title='bbox 3068 3079 3388 3134; x_wconf 86' lang='lat' dir='ltr'><strong>conductitli</strong></span> <span class='ocrx_word' id='word_1_422' title='bbox 3421 3079 3730 3150; x_wconf 77' lang='lat' dir='ltr'><strong>lmrgr-nsium</strong></span> 
     </span>
    </p>
   </div>
   <div class='ocr_carea' id='block_1_61' title="bbox 2170 3167 3734 3238">
    <p class='ocr_par' dir='ltr' id='par_1_61' title="bbox 2170 3167 3734 3238">
     <span class='ocr_line' id='line_1_61' title="bbox 2170 3167 3734 3238; baseline -0.001 -16"><span class='ocrx_word' id='word_1_423' title='bbox 2170 3167 2498 3231; x_wconf 75' lang='lat' dir='ltr'><strong>exstiterint,</strong></span> <span class='ocrx_word' id='word_1_424' title='bbox 2533 3179 3014 3238; x_wconf 83' lang='lat' dir='ltr'><strong>quantumcunque</strong></span> <span class='ocrx_word' id='word_1_425' title='bbox 3043 3167 3224 3222; x_wconf 83' lang='lat' dir='ltr'><strong>abbati</strong></span> <span class='ocrx_word' id='word_1_426' title='bbox 3269 3168 3558 3238; x_wconf 85' lang='lat' dir='ltr'><strong>plaetteril,</strong></span> <span class='ocrx_word' id='word_1_427' title='bbox 3587 3169 3644 3221; x_wconf 84' lang='lat' dir='ltr'><strong>de</strong></span> <span class='ocrx_word' id='word_1_428' title='bbox 3668 3167 3734 3221; x_wconf 90' lang='lat' dir='ltr'><strong>eis</strong></span> 
     </span>
    </p>
   </div>
   <div class='ocr_carea' id='block_1_62' title="bbox 542 3233 3731 3330">
    <p class='ocr_par' dir='ltr' id='par_1_62' title="bbox 542 3233 3731 3330">
     <span class='ocr_line' id='line_1_62' title="bbox 542 3233 3731 3330; baseline -0.002 -14"><span class='ocrx_word' id='word_1_429' title='bbox 542 3263 598 3318; x_wconf 84' lang='lat'><strong>9.</strong></span> <span class='ocrx_word' id='word_1_430' title='bbox 639 3263 911 3325; x_wconf 83' lang='lat' dir='ltr'><strong>Statutunt</strong></span> <span class='ocrx_word' id='word_1_431' title='bbox 933 3233 1098 3316; x_wconf 82' lang='lat' dir='ltr'><strong>etiam</strong></span> <span class='ocrx_word' id='word_1_432' title='bbox 1135 3259 1239 3314; x_wconf 86' lang='lat' dir='ltr'><strong>fuit</strong></span> <span class='ocrx_word' id='word_1_433' title='bbox 1283 3258 1534 3329; x_wconf 90' lang='lat' dir='ltr'><strong>quodqui</strong></span> <span class='ocrx_word' id='word_1_434' title='bbox 1561 3273 1769 3330; x_wconf 90' lang='lat' dir='ltr'><strong>pannos</strong></span> <span class='ocrx_word' id='word_1_435' title='bbox 1791 3258 1978 3319; x_wconf 85' lang='lat' dir='ltr'><strong>laneus</strong></span> <span class='ocrx_word' id='word_1_436' title='bbox 2011 3259 2064 3316; x_wconf 91' lang='lat' dir='ltr'><strong>in</strong></span> <span class='ocrx_word' id='word_1_437' title='bbox 2094 3233 2138 3294; x_wconf 60' lang='grc' dir='ltr'><strong>(ἶ</strong></span> <span class='ocrx_word' id='word_1_438' title='bbox 2174 3266 2426 3327; x_wconf 84' lang='lat' dir='ltr'><strong>tanquam</strong></span> <span class='ocrx_word' id='word_1_439' title='bbox 2458 3260 2525 3313; x_wconf 85' lang='lat' dir='ltr'><strong>de</strong></span> <span class='ocrx_word' id='word_1_440' title='bbox 2552 3233 2674 3313; x_wconf 80' lang='lat' dir='ltr'><strong>aliis</strong></span> <span class='ocrx_word' id='word_1_441' title='bbox 2701 3233 3010 3314; x_wconf 81' lang='lat' dir='ltr'><strong>hominibus</strong></span> <span class='ocrx_word' id='word_1_442' title='bbox 3033 3233 3364 3314; x_wconf 74' lang='lat' dir='ltr'><strong>voluntatem</strong></span> <span class='ocrx_word' id='word_1_443' title='bbox 3399 3233 3551 3315; x_wconf 88' lang='lat' dir='ltr'><strong>suam</strong></span> <span class='ocrx_word' id='word_1_444' title='bbox 3574 3257 3731 3325; x_wconf 80' lang='lat' dir='ltr'><strong>faciat,</strong></span> 
     </span>
    </p>
   </div>
   <div class='ocr_carea' id='block_1_63' title="bbox 466 3347 2064 3420">
    <p class='ocr_par' dir='ltr' id='par_1_63' title="bbox 466 3347 2064 3420">
     <span class='ocr_line' id='line_1_63' title="bbox 466 3347 2064 3420; baseline -0.001 -13"><span class='ocrx_word' id='word_1_445' title='bbox 466 3351 596 3412; x_wconf 82' lang='lat' dir='ltr'><strong>villa</strong></span> <span class='ocrx_word' id='word_1_446' title='bbox 627 3350 847 3412; x_wconf 81' lang='lat' dir='ltr'><strong>venales</strong></span> <span class='ocrx_word' id='word_1_447' title='bbox 881 3349 1152 3420; x_wconf 83' lang='lat' dir='ltr'><strong>habuerit,</strong></span> <span class='ocrx_word' id='word_1_448' title='bbox 1183 3356 1306 3404; x_wconf 90' lang='lat' dir='ltr'><strong>octo</strong></span> <span class='ocrx_word' id='word_1_449' title='bbox 1335 3347 1539 3404; x_wconf 85' lang='lat' dir='ltr'><strong>solidos</strong></span> <span class='ocrx_word' id='word_1_450' title='bbox 1569 3349 1850 3406; x_wconf 88' lang='lat' dir='ltr'><strong>annuatint</strong></span> <span class='ocrx_word' id='word_1_451' title='bbox 1880 3351 2064 3407; x_wconf 89' lang='lat' dir='ltr'><strong>abbati</strong></span> 
     </span>
    </p>
   </div>
   <div class='ocr_carea' id='block_1_64' title="bbox 470 3439 762 3510">
    <p class='ocr_par' dir='ltr' id='par_1_64' title="bbox 470 3439 762 3510">
     <span class='ocr_line' id='line_1_64' title="bbox 470 3439 762 3510; baseline -0.003 -16"><span class='ocrx_word' id='word_1_452' title='bbox 470 3439 762 3510; x_wconf 82' lang='lat' dir='ltr'><strong>persolvat.</strong></span> 
     </span>
    </p>
   </div>
   <div class='ocr_carea' id='block_1_65' title="bbox 546 3524 2064 3597">
    <p class='ocr_par' dir='ltr' id='par_1_65' title="bbox 546 3524 2064 3597">
     <span class='ocr_line' id='line_1_65' title="bbox 546 3524 2064 3597; baseline 0.001 -15"><span class='ocrx_word' id='word_1_453' title='bbox 546 3528 636 3582; x_wconf 84' lang='grc'><strong>10.</strong></span> <span class='ocrx_word' id='word_1_454' title='bbox 677 3527 754 3582; x_wconf 91' lang='lat' dir='ltr'><strong>De</strong></span> <span class='ocrx_word' id='word_1_455' title='bbox 785 3527 1041 3581; x_wconf 86' lang='lat' dir='ltr'><strong>nundinis</strong></span> <span class='ocrx_word' id='word_1_456' title='bbox 1075 3524 1326 3582; x_wconf 89' lang='lat' dir='ltr'><strong>similiter</strong></span> <span class='ocrx_word' id='word_1_457' title='bbox 1377 3533 1638 3580; x_wconf 89' lang='lat' dir='ltr'><strong>statutum</strong></span> <span class='ocrx_word' id='word_1_458' title='bbox 1676 3525 1777 3582; x_wconf 89' lang='lat' dir='ltr'><strong>fuit</strong></span> <span class='ocrx_word' id='word_1_459' title='bbox 1804 3527 1948 3597; x_wconf 91' lang='lat' dir='ltr'><strong>quod</strong></span> <span class='ocrx_word' id='word_1_460' title='bbox 1977 3527 2064 3584; x_wconf 80' lang='lat' dir='ltr'><strong>in-</strong></span> 
     </span>
    </p>
   </div>
   <div class='ocr_carea' id='block_1_66' title="bbox 473 3616 2066 3692">
    <p class='ocr_par' dir='ltr' id='par_1_66' title="bbox 473 3616 2066 3692">
     <span class='ocr_line' id='line_1_66' title="bbox 473 3616 2066 3692; baseline -0.001 -17"><span class='ocrx_word' id='word_1_461' title='bbox 473 3620 687 3692; x_wconf 88' lang='lat' dir='ltr'><strong>cipiunt</strong></span> <span class='ocrx_word' id='word_1_462' title='bbox 735 3619 870 3674; x_wconf 86' lang='lat' dir='ltr'><strong>feria</strong></span> <span class='ocrx_word' id='word_1_463' title='bbox 919 3618 1110 3687; x_wconf 86' lang='lat' dir='ltr'><strong>quinta</strong></span> <span class='ocrx_word' id='word_1_464' title='bbox 1166 3627 1289 3688; x_wconf 74' lang='lat' dir='ltr'><strong>post</strong></span> <span class='ocrx_word' id='word_1_465' title='bbox 1335 3616 1716 3688; x_wconf 85' lang='lat' dir='ltr'><strong>Pentecosten,</strong></span> <span class='ocrx_word' id='word_1_466' title='bbox 1765 3627 1821 3674; x_wconf 89' lang='lat' dir='ltr'><strong>ct</strong></span> <span class='ocrx_word' id='word_1_467' title='bbox 1869 3620 2066 3674; x_wconf 80' lang='lat' dir='ltr'><strong>durant</strong></span> 
     </span>
    </p>
   </div>
   <div class='ocr_carea' id='block_1_67' title="bbox 473 3709 2064 3786">
    <p class='ocr_par' dir='ltr' id='par_1_67' title="bbox 473 3709 2064 3786">
     <span class='ocr_line' id='line_1_67' title="bbox 473 3709 2064 3786; baseline 0 -20"><span class='ocrx_word' id='word_1_468' title='bbox 473 3727 577 3786; x_wconf 79' lang='lat' dir='ltr'><strong>per</strong></span> <span class='ocrx_word' id='word_1_469' title='bbox 616 3709 866 3765; x_wconf 84' lang='lat' dir='ltr'><strong>undecim</strong></span> <span class='ocrx_word' id='word_1_470' title='bbox 915 3710 1056 3774; x_wconf 90' lang='lat' dir='ltr'><strong>dies,</strong></span> <span class='ocrx_word' id='word_1_471' title='bbox 1104 3720 1164 3764; x_wconf 89' lang='lat' dir='ltr'><strong>ut</strong></span> <span class='ocrx_word' id='word_1_472' title='bbox 1208 3710 1386 3765; x_wconf 82' lang='lat' dir='ltr'><strong>omnis</strong></span> <span class='ocrx_word' id='word_1_473' title='bbox 1431 3711 1524 3779; x_wconf 90' lang='lat' dir='ltr'><strong>qui</strong></span> <span class='ocrx_word' id='word_1_474' title='bbox 1575 3710 1642 3765; x_wconf 88' lang='lat' dir='ltr'><strong>ad</strong></span> <span class='ocrx_word' id='word_1_475' title='bbox 1691 3724 1784 3765; x_wconf 86' lang='lat' dir='ltr'><strong>eas</strong></span> <span class='ocrx_word' id='word_1_476' title='bbox 1833 3711 2064 3776; x_wconf 85' lang='lat' dir='ltr'><strong>venerit,</strong></span> 
     </span>
    </p>
   </div>
   <div class='ocr_carea' id='block_1_68' title="bbox 476 3799 2067 3872">
    <p class='ocr_par' dir='ltr' id='par_1_68' title="bbox 476 3799 2067 3872">
     <span class='ocr_line' id='line_1_68' title="bbox 476 3799 2067 3872; baseline -0.001 -14"><span class='ocrx_word' id='word_1_477' title='bbox 476 3815 704 3858; x_wconf 86' lang='lat' dir='ltr'><strong>securus</strong></span> <span class='ocrx_word' id='word_1_478' title='bbox 751 3800 850 3866; x_wconf 89' lang='lat' dir='ltr'><strong>sit,</strong></span> <span class='ocrx_word' id='word_1_479' title='bbox 898 3801 1002 3854; x_wconf 85' lang='lat' dir='ltr'><strong>nisi</strong></span> <span class='ocrx_word' id='word_1_480' title='bbox 1050 3799 1216 3856; x_wconf 88' lang='lat' dir='ltr'><strong>fuerit</strong></span> <span class='ocrx_word' id='word_1_481' title='bbox 1259 3800 1554 3867; x_wconf 82' lang='lat' dir='ltr'><strong>homicida,</strong></span> <span class='ocrx_word' id='word_1_482' title='bbox 1602 3801 1687 3857; x_wconf 92' lang='lat' dir='ltr'><strong>vel</strong></span> <span class='ocrx_word' id='word_1_483' title='bbox 1729 3801 1964 3872; x_wconf 90' lang='lat' dir='ltr'><strong>aliquem</strong></span> <span class='ocrx_word' id='word_1_484' title='bbox 1999 3803 2067 3856; x_wconf 84' lang='lat' dir='ltr'><strong>de</strong></span> 
     </span>
    </p>
   </div>
   <div class='ocr_carea' id='block_1_69' title="bbox 475 3891 2064 3974">
    <p class='ocr_par' dir='ltr' id='par_1_69' title="bbox 475 3891 2064 3974">
     <span class='ocr_line' id='line_1_69' title="bbox 475 3891 2064 3974; baseline 0.001 -28"><span class='ocrx_word' id='word_1_485' title='bbox 475 3893 602 3947; x_wconf 87' lang='lat' dir='ltr'><strong>vitla</strong></span> <span class='ocrx_word' id='word_1_486' title='bbox 631 3891 698 3946; x_wconf 85' lang='lat' dir='ltr'><strong>ad</strong></span> <span class='ocrx_word' id='word_1_487' title='bbox 732 3892 1156 3963; x_wconf 90' lang='lat' dir='ltr'><strong>redemptionem</strong></span> <span class='ocrx_word' id='word_1_488' title='bbox 1185 3893 1448 3964; x_wconf 77' lang='lat' dir='ltr'><strong>coegerit.</strong></span> <span class='ocrx_word' id='word_1_489' title='bbox 1477 3894 1544 3948; x_wconf 86' lang='lat' dir='ltr'><strong>Et</strong></span> <span class='ocrx_word' id='word_1_490' title='bbox 1576 3894 1813 3974; x_wconf 64' lang='lat' dir='ltr'><strong>quamdiu</strong></span> <span class='ocrx_word' id='word_1_491' title='bbox 1839 3895 2064 3960; x_wconf 88' lang='lat' dir='ltr'><strong>durant,</strong></span> 
     </span>
    </p>
   </div>
   <div class='ocr_carea' id='block_1_70' title="bbox 477 3972 2066 4056">
    <p class='ocr_par' dir='ltr' id='par_1_70' title="bbox 477 3972 2066 4056">
     <span class='ocr_line' id='line_1_70' title="bbox 477 3972 2066 4056; baseline 0 -14"><span class='ocrx_word' id='word_1_492' title='bbox 477 3999 668 4042; x_wconf 70' lang='lat' dir='ltr'><strong>ontues</strong></span> <span class='ocrx_word' id='word_1_493' title='bbox 703 3984 913 4041; x_wconf 87' lang='lat' dir='ltr'><strong>banniti</strong></span> <span class='ocrx_word' id='word_1_494' title='bbox 942 3993 997 4039; x_wconf 89' lang='lat' dir='ltr'><strong>et</strong></span> <span class='ocrx_word' id='word_1_495' title='bbox 1028 3985 1299 4056; x_wconf 76' lang='lat' dir='ltr'><strong>pignorati</strong></span> <span class='ocrx_word' id='word_1_496' title='bbox 1340 3985 1452 4041; x_wconf 86' lang='lat' dir='ltr'><strong>sint</strong></span> <span class='ocrx_word' id='word_1_497' title='bbox 1484 3985 1736 4040; x_wconf 86' lang='lat' dir='ltr'><strong>absoluti.</strong></span> <span class='ocrx_word' id='word_1_498' title='bbox 1771 3972 1824 4039; x_wconf 68' lang='lat' dir='ltr'><strong>Si</strong></span> <span class='ocrx_word' id='word_1_499' title='bbox 1857 3987 1979 4055; x_wconf 50' lang='lat' dir='ltr'><strong>{iis</strong></span> <span class='ocrx_word' id='word_1_500' title='bbox 2010 3987 2066 4042; x_wconf 88' lang='lat' dir='ltr'><strong>in</strong></span> 
     </span>
    </p>
   </div>
   <div class='ocr_carea' id='block_1_71' title="bbox 475 4075 2066 4149">
    <p class='ocr_par' dir='ltr' id='par_1_71' title="bbox 475 4075 2066 4149">
     <span class='ocr_line' id='line_1_71' title="bbox 475 4075 2066 4149; baseline -0.003 -14"><span class='ocrx_word' id='word_1_501' title='bbox 475 4077 610 4149; x_wconf 79' lang='lat' dir='ltr'><strong>ipsis</strong></span> <span class='ocrx_word' id='word_1_502' title='bbox 653 4075 813 4132; x_wconf 80' lang='lat' dir='ltr'><strong>alicui</strong></span> <span class='ocrx_word' id='word_1_503' title='bbox 859 4076 1112 4146; x_wconf 75' lang='lat' dir='ltr'><strong>iniuriam</strong></span> <span class='ocrx_word' id='word_1_504' title='bbox 1162 4075 1372 4139; x_wconf 83' lang='lat' dir='ltr'><strong>fecerit.</strong></span> <span class='ocrx_word' id='word_1_505' title='bbox 1416 4076 1608 4147; x_wconf 70' lang='lat' dir='ltr'><strong>viginti</strong></span> <span class='ocrx_word' id='word_1_506' title='bbox 1661 4076 1915 4132; x_wconf 83' lang='lat' dir='ltr'><strong>denarios</strong></span> <span class='ocrx_word' id='word_1_507' title='bbox 1966 4091 2066 4145; x_wconf 89' lang='lat' dir='ltr'><strong>pro</strong></span> 
     </span>
    </p>
   </div>
   <div class='ocr_carea' id='block_1_72' title="bbox 475 4165 2068 4245">
    <p class='ocr_par' dir='ltr' id='par_1_72' title="bbox 475 4165 2068 4245">
     <span class='ocr_line' id='line_1_72' title="bbox 475 4165 2068 4245; baseline -0.002 -22"><span class='ocrx_word' id='word_1_508' title='bbox 475 4182 638 4245; x_wconf 67' lang='lat' dir='ltr'><strong>perna</strong></span> <span class='ocrx_word' id='word_1_509' title='bbox 683 4167 833 4224; x_wconf 91' lang='lat' dir='ltr'><strong>dabit</strong></span> <span class='ocrx_word' id='word_1_510' title='bbox 886 4167 1092 4236; x_wconf 90' lang='lat' dir='ltr'><strong>abbati,</strong></span> <span class='ocrx_word' id='word_1_511' title='bbox 1135 4177 1194 4222; x_wconf 91' lang='lat' dir='ltr'><strong>et</strong></span> <span class='ocrx_word' id='word_1_512' title='bbox 1236 4167 1380 4239; x_wconf 89' lang='lat' dir='ltr'><strong>quod</strong></span> <span class='ocrx_word' id='word_1_513' title='bbox 1425 4166 1633 4236; x_wconf 84' lang='lat' dir='ltr'><strong>justum</strong></span> <span class='ocrx_word' id='word_1_514' title='bbox 1684 4166 1850 4221; x_wconf 87' lang='lat' dir='ltr'><strong>fuerit</strong></span> <span class='ocrx_word' id='word_1_515' title='bbox 1901 4165 2068 4221; x_wconf 83' lang='lat' dir='ltr'><strong>faciat</strong></span> 
     </span>
    </p>
   </div>
   <div class='ocr_carea' id='block_1_73' title="bbox 472 4258 2028 4331">
    <p class='ocr_par' dir='ltr' id='par_1_73' title="bbox 472 4258 2028 4331">
     <span class='ocr_line' id='line_1_73' title="bbox 472 4258 2028 4331; baseline -0.001 -16"><span class='ocrx_word' id='word_1_516' title='bbox 472 4260 861 4331; x_wconf 77' lang='lat' dir='ltr'><strong>conquerenti,</strong></span> <span class='ocrx_word' id='word_1_517' title='bbox 891 4259 995 4316; x_wconf 89' lang='lat' dir='ltr'><strong>nisi</strong></span> <span class='ocrx_word' id='word_1_518' title='bbox 1028 4259 1384 4316; x_wconf 86' lang='lat' dir='ltr'><strong>homicidium</strong></span> <span class='ocrx_word' id='word_1_519' title='bbox 1421 4261 1475 4314; x_wconf 91' lang='lat' dir='ltr'><strong>in</strong></span> <span class='ocrx_word' id='word_1_520' title='bbox 1505 4260 1585 4314; x_wconf 85' lang='lat' dir='ltr'><strong>eis</strong></span> <span class='ocrx_word' id='word_1_521' title='bbox 1614 4258 2028 4329; x_wconf 78' lang='lat' dir='ltr'><strong>perpetraverit.</strong></span> 
     </span>
    </p>
   </div>
   <div class='ocr_carea' id='block_1_74' title="bbox 549 4351 2068 4424">
    <p class='ocr_par' dir='ltr' id='par_1_74' title="bbox 549 4351 2068 4424">
     <span class='ocr_line' id='line_1_74' title="bbox 549 4351 2068 4424; baseline -0.006 -9"><span class='ocrx_word' id='word_1_522' title='bbox 549 4356 638 4416; x_wconf 82' lang='grc'><strong>11.</strong></span> <span class='ocrx_word' id='word_1_523' title='bbox 677 4353 949 4410; x_wconf 67' lang='lat' dir='ltr'><strong>Praeterea</strong></span> <span class='ocrx_word' id='word_1_524' title='bbox 973 4353 1086 4424; x_wconf 85' lang='lat' dir='ltr'><strong>jam</strong></span> <span class='ocrx_word' id='word_1_525' title='bbox 1120 4353 1298 4410; x_wconf 88' lang='lat' dir='ltr'><strong>dictus</strong></span> <span class='ocrx_word' id='word_1_526' title='bbox 1324 4354 1496 4409; x_wconf 87' lang='lat' dir='ltr'><strong>abbas</strong></span> <span class='ocrx_word' id='word_1_527' title='bbox 1537 4352 1810 4408; x_wconf 82' lang='lat' dir='ltr'><strong>concessit</strong></span> <span class='ocrx_word' id='word_1_528' title='bbox 1853 4351 2068 4408; x_wconf 83' lang='lat' dir='ltr'><strong>habita-</strong></span> 
     </span>
    </p>
   </div>
   <div class='ocr_carea' id='block_1_75' title="bbox 475 4445 2068 4512">
    <p class='ocr_par' dir='ltr' id='par_1_75' title="bbox 475 4445 2068 4512">
     <span class='ocr_line' id='line_1_75' title="bbox 475 4445 2068 4512; baseline -0.001 -12"><span class='ocrx_word' id='word_1_529' title='bbox 475 4448 688 4508; x_wconf 72' lang='lat' dir='ltr'><strong>toribus</strong></span> <span class='ocrx_word' id='word_1_530' title='bbox 715 4447 874 4509; x_wconf 69' lang='lat' dir='ltr'><strong>villae,</strong></span> <span class='ocrx_word' id='word_1_531' title='bbox 905 4461 1014 4501; x_wconf 83' lang='lat' dir='ltr'><strong>non</strong></span> <span class='ocrx_word' id='word_1_532' title='bbox 1040 4445 1109 4501; x_wconf 86' lang='lat' dir='ltr'><strong>ad</strong></span> <span class='ocrx_word' id='word_1_533' title='bbox 1135 4446 1496 4512; x_wconf 86' lang='lat' dir='ltr'><strong>vendendum,</strong></span> <span class='ocrx_word' id='word_1_534' title='bbox 1526 4446 1620 4503; x_wconf 86' lang='lat' dir='ltr'><strong>sed</strong></span> <span class='ocrx_word' id='word_1_535' title='bbox 1649 4445 1719 4500; x_wconf 82' lang='lat' dir='ltr'><strong>ad</strong></span> <span class='ocrx_word' id='word_1_536' title='bbox 1746 4454 2068 4500; x_wconf 85' lang='lat' dir='ltr'><strong>construen-</strong></span> 
     </span>
    </p>
   </div>
   <div class='ocr_carea' id='block_1_76' title="bbox 477 4535 2066 4605">
    <p class='ocr_par' dir='ltr' id='par_1_76' title="bbox 477 4535 2066 4605">
     <span class='ocr_line' id='line_1_76' title="bbox 477 4535 2066 4605; baseline -0.005 -9"><span class='ocrx_word' id='word_1_537' title='bbox 477 4541 573 4601; x_wconf 81' lang='lat' dir='ltr'><strong>das</strong></span> <span class='ocrx_word' id='word_1_538' title='bbox 602 4539 812 4605; x_wconf 77' lang='lat' dir='ltr'><strong>domos,</strong></span> <span class='ocrx_word' id='word_1_539' title='bbox 841 4537 1120 4594; x_wconf 88' lang='lat' dir='ltr'><strong>faciendos</strong></span> <span class='ocrx_word' id='word_1_540' title='bbox 1141 4536 1311 4601; x_wconf 86' lang='lat' dir='ltr'><strong>focus.</strong></span> <span class='ocrx_word' id='word_1_541' title='bbox 1339 4546 1396 4593; x_wconf 92' lang='lat' dir='ltr'><strong>et</strong></span> <span class='ocrx_word' id='word_1_542' title='bbox 1425 4537 1492 4592; x_wconf 91' lang='lat' dir='ltr'><strong>ad</strong></span> <span class='ocrx_word' id='word_1_543' title='bbox 1519 4546 1746 4592; x_wconf 68' lang='lat' dir='ltr'><strong>caeteros</strong></span> <span class='ocrx_word' id='word_1_544' title='bbox 1777 4549 1930 4599; x_wconf 85' lang='lat' dir='ltr'><strong>usus,</strong></span> <span class='ocrx_word' id='word_1_545' title='bbox 1960 4535 2066 4590; x_wconf 91' lang='lat' dir='ltr'><strong>duo</strong></span> 
     </span>
    </p>
   </div>
   <div class='ocr_carea' id='block_1_77' title="bbox 480 4625 2060 4700">
    <p class='ocr_par' dir='ltr' id='par_1_77' title="bbox 480 4625 2060 4700">
     <span class='ocr_line' id='line_1_77' title="bbox 480 4625 2060 4700; baseline -0.008 -8"><span class='ocrx_word' id='word_1_546' title='bbox 480 4650 725 4698; x_wconf 88' lang='lat' dir='ltr'><strong>nemora,</strong></span> <span class='ocrx_word' id='word_1_547' title='bbox 769 4648 936 4687; x_wconf 88' lang='lat' dir='ltr'><strong>unum</strong></span> <span class='ocrx_word' id='word_1_548' title='bbox 969 4631 1110 4700; x_wconf 87' lang='lat' dir='ltr'><strong>quod</strong></span> <span class='ocrx_word' id='word_1_549' title='bbox 1143 4631 1342 4686; x_wconf 82' lang='lat' dir='ltr'><strong>dicitur</strong></span> <span class='ocrx_word' id='word_1_550' title='bbox 1368 4629 1672 4690; x_wconf 83' lang='lat' dir='ltr'><strong>Padoence,</strong></span> <span class='ocrx_word' id='word_1_551' title='bbox 1711 4635 1768 4684; x_wconf 88' lang='lat' dir='ltr'><strong>et</strong></span> <span class='ocrx_word' id='word_1_552' title='bbox 1803 4625 2060 4692; x_wconf 86' lang='lat' dir='ltr'><strong>alterum,</strong></span> 
     </span>
    </p>
   </div>
   <div class='ocr_carea' id='block_1_78' title="bbox 475 4705 2062 4795">
    <p class='ocr_par' dir='ltr' id='par_1_78' title="bbox 475 4705 2062 4795">
     <span class='ocr_line' id='line_1_78' title="bbox 475 4705 2062 4795; baseline -0.005 -17"><span class='ocrx_word' id='word_1_553' title='bbox 475 4725 625 4795; x_wconf 78' lang='lat' dir='ltr'><strong>quod</strong></span> <span class='ocrx_word' id='word_1_554' title='bbox 673 4723 875 4778; x_wconf 83' lang='lat' dir='ltr'><strong>dicitur</strong></span> <span class='ocrx_word' id='word_1_555' title='bbox 920 4705 1204 4775; x_wconf 74' lang='lat' dir='ltr'><strong>Martini...</strong></span> <span class='ocrx_word' id='word_1_556' title='bbox 1247 4719 1480 4785; x_wconf 71' lang='lat' dir='ltr'><strong>Caztera,</strong></span> <span class='ocrx_word' id='word_1_557' title='bbox 1527 4717 1780 4774; x_wconf 85' lang='lat' dir='ltr'><strong>videlicet</strong></span> <span class='ocrx_word' id='word_1_558' title='bbox 1823 4716 1964 4772; x_wconf 86' lang='lat' dir='ltr'><strong>culta</strong></span> <span class='ocrx_word' id='word_1_559' title='bbox 2007 4724 2062 4771; x_wconf 93' lang='lat' dir='ltr'><strong>et</strong></span> 
     </span>
    </p>
   </div>
   <div class='ocr_carea' id='block_1_79' title="bbox 477 4808 2062 4878">
    <p class='ocr_par' dir='ltr' id='par_1_79' title="bbox 477 4808 2062 4878">
     <span class='ocr_line' id='line_1_79' title="bbox 477 4808 2062 4878; baseline -0.003 -9"><span class='ocrx_word' id='word_1_560' title='bbox 477 4815 684 4877; x_wconf 82' lang='lat' dir='ltr'><strong>inculta</strong></span> <span class='ocrx_word' id='word_1_561' title='bbox 714 4814 816 4870; x_wconf 88' lang='lat' dir='ltr'><strong>sibi</strong></span> <span class='ocrx_word' id='word_1_562' title='bbox 846 4812 1092 4878; x_wconf 87' lang='lat' dir='ltr'><strong>retinuit,</strong></span> <span class='ocrx_word' id='word_1_563' title='bbox 1120 4811 1264 4867; x_wconf 88' lang='lat' dir='ltr'><strong>sicut</strong></span> <span class='ocrx_word' id='word_1_564' title='bbox 1288 4827 1316 4864; x_wconf 93' lang='lat' dir='ltr'><strong>a</strong></span> <span class='ocrx_word' id='word_1_565' title='bbox 1346 4811 1722 4866; x_wconf 82' lang='lat' dir='ltr'><strong>fundatoribus</strong></span> <span class='ocrx_word' id='word_1_566' title='bbox 1747 4808 2062 4866; x_wconf 85' lang='lat' dir='ltr'><strong>monasterii</strong></span> 
     </span>
    </p>
   </div>
   <div class='ocr_carea' id='block_1_80' title="bbox 477 4902 2059 4972">
    <p class='ocr_par' dir='ltr' id='par_1_80' title="bbox 477 4902 2059 4972">
     <span class='ocr_line' id='line_1_80' title="bbox 477 4902 2059 4972; baseline -0.002 -13"><span class='ocrx_word' id='word_1_567' title='bbox 477 4908 681 4960; x_wconf 84' lang='lat' dir='ltr'><strong>donata</strong></span> <span class='ocrx_word' id='word_1_568' title='bbox 737 4913 793 4960; x_wconf 92' lang='lat' dir='ltr'><strong>et</strong></span> <span class='ocrx_word' id='word_1_569' title='bbox 851 4918 1114 4959; x_wconf 88' lang='lat' dir='ltr'><strong>concessa</strong></span> <span class='ocrx_word' id='word_1_570' title='bbox 1178 4903 1397 4958; x_wconf 88' lang='lat' dir='ltr'><strong>fuerunt</strong></span> <span class='ocrx_word' id='word_1_571' title='bbox 1455 4903 1764 4959; x_wconf 85' lang='lat' dir='ltr'><strong>beatissimo</strong></span> <span class='ocrx_word' id='word_1_572' title='bbox 1833 4902 2059 4972; x_wconf 83' lang='lat' dir='ltr'><strong>martyri</strong></span> 
     </span>
    </p>
   </div>
   <div class='ocr_carea' id='block_1_81' title="bbox 480 4993 2064 5064">
    <p class='ocr_par' dir='ltr' id='par_1_81' title="bbox 480 4993 2064 5064">
     <span class='ocr_line' id='line_1_81' title="bbox 480 4993 2064 5064; baseline -0.002 -14"><span class='ocrx_word' id='word_1_573' title='bbox 480 4993 706 5058; x_wconf 80' lang='lat' dir='ltr'><strong>Severo,</strong></span> <span class='ocrx_word' id='word_1_574' title='bbox 738 5009 947 5052; x_wconf 87' lang='lat' dir='ltr'><strong>necnon</strong></span> <span class='ocrx_word' id='word_1_575' title='bbox 980 4993 1243 5050; x_wconf 89' lang='lat' dir='ltr'><strong>Salvatori</strong></span> <span class='ocrx_word' id='word_1_576' title='bbox 1285 4995 1466 5052; x_wconf 82' lang='lat' dir='ltr'><strong>abbati</strong></span> <span class='ocrx_word' id='word_1_577' title='bbox 1502 4995 1743 5064; x_wconf 74' lang='lat' dir='ltr'><strong>ejusdem</strong></span> <span class='ocrx_word' id='word_1_578' title='bbox 1787 4993 1889 5049; x_wconf 84' lang='lat' dir='ltr'><strong>loci</strong></span> <span class='ocrx_word' id='word_1_579' title='bbox 1921 4994 2064 5048; x_wconf 87' lang='lat' dir='ltr'><strong>sicut</strong></span> 
     </span>
    </p>
   </div>
   <div class='ocr_carea' id='block_1_82' title="bbox 479 5085 1993 5157">
    <p class='ocr_par' dir='ltr' id='par_1_82' title="bbox 479 5085 1993 5157">
     <span class='ocr_line' id='line_1_82' title="bbox 479 5085 1993 5157; baseline -0.002 -16"><span class='ocrx_word' id='word_1_580' title='bbox 479 5085 535 5142; x_wconf 85' lang='lat' dir='ltr'><strong>in</strong></span> <span class='ocrx_word' id='word_1_581' title='bbox 572 5085 901 5141; x_wconf 88' lang='lat' dir='ltr'><strong>membranis</strong></span> <span class='ocrx_word' id='word_1_582' title='bbox 938 5093 993 5142; x_wconf 90' lang='lat' dir='ltr'><strong>et</strong></span> <span class='ocrx_word' id='word_1_583' title='bbox 1021 5085 1316 5155; x_wconf 78' lang='lat' dir='ltr'><strong>privilegiis</strong></span> <span class='ocrx_word' id='word_1_584' title='bbox 1348 5087 1550 5143; x_wconf 77' lang='lat' dir='ltr'><strong>nostris</strong></span> <span class='ocrx_word' id='word_1_585' title='bbox 1580 5086 1849 5157; x_wconf 86' lang='lat' dir='ltr'><strong>scriptum</strong></span> <span class='ocrx_word' id='word_1_586' title='bbox 1886 5093 1993 5140; x_wconf 87' lang='lat' dir='ltr'><strong>est.</strong></span> 
     </span>
    </p>
   </div>
   <div class='ocr_carea' id='block_1_83' title="bbox 555 5172 2066 5244">
    <p class='ocr_par' dir='ltr' id='par_1_83' title="bbox 555 5172 2066 5244">
     <span class='ocr_line' id='line_1_83' title="bbox 555 5172 2066 5244; baseline -0.001 -15"><span class='ocrx_word' id='word_1_587' title='bbox 555 5172 641 5229; x_wconf 76' lang='grc'><strong>12.</strong></span> <span class='ocrx_word' id='word_1_588' title='bbox 686 5174 956 5230; x_wconf 84' lang='lat' dir='ltr'><strong>Statutum</strong></span> <span class='ocrx_word' id='word_1_589' title='bbox 980 5175 1142 5231; x_wconf 86' lang='lat' dir='ltr'><strong>etiam</strong></span> <span class='ocrx_word' id='word_1_590' title='bbox 1170 5176 1272 5232; x_wconf 87' lang='lat' dir='ltr'><strong>fuit</strong></span> <span class='ocrx_word' id='word_1_591' title='bbox 1304 5177 1470 5240; x_wconf 78' lang='lat' dir='ltr'><strong>quod.</strong></span> <span class='ocrx_word' id='word_1_592' title='bbox 1508 5178 1554 5234; x_wconf 91' lang='lat' dir='ltr'><strong>si</strong></span> <span class='ocrx_word' id='word_1_593' title='bbox 1585 5177 1868 5244; x_wconf 85' lang='lat' dir='ltr'><strong>extranei,</strong></span> <span class='ocrx_word' id='word_1_594' title='bbox 1899 5189 2066 5232; x_wconf 89' lang='lat' dir='ltr'><strong>causa</strong></span> 
     </span>
    </p>
   </div>
   <div class='ocr_carea' id='block_1_84' title="bbox 2168 3347 3220 3416">
    <p class='ocr_par' dir='ltr' id='par_1_84' title="bbox 2168 3347 3220 3416">
     <span class='ocr_line' id='line_1_84' title="bbox 2168 3347 3220 3416; baseline 0.001 -14"><span class='ocrx_word' id='word_1_595' title='bbox 2168 3356 2224 3402; x_wconf 95' lang='lat' dir='ltr'><strong>ct</strong></span> <span class='ocrx_word' id='word_1_596' title='bbox 2253 3363 2351 3402; x_wconf 90' lang='lat' dir='ltr'><strong>eos</strong></span> <span class='ocrx_word' id='word_1_597' title='bbox 2382 3347 2689 3416; x_wconf 87' lang='lat' dir='ltr'><strong>ubicunque</strong></span> <span class='ocrx_word' id='word_1_598' title='bbox 2715 3348 2946 3402; x_wconf 89' lang='lat' dir='ltr'><strong>voluerit</strong></span> <span class='ocrx_word' id='word_1_599' title='bbox 2973 3347 3220 3404; x_wconf 83' lang='lat' dir='ltr'><strong>collucet.</strong></span> 
     </span>
    </p>
   </div>
   <div class='ocr_carea' id='block_1_85' title="bbox 2239 3438 3726 3513">
    <p class='ocr_par' dir='ltr' id='par_1_85' title="bbox 2239 3438 3726 3513">
     <span class='ocr_line' id='line_1_85' title="bbox 2239 3438 3726 3513; baseline 0.001 -19"><span class='ocrx_word' id='word_1_600' title='bbox 2239 3439 2329 3494; x_wconf 84' lang='grc'><strong>16.</strong></span> <span class='ocrx_word' id='word_1_601' title='bbox 2370 3438 2645 3494; x_wconf 87' lang='lat' dir='ltr'><strong>Statntum</strong></span> <span class='ocrx_word' id='word_1_602' title='bbox 2677 3439 2840 3495; x_wconf 90' lang='lat' dir='ltr'><strong>etiam</strong></span> <span class='ocrx_word' id='word_1_603' title='bbox 2874 3439 2973 3494; x_wconf 84' lang='lat' dir='ltr'><strong>fuit</strong></span> <span class='ocrx_word' id='word_1_604' title='bbox 3013 3451 3068 3496; x_wconf 85' lang='lat' dir='ltr'><strong>et</strong></span> <span class='ocrx_word' id='word_1_605' title='bbox 3099 3440 3238 3496; x_wconf 89' lang='lat' dir='ltr'><strong>bene</strong></span> <span class='ocrx_word' id='word_1_606' title='bbox 3269 3440 3547 3498; x_wconf 88' lang='lat' dir='ltr'><strong>firmatum</strong></span> <span class='ocrx_word' id='word_1_607' title='bbox 3586 3441 3726 3513; x_wconf 79' lang='lat' dir='ltr'><strong>quod,</strong></span> 
     </span>
    </p>
   </div>
   <div class='ocr_carea' id='block_1_86' title="bbox 2165 3526 3731 3601">
    <p class='ocr_par' dir='ltr' id='par_1_86' title="bbox 2165 3526 3731 3601">
     <span class='ocr_line' id='line_1_86' title="bbox 2165 3526 3731 3601; baseline 0.001 -19"><span class='ocrx_word' id='word_1_608' title='bbox 2165 3526 2232 3588; x_wconf 89' lang='lat' dir='ltr'><strong>si,</strong></span> <span class='ocrx_word' id='word_1_609' title='bbox 2259 3529 2434 3598; x_wconf 89' lang='lat' dir='ltr'><strong>portis</strong></span> <span class='ocrx_word' id='word_1_610' title='bbox 2465 3528 2666 3584; x_wconf 85' lang='lat' dir='ltr'><strong>clausis</strong></span> <span class='ocrx_word' id='word_1_611' title='bbox 2694 3529 2863 3596; x_wconf 70' lang='lat' dir='ltr'><strong>villae,</strong></span> <span class='ocrx_word' id='word_1_612' title='bbox 2911 3529 3108 3601; x_wconf 88' lang='lat' dir='ltr'><strong>aliquis</strong></span> <span class='ocrx_word' id='word_1_613' title='bbox 3158 3532 3208 3585; x_wconf 90' lang='lat' dir='ltr'><strong>in</strong></span> <span class='ocrx_word' id='word_1_614' title='bbox 3255 3547 3378 3586; x_wconf 89' lang='lat' dir='ltr'><strong>eam</strong></span> <span class='ocrx_word' id='word_1_615' title='bbox 3425 3534 3631 3587; x_wconf 89' lang='lat' dir='ltr'><strong>aliunde</strong></span> <span class='ocrx_word' id='word_1_616' title='bbox 3666 3533 3731 3585; x_wconf 87' lang='lat' dir='ltr'><strong>in-</strong></span> 
     </span>
    </p>
   </div>
   <div class='ocr_carea' id='block_1_87' title="bbox 2167 3619 3729 3686">
    <p class='ocr_par' dir='ltr' id='par_1_87' title="bbox 2167 3619 3729 3686">
     <span class='ocr_line' id='line_1_87' title="bbox 2167 3619 3729 3686; baseline 0.001 -13"><span class='ocrx_word' id='word_1_617' title='bbox 2167 3619 2417 3684; x_wconf 87' lang='lat' dir='ltr'><strong>traverit,</strong></span> <span class='ocrx_word' id='word_1_618' title='bbox 2449 3619 2530 3674; x_wconf 87' lang='lat' dir='ltr'><strong>vel</strong></span> <span class='ocrx_word' id='word_1_619' title='bbox 2569 3620 2786 3684; x_wconf 80' lang='lat' dir='ltr'><strong>exierit,</strong></span> <span class='ocrx_word' id='word_1_620' title='bbox 2839 3621 2942 3675; x_wconf 90' lang='lat' dir='ltr'><strong>nisi</strong></span> <span class='ocrx_word' id='word_1_621' title='bbox 2993 3637 3156 3677; x_wconf 89' lang='lat' dir='ltr'><strong>causa</strong></span> <span class='ocrx_word' id='word_1_622' title='bbox 3206 3623 3504 3678; x_wconf 73' lang='lat' dir='ltr'><strong>evadendas</strong></span> <span class='ocrx_word' id='word_1_623' title='bbox 3549 3623 3729 3686; x_wconf 86' lang='lat' dir='ltr'><strong>mortis,</strong></span> 
     </span>
    </p>
   </div>
   <div class='ocr_carea' id='block_1_88' title="bbox 2159 3711 3672 3782">
    <p class='ocr_par' dir='ltr' id='par_1_88' title="bbox 2159 3711 3672 3782">
     <span class='ocr_line' id='line_1_88' title="bbox 2159 3711 3672 3782; baseline 0.001 -17"><span class='ocrx_word' id='word_1_624' title='bbox 2159 3719 2442 3780; x_wconf 80' lang='lat' dir='ltr'><strong>tamquam</strong></span> <span class='ocrx_word' id='word_1_625' title='bbox 2477 3711 2698 3768; x_wconf 85' lang='lat' dir='ltr'><strong>invasor</strong></span> <span class='ocrx_word' id='word_1_626' title='bbox 2727 3711 3161 3782; x_wconf 70' lang='lat' dir='ltr'><strong>vilitejudicctnr</strong></span> <span class='ocrx_word' id='word_1_627' title='bbox 3191 3723 3245 3768; x_wconf 91' lang='lat' dir='ltr'><strong>et</strong></span> <span class='ocrx_word' id='word_1_628' title='bbox 3273 3717 3672 3769; x_wconf 87' lang='lat' dir='ltr'><strong>condemnetur.</strong></span> 
     </span>
    </p>
   </div>
   <div class='ocr_carea' id='block_1_89' title="bbox 2237 3802 3732 3877">
    <p class='ocr_par' dir='ltr' id='par_1_89' title="bbox 2237 3802 3732 3877">
     <span class='ocr_line' id='line_1_89' title="bbox 2237 3802 3732 3877; baseline 0 -19"><span class='ocrx_word' id='word_1_629' title='bbox 2237 3804 2327 3858; x_wconf 85' lang='grc'><strong>17.</strong></span> <span class='ocrx_word' id='word_1_630' title='bbox 2366 3803 2646 3862; x_wconf 81' lang='lat' dir='ltr'><strong>Statutum</strong></span> <span class='ocrx_word' id='word_1_631' title='bbox 2697 3803 2864 3858; x_wconf 91' lang='lat' dir='ltr'><strong>etiam</strong></span> <span class='ocrx_word' id='word_1_632' title='bbox 2910 3803 3011 3858; x_wconf 87' lang='lat' dir='ltr'><strong>fuit</strong></span> <span class='ocrx_word' id='word_1_633' title='bbox 3052 3805 3228 3872; x_wconf 85' lang='lat' dir='ltr'><strong>quod,</strong></span> <span class='ocrx_word' id='word_1_634' title='bbox 3269 3806 3314 3859; x_wconf 91' lang='lat' dir='ltr'><strong>si</strong></span> <span class='ocrx_word' id='word_1_635' title='bbox 3359 3807 3487 3877; x_wconf 89' lang='lat' dir='ltr'><strong>quis</strong></span> <span class='ocrx_word' id='word_1_636' title='bbox 3527 3805 3590 3858; x_wconf 83' lang='lat' dir='ltr'><strong>de</strong></span> <span class='ocrx_word' id='word_1_637' title='bbox 3626 3802 3732 3858; x_wconf 77' lang='lat' dir='ltr'><strong>villa</strong></span> 
     </span>
    </p>
   </div>
   <div class='ocr_carea' id='block_1_90' title="bbox 2167 3891 3732 3965">
    <p class='ocr_par' dir='ltr' id='par_1_90' title="bbox 2167 3891 3732 3965">
     <span class='ocr_line' id='line_1_90' title="bbox 2167 3891 3732 3965; baseline -0.003 -17"><span class='ocrx_word' id='word_1_638' title='bbox 2167 3893 2338 3948; x_wconf 79' lang='lat' dir='ltr'><strong>altero</strong></span> <span class='ocrx_word' id='word_1_639' title='bbox 2384 3893 2454 3950; x_wconf 89' lang='lat' dir='ltr'><strong>de</strong></span> <span class='ocrx_word' id='word_1_640' title='bbox 2506 3894 2620 3949; x_wconf 83' lang='lat' dir='ltr'><strong>suis</strong></span> <span class='ocrx_word' id='word_1_641' title='bbox 2673 3894 2934 3948; x_wconf 84' lang='lat' dir='ltr'><strong>membris</strong></span> <span class='ocrx_word' id='word_1_642' title='bbox 2990 3891 3288 3962; x_wconf 77' lang='lat' dir='ltr'><strong>majoribus</strong></span> <span class='ocrx_word' id='word_1_643' title='bbox 3337 3910 3400 3950; x_wconf 86' lang='lat' dir='ltr'><strong>se</strong></span> <span class='ocrx_word' id='word_1_644' title='bbox 3444 3893 3732 3965; x_wconf 78' lang='lat' dir='ltr'><strong>privaverit,</strong></span> 
     </span>
    </p>
   </div>
   <div class='ocr_carea' id='block_1_91' title="bbox 2165 3967 3732 4054">
    <p class='ocr_par' dir='ltr' id='par_1_91' title="bbox 2165 3967 3732 4054">
     <span class='ocr_line' id='line_1_91' title="bbox 2165 3967 3732 4054; baseline -0.004 -12"><span class='ocrx_word' id='word_1_645' title='bbox 2165 4001 2230 4042; x_wconf 85' lang='lat' dir='ltr'><strong>Ct.</strong></span> <span class='ocrx_word' id='word_1_646' title='bbox 2257 3985 2458 4041; x_wconf 89' lang='lat' dir='ltr'><strong>solidos</strong></span> <span class='ocrx_word' id='word_1_647' title='bbox 2501 3983 2681 4039; x_wconf 88' lang='lat' dir='ltr'><strong>abbati</strong></span> <span class='ocrx_word' id='word_1_648' title='bbox 2729 3984 3033 4054; x_wconf 85' lang='lat' dir='ltr'><strong>persolvat,</strong></span> <span class='ocrx_word' id='word_1_649' title='bbox 3060 3993 3116 4038; x_wconf 95' lang='lat' dir='ltr'><strong>et</strong></span> <span class='ocrx_word' id='word_1_650' title='bbox 3149 3999 3272 4039; x_wconf 89' lang='lat' dir='ltr'><strong>eum</strong></span> <span class='ocrx_word' id='word_1_651' title='bbox 3327 3999 3396 4040; x_wconf 91' lang='lat' dir='ltr'><strong>eo</strong></span> <span class='ocrx_word' id='word_1_652' title='bbox 3419 3967 3499 4039; x_wconf 44' lang='lat' dir='ltr'><strong>&#39;de</strong></span> <span class='ocrx_word' id='word_1_653' title='bbox 3544 3991 3732 4050; x_wconf 86' lang='lat' dir='ltr'><strong>turpato</strong></span> 
     </span>
    </p>
   </div>
   <div class='ocr_carea' id='block_1_92' title="bbox 2169 4076 3733 4147">
    <p class='ocr_par' dir='ltr' id='par_1_92' title="bbox 2169 4076 3733 4147">
     <span class='ocr_line' id='line_1_92' title="bbox 2169 4076 3733 4147; baseline -0.003 -14"><span class='ocrx_word' id='word_1_654' title='bbox 2169 4078 2416 4134; x_wconf 87' lang='lat' dir='ltr'><strong>membro</strong></span> <span class='ocrx_word' id='word_1_655' title='bbox 2444 4076 2767 4140; x_wconf 91' lang='lat' dir='ltr'><strong>conveniat,</strong></span> <span class='ocrx_word' id='word_1_656' title='bbox 2797 4085 2851 4130; x_wconf 87' lang='lat' dir='ltr'><strong>et</strong></span> <span class='ocrx_word' id='word_1_657' title='bbox 2879 4076 2947 4131; x_wconf 89' lang='lat' dir='ltr'><strong>de</strong></span> <span class='ocrx_word' id='word_1_658' title='bbox 2983 4077 3290 4147; x_wconf 83' lang='lat' dir='ltr'><strong>turpatione</strong></span> <span class='ocrx_word' id='word_1_659' title='bbox 3330 4077 3561 4137; x_wconf 78' lang='lat' dir='ltr'><strong>aliorum</strong></span> <span class='ocrx_word' id='word_1_660' title='bbox 3587 4089 3733 4130; x_wconf 71' lang='lat' dir='ltr'><strong>mell-</strong></span> 
     </span>
    </p>
   </div>
   <div class='ocr_carea' id='block_1_93' title="bbox 2168 4167 3250 4236">
    <p class='ocr_par' dir='ltr' id='par_1_93' title="bbox 2168 4167 3250 4236">
     <span class='ocr_line' id='line_1_93' title="bbox 2168 4167 3250 4236; baseline -0.001 -13"><span class='ocrx_word' id='word_1_661' title='bbox 2168 4171 2388 4224; x_wconf 85' lang='lat' dir='ltr'><strong>brorum</strong></span> <span class='ocrx_word' id='word_1_662' title='bbox 2421 4167 2476 4222; x_wconf 91' lang='lat' dir='ltr'><strong>in</strong></span> <span class='ocrx_word' id='word_1_663' title='bbox 2509 4167 2738 4222; x_wconf 87' lang='lat' dir='ltr'><strong>arbitrio</strong></span> <span class='ocrx_word' id='word_1_664' title='bbox 2768 4169 2840 4222; x_wconf 84' lang='lat' dir='ltr'><strong>sit</strong></span> <span class='ocrx_word' id='word_1_665' title='bbox 2867 4167 3250 4236; x_wconf 72' lang='lat' dir='ltr'><strong>indicantium.</strong></span> 
     </span>
    </p>
   </div>
   <div class='ocr_carea' id='block_1_94' title="bbox 2237 4258 3732 4331">
    <p class='ocr_par' dir='ltr' id='par_1_94' title="bbox 2237 4258 3732 4331">
     <span class='ocr_line' id='line_1_94' title="bbox 2237 4258 3732 4331; baseline -0.001 -16"><span class='ocrx_word' id='word_1_666' title='bbox 2237 4261 2324 4316; x_wconf 85' lang='grc'><strong>18.</strong></span> <span class='ocrx_word' id='word_1_667' title='bbox 2360 4260 2634 4316; x_wconf 87' lang='lat' dir='ltr'><strong>Statutnm</strong></span> <span class='ocrx_word' id='word_1_668' title='bbox 2661 4261 2823 4314; x_wconf 83' lang='lat' dir='ltr'><strong>etiam</strong></span> <span class='ocrx_word' id='word_1_669' title='bbox 2856 4260 2976 4328; x_wconf 91' lang='lat' dir='ltr'><strong>fuit,</strong></span> <span class='ocrx_word' id='word_1_670' title='bbox 3007 4261 3151 4331; x_wconf 83' lang='lat' dir='ltr'><strong>quod</strong></span> <span class='ocrx_word' id='word_1_671' title='bbox 3177 4261 3223 4316; x_wconf 82' lang='lat' dir='ltr'><strong>si</strong></span> <span class='ocrx_word' id='word_1_672' title='bbox 3254 4261 3378 4331; x_wconf 88' lang='lat' dir='ltr'><strong>quis</strong></span> <span class='ocrx_word' id='word_1_673' title='bbox 3401 4261 3520 4316; x_wconf 86' lang='lat' dir='ltr'><strong>sine</strong></span> <span class='ocrx_word' id='word_1_674' title='bbox 3545 4258 3732 4315; x_wconf 74' lang='lat' dir='ltr'><strong>bzrrede</strong></span> 
     </span>
    </p>
   </div>
   <div class='ocr_carea' id='block_1_95' title="bbox 2166 4353 3728 4418">
    <p class='ocr_par' dir='ltr' id='par_1_95' title="bbox 2166 4353 3728 4418">
     <span class='ocr_line' id='line_1_95' title="bbox 2166 4353 3728 4418; baseline -0.004 -8"><span class='ocrx_word' id='word_1_675' title='bbox 2166 4353 2422 4418; x_wconf 88' lang='lat' dir='ltr'><strong>decedat,</strong></span> <span class='ocrx_word' id='word_1_676' title='bbox 2465 4353 2634 4408; x_wconf 88' lang='lat' dir='ltr'><strong>abbas</strong></span> <span class='ocrx_word' id='word_1_677' title='bbox 2681 4355 2735 4407; x_wconf 91' lang='lat' dir='ltr'><strong>in</strong></span> <span class='ocrx_word' id='word_1_678' title='bbox 2767 4353 3019 4408; x_wconf 87' lang='lat' dir='ltr'><strong>omnibus</strong></span> <span class='ocrx_word' id='word_1_679' title='bbox 3057 4355 3218 4409; x_wconf 83' lang='lat' dir='ltr'><strong>rebus</strong></span> <span class='ocrx_word' id='word_1_680' title='bbox 3247 4353 3362 4408; x_wconf 87' lang='lat' dir='ltr'><strong>suis</strong></span> <span class='ocrx_word' id='word_1_681' title='bbox 3390 4353 3442 4408; x_wconf 90' lang='lat' dir='ltr'><strong>ei</strong></span> <span class='ocrx_word' id='word_1_682' title='bbox 3471 4353 3728 4414; x_wconf 76' lang='lat' dir='ltr'><strong>succedat;</strong></span> 
     </span>
    </p>
   </div>
   <div class='ocr_carea' id='block_1_96' title="bbox 2165 4442 3733 4515">
    <p class='ocr_par' dir='ltr' id='par_1_96' title="bbox 2165 4442 3733 4515">
     <span class='ocr_line' id='line_1_96' title="bbox 2165 4442 3733 4515; baseline -0.004 -15"><span class='ocrx_word' id='word_1_683' title='bbox 2165 4453 2219 4500; x_wconf 84' lang='lat' dir='ltr'><strong>et</strong></span> <span class='ocrx_word' id='word_1_684' title='bbox 2265 4446 2310 4502; x_wconf 86' lang='lat' dir='ltr'><strong>si</strong></span> <span class='ocrx_word' id='word_1_685' title='bbox 2355 4445 2477 4515; x_wconf 86' lang='lat' dir='ltr'><strong>quis</strong></span> <span class='ocrx_word' id='word_1_686' title='bbox 2525 4452 2907 4500; x_wconf 86' lang='lat' dir='ltr'><strong>testamentum</strong></span> <span class='ocrx_word' id='word_1_687' title='bbox 2963 4444 3146 4498; x_wconf 85' lang='lat' dir='ltr'><strong>facere</strong></span> <span class='ocrx_word' id='word_1_688' title='bbox 3201 4443 3440 4498; x_wconf 82' lang='lat' dir='ltr'><strong>noluerit</strong></span> <span class='ocrx_word' id='word_1_689' title='bbox 3489 4442 3554 4497; x_wconf 89' lang='lat' dir='ltr'><strong>de</strong></span> <span class='ocrx_word' id='word_1_690' title='bbox 3593 4442 3733 4496; x_wconf 83' lang='lat' dir='ltr'><strong>rebus</strong></span> 
     </span>
    </p>
   </div>
   <div class='ocr_carea' id='block_1_97' title="bbox 2167 4532 3733 4607">
    <p class='ocr_par' dir='ltr' id='par_1_97' title="bbox 2167 4532 3733 4607">
     <span class='ocr_line' id='line_1_97' title="bbox 2167 4532 3733 4607; baseline -0.006 -14"><span class='ocrx_word' id='word_1_691' title='bbox 2167 4538 2301 4602; x_wconf 88' lang='lat' dir='ltr'><strong>suis,</strong></span> <span class='ocrx_word' id='word_1_692' title='bbox 2339 4536 2694 4601; x_wconf 89' lang='lat' dir='ltr'><strong>monasterio,</strong></span> <span class='ocrx_word' id='word_1_693' title='bbox 2737 4550 2840 4607; x_wconf 90' lang='lat' dir='ltr'><strong>pro</strong></span> <span class='ocrx_word' id='word_1_694' title='bbox 2885 4535 3070 4590; x_wconf 88' lang='lat' dir='ltr'><strong>anima</strong></span> <span class='ocrx_word' id='word_1_695' title='bbox 3122 4549 3242 4600; x_wconf 85' lang='lat' dir='ltr'><strong>sua,</strong></span> <span class='ocrx_word' id='word_1_696' title='bbox 3277 4535 3618 4592; x_wconf 82' lang='lat' dir='ltr'><strong>medietatem</strong></span> <span class='ocrx_word' id='word_1_697' title='bbox 3653 4532 3733 4585; x_wconf 85' lang='lat' dir='ltr'><strong>tri-</strong></span> 
     </span>
    </p>
   </div>
   <div class='ocr_carea' id='block_1_98' title="bbox 2167 4629 2317 4684">
    <p class='ocr_par' dir='ltr' id='par_1_98' title="bbox 2167 4629 2317 4684">
     <span class='ocr_line' id='line_1_98' title="bbox 2167 4629 2317 4684; baseline -0.013 0"><span class='ocrx_word' id='word_1_698' title='bbox 2167 4629 2317 4684; x_wconf 91' lang='lat' dir='ltr'><strong>buat.</strong></span> 
     </span>
    </p>
   </div>
   <div class='ocr_carea' id='block_1_99' title="bbox 2237 4713 3734 4791">
    <p class='ocr_par' dir='ltr' id='par_1_99' title="bbox 2237 4713 3734 4791">
     <span class='ocr_line' id='line_1_99' title="bbox 2237 4713 3734 4791; baseline -0.006 -15"><span class='ocrx_word' id='word_1_699' title='bbox 2237 4721 2324 4776; x_wconf 81' lang='lat' dir='ltr'><strong>l9.</strong></span> <span class='ocrx_word' id='word_1_700' title='bbox 2341 4721 2674 4777; x_wconf 85' lang='lat' dir='ltr'><strong>Procedente</strong></span> <span class='ocrx_word' id='word_1_701' title='bbox 2696 4729 2938 4791; x_wconf 85' lang='lat' dir='ltr'><strong>tempore</strong></span> <span class='ocrx_word' id='word_1_702' title='bbox 2959 4727 3222 4776; x_wconf 79' lang='lat' dir='ltr'><strong>statutum</strong></span> <span class='ocrx_word' id='word_1_703' title='bbox 3245 4719 3512 4789; x_wconf 77' lang='lat' dir='ltr'><strong>estquod,</strong></span> <span class='ocrx_word' id='word_1_704' title='bbox 3529 4717 3572 4772; x_wconf 86' lang='lat' dir='ltr'><strong>si</strong></span> <span class='ocrx_word' id='word_1_705' title='bbox 3591 4713 3734 4770; x_wconf 78' lang='lat' dir='ltr'><strong>abbas</strong></span> 
     </span>
    </p>
   </div>
   <div class='ocr_carea' id='block_1_100' title="bbox 2166 4799 3733 4882">
    <p class='ocr_par' dir='ltr' id='par_1_100' title="bbox 2166 4799 3733 4882">
     <span class='ocr_line' id='line_1_100' title="bbox 2166 4799 3733 4882; baseline -0.008 -16"><span class='ocrx_word' id='word_1_706' title='bbox 2166 4812 2308 4882; x_wconf 90' lang='lat' dir='ltr'><strong>apud</strong></span> <span class='ocrx_word' id='word_1_707' title='bbox 2351 4826 2409 4867; x_wconf 91' lang='lat' dir='ltr'><strong>se</strong></span> <span class='ocrx_word' id='word_1_708' title='bbox 2452 4827 2764 4867; x_wconf 86' lang='lat' dir='ltr'><strong>mensuram</strong></span> <span class='ocrx_word' id='word_1_709' title='bbox 2814 4810 3112 4882; x_wconf 83' lang='lat' dir='ltr'><strong>legitimam</strong></span> <span class='ocrx_word' id='word_1_710' title='bbox 3155 4809 3368 4863; x_wconf 78' lang='lat' dir='ltr'><strong>emendi</strong></span> <span class='ocrx_word' id='word_1_711' title='bbox 3403 4817 3462 4863; x_wconf 88' lang='lat' dir='ltr'><strong>et</strong></span> <span class='ocrx_word' id='word_1_712' title='bbox 3493 4799 3733 4860; x_wconf 80' lang='lat' dir='ltr'><strong>vendendi</strong></span> 
     </span>
    </p>
   </div>
   <div class='ocr_carea' id='block_1_101' title="bbox 2166 4895 3735 4972">
    <p class='ocr_par' dir='ltr' id='par_1_101' title="bbox 2166 4895 3735 4972">
     <span class='ocr_line' id='line_1_101' title="bbox 2166 4895 3735 4972; baseline -0.009 -15"><span class='ocrx_word' id='word_1_713' title='bbox 2166 4917 2435 4957; x_wconf 85' lang='lat' dir='ltr'><strong>annonam</strong></span> <span class='ocrx_word' id='word_1_714' title='bbox 2469 4917 2684 4972; x_wconf 89' lang='lat' dir='ltr'><strong>semper</strong></span> <span class='ocrx_word' id='word_1_715' title='bbox 2714 4901 2932 4964; x_wconf 84' lang='lat' dir='ltr'><strong>habent,</strong></span> <span class='ocrx_word' id='word_1_716' title='bbox 2970 4913 3070 4969; x_wconf 87' lang='lat' dir='ltr'><strong>pro</strong></span> <span class='ocrx_word' id='word_1_717' title='bbox 3105 4912 3356 4954; x_wconf 80' lang='lat' dir='ltr'><strong>mensura</strong></span> <span class='ocrx_word' id='word_1_718' title='bbox 3401 4913 3440 4952; x_wconf 46' lang='lat' dir='ltr'><strong>ve</strong></span> <span class='ocrx_word' id='word_1_719' title='bbox 3483 4895 3735 4950; x_wconf 75' lang='lat' dir='ltr'><strong>venditare</strong></span> 
     </span>
    </p>
   </div>
   <div class='ocr_carea' id='block_1_102' title="bbox 2168 4989 3734 5066">
    <p class='ocr_par' dir='ltr' id='par_1_102' title="bbox 2168 4989 3734 5066">
     <span class='ocr_line' id='line_1_102' title="bbox 2168 4989 3734 5066; baseline -0.01 -16"><span class='ocrx_word' id='word_1_720' title='bbox 2168 5009 2363 5050; x_wconf 86' lang='lat' dir='ltr'><strong>manus</strong></span> <span class='ocrx_word' id='word_1_721' title='bbox 2401 4994 2591 5066; x_wconf 86' lang='lat' dir='ltr'><strong>plenas</strong></span> <span class='ocrx_word' id='word_1_722' title='bbox 2641 5007 2870 5047; x_wconf 73' lang='lat' dir='ltr'><strong>annona:</strong></span> <span class='ocrx_word' id='word_1_723' title='bbox 2919 4992 3201 5062; x_wconf 87' lang='lat' dir='ltr'><strong>percipiat.</strong></span> <span class='ocrx_word' id='word_1_724' title='bbox 3255 4989 3318 5044; x_wconf 81' lang='lat' dir='ltr'><strong>lu</strong></span> <span class='ocrx_word' id='word_1_725' title='bbox 3346 4989 3458 5044; x_wconf 80' lang='lat' dir='ltr'><strong>line</strong></span> <span class='ocrx_word' id='word_1_726' title='bbox 3497 4992 3734 5042; x_wconf 77' lang='lat' dir='ltr'><strong>statutum</strong></span> 
     </span>
    </p>
   </div>
   <div class='ocr_carea' id='block_1_103' title="bbox 2169 5075 3734 5157">
    <p class='ocr_par' dir='ltr' id='par_1_103' title="bbox 2169 5075 3734 5157">
     <span class='ocr_line' id='line_1_103' title="bbox 2169 5075 3734 5157; baseline -0.009 -14"><span class='ocrx_word' id='word_1_727' title='bbox 2169 5096 2253 5143; x_wconf 91' lang='lat' dir='ltr'><strong>est</strong></span> <span class='ocrx_word' id='word_1_728' title='bbox 2283 5087 2456 5157; x_wconf 86' lang='lat' dir='ltr'><strong>quod,</strong></span> <span class='ocrx_word' id='word_1_729' title='bbox 2487 5088 2532 5143; x_wconf 89' lang='lat' dir='ltr'><strong>si</strong></span> <span class='ocrx_word' id='word_1_730' title='bbox 2566 5088 2633 5143; x_wconf 91' lang='lat' dir='ltr'><strong>de</strong></span> <span class='ocrx_word' id='word_1_731' title='bbox 2665 5102 2804 5141; x_wconf 93' lang='lat' dir='ltr'><strong>novo</strong></span> <span class='ocrx_word' id='word_1_732' title='bbox 2852 5085 3054 5156; x_wconf 87' lang='lat' dir='ltr'><strong>aliquid</strong></span> <span class='ocrx_word' id='word_1_733' title='bbox 3100 5083 3449 5139; x_wconf 81' lang='lat' dir='ltr'><strong>statuendum</strong></span> <span class='ocrx_word' id='word_1_734' title='bbox 3494 5075 3734 5138; x_wconf 85' lang='lat' dir='ltr'><strong>evenerit,</strong></span> 
     </span>
    </p>
   </div>
   <div class='ocr_carea' id='block_1_104' title="bbox 2171 5175 3150 5234">
    <p class='ocr_par' dir='ltr' id='par_1_104' title="bbox 2171 5175 3150 5234">
     <span class='ocr_line' id='line_1_104' title="bbox 2171 5175 3150 5234; baseline -0.004 -3"><span class='ocrx_word' id='word_1_735' title='bbox 2171 5185 2445 5232; x_wconf 84' lang='lat' dir='ltr'><strong>statuatur</strong></span> <span class='ocrx_word' id='word_1_736' title='bbox 2472 5185 2528 5234; x_wconf 89' lang='lat' dir='ltr'><strong>et</strong></span> <span class='ocrx_word' id='word_1_737' title='bbox 2550 5185 2921 5233; x_wconf 89' lang='lat' dir='ltr'><strong>conservetur.</strong></span> <span class='ocrx_word' id='word_1_738' title='bbox 2956 5175 3150 5230; x_wconf 84' lang='lat' dir='ltr'><strong>Amen.</strong></span> 
     </span>
    </p>
   </div>
  </div>
