3926 6446
435 398 542 452 4'85

1453 392 1820 450 ADELGORII
1856 389 2307 448 MAGDEBURG.
2345 387 2664 444 ABCHIEP.

3578 387 3670 443 ‘85

439 512 709 569 habentur
759 514 812 568 in
843 511 983 566 villis
1019 474 1201 564 Sa'ncti
1231 507 1372 561 Petri
1406 507 1556 560 multi
1601 507 1843 561 advocati
1872 547 1885 569 ,
1910 506 2018 560 imo
2047 507 2094 562 A
2120 505 2285 559 sionis
2305 503 2461 557 villas
2479 501 2718 570 qualibet
2741 501 3026 556 occasione
3047 500 3327 566 invadant,
3365 513 3672 571 omnemque

435 615 704 675 raptores,
738 606 789 658 in
819 602 1089 671 aliquibus
1104 600 1363 668 quinque,
1389 598 1440 650 in
1463 598 1732 667 aliqu-ibus
1761 608 2016 667 quatuor,

438 693 492 758 in
549 695 817 763 aliquibus
858 702 965 746 tres
989 731 1004 755 ,
1062 691 1113 744 in
1149 688 1416 755 aliquibus
1446 690 1608 743 etiam
1649 698 1891 757 septem;
1927 690 2019 757 qui

436 792 635 852 prmter
684 793 792 835 tres
839 780 1165 849 principales
1201 779 1481 847 generales
1507 779 1734 848 placitos
1779 781 2020 847 quandO«

435 885 649 938 cunque
679 870 860 924 volunt
911 869 984 922 ibi
1037 869 1305 937 sigillatim
1333 868 1591 937 placitant
1627 887 1640 921 :
1674 881 2016 938 precaturus,

435 961 545 1014 imo
573 959 810 1028 rapinas,
837 973 973 1027 quas
1021 958 1195 1011 nullas
1230 959 1452 1012 omnino
1496 959 1696 1012 habere
1727 959 1925 1013 debent
1953 960 2019 1013 de

436 1065 627 1112 avena,
657 1050 724 1104 de
751 1049 1095 1116 multacibus,
1121 1051 1186 1104 de
1211 1051 1469 1111 denariis,
1504 1051 1569 1103 de
1605 1051 1854 1104 omnibus
1881 1064 2019 1118 pene

436 1139 724 1193 mobilibus
769 1148 958 1193 contra
1009 1139 1341 1193 voluntatem
1391 1155 1714 1208 pauperum,
1756 1155 1860 1191 non
1893 1155 2019 1206 pre-

437 1229 636 1292 cando,
693 1229 787 1281 sed
841 1228 1076 1282 tollendo
1131 1228 1712 1297 faciuntscepius,ubi
1745 1227 2017 1295 sigillatim

437 1330 707 1374 nocturno
732 1319 1054 1374 diverticulo
1059 1318 1292 1386 jacendo
1314 1335 1579 1389 pauperes
1619 1321 2018 1374 mansionarios

438 1409 767 1464 omnimodis
796 1409 1056 1478 aﬂligunt.
1089 1409 1145 1462 In
1184 1410 1397 1476 placitis
1429 1419 1630 1477 prmter
1668 1410 1938 1462 hineinam
1965 1417 2018 1462 ct

441 1499 688 1553 testeiam
716 1515 820 1554 non
849 1498 1009 1552 debet
1035 1498 1232 1552 habere
1260 1498 1552 1553 advocatus
1581 1500 1682 1553 nisi
1713 1508 1821 1552 tres
1847 1500 2052 1570 dena-1

439 1588 574 1652 rios,
601 1598 653 1644 et
675 1589 870 1642 alicubi
902 1590 1036 1641 duos
1067 1626 1081 1651 ,
1114 1589 1272 1641 modo
1323 1588 1367 1642 si
1414 1589 1610 1657 aliquis
1659 1605 1763 1642 non
1817 1589 2014 1658 placito

441 1680 786 1733 scabinorum
832 1681 1013 1734 hanno
1071 1678 1232 1732 fuerit
1283 1679 1527 1732 devictus
1577 1683 1694 1734 sine
1746 1690 2016 1749 potestate

442 1772 710 1835 advocati,
737 1773 1026 1825 advocatus
1059 1771 1169 1824 vult
1214 1771 1414 1842 habere
1448 1774 1660 1827 tertium
1693 1775 2008 1838 denarium;

2119 610 2388 648 annonam
2422 609 2544 648 cmn
2602 592 2894 646 redditibus
2934 593 3130 648 exinde
3170 593 3327 648 nobis
3368 596 3674 662 provenien-

2120 685 2262 739 tibus
2313 692 2406 737 aut
2449 699 2546 752 pro
2611 698 2670 738 se
2719 684 3004 752 accipiant,
3056 692 3150 737 aut
3191 683 3377 737 tandiu
3430 684 3677 740 violenter

2123 776 2418 838 detineant,
2447 774 2620 828 donec
2667 773 2872 841 majora
2905 788 3066 841 quam
3115 774 3266 842 prius
3297 774 3571 842 petierunt
3615 776 3675 829 ab

2121 863 2304 916 invitis
2333 864 2569 932 exigant.
2595 861 3176 916 Crebresccntibushis
3220 861 3362 929 apud
3393 876 3491 914 nos
3535 863 3673 917 malis

2113 954 2224 1022 jam
2249 956 2464 1024 triginta
2488 955 2664 1016 annis,
2693 955 2744 1007 in
2786 955 2887 1008 hoc
2917 954 3193 1014 biennium
3218 955 3468 1023 pervenit
3487 954 3675 1024 gladius

2120 1061 2290 1115 usque
2340 1046 2403 1099 ad
2439 1045 2697 1110 animam,
2748 1052 2803 1098 et
2857 1043 2982 1097 dum
3033 1045 3103 1104 ab
3149 1053 3282 1098 aestu
3322 1043 3674 1100 tribulationis

2119 1135 2410 1206 quaerimus
2458 1134 2694 1189 nomium
2744 1135 3022 1187 inventam
3076 1133 3281 1204 requiei
3312 1135 3579 1201 umbram,
3606 1137 3676 1190 in-

2118 1230 2384 1283 currimus
2421 1228 2739 1282 succisionis
2785 1227 2976 1278 falcem
3029 1235 3082 1280 ct
3114 1226 3380 1288 lanceam,
3414 1241 3575 1295 quam
3606 1230 3676 1281 in-

2120 1319 2306 1373 tulisse
2353 1319 2509 1372 nobis
2551 1317 2861 1388 plangimus
2913 1317 3206 1372 Montensis
3234 1317 3528 1371 comitissae
3558 1319 3680 1372 mili-

2121 1412 2269 1471 tiam,
2299 1426 2419 1478 quzn
2448 1409 2499 1462 in
2525 1411 2927 1463 succensionem
2955 1410 3090 1478 ignis
3121 1419 3174 1464 et
3198 1409 3643 1477 depraedationem
3663 1452 3676 1474 ,

2118 1504 2172 1548 ct
2201 1496 2570 1564 captivitatem
2595 1505 2651 1547 et
2683 1503 2909 1546 mortem
2941 1494 3146 1562 redegit
3175 1502 3340 1546 totam
3359 1493 3504 1562 juris
3527 1495 3677 1548 nostri

2120 1586 2392 1639 viciniam.
2450 1583 2506 1638 In
2555 1585 2640 1640 his
2687 1586 2939 1638 omnilms
2998 1600 3100 1638 non
3138 1594 3222 1640 est
3265 1600 3494 1638 aversus
3547 1586 3680 1640 furor

2118 1676 2256 1744 ejus,
2297 1675 2390 1729 sed
2439 1675 2616 1729 adhuc
2666 1689 2858 1727 manus
2905 1673 3023 1741 ejus
3074 1683 3300 1728 extensa
3338 1692 3351 1729 :
3383 1690 3680 1745 quanquam

2118 1766 2404 1835 prohibeat
2441 1765 2675 1835 gladium
2714 1780 2745 1820 a
2795 1766 3081 1835 sanguine,
3138 1767 3375 1820 excessit
3424 1768 3583 1821 terris
3605 1767 3682 1834 ju-

441 1863 584 1933 quod
617 1862 758 1916 nullo
799 1863 957 1918 modo
995 1863 1158 1916 debet
1190 1863 1327 1930 fieri,
1369 1863 1470 1917 nisi
1496 1864 1717 1916 omnino
1759 1865 2017 1919 resistens
2051 1855 2092 1912 Β
2120 1859 2287 1912 stitia.

443 1953 685 2005 devictus
728 1949 890 2006 fuerit
919 1969 1150 2007 censura
1199 1953 1466 2007 advocati.
1501 1953 1554 2006 In
1606 1953 1769 2016 loris,
1805 1955 1855 2008 in
1887 1969 2017 2006 san-

446 2043 623 2112 guinis
671 2043 878 2106 fusura,
928 2043 978 2096 in
1033 2045 1480 2109 manumissuris,
1516 2046 1566 2097 in
1598 2045 1812 2098 licentia
1857 2045 2016 2098 mari-

445 2134 615 2198 tandi,
649 2134 701 2186 in
731 2141 939 2187 mortua
969 2149 1152 2198 manu,
1187 2134 1320 2188 nihil
1355 2135 1516 2189 debet
1546 2136 1745 2189 habere
1784 2136 2017 2190 advoca-

445 2231 555 2286 ttts,
621 2225 726 2278 nisi
761 2226 1008 2280 minister
1043 2225 1224 2280 abbati
1269 2226 1653 2282 declamaverit
1680 2229 1819 2295 apud
1856 2243 2013 2292 eum,

444 2325 500 2368 et
545 2315 659 2383 ipse
709 2315 1002 2369 advocatus
1049 2317 1097 2370 ei
1129 2318 1420 2372 redemerit
1463 2333 1476 2370 :
1518 2319 1677 2371 modo
1726 2319 2016 2386 aliquando

444 2407 657 2459 tertiam
685 2414 888 2474 partem
915 2416 970 2460 et
997 2407 1281 2476 aliquando
1333 2419 1472 2464 totas
1516 2420 1625 2464 tres
1653 2420 1837 2480 partes
1885 2411 2017 2464 diri-

442 2494 639 2565 piendo
687 2495 786 2550 sibi
828 2495 1122 2552 vindicant.

511 2583 805 2653 Legitimus
831 2586 1125 2641 advocatus
1149 2597 1314 2643 totam
1333 2588 1590 2644 familiam
1627 2591 1814 2646 altaris
1827 2590 2018 2646 Sancti

445 2674 588 2728 Petri
614 2675 775 2730 debet
827 2685 1008 2732 tenere
1054 2679 1106 2733 in
1128 2696 1286 2734 manu
1342 2698 1484 2736 sua:
1533 2699 1677 2736 nunc
1707 2684 1791 2737 his
1827 2694 1881 2738 ct
1911 2684 2017 2738 illis

442 2781 539 2836 per
568 2777 750 2836 partes
802 2769 856 2823 in
899 2769 1217 2825 beneficium
1253 2772 1512 2828 distracta
1553 2775 1894 2844 deprmdatur
1917 2816 1930 2837 ,
1962 2784 2018 2829 et

441 2854 776 2909 annihilatur
824 2873 931 2912 non
977 2860 1156 2926 unius,
1218 2862 1312 2916 sed
1371 2861 1661 2916 multorum
1736 2862 2018 2919 violentia.

447 2943 763 3015 Ubicunque
819 2948 872 3002 in
909 2951 1082 3005 vadiis
1121 2951 1418 3008 advocatus
1469 2953 1684 3006 tertittm
1735 2954 2014 3008 denarium

445 3035 604 3091 debet
629 3038 850 3102 habere,
879 3044 1240 3098 communiter
1262 3045 1512 3098 minister
1541 3046 1774 3113 abbatis,
1833 3056 1884 3100 ct
1917 3046 2018 3100 mi-

445 3126 618 3182 nister
645 3129 893 3184 advocati
947 3133 1165 3187 vadium
1213 3134 1411 3189 debent
1461 3137 1774 3204 oppretiare
1810 3153 1821 3187 :
1857 3135 2014 3190 modo

2191 1949 2302 2004 Sub
2327 1949 2412 2004 his
2439 1948 2628 2003 diebus
2658 1949 2909 2004 Eiliertus
2935 1990 2947 2013 ,
2977 1949 3171 2004 nobilis
3203 1950 3543 2012 adolescens,
3577 1949 3678 2003 bel-

2121 2041 2224 2096 lico
2255 2042 2364 2095 ictu
2394 2042 2501 2096 vita
2527 2041 2814 2102 decedens.
2854 2043 2904 2094 in
2930 2042 3119 2112 agonia
3159 2043 3365 2111 positus
3389 2043 3446 2096 S.
3472 2042 3678 2096 Petrum

2119 2141 2475 2201 sanctumque
2503 2131 2818 2188 Ursmarum
2853 2134 3066 2187 devovit
3113 2135 3212 2188 sibi
3256 2135 3552 2198 hzcredem,
3576 2137 3679 2204 qni-

2117 2224 2219 2278 bus
2269 2224 2450 2278 omnia
2493 2224 2634 2292 juris
2681 2226 2761 2277 sui
2800 2226 3100 2294 possessiva
3150 2227 3368 2295 reliquit
3397 2227 3463 2280 ad
3501 2226 3580 2279 Sui
3607 2243 3680 2282 rc-

2119 2315 2321 2384 quiem.
2350 2316 2481 2370 Post
2509 2315 2802 2370 triennium
2838 2318 3019 2371 obitus
3068 2317 3185 2383 ejus
3213 2319 3424 2388 perlato
3467 2336 3684 2388 corpore

2119 2405 2278 2474 hujus
2333 2407 2393 2460 Β.
2439 2407 2650 2476 patroni
2703 2409 2870 2462 nostri
2905 2409 3170 2476 Ursmari,
3225 2413 3406 2464 omnia
3435 2411 3669 2482 legitime

2117 2497 2480 2566 pcrvadimus,
2523 2513 2614 2551 seu
2647 2497 2699 2551 in
2728 2507 2968 2552 nostram
3000 2500 3396 2568 possessionem
3428 2500 3684 2554 converti-

2119 2604 2268 2657 mus,
2300 2589 2718 2660 lcgitimojure;
2753 2592 2844 2644 sed
2900 2593 3225 2660 prmcipuunt
3277 2592 3404 2645 illud
3441 2593 3684 2646 ailodium

2119 2683 2299 2752 Asgup
2330 2682 2688 2742 nominatum,
2729 2698 2834 2735 non
2865 2693 2948 2735 est
2973 2684 3178 2738 veritus
3216 2695 3405 2736 sancto
3437 2685 3686 2752 nobisque

2121 2775 2493 2828 contradicere
2523 2775 2874 2829 consobrinus
2907 2775 3051 2830 illius
3094 2775 3219 2828 licet
3266 2774 3465 2842 injuste
3501 2776 3683 2829 llenri-

2121 2881 2216 2920 cus
2250 2863 2556 2927 Marbasite,
2585 2880 2684 2933 pro
2712 2880 2819 2934 quo
2861 2873 3054 2918 vestra:
3103 2865 3379 2935 dignitatis
3427 2865 3684 2919 excellen-

2123 2957 2249 3010 tiam
2294 2971 2389 3010 seu
2441 2955 2781 3010 clementiam
2835 2955 3208 3024 imploramus,
3261 2941 3533 3025 quatenus
3583 2956 3685 3024 cius

2120 3048 2516 3114 excellentiam,
2569 3063 2689 3118 qua:
2761 3047 2937 3101 adhuc
2996 3047 3148 3101 nobis
3208 3049 3427 3112 resistit,
3477 3065 3543 3102 ex
3597 3050 3687 3102 hoc

2121 3141 2360 3196 coerceri
2411 3141 2783 3210 impetremus.
2830 3139 2905 3193 De
2959 3149 3178 3204 czelcro,
3207 3157 3274 3194 ne
3326 3152 3512 3195 nostra
3547 3154 3688 3195 exse-

443 3221 687 3278 advocati
713 3223 837 3277 hinc
877 3237 935 3277 se
964 3233 1238 3293 separant,
1292 3235 1348 3280 et
1392 3228 1685 3282 secundum
1733 3227 2016 3282 arbitrium
2045 3213 2092 3276 C
2122 3232 2350 3288 ει-ειῃῑηί
2389 3231 2749 3301 multiloquia,
2777 3232 2872 3284 ﬁat
2901 3231 3254 3300 querimonia:
3304 3239 3509 3286 nostra:
3546 3231 3685 3284 clau-

443 3327 600 3366 suum
637 3313 782 3382 leges
811 3329 938 3369 suas
987 3329 1054 3368 ex
1094 3315 1306 3384 integro
1336 3317 1628 3386 accipiunt.
1661 3318 1868 3372 Praeter
1903 3319 2018 3373 δαῖε

445 3417 577 3457 vero
623 3419 742 3473 quae
790 3404 1046 3467 diximus.
1091 3405 1164 3460 ita
1205 3407 1361 3462 nobis
1398 3409 1620 3476 quidam
1667 3409 1859 3465 borum
1893 3419 2019 3465 sunt

445 3493 648 3559 infesti,
672 3503 732 3548 ut
758 3495 859 3549 nisi
889 3496 1179 3563 mtotannis
1201 3497 1475 3566 quidpiam
1502 3502 1743 3554 muneris
1788 3502 1854 3554 ad
1896 3502 2016 3556 libi-

448 3592 557 3637 tum
579 3601 732 3638 suum
764 3601 791 3638 a
819 3587 970 3640 nobis
1000 3588 1325 3656 acceperint,
1353 3590 1512 3644 etiam
1537 3592 1680 3660 ipsas
1707 3609 1765 3646 su
1785 3609 1814 3645 ρ
1833 3593 2015 3647 defen-

2121 3325 2258 3379 sula.
2284 3323 2538 3394 Fiat‘pax
2567 3326 2620 3377 in
2650 3323 2838 3377 virtute
2871 3331 2964 3374 tua
2989 3363 3002 3388 ,
3035 3332 3089 3374 et
3126 3325 3205 3376 sic
3245 3323 3350 3377 erit
3381 3323 3432 3376 in
3467 3322 3689 3375 turribus

2121 3417 2324 3472 nostris
2363 3415 2714 3482 abundantia,
2747 3414 2948 3484 quibus
2977 3413 3205 3482 singulis
3246 3415 3406 3468 annis
3436 3413 3683 3468 deﬁciunt

2125 3511 2286 3566 etiam
2319 3509 2590 3565 victualia.

485 3764 3655 3801 Μ

1399 3796 1406 3797 ,
1421 3796 3394 3801 ‘________—v

1691 3928 1879 3969 ῙΝΤΒΔ
1928 3927 2151 3971 ΔΝΝΠΜ

2199 3927 2462 3971 MC-MCX

661 4086 1896 4323 “ADELGORIUS
1981 4167 2214 4250 εινε
2298 4090 3460 4320 ADELGOTUS

1429 4361 2014 4419 ARClllEPlSCOPUS
2078 4360 2707 4420 MAGDEBURGENSIS

941 4629 1950 4747 ADELGOBII
1987 4776 1990 4778 γ
2031 4638 2270 4746 ET
2343 4635 3199 4750 amonem

1781 4862 2358 4954 EPISTOLA

607 5035 705 5092 AD
741 5036 1108 5100 EPISCOPOS
1148 5043 1500 5110 SAXONIE,
1539 5044 1887 5114 FRANCUE,
1921 5049 2443 5120 LOTHARINGIAE,
2485 5052 2574 5106 ET
2622 5051 2858 5106 ΟΜΝεὸ
2910 5051 3183 5108 CHRISTI
3211 5051 3516 5109 FIDELES.

935 5195 1203 5250 Auxilium
1227 5205 1408 5268 petunt
1439 5199 1685 5255 adversus
1707 5216 1962 5270 paganos,
2001 5203 2093 5272 qui
2118 5199 2446 5257 Christianos
2473 5205 2830 5269 crudelissime
2863 5204 3158 5260 credebant.

837 5349 1035 5420 (Edidit
1062 5351 1196 5408 Dom
1222 5351 1485 5409 Maerens
1531 5354 1706 5426 Ampl.
1731 5355 1946 5412 Collect.
1971 5362 2015 5412 t.
2039 5357 2078 5424 l,
2105 5358 2208 5413 col.
2254 5357 2358 5413 626
2379 5402 2392 5426 ,
2423 5375 2485 5415 ex
2523 5375 2622 5415 ms.
2649 5363 2834 5418 codice
2864 5360 3304 5432 Graffcbatcnsi.)

509 5638 876 5707 Δυεωοιιιυε.
905 5645 999 5701 Dei
1048 5647 1223 5719 gratia
1283 5644 1791 5716 Magadaburgensis
1835 5647 2010 5702 areni-

441 5744 750 5803 eptscopus,
800 5733 1066 5794 Atauttvus
1116 5736 1598 5806 Merseburgensis,
1639 5737 2014 5795 WALERANNUS

2116 5647 2572 5716 Nuenburgensis,
2604 5647 2932 5702 "EREWIGUS
2959 5645 3267 5709 Misnensis,
3299 5645 3465 5700 Ιιεοη.
3499 5639 3667 5697 llabei-

2121 5737 2422 5806 bergensis,
2475 5735 2805 5790 llanrannn
2839 5735 3372 5805 Brandeburgensis,
3423 5734 3568 5789 Οττο
3585 5746 3666 5787 co-
