3926 6442
211 347 302 405 με
1330 350 1548 413 EPIST.
1580 358 1674 415 AD
1708 359 1940 423 omnes
1976 366 2283 432 FIDELES.

208 474 341 525 mes;
369 458 387 511 l
410 470 680 512 unowrcus
706 465 759 512 et
779 457 1014 514 universi
1043 461 1324 522 orientalis
1351 467 1602 529 Saxonis:
1631 492 1744 531 ma-

204 554 333 622 jores
380 558 432 604 et
485 548 735 613 minores,
772 547 1117 607 Recmmuoo
1146 560 1442 615 venerabili
1484 564 1737 637 episcopo

208 638 599 696 Halberstetensi
639 680 653 700 ,
726 637 1090 695 ERKAMBBR'I‘O
1159 643 1469 706 Corbeiensi
1524 655 1734 724 abbati,

207 729 440 784 HEINRICO
484 726 979 799 Paderbrunnensi,
1004 734 1071 789 N.
1123 735 1407 805 Mindensi,
1439 740 1738 802 Fntnsnlco

203 819 581 889 archiepiscopo
611 821 930 889 Coloniensi,
967 825 1031 880 N.
1060 830 1322 896 Aquensi,
1351 830 1395 888 Ο
1427 833 1735 904 Leodiensi,

200 913 257 968 (ἶ.
302 912 704 983 Lutaringorum
758 916 918 981 duci,
952 919 1287 977 Ruornsnro
1348 924 1737 994 gloriosissimo

198 1005 668 1074 Flandringensium
709 1010 934 1077 comiti,
975 1011 1268 1069 Lmaenvo
1314 1017 1734 1089 archidiacono,

199 1097 509 1151 Buntcuowo
553 1098 1097 1167 circumspectissimo
1146 1107 1450 1174 praeposito,
1506 1119 1560 1163 et
1603 1108 1739 1165 Tas-

196 1203 378 1243 cnnrno
412 1187 603 1256 insigni
639 1188 984 1258 philosopho,
1010 1200 1065 1246 et
1093 1196 1345 1251 omnibus
1364 1194 1563 1253 Christi
1605 1201 1739 1255 lide-

195 1283 332 1344 libus,
362 1279 648 1349 episcopis,
673 1281 974 1343 abbatibus.
1010 1286 1290 1341 monachis
1312 1328 1327 1353 ,
1351 1291 1593 1345 eremitis
1611 1333 1624 1354 ,
1652 1309 1739 1349 re-

194 1370 350 1432 clusis,
380 1368 700 1438 praepositis,
727 1374 999 1429 Canonicis
1024 1417 1040 1442 ,
1087 1374 1324 1444 clericis,
1372 1380 1733 1452 principibus,

193 1458 457 1523 militibus,
499 1459 961 1529 ministerialibus,
1015 1464 1321 1535 clientibus,
1378 1471 1737 1543 omnibusque

192 1547 454 1618 majoribus
482 1558 535 1603 et
563 1550 883 1620 minoribus,
920 1553 1286 1626 dilectionem,
1318 1563 1620 1618 orationem
1642 1606 1657 1633 ,
1683 1575 1739 1622 et

190 1638 235 1693 in
257 1639 469 1707 idipsum
498 1640 749 1696 salutem.

247 1728 556 1785 Multimodis
590 1748 921 1803 paganorum
946 1737 1388 1806 oppressionibus
1420 1752 1475 1797 et
1510 1746 1736 1802 calami-

189 1819 365 1874 tatibus
395 1820 698 1877 diutissime
741 1826 1009 1893 oppressi,
1041 1829 1107 1882 ad
1133 1840 1369 1886 vestram
1394 1835 1732 1905 suspiranms

188 1910 580 1964 misericordiam
610 1953 626 1977 ,
681 1923 948 1981 quatenus
999 1917 1255 1975 Ecclesiae
1313 1924 1759 1981 matris'vestrm‘

185 1999 429 2054 nobiscum
454 1999 746 2057 sublevetis
776 2005 1006 2061 ruinam.
1056 2008 1475 2067 lnsnrrexerunt
1530 2015 1585 2069 in
1611 2032 1728 2080 nos,

184 2100 229 2144 et
250 2090 631 2161 praevaluerunt
657 2094 1020 2151 crudelissimi
1072 2100 1337 2168 gentiles,
1371 2103 1474 2157 viri
1526 2105 1733 2175 absque

184 2181 545 2248 misericordia,
602 2191 662 2238 et
706 2186 772 2239 de
817 2187 1227 2246 inhumanitatis
1277 2209 1389 2247 suae
1439 2194 1733 2263 gloriantes

184 2271 376 2337 malitia,
402 2273 661 2329 ecclesias
698 2273 902 2331 Christi
933 2278 1235 2334 idololatria
1273 2282 1728 2350 profanaverunt,

185 2361 348 2414 altaria
377 2361 613 2417 demoliti
647 2372 793 2430 sunt,
822 2375 877 2421 et
905 2369 1047 2438 quod
1083 2370 1318 2426 humana
1348 2388 1500 2429 mens
1534 2376 1732 2446 refugit

184 2450 377 2519 audire,
430 2453 529 2522 ipsi
578 2470 692 2510 non
734 2457 1032 2515 abhorrent
1078 2461 1132 2515 in
1177 2478 1276 2518 nos
1302 2474 1637 2535 perpetrare.
1675 2469 1727 2523 lu

181 2550 389 2594 nostram
440 2542 715 2614 regionem
764 2548 1057 2616 saepissime
1104 2548 1398 2607 efferantur
1430 2594 1444 2619 ,
1493 2556 1730 2625 nullique

181 2642 448 2699 parcentes,
493 2637 741 2705 rapiunt,
790 2639 1024 2706 caedunt,
1080 2638 1330 2706 fundunt,
1364 2654 1417 2699 et
1445 2647 1729 2715 exquisitis

183 2724 427 2778 tormentis
447 2723 718 2795 afﬂigunt,
742 2729 1001 2796 quosdam
1023 2731 1309 2800 deeollant,
1338 2745 1392 2788 et
1421 2738 1597 2805 capita
1622 2738 1731 2793 da:-

180 2814 350 2868 moniis
376 2816 485 2871 suis
508 2817 816 2873 immolant.
844 2821 920 2875 De
958 2823 1280 2892 quibusdam
1308 2827 1609 2886 visceribus
1632 2846 1726 2887 ex-

179 2903 338 2958 tractis
371 2921 554 2961 manus
578 2909 859 2964 abscissas
887 2919 943 2965 et
990 2915 1155 2982 pedes
1183 2915 1440 2988 alligant;
1475 2921 1578 2977 Ubi
1620 2935 1725 2992 est,

178 2990 412 3062 inquiunt,
442 2996 584 3053 Deus
614 3001 841 3054 eorum?
869 3001 1140 3067 Quosdam
1179 3006 1232 3061 in
1261 3010 1505 3078 patibulo
1539 2990 1725 3071 subla;

177 3091 248 3138 tos
270 3089 573 3154 permittunt
600 3091 674 3150 ad
703 3092 937 3161 majores
958 3096 1231 3154 cruciatus
1257 3102 1402 3155 omni
1427 3106 1601 3160 morte
1624 3108 1727 3161 mi-

176 3184 508 3241 serabihorem
540 3189 714 3243 vitam
742 3186 1078 3258 pet-traham,
1103 3208 1223 3249 cum
1247 3192 1352 3245 vivi
1381 3194 1643 3264 aspiciant
1666 3214 1724 3254 se

174 3283 254 3338 per
289 3275 666 3334 abscissionem
698 3281 1027 3353 singulorum
1076 3288 1439 3343 membrorum
1483 3288 1721 3347 mortiﬁ-

176 3366 358 3431 cari,et
394 3372 457 3425 ad
481 3371 741 3427 ultimum
788 3389 929 3430 eaaso
977 3387 1163 3433 ventre
1203 3381 1581 3439 miserabiliter
1612 3387 1724 3439 evi-

174 3460 365 3514 scerari.
386 3460 748 3533 Quamplures
775 3466 923 3523 vivos
947 3470 1255 3535 excoriant,
1292 3482 1347 3527 et
1374 3484 1497 3531 cute
1527 3477 1721 3546 capitis

176 3546 434 3616 abstracta,
463 3555 567 3610 hoc
590 3556 758 3611 modo
799 3557 989 3612 larvati
1020 3560 1072 3614 in
1116 3561 1546 3620 Christianorum
1589 3567 1720 3624 fines

175 3648 444 3709 erumpunt,
469 3652 525 3698 et
553 3659 615 3699 se
643 3644 980 3701 Christianos
1011 3650 1363 3717 mentientes,
1389 3656 1597 3722 praedas
1623 3655 1718 3710 im-

174 3740 289 3795 pune
310 3731 546 3803 ahigunt.
571 3734 822 3790 Fanatici
846 3745 1025 3791 autem
1043 3737 1256 3796 illorum
1280 3745 1491 3811 quoties
1513 3760 1721 3801 comes-

174 3819 435 3879 sationibus
463 3840 663 3881 vacare
686 3827 835 3891 libet,
886 3827 1057 3883 Ferus
1093 3829 1147 3884 in
1172 3830 1333 3889 dictis
1358 3874 1373 3899 ,
1397 3836 1573 3905 capita
1592 3877 1607 3901 ,
1636 3838 1720 3890 in-

173 3912 352 3979 quiunt,
374 3917 481 3971 vult
510 3925 703 3974 uoster
730 3919 1032 3993 Pripegala.
1060 3923 1378 3994 ilujusmodi
1420 3928 1535 3985 ﬁeri
1559 3945 1720 3999 opor-

173 4006 236 4054 tet
259 4007 525 4062 sacriﬁcia.
571 4009 881 4083 Pripegala,
935 4024 995 4068 ut
1047 4016 1224 4082 aiunt,
1267 4016 1496 4090 Priapus
1545 4031 1629 4076 est
1665 4031 1719 4077 et

171 4090 467 4167 Beelphegor
488 4101 818 4171 impudicus.
834 4104 985 4161 Tunc
1007 4108 1287 4163 decollatis
1314 4120 1441 4166 ante
1464 4113 1718 4181 profana-

175 4182 307 4240 tionis
350 4204 458 4244 sua:
515 4207 644 4248 aras
674 4192 1020 4263 Christianis,
1063 4206 1119 4253 et
1180 4199 1465 4256 horrendis
1494 4202 1718 4259 vocibus

170 4272 712 4353 ululantes:Agamus,
745 4284 1016 4355 inquirant,
1047 4288 1164 4344 dies
1186 4288 1405 4358 lmtitiaa,
1433 4290 1609 4348 victus
1634 4301 1720 4348 est

171 4362 412 4437 Christus,
441 4375 573 4430 vicit
601 4375 885 4448 Pripegala
931 4379 1432 4437 victoriosissimus.

227 4455 523 4528 Huiusmodi
556 4464 878 4524 afﬂictiones
906 4467 1024 4524 sine
1062 4468 1465 4527 intermissione
1506 4473 1594 4529 vel
1636 4483 1720 4531 to-
1743 4493 1797 4554 ι)

170 4543 373 4607 lemnius
392 4556 477 4610 vel
501 4556 884 4624 formidamus,
919 4560 1173 4629 quoniam
1212 4577 1304 4617 eos
1351 4578 1567 4634 semper
1594 4581 1720 4637 pro-

170 4644 292 4709 gredi
316 4654 368 4700 et
389 4647 444 4702 in
465 4650 727 4705 omnibus
752 4650 1161 4721 ingemiscimus
1194 4656 1333 4712 bene
1378 4660 1713 4729 prosperari.

170 4727 343 4802 itaque,
370 4737 572 4794 fratres
594 4739 924 4809 charissimi,
953 4744 1117 4799 totius
1141 4727 1411 4812 Saxoniae,
1444 4727 1715 4817 lt‘rvanciaa,

170 4819 485 4900 Lutaringiaa,
512 4831 786 4890 Flandriae
813 4835 1075 4906 episcopi,
1120 4836 1304 4893 clerici
1334 4848 1388 4893 et
1431 4841 1715 4908 monachi,

169 4911 224 4967 de
245 4915 387 4974 bonis
414 4923 617 4978 sumite
643 4925 972 4996 exemplum,
1004 4936 1054 4982 et
1101 4926 1378 4984 Gallorum
1416 4929 1718 4986 imitatores

169 5001 212 5058 in
238 5006 327 5065 hoc
345 5013 507 5068 etiam
534 5023 714 5070 estote
747 5016 1013 5072 :clamate
1054 5019 1232 5075 hocin
1263 5021 1505 5077 ccclesiis
1536 5040 1548 5075 :
1584 5021 1717 5077 San-

168 5097 373 5168 ctitirate
413 5101 714 5182 jejunium,
746 5090 962 5164 'vocate
1008 5120 1231 5174 emtum,
1271 5121 1594 5181 congregate
1617 5126 1713 5182 po-

166 5189 354 5259 pulum,
389 5176 723 5253 annunciate
750 5198 886 5268 hoc,
918 5209 970 5256 et
1006 5202 1246 5256 auditum
1274 5176 1435 5256 facite
1465 5176 1516 5256 in
1545 5204 1716 5258 omni-

165 5279 251 5338 bus
269 5289 505 5349 terminis
524 5274 856 5357 prmlationis
877 5303 1089 5346 vestrm.
1116 5274 1464 5351 Sanctificate
1489 5286 1708 5357 bellum,

166 5375 397 5434 suscitate
423 5380 699 5436 robustos.
746 5381 960 5454 Surgite
1009 5386 1281 5454 principes
1318 5393 1504 5438 contra
1534 5384 1710 5437 inimi-

164 5476 247 5520 cos
272 5466 487 5537 Christi,
512 5473 740 5544 arripite
779 5472 1012 5545 clypeos,
1062 5474 1401 5545 arcingimini
1427 5513 1440 5535 ,
1468 5468 1560 5527 filii
1614 5489 1712 5544 po-

165 5559 343 5628 tentes,
373 5573 428 5619 et
449 5567 632 5622 venite
655 5581 845 5622 omnes
875 5566 972 5621 viri
1012 5565 1319 5621 bellatores.
1352 5565 1603 5619 Inﬁrmus
1640 5565 1715 5620 di-

3312 398 3423 455 480

1773 483 1818 538 Α
1844 493 1955 547 cat,
1981 483 2116 551 Quia
2149 488 2305 545 fortis
2353 505 2473 547 sum
2520 509 2642 565 ego,
2670 499 2928 568 quoniam
2962 502 3222 563 Dominus
3270 509 3421 567 forti-

1844 573 1971 627 tudo
2001 574 2171 644 plebis
2212 593 2344 644 suaz,
2398 590 2453 637 et
2500 597 2779 654 protector
2811 590 3169 649 salvationum
3212 597 3420 657 Christi

1842 665 1923 719 sui
1955 677 2057 721 est.
2103 668 2382 741 Erumpite
2403 683 2458 729 et
2491 678 2671 734 venite
2689 695 2897 745 omnes,
2929 689 3418 746 amatoresChristi

1838 766 1893 811 et
1913 757 2174 825 ecclesia‘,
2200 773 2257 816 et
2277 764 2419 821 sicut
2442 767 2576 824 Galli
2603 770 2671 824 ad
2709 772 3082 834 liberationem
3114 779 3417 838 Jerusalem

1839 859 1936 900 vos
1978 860 2301 918 praeparate.
2342 852 2642 913 Jerusalem
2672 871 2879 927 nostra,
2923 866 2992 920 ab
3019 869 3173 925 initio
3210 873 3414 939 libera,

1838 938 2115 1007 gentilium
2151 943 2467 1002 crudelitate
2512 948 2654 1004 facta
2699 964 2781 1008 est
2824 958 3038 1013 ancilla.
3075 961 3244 1031 Hujus
3274 967 3415 1024 muri

1838 1024 2062 1098 propter
2107 1042 2323 1100 peccata
2362 1040 2547 1093 nostra
2577 1053 2916 1099 corruerunt.
2966 1046 3071 1104 Sed
3113 1024 3269 1108 ruina
3301 1055 3419 1111 haec.

1836 1119 1935 1171 sub
1970 1134 2128 1173 manu
2168 1134 2367 1193 vestra,
2396 1138 2660 1196 quatenus
2708 1131 2910 1201 lapides
2958 1141 3177 1206 pretiosi
3226 1159 3415 1201 omnes

1839 1210 1977 1263 muri
2004 1210 2121 1279 ejus
2155 1223 2208 1268 et
2234 1223 2408 1273 turres
2439 1218 2741 1277 Jerusalem
2775 1228 3004 1295 gemmis
3048 1231 3405 1291 aedificentur.

1837 1299 2036 1357 Platea:
2059 1302 2176 1370 ejus
2198 1314 2513 1362 sternantur
2534 1327 2666 1367 auro
2688 1314 2904 1381 mundo,
2933 1327 2988 1371 et
3012 1334 3121 1388 prae
3144 1322 3415 1380 horrendo

1837 1390 2014 1443 sonitu
2051 1395 2332 1460 gentilium
2367 1398 2419 1451 in
2444 1413 2735 1469 conspectu
2762 1402 3057 1477 Pripegalze
3080 1422 3331 1466 cantetur
3358 1416 3414 1470 in

1836 1490 1900 1530 ea
1930 1479 2200 1535 canticum
2237 1481 2460 1550 laetitiae,
2486 1497 2541 1542 et
2564 1504 2663 1557 pro
2714 1491 3085 1552 immolatione
3132 1500 3199 1554 de
3249 1501 3416 1561 Citri-

1783 1646 1789 1650 .
1836 1571 1998 1627 stiani
2044 1576 2323 1647 sanguinis
2368 1578 2672 1650 effusione,
2714 1601 2932 1642 carnem
2988 1598 3045 1645 et
3096 1593 3414 1663 sanguinem

1836 1664 2000 1719 edant
2026 1681 2289 1737 pauperes
2315 1678 2369 1724 et
2398 1680 2733 1741 saturentur,
2760 1688 2820 1732 ut
2853 1678 3084 1736 laudetis
3124 1683 3412 1740 Dominum

1835 1756 1927 1824 qui
1966 1758 2243 1825 requiritis
2285 1776 2433 1826 eum,
2475 1765 2768 1836 vivamque
2817 1769 2872 1824 in
2922 1774 3178 1827 saeculum
3231 1777 3415 1831 saeculi

1836 1846 2001 1901 corda
2027 1859 2224 1916 vestra,
2251 1860 2310 1905 ut
2356 1868 2460 1908 non
2485 1855 2699 1911 deticiat
2739 1859 2804 1914 de
2836 1875 2931 1916 ore
2962 1873 3140 1919 vestro
3167 1864 3410 1934 alleluia,

1835 1937 2069 1993 alleluia.

1905 2050 1985 2103 Ad
2019 2051 2120 2105 hoc
2150 2051 2347 2107 bellum
2376 2056 2601 2114 devotas
2631 2060 2791 2115 oll‘ert
2822 2078 3016 2118 manus
3044 2078 3166 2118 eum
3209 2066 3406 2135 populo

1833 2156 1931 2197 suo
1959 2159 2054 2197 rex
2077 2145 2341 2201 Dacorum
2371 2158 2422 2203 et
2448 2150 2536 2204 alii
2566 2152 2837 2222 principes
2869 2169 2966 2223 per
2988 2156 3268 2210 cicnilum.
3294 2158 3412 2226 Ipse

1790 2258 1796 2265 -
1832 2236 1999 2289 etiam
2029 2253 2119 2291 rex
2150 2251 2354 2302 noster,
2386 2242 2545 2312 hujus
2574 2244 2699 2300 belli
2737 2256 2960 2310 auctor,
2995 2262 3116 2301 cum
3157 2250 3411 2304 omnibus

1833 2342 1968 2396 quos
2004 2332 2204 2399 poterit.
2247 2334 2516 2389 adducere
2547 2339 2981 2406 promptissimus
3032 2341 3137 2394 erit
3172 2341 3405 2409 adiutor.

1834 2416 2071 2475 Sabbato
2097 2424 2148 2476 in
2177 2423 2513 2480 hebdomada
2543 2427 2903 2498 llogationum
2957 2431 3062 2484 erit
3113 2443 3411 2488 conventus

1832 2521 2016 2589 noster
2040 2511 2374 2585 Mershnrclt,
2403 2525 2457 2571 et
2486 2517 2795 2590 ubicunque
2819 2519 2871 2573 in
2895 2520 3143 2576 orientali
3172 2523 3408 2578 Saxonis

1829 2611 2128 2670 opportuna
2157 2604 2417 2662 habemus
2442 2607 2582 2663 loca.

1902 2714 2242 2771 Sanetissimi
2279 2718 2491 2785 Patres,
2516 2723 2809 2791 monachi,
2852 2727 3093 2781 ercmita:
3129 2735 3292 2799 atque
3322 2744 3410 2783 re-

1831 2804 1988 2871 clusi,
2027 2809 2286 2877 optimam
2338 2820 2552 2880 partem
2607 2828 2729 2866 etnn
2781 2814 2948 2870 Maria
2985 2816 3262 2888 elegistis;
3311 2821 3406 2875 sed

1831 2898 1956 2966 quia
2010 2916 2154 2954 nunc
2195 2910 2407 2971 tempus
2449 2904 2522 2958 ita
2575 2906 2764 2977 exigit,
2810 2910 2877 2963 de
2932 2912 3408 2982 contemplationis

1830 2988 2009 3057 quiete
2029 3004 2150 3045 cum
2177 2989 2387 3045 Martha
2423 2995 2753 3065 surgendum
2795 3005 2880 3052 est
2920 2999 3075 3055 vobis
3099 3041 3112 3065 ,
3147 3004 3404 3071 quoniam

1829 3078 2088 3134 fratribus
2133 3082 2330 3135 vestris
2377 3083 2667 3152 plurimum
2725 3087 2987 3154 turbatis,
3027 3104 3152 3144 cum
3195 3090 3405 3148 Martha

1752 3147 1796 3209 (ἶ
1829 3168 2115 3223 admodum
2140 3147 2443 3225 necessaria
2471 3182 2556 3228 est
2578 3172 2763 3230 Maria.
2788 3176 2955 3233 Vobis
2973 3147 3269 3250 loquimur,
3294 3182 3404 3236 imo

1828 3259 1882 3314 in
1937 3260 2090 3315 nobis
2132 3261 2386 3317 Christus
2428 3263 2669 3335 loquitur
2711 3267 2886 3324 vobis.
2932 3269 3126 3343 Surge,
3171 3286 3402 3342 propera

1826 3353 2020 3419 amica,
2051 3353 2296 3411 columba
2329 3370 2447 3411 mea
2470 3397 2484 3421 ,
2514 3367 2570 3412 et
2602 3360 2746 3415 veni.
2783 3360 2971 3417 Flores
3022 3362 3178 3419 bona:
3207 3380 3402 3435 opera-

1828 3444 1990 3501 tionis
2020 3456 2389 3517 apparuerunt
2414 3448 2466 3501 in
2504 3456 2649 3503 terra
2694 3450 2997 3521 principum
3048 3463 3358 3509 nostrorum
3382 3495 3400 3522 ,

1825 3548 2037 3607 tempus
2076 3541 2371 3609 putationis
2399 3541 2617 3597 advenit
2663 3541 2999 3609 idololatriae,
3043 3558 3147 3600 vox
3176 3548 3402 3604 turturis

1823 3632 2005 3685 audita
2039 3640 2141 3699 est,
2165 3633 2419 3701 quoniam
2457 3642 2607 3688 casta
2635 3644 2809 3689 mater
2829 3634 3071 3691 Ecclesia
3094 3637 3402 3708 ingemiscit

1824 3720 1889 3775 de
1912 3720 2230 3777 idololatriae
2255 3723 2556 3792 spurcitiis.
2584 3722 2755 3780 Nemo
2787 3723 3322 3782 accenditlucernam
3347 3736 3402 3784 et

1822 3813 1978 3880 ponit
2014 3813 2114 3868 sub
2165 3814 2346 3868 modio
2367 3854 2380 3879 ,
2432 3816 2527 3870 sed
2554 3830 2719 3885 super
2752 3815 3161 3885 candelabrum,
3211 3827 3274 3874 ut
3305 3820 3401 3889 qui

1824 3905 2203 3975 ingrediuntur
2232 3906 2410 3961 lumen
2437 3908 2681 3962 videant.
2712 3908 2915 3965 Lueeat
2958 3911 3051 3967 lux
3090 3920 3273 3967 vestra
3311 3926 3404 3967 co-

1823 4011 1940 4048 ram
1966 3996 2293 4059 hominibus.
2314 4007 2373 4051 ut
2396 3998 2611 4053 videant
2633 4014 2794 4068 opera
2835 4010 3013 4055 vestra
3040 4001 3202 4056 bona.
3227 4002 3402 4071 Surge

1822 4085 2029 4154 itaque,
2048 4100 2242 4154 sponsa
2272 4088 2496 4153 Christi,
2524 4097 2580 4143 et
2603 4090 2743 4143 veni.
2771 4089 2942 4145 Sonet
2968 4106 3073 4146 vox
3101 4102 3189 4146 tua
3219 4094 3271 4146 in
3298 4108 3400 4145 an-

1820 4178 1973 4233 ribus
2019 4178 2220 4232 Christi
2273 4178 2539 4245 fidelium,
2567 4190 2839 4249 quatenus
2860 4197 3055 4238 omnes
3099 4183 3166 4238 ad
3198 4183 3399 4239 Christi

1820 4266 2078 4323 festinent
2106 4269 2302 4323 bellum
2328 4270 2566 4335 ,Christi
2608 4272 2870 4328 militibus
2904 4274 3121 4328 veniant
3162 4276 3214 4330 in
3256 4275 3403 4344 adju-

1821 4367 2042 4421 torium.
2070 4367 2312 4422 Gentiles
2333 4370 2419 4428 isti
2449 4371 2683 4449 pessimi
2707 4381 2867 4437 sunt,
2896 4372 2988 4427 sed
3038 4381 3181 4427 terra
3209 4389 3397 4430 eorum

1820 4458 2042 4526 optima,
2074 4474 2257 4525 carne,
2284 4461 2463 4527 melle,
2498 4460 2785 4528 farina,....
2808 4464 2999 4518 avibus
3026 4503 3041 4529 ,
3072 4473 3127 4519 et
3153 4465 3198 4519 si
3239 4479 3400 4520 exco-

1822 4549 1985 4617 latur,
2026 4553 2266 4607 omnium
2319 4553 2388 4607 de
2440 4562 2580 4609 terra
2639 4555 2889 4610 ubertate
2910 4567 3291 4626 proventuum,
3323 4558 3396 4613 ita

1820 4649 1882 4696 ut
1929 4642 2075 4697 nulla
2128 4644 2178 4698 ei
2210 4645 2380 4714 possit
2427 4645 2752 4716 comparari.
2785 4647 2879 4703 Sic
2916 4649 3068 4702 aiunt
3097 4648 3171 4702 illi
3200 4650 3397 4720 quibus

1820 4743 1949 4789 nota
1971 4744 2073 4790 est.
2098 4734 2457 4807 Quapropter,
2480 4752 2513 4790 o
2534 4736 3034 4807 Saxones,Franci,
3056 4738 3394 4811 Lotbaringi,

1820 4826 2198 4897 Flandrigenae
2237 4828 2584 4885 famosissimi
2622 4838 2678 4884 et
2709 4831 3004 4887 domitores
3044 4831 3262 4897 mundi,
3308 4832 3397 4887 hic

1820 4920 2070 4989 poteritis
2096 4928 2153 4974 et
2178 4921 2390 4976 animas
2414 4930 2625 4977 vestras
2650 4921 2997 4988 salvifacere,
3029 4931 3082 4977 et
3110 4923 3155 4978 si
3183 4924 3254 4977 ita
3283 4924 3397 4994 pla-

1825 5020 1927 5074 cet,
1979 5005 2237 5080 optimam
2290 5020 2491 5066 terram
2539 5011 2606 5067 ad
2657 5012 3064 5069 inhabitandam
3092 5014 3393 5084 acquirere.

1822 5105 1925 5173 Qui
1955 5103 2137 5160 Gallos
2162 5105 2230 5159 ab
2263 5114 2508 5161 extremo
2538 5105 2830 5161 Occidente
2859 5121 3173 5177 progressos
3200 5106 3250 5159 in
3274 5106 3397 5159 bra-

1823 5196 1947 5251 chio
1968 5196 2188 5250 virtutis
2226 5212 2336 5250 sum
2365 5205 2553 5251 contra
2584 5196 2834 5252 inimicos
2864 5213 2992 5253 suos
3015 5198 3065 5252 in
3097 5194 3392 5251 remotissi-

1824 5301 1913 5341 mo
1947 5287 2296 5361 triumphavit
2317 5287 2558 5357 Oriente,
2594 5290 2707 5358 ipse
2736 5289 2938 5343 tribuat
2975 5288 3128 5343 vobis
3152 5286 3395 5339 volunta-

1823 5388 1929 5433 tem
1962 5388 2016 5434 et
2040 5380 2356 5449 potentiam,
2406 5383 2504 5437 hos
2551 5380 2742 5436 affines
2795 5390 2849 5435 et
2906 5377 3393 5435 inhumanissimos

1826 5471 2056 5540 gentiles
2102 5472 2420 5544 subjugare,
2476 5482 2530 5530 et
2570 5474 2625 5528 in
2682 5472 2933 5529 omnibus
2982 5471 3118 5525 bene
3171 5479 3395 5537 prospe-

1822 5576 1954 5616 rari.
