3926 6464
199 428 287 483 489

1421 407 1697 465 ΝΟἸῊῚΑ
1740 406 2129 463 HISTORICA.

3317 407 3421 464 490

197 556 301 610 pus,
327 532 565 591 electione
593 530 719 584 cieri
744 540 799 582 et
821 529 1016 599 populi,
1040 529 1357 582 auctoritate
1377 537 1719 598 etprmcepto
1753 534 1793 588 Λ
1826 527 2062 580 nicatnm
2097 525 2232 589 fore,
2262 527 2361 581 nisi
2391 527 2646 582 Attonem
2671 525 3031 592 cardinalem,
3057 528 3422 584 Mediolanen-

199 627 393 687 Romani
425 621 704 694 pontificis,
738 624 790 675 in
817 621 1279 692 archiepisimpum
1309 620 1721 691 Lugdunensem

195 730 436 796 promotus
455 724 531 769 est
564 729 703 768 anno
762 713 885 769 Jesu
944 714 1156 769 Domini
1205 712 1342 768 1082
1400 733 1421 765 ι
1458 711 1517 766 Si
1545 723 1724 767 tamen

195 828 353 876 verum
377 820 470 873 est,
502 808 638 877 quod
661 807 765 862 fert
791 816 941 861 vetus
973 806 1215 861 ecclesia?
1241 806 1657 860 instrumentum
1695 821 1725 860 a

193 900 407 959 Severtio
434 898 675 961 relatum,
731 897 912 951 sedem
942 911 1064 951 eum
1118 896 1355 952 tenuisse
1382 895 1537 952 annis
1565 913 1722 962 xxut,

189 991 432 1048 mensibus
470 1004 580 1050 vm,
623 988 813 1049 diebus
856 1004 975 1056 vn,
1027 1005 1148 1043 cum
1181 997 1392 1044 constet
1430 1003 1552 1044 eum
1614 991 1725 1047 vita

187 1085 397 1139 functum
424 1080 585 1134 fuisse
610 1080 767 1134 nonis
791 1080 1040 1137 Octobris
1058 1098 1199 1137 anno
1224 1081 1383 1147 1106,
1403 1082 1568 1137 inisse
1583 1098 1725 1138 anno

190 1174 307 1229 1085
332 1186 444 1225 cum
467 1171 530 1225 de
550 1170 704 1224 Mora
729 1172 1013 1226 dicendum
1038 1182 1142 1228 est.
1172 1173 1250 1227 Ad
1271 1188 1395 1241 eum
1415 1173 1620 1242 scripta
1648 1177 1727 1226 vi-

187 1267 319 1321 detur
343 1263 576 1334 Gregorii
628 1264 853 1332 epistola
881 1264 947 1319 18
974 1265 1094 1321 libri
1124 1281 1199 1330 ix,
1233 1281 1353 1336 quae
1372 1276 1523 1320 caret
1548 1266 1723 1328 titulo,

186 1367 227 1411 et
250 1357 408 1420 inqua
434 1355 510 1409 sic
549 1353 783 1423 loquitur
815 1371 828 1408 :
867 1375 884 1406 ι
925 1354 1279 1427 Sumnmpere
1324 1359 1724 1426 procurandum

186 1447 261 1500 tibi
279 1454 356 1499 est
381 1455 434 1498 ut
475 1445 526 1498 in
558 1460 746 1516 magna
773 1447 902 1501 sede
941 1447 1284 1515 Lngdunensi
1317 1464 1422 1503 non
1454 1451 1543 1504 diu
1572 1450 1727 1505 diﬂ'c-

188 1546 313 1589 ratur
357 1536 590 1590 ordinari
640 1537 991 1609 episcopus...
1023 1538 1177 1604 Quod
1206 1540 1251 1593 si
1281 1540 1392 1596 cito
1414 1557 1518 1596 non
1552 1552 1728 1612 potest

184 1629 483 1697 reperiri.ex
511 1630 803 1693 apostolica
862 1632 956 1686 tibi
1005 1633 1347 1702 praecipimus
1402 1636 1725 1699 auctoritate

185 1731 232 1774 ut
288 1730 492 1789 rogatus
522 1738 551 1775 a
579 1721 835 1779 fratribus
870 1724 974 1778 tuis
996 1766 1010 1791 ,
1039 1735 1093 1780 et
1119 1724 1322 1781 electus
1366 1725 1435 1781 ab
1483 1728 1723 1796 ejusdem

184 1814 405 1868 Ecclesia:
430 1813 570 1876 filiis,
606 1815 973 1871 indubitanter
1007 1832 1340 1886 prmsumens
1366 1820 1433 1873 de
1458 1819 1722 1888 adjutorio

1826 636 1937 674 sem
1966 620 2221 685 electum,
2272 622 2519 691 quamvis
2558 638 2587 676 a
2618 621 2881 693 Gregorio
2944 639 3101 695 papa,
3150 625 3268 695 ipso
3292 626 3420 680 sub.

1826 711 2122 775 scribente,
2169 712 2381 781 publice
2422 712 2952 767 excommunicatum
3006 723 3061 769 et
3099 716 3219 771 sine
3250 714 3422 785 praui-

1828 801 1995 853 tentia
2039 800 2375 863 defunctum.
2417 803 2633 857 beatum
2664 818 2784 857 esse
2808 808 3214 872 pronuntiaret;
3248 820 3419 876 seque

1825 907 1931 945 non
1969 893 2019 946 in
2043 892 2168 957 alia,
2199 882 2307 948 nisi
2338 895 2390 947 in
2416 909 2523 963 qua
2551 895 2663 961 ipse
2685 903 2790 959 est,
2825 896 2993 964 gloria
3021 896 3263 953 futurum
3295 914 3418 953 ora-

1826 997 1901 1037 re.
1936 983 2176 1040 Additse
2209 986 2397 1040 horum
2427 987 2667 1040 omnium
2719 994 2883 1042 testes
2924 990 3195 1044 advocare
3220 990 3336 1047 11...
3363 1000 3420 1045 et

1824 1076 1933 1129 Β...
1959 1078 2050 1147 qui
2075 1077 2157 1131 vel
2188 1077 2287 1145 ipsi
2314 1080 2380 1133 de
2407 1076 2524 1145 ejus
2546 1093 2641 1132 ore
2666 1078 2974 1143 audierunt,
2992 1082 3074 1136 vel
3097 1083 3255 1137 bonis
3285 1082 3419 1137 viris

1825 1168 2022 1236 quibus
2053 1166 2421 1224 indubitanter
2458 1171 2685 1225 credunt
2716 1169 3099 1236 referentibus,
3151 1189 3211 1229 se
3265 1174 3419 1227 audi-

1826 1260 1969 1314 visse
2019 1261 2296 1314 dixerunt.
2349 1261 2588 1331 Denique
2619 1261 2868 1315 eumdem
2902 1263 3152 1318 abbatem
3200 1268 3418 1319 decreta

1828 1351 2031 1405 domini
2059 1352 2140 1407 sui
2198 1368 2347 1422 βψω
2395 1352 2667 1421 Gregorii,
2710 1353 3048 1424 aliorumque
3102 1364 3417 1410 sanctorum

1826 1443 2045 1498 Patrum
2074 1446 2247 1514 palam
2300 1445 2612 1513 improbare
2661 1460 2727 1499 ac
2767 1445 3067 1501 destruere.
3110 1444 3421 1515 Sarpissime

1827 1535 2149 1590 electionem
2178 1551 2331 1589 suam
2362 1550 2468 1590 non
2498 1536 2797 1591 secundum
2850 1536 3040 1600 Deum,
3080 1538 3175 1592 sed
3225 1537 3422 1591 tumul-

1830 1626 2004 1679 tuarie
2060 1626 2256 1680 factam
2320 1626 2636 1681 asseruisse.
2697 1626 2828 1694 Qum
2877 1627 3056 1680 omnia
3090 1643 3211 1682 cum
3245 1628 3418 1697 ipsum

1826 1718 2139 1789 pontificatu
2191 1718 2467 1789 indignum
2518 1720 2835 1789 probarent,
2891 1720 2992 1773 sibi
3049 1720 3280 1789 aliisque
3342 1720 3417 1773 vi-

1827 1826 1944 1865 sum
1968 1811 2134 1866 fuisse
2171 1821 2232 1864 ut
2256 1810 2521 1866 electione
2546 1853 2560 1876 ,
2598 1811 2756 1867 toties
2785 1812 2852 1865 ab
2876 1826 2940 1866 eo
2967 1812 3219 1874 refutata,
3241 1812 3422 1867 Eccle-

182 1903 356 1955 cmiesti
391 1904 454 1956 ad
496 1905 734 1974 regimen
782 1907 1049 1974 przedicta:
1093 1906 1471 1977 Lugdunensis
1498 1910 1727 1965 accedas

1838 1904 1926 1956 site
1956 1902 2162 1957 reddita
2189 1944 2204 1966 ,
2245 1901 2347 1955 sub
2378 1912 2641 1972 prmtextu
2693 1902 3009 1972 designandi
3036 1905 3292 1974 episcopi,
3324 1902 3424 1958 Ca-

179 1995 420 2060 Ecelesiae,
486 1996 820 2052 imitando...
878 1997 939 2051 Β.
969 1997 1213 2065 Petrum,
1265 2002 1356 2070 qui
1400 2001 1466 2055 de
1530 2003 1726 2057 minori

182 2086 387 2141 Ecclesia
432 2086 772 2143 Antiochena
831 2090 1125 2145 translatus
1144 2100 1228 2145 est
1268 2092 1320 2144 in
1350 2091 1670 2147 Romanam.
1707 2115 1726 2147 ι

181 2179 355 2233 Scribit
392 2180 457 2233 ad
492 2196 617 2234 eum
677 2182 971 2241 Gregorius
1014 2181 1097 2237 Vll
1137 2200 1149 2235 ε
1192 2202 1210 2235 ι
1245 2184 1483 2249 Dilecto',
1531 2186 1727 2255 inquit,

182 2272 309 2325 fratri
332 2281 382 2324 et
409 2274 730 2344 coepiscopo
754 2274 863 2329 ll...
904 2273 1154 2343 Lugdun.
1191 2276 1601 2347 archiepiscopo
1629 2278 1728 2333 sal.

180 2364 334 2419 Abbas
366 2365 709 2435 pnesentium
746 2365 889 2420 lator
940 2368 1125 2422 retulit
1173 2369 1329 2423 nobis
1358 2368 1593 2425 cilicium
1628 2371 1729 2425 sibi

181 2458 489 2528 ecclesiazque
500 2474 614 2514 sum
637 2476 666 2513 a
684 2458 1026 2517 fraternitate
1040 2472 1125 2516 tua
1142 2461 1307 2519 fuisse
1329 2464 1727 2530 interdictum,»

179 2551 307 2619 quod
335 2551 440 2633 loco
464 2561 676 2608 statuto
722 2555 789 2608 ad
816 2554 1173 2611 dirimendam
1209 2556 1325 2625 ejus
1370 2572 1491 2612 cum
1541 2560 1734 2615 abbate

177 2639 417 2699 Castei
443 2645 592 2700 litem
619 2660 677 2700 se
703 2646 896 2702 sistere
941 2651 1374 2719 contempsisset,
1396 2649 1657 2722 jubetque
1679 2663 1738 2706 ut

177 2732 219 2786 ei
237 2731 439 2789 cilicium
471 2738 727 2792 restituat
753 2748 805 2793 et
827 2739 975 2795 litem
998 2750 1307 2811 componat.

237 2825 512 2891 Anselmus,
566 2828 829 2884 Lucensis
877 2833 1123 2897 antistes,
1177 2834 1243 2887 ad
1302 2833 1462 2888 finem
1494 2835 1736 2905 epistolae

177 2916 341 2973 Pontio
364 2918 644 2975 Fraxineti
669 2921 849 2977 abbati
874 2921 1012 2977 data:
1041 2933 1166 2979 ante
1202 2940 1400 2978 annum
1432 2924 1591 2991 1086,
1631 2940 1737 2994 quo

178 3007 397 3071 decessit,
422 3024 518 3065 suo
551 3014 774 3066 nomine
800 3012 1023 3067 salutari
1043 3013 1194 3081 jubet
1220 3014 1474 3069 domnum
1518 3015 1734 3089 Lugdu-

176 3112 364 3154 nensem
390 3103 885 3173 archiepiscopum,
912 3125 931 3157 ι
970 3106 1015 3160 si
1054 3118 1234 3162 tamen
1262 3108 1600 3164 rationabilis
1643 3125 1737 3165 ne-

177 3192 414 3246 cessitasa
446 3195 620 3249 totius
644 3196 793 3251 orbis
826 3198 1149 3253 necessitate
1186 3210 1431 3255 excusat.
1481 3199 1537 3255 Si
1585 3202 1730 3255 enim

179 3296 254 3338 ant
280 3288 475 3352 timore,
506 3296 613 3342 aut
635 3289 982 3359 negligentia,
1008 3298 1103 3342 aut
1133 3290 1332 3358 quietis
1354 3291 1526 3345 noxia:
1550 3306 1735 3346 amore

176 3388 371 3433 matrem
397 3397 557 3436 suam
593 3380 892 3436 Romanam
940 3382 1237 3437 Eeelesiam
1284 3382 1506 3438 visitare
1533 3392 1585 3438 et
1612 3383 1736 3439 libe-

177 3484 276 3524 rare
295 3473 355 3527 de
377 3489 541 3528 manu
576 3474 766 3529 mortis
795 3475 1085 3541 distulerit,
1119 3491 1246 3530 reus
1267 3475 1609 3544 eritjudieio,
1630 3477 1734 3533 nisi

176 3562 271 3615 sine
292 3580 427 3619 mora
453 3567 651 3622 venire
673 3582 729 3621 et
766 3569 818 3622 in
845 3569 1096 3624 omnibus
1120 3569 1367 3623 auxiliari
1391 3571 1677 3625 studuerit.
1709 3591 1728 3623 ι

178 3648 320 3707 Tanta
349 3665 471 3712 tunc
503 3660 776 3726 temporis
810 3668 927 3713 erat
970 3658 1084 3727 ejus
1108 3660 1271 3727 fama,
1302 3671 1558 3731 tantaque
1583 3662 1648 3715 de
1670 3677 1735 3716 eo

175 3757 401 3815 concepta
434 3765 463 3802 a
489 3748 768 3819 Gregorio
798 3751 1151 3817 existimatio,
1198 3761 1258 3805 ut
1308 3752 1543 3807 instante
1585 3754 1734 3807 obitu

178 3847 367 3906 rogatus
413 3841 664 3910 pontifex
700 3852 761 3897 ut
807 3844 858 3897 in
922 3853 1068 3899 tanta
1111 3860 1293 3899 rerum
1335 3845 1738 3913 perturbatione

175 3940 512 3987 SEICCt'SSOl'elll
568 3933 920 4002 designaret,
979 3937 1138 3990 trium
1188 3935 1396 3992 dederit
1438 3937 1734 4007 optionem,

174 4033 377 4083 quorum
427 4039 581 4078 unus
648 4022 798 4095 llugo
850 4024 1226 4097 Lugdunensis
1278 4027 1732 4098 archiepiscopus.

176 4106 263 4163 Sed
291 4127 403 4181 qua:
459 4123 656 4184 postea
707 4116 876 4184 gessit
901 4117 966 4171 de
994 4116 1110 4185 ejus
1148 4116 1289 4172 fama
1314 4117 1600 4187 plurimum
1638 4120 1734 4174 de-

177 4207 392 4270 traxere;
429 4216 487 4261 et
522 4206 706 4261 electo
736 4207 1013 4264 Desiderio
1054 4209 1249 4265 abbate
1302 4209 1602 4275 Casineusi,
1633 4210 1734 4264 ali-

172 4290 282 4357 quid
334 4294 561 4351 humani
617 4310 811 4366 passus
871 4308 1001 4363 est,
1058 4300 1166 4354 imo
1231 4300 1469 4354 animum
1536 4301 1735 4357 invidia

173 4382 521 4441 exulceratum
554 4397 615 4443 et
639 4389 765 4444 odio
791 4390 1157 4445 tabescentem
1182 4394 1419 4447 ostendit
1437 4394 1488 4447 in
1511 4392 1735 4463 epistola

172 4474 228 4528 ad
251 4474 560 4536 Hathildem
605 4482 961 4549 comitissam,
993 4482 1132 4553 apud
1166 4482 1438 4556 llugonem
1468 4485 1736 4543 Flavinia-

1830 2010 1992 2064 puam
2045 1995 2369 2059 adeundum,
2425 1995 2607 2064 ibique
2636 1994 2944 2049 Romanum
2983 1996 3294 2065 pontificem
3323 1996 3425 2049 eli-

1833 2087 2096 2156 gendum;
2149 2101 2317 2156 seque
2383 2101 2571 2141 revera
2636 2102 2756 2141 cum
2816 2087 3013 2142 abbate
3075 2087 3418 2153 Massiliensi,

1834 2180 2529 2248 Aquensiarehiepiscopo,
2590 2179 2821 2249 aliisque
2875 2178 3103 2234 Salerno
3152 2179 3279 2235 illuc
3328 2195 3422 2236 ve.

1834 2270 2002 2337 nissc,
2039 2270 2391 2327 Casinensem
2420 2288 2551 2328 vero
2589 2272 2838 2328 abbatem
2875 2288 3003 2328 suos
3030 2274 3265 2329 asseclas
3301 2289 3423 2344 per-

1834 2363 2058 2434 pulisse,
2094 2373 2150 2417 ut
2188 2378 2247 2419 se
2276 2365 2344 2419 ad
2389 2366 2708 2420 sumendum
2756 2365 3127 2435 pontificatum
3154 2366 3307 2435 quasi
3331 2382 3424 2422 eos

1838 2464 2067 2524 gerent;
2103 2463 2161 2508 at
2191 2470 2251 2510 se
2282 2471 2405 2511 cum
2462 2456 2716 2527 episcopo
2765 2457 3001 2514 Ostiensi
3027 2467 3083 2513 et
3106 2457 3424 2514 Witmundo

1837 2546 2120 2608 monacho,
2149 2561 2214 2600 ac
2238 2547 2357 2601 aliis
2383 2547 2501 2617 ejus
2529 2548 2853 2603 institutioni
2895 2549 3204 2613 obstitisse,
3232 2549 3336 2604 nisi
3359 2551 3426 2604 de

1838 2636 2161 2707 quibusdam
2190 2653 2311 2707 quia
2361 2652 2549 2694 contra
2573 2640 2690 2707 ejus
2734 2639 2937 2696 famam
2979 2641 3343 2712 vulgabantur
3365 2656 3426 2697 se

1837 2736 2130 2798 purgaret:
2157 2744 2279 2783 eum
2329 2745 2456 2786 vero
2513 2746 2743 2803 negasse
2783 2748 2843 2788 se
2883 2733 2937 2787 id
2980 2730 3270 2797 facturum,
3323 2734 3428 2789 ite-

1837 2833 2068 2887 rumque
2090 2819 2408 2877 electionem
2437 2837 2591 2877 suam
2640 2823 2926 2890 refutasse,
2981 2824 3168 2896 sicque
3187 2840 3428 2881 conven-

1840 2916 1954 2962 tum
2002 2908 2237 2964 solutum
2298 2909 2485 2967 fuisse.
2536 2912 2870 2969 Desiderium
2896 2914 3101 2969 interea
3140 2930 3427 2971 consecra-

1843 2999 1989 3055 tione
2016 2999 2195 3054 Alfaui
2223 3001 2277 3055 in
2316 3000 2716 3058 Salernitanum
2739 3005 3070 3074 episcopum,
3099 3006 3289 3061 ducem
3320 3007 3427 3061 sibi

1842 3090 2187 3157 conciliasse,
2239 3090 2464 3161 ejusque
2513 3092 2698 3149 favore
2752 3095 2967 3160 fultum,
2992 3105 3047 3150 et
3076 3096 3293 3167 pluviali
3323 3098 3428 3154 sibi

1844 3182 2119 3253 imposito,
2147 3183 2370 3237 Romam
2414 3187 2516 3241 iter
2542 3187 2872 3254 instituisse,
2918 3188 3195 3255 Ostiensi,
3256 3203 3428 3261 seque

1838 3288 1903 3328 ac
1936 3273 2051 3328 suis
2085 3274 2403 3331 inconsultis
2441 3286 2496 3331 et
2548 3292 2773 3347 prorsus
2800 3278 3192 3349 ignorantibus.
3225 3280 3427 3337 Verum

1843 3366 2011 3430 hunc,
2040 3367 2130 3438 qui
2163 3369 2213 3423 ei
2261 3368 2526 3425 hactenus
2547 3371 2849 3439 restiterat,
2890 3374 3122 3428 veritum
3148 3390 3238 3439 ne,
3276 3376 3319 3429 si
3352 3377 3425 3432 ab

1839 3458 1946 3513 alio
1985 3469 2422 3527 consecraretur,
2478 3477 2575 3516 sua
2625 3463 2889 3534 dignitate
2937 3466 3266 3533 privaretur,
3298 3481 3430 3534 pro-

1837 3552 1998 3620 positi
2048 3561 2104 3607 et
2159 3552 2316 3607 facta:
2369 3555 2677 3623 sponsionis
2727 3556 3100 3611 immemorem
3126 3557 3307 3612 abbati
3342 3572 3430 3611 re-

1838 3645 2204 3708 conciliatum,
2256 3648 2614 3702 reverentiam
2655 3649 2704 3703 ei
2748 3664 2844 3718 per
2894 3650 3098 3714 omnia,
3158 3651 3234 3705 uti
3277 3666 3430 3721 papa:

1837 3737 2169 3792 exhibuisse.
2197 3738 2361 3793 Addit
2403 3739 2556 3811 Hugo
2587 3740 3011 3797 Flaviniacensis
3068 3752 3275 3797 tantum
3321 3747 3430 3799 cri-

1838 3844 1961 3884 men
1993 3844 2098 3884 non
2124 3830 2215 3884 diu
2246 3831 2474 3886 inultum
2512 3835 2813 3900 mansisse,
2840 3845 3215 3891 consecratum
3243 3837 3428 3892 Victo-

1841 3934 1954 3973 rem
1982 3936 2104 3975 cum
2127 3920 2324 3976 missas
2343 3922 2483 3992 apud
2500 3920 2558 3977 S.
2582 3921 2804 3977 Petrum
2830 3924 3054 3989 diceret,
3090 3926 3230 3980 infra
3258 3928 3429 3982 actio-

1841 4028 1961 4067 nem
1986 4012 2191 4082 judicio
2214 4013 2310 4069 Dei
2340 4029 2655 4085 percussum
2688 4015 2877 4081 fuisse,
2903 4027 2960 4072 et
2981 4020 3227 4088 quamvis
3250 4021 3425 4089 tarde,

1838 4116 2252 4178 cognoscentem
2298 4123 2358 4163 se
2405 4122 2645 4174 errasse,
2691 4123 2752 4163 se
2789 4110 2964 4181 ipsum
3004 4112 3342 4181 deposuisse,
3371 4122 3430 4169 et

1839 4199 2025 4254 accitis
2055 4198 2314 4254 fratribus
2343 4199 2410 4253 de
2457 4196 2639 4253 Monte
2684 4198 2883 4255 Casino
2907 4240 2923 4264 ,
2957 4202 3048 4271 qui
3085 4214 3270 4257 secum
3330 4202 3429 4258 ad-

1839 4301 2033 4358 erant,
2090 4290 2414 4362 praecepisse
2447 4305 2508 4345 se
2555 4290 2646 4345 illo
2698 4291 2924 4359 deferri,
2976 4303 3031 4349 et
3080 4292 3134 4349 in
3192 4292 3428 4364 capitulo

1840 4399 1946 4439 non
1979 4393 2037 4439 ut
2065 4399 2279 4454 papam,
2298 4383 2393 4440 sed
2415 4393 2473 4438 ut
2507 4384 2757 4439 abbatem
2786 4385 3025 4456 sepeliri.

1910 4479 2037 4535 Haec
2058 4493 2167 4548 quo
2204 4477 2577 4541 horribiliora,
2617 4493 2685 4533 eo
2718 4479 2898 4534 minus
2928 4479 3034 4534 fide
3088 4480 3247 4550 digna
3276 4491 3423 4550 sunt,

172 4579 363 4624 censem
400 4572 454 4626 in
479 4573 690 4629 Chron.
719 4572 947 4629 Virdun.
995 4577 1197 4631 Scribit
1224 4579 1367 4631 enim
1390 4578 1736 4636 Casinensem
1770 4602 1815 4658 ι)
1841 4580 1990 4627 certe
2015 4570 2206 4627 relatis
2250 4586 2282 4626 a
2336 4569 2693 4639 scriptoribus
2739 4573 3027 4627 coaetaneis
3048 4576 3343 4639 contraria.
3372 4586 3428 4631 et

172 4657 418 4727 abbatem,
442 4674 741 4732 antequam
767 4665 881 4735 ipse
903 4664 1128 4720 Romam
1158 4670 1484 4735 advenisset,
1512 4669 1737 4727 electum

173 4745 318 4807 fuisse
337 4754 387 4806 in
410 4754 757 4823 pontificem,
798 4771 966 4824 seque
993 4766 1049 4811 ut
1073 4768 1127 4813 et
1148 4766 1372 4815 caeteros
1397 4759 1618 4826 fratres,
1644 4763 1743 4816 ho-

172 4839 355 4900 minum
385 4848 568 4918 magis
599 4864 760 4918 quam
788 4848 885 4904 Dei
904 4860 1173 4920 respectu,
1216 4851 1333 4920 ejus
1377 4853 1625 4909 electioni
1658 4870 1742 4910 as-

173 4945 372 4990 sensum
399 4938 724 5008 praebuisse.
782 4941 882 4995 Ast
920 4941 1010 4995 ubi
1037 4941 1218 4996 Casini
1251 4957 1373 4998 eum
1402 4946 1744 5001 convenisset

174 5027 269 5076 tam
297 5024 555 5082 nefanda
579 5043 645 5083 ex
670 5027 790 5098 ejus
811 5045 906 5085 ore
935 5046 993 5085 se
1015 5031 1307 5097 audivisse,
1337 5043 1396 5088 ut
1442 5036 1625 5090 statim
1648 5037 1745 5091 de-

168 5113 507 5178 prehenderit
554 5134 720 5188 qnam
776 5120 1188 5177 intolerabiliter
1243 5125 1409 5178 Deum
1470 5127 1522 5180 in
1576 5128 1746 5196 ipsius

172 5201 424 5264 electione
461 5208 840 5266 offendissent.
902 5212 1038 5268 Eum
1087 5214 1286 5284 quippe
1336 5216 1537 5273 dixisse
1579 5220 1743 5288 quod,

168 5295 262 5350 nisi
290 5315 357 5353 ex
387 5302 562 5372 ipsius
590 5319 689 5358 ore
719 5304 1000 5369 audiisset,
1029 5321 1370 5378 nequaquam
1420 5311 1663 5365 crederet
1687 5327 1745 5366 se

167 5384 392 5447 Henrico
408 5393 558 5450 dicto
582 5395 694 5466 regi
725 5394 885 5450 fidem
909 5396 1138 5457 dedisse,
1153 5397 1296 5467 quod
1311 5400 1377 5453 ad
1398 5400 1743 5454 obtinendam

165 5478 385 5541 Romani
418 5488 635 5558 imperii
664 5502 920 5543 coronam
971 5488 1202 5544 ﬁdeliter
1250 5505 1371 5546 eum
1427 5490 1737 5558 adjuvarct;

166 5578 518 5650 eumdemque
539 5597 641 5637 suo
669 5582 836 5651 ipsius
854 5582 1082 5638 consilio
1110 5593 1164 5639 et
1201 5583 1549 5654 persuasione
1575 5584 1746 5639 addu-

164 5676 302 5723 ctum
324 5670 497 5728 fuisse
518 5675 586 5728 ad
616 5673 679 5728 Β.
711 5674 855 5731 Petri
906 5685 1080 5731 terras
1130 5674 1478 5730 invadendos.
1523 5674 1602 5729 Ad
1633 5676 1745 5730 haec

166 5754 338 5813 insui
390 5778 723 5833 suorumque
778 5765 1047 5820 audientia
1104 5765 1389 5829 addidisse,
1444 5764 1742 5819 Romanum

163 5849 387 5909 electum
415 5896 431 5918 ,
467 5859 710 5928 quisquis
740 5859 952 5914 tandem
984 5860 1196 5918 futurus
1222 5872 1388 5931 esset,
1435 5876 1743 5918 excommu-

406 5950 685 6016 Psrnat..
728 5951 939 6015 CLVII

1842 4667 2003 4721 etiam
2070 4680 2100 4719 a
2154 4663 2625 4719 verisimilitudine
2670 4665 2893 4720 omnino
2924 4663 3098 4720 aliena
3150 4666 3424 4735 videntur,

1842 4757 1985 4812 unde
2018 4766 2076 4811 ut
2096 4755 2256 4819 falsa,
2281 4765 2341 4810 ut
2362 4757 2643 4811 mendacia
2690 4756 2879 4810 saltem
2908 4756 2961 4812 in
2984 4756 3256 4827 plerisque
3302 4758 3424 4829 reji-

1844 4848 2032 4902 cienda
2065 4867 2079 4901 :
2115 4847 2269 4903 fuere
2291 4859 2471 4902 tamen
2518 4848 2724 4904 semina
2764 4848 3074 4905 schismatis
3096 4848 3260 4917 illius,
3284 4850 3430 4921 quod

1846 4941 1999 5011 liugo
2020 4957 2125 4996 una
2146 4956 2271 4996 cum
2318 4940 2592 4998 Richardo
2631 4941 2952 4997 Massiliensi
3002 4942 3199 4998 abbate
3222 4944 3432 4999 excita-

1845 5036 1952 5100 vit;
1985 5035 2055 5089 ob
2078 5035 2132 5090 id
2157 5034 2419 5091 ambobus
2446 5037 2499 5090 in
2520 5033 2904 5091 Beneventano
2931 5045 3201 5090 conventu
3224 5051 3253 5090 a
3277 5052 3429 5091 com-

1844 5126 2099 5182 munione
2124 5129 2347 5183 remotis
2387 5143 2533 5183 anno
2580 5126 2738 5183 1087.
2773 5126 3098 5185 Schismatis
3127 5140 3307 5185 tamen
3342 5131 3428 5184 in-

1843 5217 2063 5271 famiam
2090 5232 2120 5271 a
2144 5233 2203 5273 se
2233 5218 2494 5288 repellere
2525 5219 2720 5273 nititur
2750 5219 2803 5274 in
2822 5220 3051 5290 epistola
3086 5221 3154 5277 ad
3184 5221 3427 5277 eamdem

1846 5309 2155 5365 Mathildem
2172 5310 2375 5381 scripta
2422 5327 2510 5365 an.
2542 5311 2704 5376 1088,
2735 5321 2858 5382 post
2897 5311 3104 5367 Urbani
3154 5311 3431 5382 pontificis

1843 5403 2190 5467 electionem,
2242 5403 2296 5457 in
2337 5418 2441 5473 qua
2464 5404 2543 5457 sic
2578 5403 2858 5472 loquitur:
2899 5422 2917 5453 ι
2949 5404 3018 5459 Ει
3062 5420 3163 5460 nos
3207 5404 3430 5473 quidem

1849 5496 1976 5551 licet
2008 5496 2075 5549 de
2103 5497 2512 5565 recuperatione
2551 5497 2831 5552 electionis
2879 5496 2943 5551 D.
2980 5496 3193 5551 abbatis
3228 5495 3427 5564 Mpntis

1848 5586 2028 5643 Casini
2056 5601 2086 5640 a
2117 5586 2438 5655 quibusdam
2460 5586 2519 5643 S.
2548 5587 2613 5641 ιι.
2643 5586 2895 5642 Ecclesiae
2931 5587 3202 5656 episcopis
3228 5597 3285 5642 et
3307 5600 3429 5641 car-

1852 5678 2122 5732 dinalibus
2150 5676 2483 5749 presbyteris
2509 5677 2952 5739 dissenserimus;
2984 5677 3125 5732 unde
3160 5676 3430 5744 aliquibus

1850 5772 2065 5826 illorum
2096 5784 2196 5825 cur
2215 5769 2371 5825 nobis
2418 5768 2573 5824 aliter
2616 5770 2912 5833 videretur,
2948 5767 3113 5822 etiam
3152 5766 3290 5837 apud
3321 5762 3429 5822 Ca-

1844 5877 2004 5934 puam
2056 5859 2237 5932 palam
2286 5860 2528 5916 rationes
2562 5857 2913 5915 reddidimus.
2945 5865 3127 5912 tamen
3159 5856 3298 5913 scire
3327 5866 3381 5910 vt
3404 5870 3430 5910 δ

3038 5948 3113 6007 16
