4106 6356
577 411 665 470 £9!
1494 409 1680 465 llUGO
1719 407 2198 466 LUGDL‘NENSIS
2236 411 2835 468 A’l‘tClllEPlSCOPUS.

3703 401 3809 468 ωε

578 527 820 579 Volumus
846 526 912 578 ab
939 523 1138 577 unitate
1164 537 1371 586 eorum,
1405 524 1454 575 in
1477 539 1704 593 corpore
1740 533 1937 578 sancta:
1959 523 2142 578 Eccle-
2169 536 2218 591 Α
2247 527 2300 579 in
2327 526 2518 581 itinere
2541 526 2608 582 ab
2636 527 2855 594 llugone
2885 542 2904 574 ι
2935 525 3150 579 lucerna
3177 527 3403 581 ardente
3430 532 3484 580 et
3518 525 3728 582 lucente
3753 526 3808 580 itt

574 618 666 670 sia:
694 616 758 670 ad
787 616 1119 670 serviendum
1145 613 1202 666 Β.
1233 613 1391 668 Petro
1435 614 1614 669 divina
1637 616 1946 684 dignatione
1991 632 2138 671 com-

564 709 714 776 .pacti
754 723 957 768 sumus,
987 721 1084 759 nec
1120 706 1451 766 discessisse.
1484 723 1581 762 nec
1612 707 2001 776 inperpetuum
2027 709 2134 764 Deo

570 801 862 854 miserante
882 797 1235 863 discessuros,
1265 797 1372 850 inm
1402 798 1599 854 habere
1645 802 1976 870 propositum
2008 817 2136 870 apo-

568 888 768 942 stolica:
797 888 938 942 sedis
958 887 1286 956 profectibus
1317 889 1487 942 modis
1518 891 1769 945 omnibus
1801 891 2128 946 deservire.»

567 977 702 1033 Tum
749 979 802 1033 in
829 980 1014 1034 eadem
1037 981 1102 1032 de
1129 977 1351 1048 llugone
1377 976 1569 1033 abbate
1602 990 1656 1033 et
1687 981 1963 1034 monachis
2004 980 2133 1036 Clu-

565 1068 907 1123 niaccnsibus
955 1067 1307 1137 conqueritur
1353 1067 1454 1122 sibi
1505 1077 1680 1124 tantas
1705 1070 1771 1124 ab
1801 1072 1879 1125 eis
1908 1071 2132 1137 injurias

565 1158 773 1221 inferri,
809 1167 868 1212 ut
899 1173 992 1212 eas
1016 1159 1122 1228 pati
1167 1173 1272 1212 non
1301 1159 1491 1228 possit,
1523 1147 1716 1228 nempe
1740 1174 1798 1213 se
1848 1161 1914 1215 ab
1942 1159 2046 1214 illis
2073 1171 2132 1214 ut

553 1251 965 1305 :schismaticum
993 1260 1049 1304 et
1079 1250 1387 1304 schismatis
1416 1260 1692 1304 auctorem
1716 1260 1772 1303 et
1803 1250 1877 1303 ttti
1909 1266 2127 1304 excom-

564 1343 892 1396 municatum
923 1339 1106 1403 vitari,
1133 1341 1374 1411 allegatis
1401 1343 1719 1410 quibusdam
1749 1342 1950 1396 Uthaui
1983 1358 2128 1411 papae

557 1433 790 1494 litteris.
817 1449 951 1502 quas
996 1442 1272 1502 suspectas
1315 1433 1537 1486 reddere
1581 1443 1827 1496 conatur,
1852 1444 1956 1486 etc.
1991 1432 2044 1486 Si
2074 1433 2125 1485 in

561 1527 1030 1580 illttmcommotus
1077 1534 1157 1580 est
1201 1524 1469 1587 Urbanus,
1534 1525 1713 1578 statim
1762 1526 1975 1578 sedatus
2021 1535 2122 1588 est,

559 1617 739 1671 statim
784 1619 834 1671 ei
864 1618 931 1672 ab
983 1617 1099 1686 ipso
1153 1617 1294 1671 sedis
1347 1616 1651 1684 apostolicae
1677 1616 1836 1686 legati
1896 1613 2124 1686 dignitas

558 1709 804 1762 restituta
833 1725 845 1760 :
881 1709 981 1761 hoc
1009 1707 1196 1762 eodem
1223 1707 1418 1775 quippe
1459 1721 1602 1761 anno
1653 1706 2038 1761 absolutionem
2071 1709 2122 1760 in

556 1799 813 1853 extremis
834 1798 1167 1852 Theoderico
1207 1795 1528 1853 Virdunensi
1566 1798 1836 1868 episcopo,
1867 1799 1954 1866 qui
1983 1799 2123 1852 llen-

2239 617 2396 670 domo
2437 617 2675 680 Domini,
2734 615 3071 670 laudabiliter
3118 617 3440 679 honorabili,
3487 627 3542 672 et
3579 619 3810 672 honora-

2237 707 2415 760 biliter
2441 707 2714 769 laudabili,
2755 707 3094 776 Lngdunensi
3131 707 3380 774 pt-itnatc,
3413 716 3467 761 et
3497 708 3808 776 apostolica:

2237 795 2378 850 sedis
2399 796 2573 864 legato
2594 803 2847 865 exceptus
2869 803 2969 860 est,
2995 802 3051 847 et
3071 795 3208 864 apud
3245 795 3559 864 Lttgduuum
3586 809 3684 864 per
3710 809 3809 849 sex

2236 885 2350 938 dies
2379 900 2473 953 pro
2501 885 2664 938 nimia
2695 900 2955 954 aquarum
3003 883 3318 937 inundantia
3345 893 3400 937 et
3429 883 3623 938 hiemis
3652 899 3811 952 aspe-

2235 976 2394 1029 ritate
2450 977 2720 1040 detentus,
2761 994 2778 1026 l
2817 984 2872 1029 et
2908 975 3156 1028 omnilms
3205 976 3272 1028 ad
3329 978 3432 1028 iter
3481 977 3806 1029 necessariis

2235 1066 2561 1132 instructus;
2597 1068 2680 1120 cui
2712 1077 2767 1120 et
2795 1083 2860 1120 ex
2889 1067 3079 1120 itinere
3105 1081 3324 1120 reverso
3349 1065 3496 1120 dedit
3519 1066 3800 1135 epistolam

2233 1160 2296 1212 ad
2339 1158 2630 1212 lloberttnn
2679 1157 2944 1212 Flandritc
2981 1158 3228 1212 comitem
3287 1157 3796 1212 comntendatitiam.

2229 1253 2384 1306 Anno
2413 1251 2549 1306 1094
2585 1252 2821 1304 habitum
2871 1260 2954 1304 est
2983 1249 3266 1306 concilium
3293 1249 3796 1320 Augustoduueuse.

2229 1345 2367 1412 quod
2402 1343 2718 1398 Bertltoldus
2742 1359 2806 1395 ex
2831 1343 3037 1412 vulgari
3095 1341 3356 1395 vocabulo
3397 1345 3574 1392 Aulim
3623 1339 3802 1397 Ostio-

2230 1451 2394 1490 nense
2419 1443 2712 1503 nuncupat,
2755 1433 2967 1502 praefuit
3018 1432 3170 1502 [lngo
3223 1442 3426 1497 noster,
3475 1430 3696 1486 adfuere
3726 1430 3796 1484 52

2227 1526 2481 1595 episcopi,
2514 1526 2839 1592 abbatesque
2888 1522 3288 1592 quamplurimi.
3332 1522 3388 1576 ln
3425 1536 3490 1575 eo
3519 1522 3658 1576 inter
3681 1521 3786 1575 alia

2226 1627 2514 1671 renovatur
2564 1616 3056 1670 excommunicatio
3121 1615 3338 1668 llenrici
3395 1615 3742 1684 imperatoris
3773 1656 3791 1679 ,

2224 1709 2464 1763 Gttiberti
2517 1707 2801 1776 antipapte,
2846 1716 2900 1760 et
2940 1707 3168 1775 Philippi
3213 1705 3454 1761 Francitc
3483 1705 3626 1776 regis
3657 1708 3748 1775 qui
3774 1747 3790 1768 ,

2223 1803 2416 1870 rejecta
2441 1801 2640 1856 Bertlta
2667 1800 2914 1868 conjuge,
2936 1800 3242 1852 Bertradam
3275 1798 3574 1851 induxerat.
3604 1797 3794 1851 Exstat

557 1890 670 1944 rico
696 1890 1003 1960 imperatori
1049 1887 1331 1959 praefracte
1378 1889 1676 1943 adltmserat
1707 1905 1735 1942 a
1765 1889 1969 1943 duobus
2010 1903 2120 1943 mo-
2152 1875 2194 1932 Β
2227 1891 2459 1961 Ilugonis
2487 1891 2709 1961 epistola
2749 1903 2852 1960 qua
2879 1889 3220 1943 Lambertttm
3248 1887 3652 1942 Atrebatensem
3676 1889 3793 1957 epi-

553 1981 744 2036 nachis
787 1997 1096 2036 concessam
1155 1981 1468 2051 approbavit
1509 1981 1744 2052 synodus
1775 1999 1794 2032 ‹
1828 1981 1911 2035 cui
1940 1983 2122 2051 pransi.-

553 2072 715 2126 debat
748 2071 956 2142 legatus
977 2071 1281 2141 apostolicre
1312 2071 1452 2126 sedis
1492 2070 1666 2140 litigo,
1693 2072 1958 2139 quendam
1983 2087 2119 2138 prae-

552 2161 635 2216 sul
683 2161 909 2223 Dicttsis,
956 2171 1079 2215 tunc
1136 2160 1506 2231 Lugdunensis
1550 2160 1848 2230 cpiscopus,
1893 2180 1910 2211 ›
1951 2161 2121 2228 inquit

553 2252 688 2306 llist.
716 2253 880 2321 cpisc.
912 2251 1136 2304 Virdun.
1169 2267 1197 2302 a
1226 2251 1515 2304 Laurentio
1537 2250 1601 2304 de
1650 2248 1850 2303 Leodio
1878 2251 2119 2304 conscri-

545 2352 658 2412 pta.
693 2341 834 2396 Idem
869 2351 1093 2396 testatur
1122 2341 1312 2395 Petrus
1344 2339 1678 2396 Venerabilis
1705 2381 1718 2405 ,
1758 2341 1850 2396 lib.
1877 2358 1924 2407 ι,
1958 2341 2116 2394 Mira-

549 2437 679 2501 cu|.,
711 2451 831 2505 cap.
859 2435 950 2499 22,
984 2435 1068 2489 his
1101 2435 1280 2488 verbis
1312 2453 1324 2486 :
1357 2451 1375 2484 t
1415 2433 1543 2488 Erat
1569 2443 1692 2486 tunc
1714 2433 1850 2488 forte
1897 2434 1949 2487 in
2000 2433 2115 2489 loco

545 2527 922 2597 Lugtunensis
983 2526 1236 2581 Ecclesia:
1296 2526 1729 2594 archiepiscopus
1794 2524 2115 2579 venerabilis

550 2621 701 2691 llugo
729 2619 894 2673 multa
927 2634 1134 2673 morum
1167 2616 1439 2686 probitate
1461 2627 1516 2669 et
1547 2615 1791 2684 religiosa
1834 2629 2116 2669 conversa-

546 2717 691 2770 tione
711 2757 730 2781 ,
759 2730 788 2768 a
818 2713 880 2767 D.
927 2727 1061 2782 papa
1112 2710 1330 2766 Urbano
1357 2717 1672 2762 cunctarum
1722 2707 1890 2761 ferme
1912 2706 2107 2760 Gallia-

544 2822 663 2859 rum
723 2804 1046 2860 constitutus
1096 2801 1324 2870 legatus.
1360 2819 1379 2852 ι
1408 2799 1548 2854 ldem
1575 2799 1763 2866 probat
1792 2799 1933 2866 quod
1969 2815 2110 2853 anno

541 2896 703 2960 1090,
729 2912 850 2951 cum
887 2893 1140 2950 Salmurii
1170 2901 1333 2956 esset,
1363 2890 1428 2945 lis
1453 2890 1693 2960 quzedam
1718 2890 1782 2943 de
1805 2889 2111 2958 Campiuia-

541 3003 607 3042 eo
651 2987 760 3053 jam
815 2987 904 3041 ditt
949 2985 1150 3054 agitata
1206 2983 1345 3036 inter
1396 2981 1690 3035 monachos
1728 2980 1784 3035 S.
1819 2981 1990 3051 Sergii
2055 2993 2110 3036 et

537 3079 599 3134 S.
641 3077 818 3131 Albini
880 3075 1293 3146 Andegavenses
1338 3072 1514 3126 delata
1538 3080 1620 3126 est
1650 3072 1714 3125 ad
1742 3071 1912 3140 ipsum
1943 3072 2108 3124 virum

539 3172 832 3239 spectandtc
853 3167 1058 3222 virtutis
1079 3175 1126 3220 et
1143 3167 1298 3220 totius
1318 3163 1506 3220 Gallia:
1529 3165 1818 3229 primatem,
1838 3163 2104 3232 inquiunt,

537 3260 629 3329 qui
664 3273 783 3314 eam
824 3257 1088 3327 episcopis
1114 3256 1401 3327 provincia:
1423 3253 1778 3308 deliniendam
1813 3254 2101 3310 commisit.

607 3349 762 3404 Anno
788 3348 941 3414 1092,
963 3346 1147 3417 Poppo
1177 3345 1510 3402 Trevirensis
1539 3344 1766 3400 clericus
1795 3344 1999 3400 electus
2023 3357 2104 3400 est

536 3439 591 3493 in
646 3439 936 3494 Metensem
985 3437 1318 3508 episcopum,
1345 3445 1398 3490 et
1430 3434 1553 3505 quia
1573 3450 1694 3488 eum
1723 3451 1753 3488 a
1799 3433 2100 3488 Trevirensi

537 3528 777 3583 antistite
817 3525 1282 3582 schismaticorum
1322 3523 1700 3578 communione
1739 3524 2102 3578 contaminato

535 3619 773 3675 ordinari
821 3619 1040 3672 timebat
1073 3615 1290 3672 Jarcnto
1321 3615 1487 3671 abbas
1511 3614 1844 3669 Divionensis
1877 3655 1890 3680 ,
1926 3613 2102 3682 llugo-

537 3707 932 3778 nent'Lugdnn.
965 3707 1426 3778 archiepiscopum
1459 3721 1581 3760 cum
1617 3705 1824 3760 duobus
1847 3707 1958 3761 suis
1990 3707 2101 3761 sitf-

533 3799 806 3870 fraganeis
853 3798 1229 3854 Matisconensi
1291 3809 1344 3853 et
1385 3797 1711 3870 Lingonensi
1761 3799 2096 3870 praesulibus,

541 3912 560 3947 t
597 3908 692 3962 per
721 3892 928 3948 bella'et
951 3891 1176 3963 gladios,
1208 3907 1330 3947 cum
1360 3893 1541 3948 omnia
1577 3903 1803 3948 mortem
1832 3894 2098 3948 intentare

532 3986 874 4050 viderentur,
933 3983 1112 4039 Metim
1156 3999 1324 4054 usque
1365 3983 1606 4047 deduxit,
1641 4002 1660 4034 ι
1715 3998 1744 4036 a
1775 3999 1882 4054 quo
1918 3984 2097 4054 Poppo

531 4086 878 4131 consecratus
901 4085 1019 4131 estt
1057 4076 1227 4146 printa
1274 4073 1606 4130 hcbdomada
1639 4075 2092 4146 Quadragesimtc.

529 4167 784 4236 Sequenti
837 4181 978 4220 anno
1031 4165 1318 4220 Richerius
1373 4179 1471 4234 pro
1515 4163 1943 4219 consecratione
1998 4181 2093 4220 sua

527 4257 841 4329 Lugdunum
871 4257 1254 4322 veniens,'cum
1291 4268 1627 4311 sacramento
1657 4270 1715 4310 se
1761 4255 1826 4311 de
1866 4257 2091 4311 situouia

524 4357 828 4418 purgasset,
854 4348 906 4402 in
935 4347 1020 4401 die
1045 4355 1232 4401 sancto
1273 4345 1491 4401 Pascha:
1543 4357 1892 4402 consecratus
1920 4355 2022 4401 est.
2067 4367 2084 4398 ι

523 4442 597 4494 lta
623 4440 772 4510 llugo
817 4439 1186 4493 Flaviniensis.
1228 4437 1400 4492 Aliter
1448 4437 1770 4491 Laurentius
1798 4437 1863 4490 de
1895 4435 2089 4491 Leodio

2222 1999 2438 2052 St‘Optlm
2468 1987 2533 2038 ad
2557 1985 2696 2037 hanc
2717 1982 2978 2052 synodum
3029 1980 3242 2033 invitat.
3281 1979 3506 2033 Prtel'uit
3541 1991 3597 2034 et.
3631 1979 3788 2034 alteri

2220 2076 2474 2131 [Eilitensi
2504 2076 2800 2130 ltoceodem
2824 2088 2984 2138 anno,
3004 2080 3130 2126 utet
3151 2070 3471 2136 Brivatensi,
3498 2080 3555 2124 et
3575 2070 3789 2125 Dolensi

2219 2167 2504 2235 colloquio.
2533 2165 2736 2219 Eodem
2768 2179 2909 2218 anno
2939 2163 3084 2216 dedit
3128 2161 3570 2216 Cluniacensibns
3599 2177 3790 2216 mona-

2219 2259 2334 2311 chis
2365 2256 2645 2311 ecclesiam
2697 2254 2754 2309 S.
2809 2253 3068 2309 Desiderii
3100 2253 3151 2306 in
3188 2252 3439 2315 Bressia;
3478 2252 3607 2304 etin
3651 2251 3790 2305 festo

2219 2347 2274 2402 S.
2309 2347 2530 2402 Joannis
2558 2345 2832 2416 Baptistze,
2861 2345 3082 2413 jubente
3136 2342 3356 2397 Urbano
3389 2342 3448 2403 ll,
3490 2341 3785 2395 Fulconent

2215 2437 2483 2506 Andegavi
2537 2435 2786 2490 comitem
2831 2435 2884 2486 in
2939 2432 3266 2486 monasterio
3297 2432 3353 2485 S.
3389 2431 3642 2484 Florentii
3687 2432 3788 2484 ab-

2216 2527 2374 2581 solvit
2419 2527 2485 2580 ab
2531 2524 3085 2579 excommunicatione
3138 2537 3243 2590 qua
3301 2521 3584 2575 innodatus
3643 2531 3785 2574 erat.

2214 2615 2445 2669 Litteras
2468 2613 2821 2667 absolutionis
2871 2612 3127 2666 exhibent
3157 2611 3475 2664 Sirmonilns
3523 2611 3574 2662 in
3606 2609 3783 2678 elogio

2213 2707 2418 2760 Goft-idi
2437 2705 2865 2768 Vindocitteusis,
2892 2716 2945 2758 et
2968 2703 3132 2756 tom.l
3170 2702 3307 2756 Gall.
3335 2701 3564 2768 Christ.,
3585 2702 3779 2770 pag.3.

2211 2799 2366 2853 Circa
2401 2799 2450 2852 id
2472 2807 2681 2866 tempus
2704 2797 3002 2867 prodigium
3033 2796 3158 2848 illud
3181 2794 3373 2848 accidit
3407 2797 3548 2863 quod
3573 2793 3782 2848 descri-

2212 2890 2288 2944 bit
2311 2891 2502 2945 Petrus
2535 2889 2864 2944 Venerabilis
2895 2891 2968 2944 De
3018 2887 3314 2950 miraculis,
3344 2887 3434 2941 lib.
3469 2903 3507 2948 t,
3531 2901 3650 2955 cap.
3682 2885 3776 2943 22.

2210 2983 2419 3055 lugenti
2454 2983 2666 3036 llamma
2702 2981 3081 3036 ltlarciacensis
3102 2980 3449 3049 parthenouis
3469 2979 3649 3032 omnia
3676 2978 3779 3033 de-

2210 3081 2671 3139 vastante,tcrat
2715 3084 2841 3126 tunc
2903 3071 3044 3126 forte
3107 3071 3161 3124 in
3223 3069 3339 3124 loco
3402 3069 3779 3140 Lugdunensis

2209 3165 2463 3219 Ecclesia:
2490 3164 2986 3234 archiepiscopus...
3017 3162 3215 3217 cursim
3249 3161 3560 3216 mouialium
3625 3162 3778 3216 clau-

2208 3269 2377 3312 strum
2402 3256 2718 3324 ingreditur,
2756 3271 2941 3312 omnes
2985 3269 3194 3310 summa
3225 3255 3496 3318 instantia,
3529 3263 3585 3308 ttt
3628 3255 3778 3323 peri-

2205 3350 2325 3403 culo
2374 3349 2608 3413 cedant,
2658 3348 2932 3412 hortatur;
2987 3361 3218 3416 cumque
3263 3345 3366 3402 illae
3413 3347 3634 3400 omnino
3689 3361 3778 3401 re-

2203 3447 2454 3502 nuerent,
2485 3445 2540 3492 et
2566 3437 2716 3506 prius
2768 3452 2827 3493 se
2875 3451 3033 3507 posse
3071 3438 3206 3494 mori
3239 3451 3399 3508 quam
3436 3437 3772 3507 propositum

2202 3529 2494 3592 infringere
2533 3537 2844 3585 constanter
2892 3529 3245 3594 affirmarent,
3274 3530 3350 3583 ait
3377 3547 3390 3581 :
3419 3530 3498 3583 Ex
3526 3530 3772 3584 auctori-

2204 3629 2312 3676 tate
2331 3620 2397 3675 B.
2427 3621 2571 3676 Petri
2589 3631 2644 3676 et
2677 3621 2738 3674 υ.
2779 3637 2948 3691 papzc,
2980 3631 3140 3692 atque
3178 3621 3390 3677 abbatis
3427 3621 3592 3676 vestri
3636 3622 3772 3676 obe-

2201 3711 2398 3765 dientia
2429 3711 2581 3766 vobis
2611 3710 2861 3781 przecipio
2886 3721 2946 3763 ut.
2973 3711 3038 3764 ad
3061 3725 3295 3777 praesens
3319 3711 3443 3765 hinc
3467 3711 3770 3766 exeatis....

2198 3803 2278 3856 Ad
2319 3803 2431 3857 hare
2485 3803 2726 3872 quaedam
2781 3816 2987 3872 magnae
3010 3801 3349 3857 nobilitatis:
3389 3800 3525 3864 Noli,
3570 3802 3768 3872 inquit,

2199 3895 2302 3948 hoc
2321 3894 2473 3948 nobis
2518 3893 2815 3961 injungere,
2870 3891 3010 3961 quod
3070 3892 3225 3946 nobis
3261 3906 3418 3962 agere
3447 3906 3551 3946 non
3604 3891 3767 3957 licet;

2197 3986 2290 4040 sed
2319 3985 2458 4055 sicut
2483 4000 2580 4039 nos
2612 3985 2784 4054 ignem
2818 3985 3062 4054 praecipis
3091 3983 3296 4054 fugere.
3331 3983 3403 4037 ita
3430 3983 3598 4052 magis
3628 3983 3767 4053 igni,

2197 4087 2255 4132 ut
2283 4092 2311 4130 u
2352 4079 2504 4132 nobis
2540 4076 2728 4146 fugiat,
2771 4076 2969 4170 v.irtute
3011 4075 3212 4131 Christi
3255 4090 3494 4131 armatus
3525 4075 3766 4147 injttnge.

2193 4170 2275 4224 Ad
2296 4184 2457 4240 quam
2497 4168 2735 4223 mulieris
2755 4168 2912 4224 fidem
2941 4169 3273 4239 stupefactus
3298 4169 3766 4237 arcltiep'scopus,

2193 4278 2257 4317 ac
2290 4261 2466 4318 subito
2488 4273 2540 4317 et
2573 4262 2684 4331 ipse
2719 4262 2821 4317 lide
2865 4263 3120 4332 repletus,
3149 4263 3226 4315 ait
3257 4277 3272 4315 :
3303 4261 3358 4316 ln
3400 4263 3614 4316 nomine
3659 4260 3768 4315 Do-

2192 4351 2346 4416 mini,
2371 4361 2426 4406 et
2445 4366 2538 4422 per
2563 4352 2816 4406 virtutem
2854 4352 2974 4406 fidei
3028 4352 3185 4421 hujus
3208 4367 3327 4422 quae
3374 4366 3516 4406 nunc
3577 4352 3764 4407 locuta

2189 4454 2290 4508 est,
2318 4443 2529 4509 recede,
2560 4444 2695 4515 ignis
2721 4444 2962 4513 pestifer,
2989 4446 3056 4500 ab
3092 4445 3406 4499 ancillarum
3433 4445 3524 4499 Dei
3547 4444 3767 4500 habita-

522 4534 576 4586 itt
594 4532 822 4587 Historia
846 4532 1216 4601 episcoporum
1232 4528 1667 4592 Virdunensittm,
1693 4529 1784 4598 qui
1807 4529 1873 4582 de
1900 4527 2089 4582 Riclte-
2116 4558 2164 4618 ῃ
2189 4534 2389 4590 culis...
2418 4533 2512 4588 llis
2534 4548 2563 4588 a
2595 4534 2848 4602 pontifice
2889 4535 3067 4590 verbis
3113 4535 3358 4605 prolatis,
3409 4543 3629 4605 repente
3661 4535 3764 4588 im-

521 4625 604 4678 rio
632 4625 711 4678 sic
758 4623 1035 4692 loquitur:
1073 4641 1091 4674 ι
1125 4622 1282 4676 Anno
1316 4619 1584 4674 lncarnat.
1618 4618 1753 4674 1088
1801 4619 2086 4676 Riclterius

518 4715 721 4769 electus
751 4723 834 4770 est
885 4710 1104 4767 Virduni
1142 4711 1457 4782 episcopus;
1509 4709 1604 4764 sed
1656 4709 1779 4780 quia
1832 4709 2086 4765 Romana:

516 4804 771 4860 Ecclesiae
813 4802 1073 4860 oﬁ‘eusam
1121 4802 1464 4864 incurrerat,
1509 4808 1713 4870 septem
1765 4798 1922 4853 annis
1967 4799 2084 4854 sine

516 4896 802 4964 episcopali
844 4897 1214 4951 benedictione
1268 4893 1565 4964 permansit
1597 4910 1610 4946 :
1636 4892 1806 4947 donec
1829 4907 1858 4945 a
1887 4891 2082 4946 Rodul-

516 4983 569 5036 fo
595 4984 651 5036 S.
684 4983 858 5038 Vitoni
889 4986 1102 5051 abbate,
1130 5000 1272 5039 anno
1317 4999 1425 5054 quo
1475 4982 1729 5038 Urbanus
1773 4997 1908 5054 papa
1943 4985 2082 5053 apud

512 5075 971 5131 (llarummoutem
1029 5079 1287 5147 synodum
1356 5074 1686 5142 celebravit,
1765 5075 2080 5148 Lugdunum

508 5167 707 5222 ductus
735 5178 818 5222 est
844 5167 932 5222 ubi
973 5183 1095 5222 eum
1140 5169 1292 5238 llugo
1333 5169 1680 5238 archipraasul
1708 5179 1832 5239 post
1867 5169 2081 5240 abjura-

508 5259 711 5312 tionem
734 5257 1074 5312 llenriciana:
1099 5259 1267 5328 partis
1293 5258 1344 5311 in
1379 5259 1438 5312 S.
1471 5259 1720 5313 Paschali
1753 5259 1987 5313 Sabbato
2017 5259 2077 5312 "in

507 5351 901 5422 presbyterum,
936 5351 988 5404 in
1021 5350 1106 5404 die
1147 5359 1324 5403 autem
1357 5350 1493 5404 festo
1537 5351 1590 5404 in
1620 5352 1913 5405 antistitem
1952 5367 2080 5404 con-

507 5445 758 5498 secravit.
792 5443 1082 5507 Reversus,
1113 5458 1144 5495 a
1171 5443 1501 5512 coepiscopis
1527 5443 1640 5498 suis
1689 5443 1939 5511 Poppone
1973 5442 2079 5495 Me-

511 5538 644 5590 teusi
667 5547 719 5588 et
745 5535 942 5590 Pibone
973 5534 1232 5596 Tullensi,
1262 5543 1314 5588 et
1339 5550 1368 5587 a
1395 5543 1501 5588 tota
1533 5536 1666 5590 urbe
1703 5534 2078 5588 decentissime

508 5637 788 5694 susceptus
814 5637 912 5682 est.
959 5648 975 5678 ι
1014 5629 1166 5680 Anno
1201 5627 1335 5681 1095
1365 5641 1485 5680 cum
1527 5626 1845 5680 Lambertus
1877 5624 2076 5679 electus

509 5718 873 5770 Atrebatensis
905 5718 1132 5770 antistes
1155 5734 1182 5769 a
1205 5716 1615 5785 metropolitano
1643 5731 1740 5770 suo
1767 5731 1862 5784 pro
1891 5731 2073 5769 conse-

509 5807 743 5860 cratione
794 5823 887 5861 sua
921 5809 1284 5872 tlclttdcretur,
1321 5808 1542 5860 ltoutam
1594 5809 1864 5876 profectus
1896 5817 1994 5870 est,
2021 5818 2072 5860 ct

2188 4624 2444 4679 mensitas
2489 4623 2826 4678 ﬂammarum
2883 4625 3138 4679 invisibili
3196 4625 3394 4680 virtute
3441 4640 3760 4694 repressa...

2185 4715 2322 4769 ultra
2349 4713 2638 4785 procedere
2663 4731 2764 4771 non
2797 4717 2989 4785 potuit,
3024 4725 3079 4771 et
3120 4716 3324 4784 absque
3366 4715 3474 4771 ullo
3519 4717 3762 4771 humano

2185 4806 2450 4874 subsidio,
2501 4809 2706 4878 absque
2763 4807 2941 4877 aliqua
2991 4808 3184 4877 pluvia:
3229 4817 3411 4878 gutta,
3458 4808 3757 4863 incredibili

2185 4897 2460 4953 celeritate
2514 4897 2856 4967 semetipsam
2905 4898 3186 4952 exstinxit.
3221 4918 3239 4950 ι
3273 4899 3471 4953 Eodem
3523 4898 3762 4969 denique

2183 5005 2346 5050 anno.
2377 4989 2562 5044 indict.
2607 5006 2670 5054 tt,
2699 4990 2847 5044 dedit
2873 4989 3083 5061 Hugoui
3110 4990 3452 5046 Cluniacensi
3495 4991 3666 5048 altare
3689 4992 3760 5049 de

2181 5078 2468 5136 Reortorio
2497 5095 2614 5134 cum
2635 5079 2864 5136 ecclesia
2899 5080 2956 5135 S.
2981 5081 3131 5136 Pauli
3163 5081 3303 5136 infra
3327 5082 3566 5152 ejusdem
3588 5085 3756 5138 castri

2183 5170 2562 5232 munitionem,
2585 5171 2685 5225 sub
2707 5171 2923 5225 annuali
2945 5187 3108 5226 censu
3145 5187 3176 5222 v
3229 5172 3520 5226 solidorum
3549 5211 3564 5235 ,
3597 5171 3757 5239 cujus

2179 5263 2353 5318 media
2400 5279 2525 5332 pars
2577 5263 2826 5317 solvenda
2880 5262 3017 5317 foret
3045 5264 3096 5317 in
3126 5262 3260 5317 festo
3289 5264 3461 5319 sancti
3511 5261 3752 5325 Martini,

2179 5356 2353 5409 media
2387 5354 2439 5408 in
2471 5352 2849 5408 Purilicatione
2886 5354 2949 5408 Β.
3001 5353 3070 5406 Μ.
3104 5369 3167 5409 ex
3194 5353 3464 5408 chartario
3510 5356 3753 5408 secundo

2179 5446 2440 5506 Cluniac.,
2473 5445 2566 5500 fol.
2595 5446 2724 5506 212,
2755 5447 2941 5500 charta
2964 5447 3087 5501 559.

2247 5538 2402 5592 Anno
2430 5538 2566 5592 1093
2593 5538 2659 5590 ad
2683 5537 3050 5592 Placentinum
3103 5537 3153 5590 in
3183 5537 3553 5608 Longobardia
3588 5552 3751 5605 syno-

2177 5626 2300 5679 dum
2337 5636 2578 5687 voeatus,
2631 5642 2752 5682 cum
2798 5643 2902 5680 ttott
2955 5628 3203 5692 venisset,
3237 5644 3336 5682 nec
3364 5627 3594 5698 legatum
3622 5642 3746 5679 cum

2175 5718 2437 5770 canonica
2477 5718 2824 5774 excusatione
2873 5736 2969 5788 pro
3009 5735 3065 5774 se
3094 5720 3413 5784 direxisset,
3461 5720 3528 5772 ab
3571 5718 3748 5772 officio

2175 5821 2464 5875 suspensus
2516 5818 2619 5876 est,
2676 5809 2850 5880 inquit
2897 5811 3213 5865 Bel-timidus
3265 5809 3741 5874 Caustantiensis;
