4106 6356
395 372 503 432 493

1673 372 1942 430 ΝΟΤΙΊΊΛ
1992 375 2380 433 HISTORICA.

3548 377 3650 432 £91

387 493 534 549 haud
553 492 643 546 diu
669 501 844 548 tamen
864 494 1011 548 stetit
1040 493 1309 563 pontificis
1330 491 1652 562 indignatio,
1679 493 1837 561 plena
1878 509 1967 546 sa-
1992 496 2044 556 Α
2071 492 2372 548 Turonensi
2399 491 2604 563 pariter
2642 500 2697 547 et
2720 491 3068 550 Nemausensi
3093 495 3325 552 concilio
3351 537 3366 560 ,
3409 503 3463 552 et
3487 497 3650 552 simili

388 587 698 642 tisfactione
745 597 990 656 accepta.
1048 587 1248 642 Eodem
1288 601 1489 640 annon
1517 583 1703 638 Nonas
1750 586 1971 654 Aprilis,

387 681 494 737 iter
522 681 750 750 arripuit
778 681 846 734 ad
876 679 935 735 ὃ.
969 679 1254 739 Jacobum,
1309 679 1537 734 honesto
1570 676 1890 731 clericorum
1919 688 1975 732 et

387 773 652 828 laicorum
675 774 935 827 comitatu
961 773 1267 836 decoratus,
1297 781 1352 827 et
1379 771 1777 841 apudAnicium
1802 770 1972 824 tribus

386 861 576 920 diebus
620 875 930 920 remoratus
976 881 1099 919 cum
1145 865 1381 919 maxima
1423 862 1736 918 difficultate
1781 862 1848 916 ab
1891 864 1972 917 eis

391 958 614 1012 avulsus
635 968 738 1012 est.
764 957 928 1013 Venit
957 959 1023 1012 ad
1054 957 1111 1012 S.
1139 957 1399 1013 Jacobum
1437 957 1756 1010 imminente
1791 955 1969 1026 vigilia

389 1047 756 1112 Pentecostes,
781 1051 909 1105 etin
950 1051 1036 1104 die
1079 1059 1266 1105 sancto
1298 1049 1582 1104 missarum
1605 1048 1861 1103 solemnia
1903 1048 1970 1100 ad

387 1138 559 1193 altare
581 1141 757 1195 sancti
791 1141 1007 1210 publice
1047 1140 1364 1203 celebravit,
1394 1148 1608 1193 astante
1637 1139 1889 1208 episcopo
1917 1147 1972 1192 et

387 1228 536 1284 clero
563 1230 864 1300 p0puloqne
901 1230 1129 1285 infinito.
1161 1230 1217 1284 In
1249 1230 1544 1284 crastinum
1574 1244 1824 1284 reversus
1863 1240 1966 1293 est,

385 1330 442 1375 et
485 1319 802 1390 Lugdunum
853 1321 1073 1375 intravit
1117 1322 1203 1375 die
1262 1321 1416 1374 tertia
1454 1330 1583 1376 ante
1633 1320 1969 1374 nativitatem

389 1412 449 1465 S.
483 1409 705 1466 Joannis
726 1411 878 1481 llapt.
922 1411 1120 1464 Eodem
1143 1426 1308 1474 anno,
1347 1412 1440 1465 sed
1477 1412 1564 1465 die
1590 1410 1970 1474 iucerto,sub-

385 1503 604 1572 scripsit
663 1511 938 1572 praecepto
991 1502 1218 1572 Philippi
1275 1502 1663 1558 [Francorum
1723 1503 1866 1570 regis
1903 1503 1971 1556 de

385 1591 718 1661 su'bjectione
745 1592 1001 1648 Mansiaci
1027 1594 1275 1648 ccenobio
1300 1591 1667 1648 Cluniacensi.
1695 1593 1967 1649 Urbanum

383 1701 577 1756 papam
603 1686 654 1738 in
682 1685 886 1740 Gallias
947 1687 1250 1756 ingressum
1299 1686 1592 1741 romitatus
1631 1695 1735 1752 est,
1764 1698 1815 1742 el
1846 1705 1967 1744 cum

383 1791 450 1829 eo
476 1776 791 1832 Clnniacnm
824 1780 992 1840 venit,
1021 1788 1076 1832 et
1116 1778 1290 1832 altare
1317 1778 1368 1831 in
1405 1793 1543 1830 nova
1597 1778 1815 1833 basilica
1839 1795 1969 1834 con-

397 1869 652 1922 secravit.
705 1869 891 1923 Adfuit
919 1869 1148 1924 concilio
1173 1868 1495 1923 Arvernensi
1527 1869 1612 1922 cui
1652 1871 1971 1938 praesidebat

386 1974 629 2013 sununus
675 1959 940 2028 pontifex.
991 1958 1048 2013 In
1080 1975 1148 2014 eo
1173 1975 1295 2014 cum
1331 1959 1655 2014 Bituricensi
1703 1961 1970 2030 archiepi-

384 2067 550 2122 scopo
595 2051 801 2107 electus
825 2051 1027 2106 arbiter
1066 2051 1176 2106 litis
1213 2051 1493 2122 Hugonem
1532 2051 1773 2107 Cluniaci
1805 2051 1970 2108 abba-

386 2155 494 2200 tem
529 2147 670 2198 intcr
697 2155 754 2200 et
783 2145 1032 2199 Pontium
1059 2145 1340 2200 Casca-Dei
1369 2144 1882 2210 archimandritam,
1903 2145 1968 2200 de

385 2236 523 2291 cella
545 2235 828 2290 Boortensi
879 2245 1102 2300 motam,
1126 2252 1246 2290 eam
1287 2235 1515 2300 definiit,
1538 2245 1593 2292 et
1621 2235 1807 2291 cellam
1844 2236 1969 2293 Clu-

385 2327 730 2382 niaeeusibns
764 2328 995 2382 asseruit
1042 2327 1297 2382 Kalendis
1353 2327 1686 2383 Decembris.
1721 2327 1969 2383 Vidimus

386 2435 546 2488 supra
575 2418 954 2473 confirmatum
995 2418 1440 2490 Lugdunensibus
1464 2419 1888 2488 archiepiscopis
1911 2419 1965 2473 in

384 2519 616 2580 quatuor
645 2509 1029 2581 Lugdunenses
1057 2511 1365 2580 provincias
1392 2510 1680 2579 primatum
1704 2525 1734 2562 a
1757 2509 1967 2579 Grego-

387 2604 469 2658 rio
493 2604 596 2658 VII.
653 2604 788 2658 Cum
823 2603 1036 2657 illarum
1082 2601 1506 2673 archiepiscopis
1534 2601 1588 2655 in
1633 2601 1736 2657 hac
1763 2602 1967 2672 synodo

385 2693 748 2766 expostulavit
788 2694 959 2764 llngo,
1014 2693 1158 2763 quod
1202 2692 1350 2747 illum
1376 2707 1482 2762 qua
1513 2693 1637 2747 data
1675 2692 1964 2748 occasione

387 2788 652 2854 minuere,
694 2789 803 2842 imo
851 2797 906 2842 et
939 2801 1042 2840 non
1092 2800 1383 2856 agnoscere
1422 2794 1769 2840 conarentur.
1804 2785 1960 2851 llinc,

390 2881 864 2951 Urbanojubente,
884 2880 1020 2934 lecta
1049 2889 1175 2933 sunt
1199 2879 1380 2934 omnia
1411 2879 1474 2932 ad
1508 2878 1654 2932 illum
1683 2879 1964 2946 pertinen-

390 2976 460 3027 tia
501 2982 868 3027 monumenta.
926 2967 1126 3025 Deinde
1181 2969 1232 3023 in
1271 2969 1359 3034 jus
1402 2978 1624 3024 vocatus
1678 2968 1964 3024 Richerius

399 3063 731 3120 Senonensis
759 3062 1000 3126 antistes,
1016 3059 1408 3128 cumjudicinm
1438 3060 1601 3113 variis
1617 3059 1963 3114 dilationibus

386 3165 441 3210 et
471 3155 698 3209 induciis
721 3153 952 3208 eludere
983 3159 1238 3213 tentaret,
1265 3150 1478 3204 tandem
1507 3167 1526 3200 ι
1554 3164 1620 3204 ex
1649 3149 1811 3203 totius
1837 3165 1962 3220 syn-

385 3249 472 3302 odi
511 3247 693 3300 favore
728 3256 785 3300 et
819 3243 1023 3313 judicio
1049 3245 1316 3298 sancitum
1362 3251 1446 3296 est
1477 3240 1842 3296 Senonensem
1870 3257 1961 3295 ar-

387 3341 791 3410 chiepiscopum
841 3338 1182 3408 Lugduncusi
1237 3346 1494 3406 tanquam
1542 3337 1757 3408 primati
1788 3335 1965 3406 subje-

384 3435 619 3490 ctionem
673 3432 1145 3500 obedientiamque
1186 3431 1403 3486 debere.
1445 3430 1541 3485 Cui
1572 3429 1812 3500 profecto
1841 3445 1967 3485 sen-

389 3528 568 3582 tentizc
615 3541 673 3581 se
727 3524 1003 3580 humiliter
1029 3524 1360 3584 obedituros.
1398 3543 1417 3576 ι
1451 3532 1510 3576 ut
1551 3523 1674 3576 data
1699 3522 1802 3577 fide
1836 3537 1964 3592 pro-

387 3619 668 3683 miserant,
703 3637 724 3668 ί
770 3615 1099 3671 Senonensis
1165 3615 1417 3670 Ecclesiae
1466 3612 1791 3684 sntfraganei
1835 3629 1963 3683 pro-

385 3713 501 3781 pria
523 3711 749 3780 quisque
776 3726 906 3766 voce
921 3709 1200 3779 professus
1219 3719 1323 3763 est.
1361 3707 1416 3761 ld
1441 3707 1614 3776 ipsum
1650 3707 1864 3774 insuper
1898 3706 1964 3760 de

389 3805 808 3876 Rothomagensi
845 3803 1082 3859 Ecclesia
1127 3801 1506 3856 confirmatum
1543 3809 1646 3854 est.
1691 3799 1765 3853 De
1793 3797 1965 3853 Turo-

389 3900 542 3953 nensi
566 3901 734 3962 enim,
760 3898 884 3968 quia
917 3898 1027 3963 jam
1080 3911 1109 3949 a
1138 3894 1427 3949 retroactis
1477 3891 1811 3962 temporibus
1848 3891 1964 3946 sine

388 3990 755 4061 refragatione
801 3987 1100 4049 obedierat,
1134 3984 1279 4039 nulla
1315 3983 1426 4052 jam
1465 3983 1692 4053 quaestio
1716 3983 1964 4038 moveba-

387 4088 496 4136 tur.
527 4100 546 4132 ι
583 4079 690 4135 Nec
712 4079 792 4134 sic
826 4075 1502 4147 acquiescente'Ricberio,
1537 4073 1788 4130 Urbanus
1812 4093 1828 4124 ι
1851 4082 1964 4129 toto

387 4170 756 4226 consentiente
801 4167 1054 4232 concilio,
1085 4196 1102 4217 ι
1139 4166 1186 4220 ei
1216 4165 1359 4234 pallii
1392 4181 1544 4218 usum
1598 4174 1654 4219 ct
1699 4162 1964 4233 suffraga-

390 4277 611 4318 neorum
635 4261 1022 4323 obedientiam,
1056 4259 1230 4313 donec
1255 4258 1370 4327 ipse
1399 4256 1646 4312 obediret
1664 4255 1960 4310 interdixit.

386 4355 637 4426 Repetita
667 4353 770 4408 fuit
793 4362 848 4408 et
873 4353 1065 4406 iterum
1096 4349 1418 4406 confirmata
1474 4347 1740 4402 sententia
1773 4347 1826 4400 in
1855 4345 1964 4400 Tu-

388 4449 606 4505 ronensi
646 4457 700 4504 et
726 4444 1075 4502 Nemausensi
1128 4443 1395 4514 synodis:
1436 4441 1530 4497 sed
1585 4455 1687 4495 nec
1716 4439 1795 4494 sic
1819 4438 1960 4493 vinci

2077 583 2236 639 modo
2265 583 2504 647 definita,
2552 591 2611 637 ut
2648 592 2797 652 patet
2839 599 2905 638 ex
2960 585 3126 640 altera
3180 584 3385 641 Urbani
3414 585 3557 642 bulla
3583 588 3648 642 ad

2075 675 2493 746 Lugdunensem
2537 678 3026 747 archiepiscopum.
3058 677 3204 732 Nihil
3234 680 3318 734 his
3345 689 3649 735 commotus

2074 765 2360 822 Richerius
2380 767 2571 821 maluit
2593 768 2896 822 interdictas
2944 768 3139 829 obire.
3189 784 3348 840 quam
3399 768 3652 825 Ecclesize

2075 875 2186 914 suae
2213 860 2462 930 dignitati
2491 861 2750 930 tantisper
2772 860 3055 932 derogare.
3103 861 3217 916 Non
3261 877 3346 917 me
3368 861 3500 917 latet
3523 862 3648 926 quid

2073 961 2340 1023 reponant
2381 951 2753 1022 Lugdunensis
2801 953 3067 1021 primatus
3097 955 3414 1020 adversarii,
3460 953 3649 1010 falsam
3691 972 3705 990 ε

2073 1062 2195 1103 esse
2225 1057 2281 1102 et
2322 1047 2723 1118 supposititiam
2777 1045 2982 1101 Urbani
3015 1047 3236 1102 bullam.
3271 1048 3467 1102 Verum
3505 1048 3552 1102 si
3597 1047 3653 1102 id

2074 1139 2396 1200 admittitur,
2447 1150 2610 1193 ruunt
2656 1140 2837 1193 omnia
2892 1139 3237 1210 antiquitatis
3279 1149 3652 1203 monumenta,

2073 1229 2163 1283 vix
2194 1230 2339 1284 enim
2371 1229 2534 1283 ullum
2563 1240 2646 1284 est
2677 1230 2817 1299 quod
2849 1229 3142 1296 majoribus
3177 1231 3361 1285 nixum
3385 1232 3457 1284 sit
3498 1232 3652 1286 testi-

2072 1319 2290 1374 moniis.
2318 1319 2468 1374 Illam
2494 1320 2662 1374 edidit
2713 1319 2776 1373 D.
2804 1320 2870 1374 de
2901 1319 3081 1374 Marca
3125 1335 3192 1375 ex
3239 1330 3450 1376 vetusto
3469 1322 3654 1377 codice

2073 1409 2440 1480 Lugdunensi.
2487 1411 2689 1466 Deinde
2737 1409 2971 1479 ejus,ut
3018 1413 3190 1477 aiunt,
3235 1411 3499 1479 Vidimus,
3543 1412 3652 1467 Lu-

2072 1503 2362 1573 gdunensis
2394 1504 2446 1557 in
2478 1503 2638 1558 rebus
2659 1504 3042 1560 ecclesiasticis
3068 1505 3233 1572 judex
3274 1505 3487 1576 publice
3514 1521 3578 1560 ac
3601 1506 3652 1560 in

2073 1595 2299 1650 solemni
2333 1593 2452 1650 foro
2479 1596 2725 1650 exaravit
2779 1610 2922 1650 anno
2975 1595 3135 1660 “09,
3166 1604 3221 1651 et
3244 1611 3273 1650 a
3297 1605 3532 1664 quatuor
3558 1612 3657 1650 no-

2072 1689 2230 1743 tariis
2255 1687 2522 1744 subscribi
2546 1690 2781 1754 curavit,
2815 1704 2924 1759 quo
2949 1689 3084 1744 nihil
3109 1690 3161 1743 in
3207 1689 3355 1744 hisce
3385 1688 3546 1744 rebus
3569 1706 3656 1744 so-

2072 1781 2305 1836 lemnius
2347 1781 2534 1835 haberi
2559 1790 2756 1851 potest.
2807 1780 2994 1836 Tertio
3026 1781 3291 1836 Martinus
3319 1779 3361 1836 V
3389 1782 3440 1836 in
3477 1781 3651 1850 diplo-

2001 1843 2046 1902 B
2075 1879 2218 1926 male
2245 1871 2374 1926 dato
2402 1843 2634 1926 Genevze
2665 1873 2690 1926 1
2726 1871 2979 1942 Augusti,
3029 1872 3206 1942 primo
3253 1873 3334 1928 sui
3374 1843 3653 1941 pontifica-

2075 1971 2160 2016 tus
2189 1978 2356 2029 anno,
2384 1963 2584 2018 Christi
2611 1962 2769 2027 1418,
2790 1973 3076 2033 utramque
3100 1964 3306 2020 Urbani
3333 1963 3536 2034 bullam
3563 1983 3650 2022 re-

2071 2053 2194 2110 fert.
2235 2055 2439 2123 Quarto
2478 2055 2532 2109 in
2580 2070 2683 2109 ms.
2734 2053 2908 2109 Centii
2960 2056 3247 2112 camerarii
3307 2071 3514 2112 canone
3552 2073 3648 2119 vn.

2070 2145 2151 2201 sic
2179 2144 2373 2218 legitur
2409 2163 2422 2200 :
2460 2165 2478 2197 ι
2512 2145 2884 2216 Lugdunensis
2913 2147 3169 2206 Ecclesiae
3193 2149 3458 2218 primatus
3487 2151 3651 2205 resti-

2071 2245 2222 2292 tutus
2259 2246 2344 2292 est
2395 2251 2558 2308 super
2584 2236 3019 2309 Lugdunensem,
3072 2239 3437 2296 Senonensem
3467 2253 3520 2295 et
3544 2241 3652 2294 lto-

2072 2329 2480 2401 thomagensem
2505 2329 2812 2399 provincias
2839 2347 2854 2386 :
2890 2350 2909 2383 ι
2945 2346 3064 2401 quae
3088 2333 3277 2386 eadem
3303 2333 3466 2389 verba
3497 2347 3556 2388 se
3595 2334 3648 2387 in

2068 2427 2378 2486 pervetusto
2427 2420 2612 2475 codice
2642 2419 2962 2477 Ananiensis
2999 2423 3230 2478 abbatite
3254 2423 3456 2479 vidisse
3496 2439 3647 2480 asse-

2069 2511 2140 2565 rit
2160 2510 2409 2565 Baluzius
2435 2511 2488 2566 in
2517 2511 2660 2568 notis
2688 2513 2754 2568 ad
2787 2513 2880 2568 lib.
2917 2514 2992 2569 De
3023 2515 3316 2570 concordia
3359 2516 3647 2570 sacerdotii

2068 2611 2124 2655 et
2147 2601 2380 2670 imperii,
2409 2613 2538 2658 tom.
2570 2601 2632 2668 ll,
2655 2619 2777 2673 pag.
2807 2602 2937 2660 286.
2963 2604 3205 2674 Denique
3231 2619 3294 2660 ea
3323 2605 3505 2658 omnia
3527 2620 3646 2674 quae

2068 2694 2122 2748 in
2145 2693 2289 2749 bulla
2319 2695 2680 2758 continentur,
2733 2695 2803 2750 ab
2854 2693 3016 2749 fvoue
3063 2693 3378 2750 Carnotensi
3418 2695 3648 2764 pnesule

2067 2785 2158 2856 qui
2174 2785 2597 2841 Ciaromontensi
2613 2784 2840 2840 concilio
2863 2785 3127 2849 adfuerat,
3156 2785 3484 2852 referuntur,
3504 2795 3562 2840 ut
3577 2803 3644 2841 ex

2061 2876 2175 2947 jam
2203 2877 2380 2932 .dictis
2412 2886 2466 2932 et
2507 2892 2571 2931 ex
2616 2876 2752 2930 infra
2778 2875 3022 2930 dicendis
3057 2875 3235 2944 palam
3273 2883 3374 2930 est.
3419 2874 3488 2931 Ut
3513 2892 3645 2932 vero

2066 2985 2185 3039 quae
2205 2966 2443 3025 ad'hanc
2491 2969 2915 3024 controversiam
2956 2969 3246 3039 pertinent,
3295 2969 3451 3023 simul
3481 2979 3534 3023 et
3560 2983 3647 3024 se-

2066 3055 2172 3113 mel
2206 3071 2507 3126 exponam,
2551 3055 2804 3111 Ricberio
2841 3055 3142 3112 Seuonensi
3179 3056 3586 3127 archiepiscopo
3613 3073 3645 3113 e

2064 3149 2203 3205 vivis
2223 3147 2454 3216 sublato,
2483 3149 2536 3203 in
2577 3149 2694 3219 ejus
2730 3148 2904 3204 locum
2932 3148 3136 3204 electus
3154 3159 3240 3204 est
3261 3149 3600 3206 Daimbertus
3625 3166 3639 3202 :

2065 3243 2406 3298 occasionem
2455 3251 2644 3298 nactus
2690 3242 3066 3315 Lugdunensis
3113 3243 3339 3299 antistes
3369 3245 3540 3300 vetuit
3576 3262 3644 3301 ne

2066 3333 2114 3388 ei
2154 3334 2301 3405 prius
2327 3349 2517 3388 manus
2537 3333 2924 3405 imponeretur,
2954 3349 3116 3404 quam
3146 3334 3379 3390 debitam
3425 3336 3643 3408 Lugdu-

2066 3426 2218 3480 nensi
2251 3425 2502 3483 Ecclesiae
2531 3427 2890 3483 obedientiam
2911 3426 3188 3498 professus
3213 3425 3434 3494 fuisset;
3456 3436 3515 3482 ut
3541 3428 3640 3484 do-

2067 3526 2153 3571 cet
2183 3518 2356 3573 Ivonis
2385 3519 2454 3573 ad
2481 3519 2653 3588 ipsum
2675 3519 2904 3590 epistola
2925 3519 3284 3589 sexagesima.
3309 3519 3366 3574 In
3384 3534 3446 3575 ea
3468 3522 3642 3590 primo

2067 3607 2334 3679 significat
2395 3625 2456 3665 se
2521 3625 2755 3680 suosque
2817 3611 3299 3682 comprovmciales
3362 3613 3642 3684 episcopos

2071 3718 2090 3751 ‹
2136 3715 2325 3754 ιιιειηιιε
2359 3715 2390 3754 a
2440 3702 2847 3758 consecratione
2885 3702 3216 3760 Senonensis
3267 3703 3424 3760 electi
3464 3705 3640 3760 conti-

2065 3792 2271 3857 nuisse,
2299 3811 2319 3844 ›
2346 3807 2414 3846 ex
2436 3791 2554 3862 ejus
2582 3793 2847 3863 imperio.
2870 3794 3053 3850 Mirari
3097 3811 3156 3851 se
3201 3807 3381 3852 tamen
3449 3797 3643 3852 asserit

2065 3898 2188 3937 eum
2225 3884 2543 3954 prteccpisse
2565 3892 2624 3938 ut
2651 3902 2670 3935 ι
2699 3885 3028 3939 Senonensis
3057 3886 3264 3940 electus
3300 3896 3426 3940 ante
3452 3899 3644 3941 consc-

2064 3975 2360 4029 orationem
2396 3991 2546 4030 suam
2573 3975 2676 4031 sibi
2707 3985 3144 4045 praesentaretur,
3165 3986 3219 4032 et
3235 3975 3356 4044 jure
3381 3977 3644 4047 primatus

2065 4066 2146 4119 sni
2177 4063 2564 4134 subjectionem
2603 4077 2658 4121 et
2678 4066 3040 4121 obedientiam
3089 4066 3451 4134 profiteretur,
3499 4067 3642 4136 quod

2065 4159 2327 4213 hactenus
2348 4173 2447 4212 nec
2468 4157 2520 4212 in
2557 4157 2854 4213 Senonhnsi
2883 4157 3159 4227 provincia
3187 4174 3285 4212 nec
3312 4158 3365 4212 in
3390 4157 3513 4213 aliis
3533 4173 3641 4211 an-

2067 4246 2289 4315 tiquitas
2333 4247 2595 4314 instituit,
2628 4263 2727 4302 nec
2779 4249 3115 4302 consuetudo
3139 4248 3394 4302 servavit.
3434 4266 3452 4298 ›
3491 4246 3644 4303 Unde

2064 4339 2365 4394 obtestatur
2389 4350 2449 4394 ut
2475 4340 2520 4394 si
2560 4339 2694 4395 nihil
2745 4340 2796 4394 in
2854 4355 2940 4406 eo,
2985 4341 3126 4410 quod
3152 4340 3322 4395 sacris
3345 4340 3642 4395 canonibus

2063 4415 2265 4500 obviet,
2299 4442 2566 4504 repertum
2592 4432 2772 4498 fuerit,
2799 4433 3095 4488 secundum
3124 4432 3402 4502 antiquum
3435 4447 3642 4488 morem

387 4540 563 4610 potuit
585 4538 818 4594 Richerii
845 4535 1164 4609 pervicacia.
1201 4535 1274 4589 De
1301 4533 1388 4588 his
1404 4531 1654 4589 omnibus
1683 4529 1964 4585 sententiis
1997 4545 2042 4599 ι)
2067 4527 2374 4580 consecrari
2401 4525 2695 4595 permittat.
2733 4543 2752 4577 ι
2775 4525 2927 4592 Quod
2955 4526 3003 4580 si
3027 4525 3151 4580 huic
3179 4525 3422 4596 petitioni
3445 4538 3645 4580 nostra:

390 4641 722 4702 conquestus
763 4640 846 4686 est
873 4631 1014 4702 apud
1044 4631 1282 4692 lvoncm,
1313 4641 1342 4680 a
1365 4640 1472 4696 quo
1491 4623 1776 4678 consilium
1817 4632 1963 4676 reln-

388 4722 454 4780 lit
481 4722 744 4794 sapientia
765 4722 1006 4792 plenum,
1051 4719 1259 4776 scilicet
1284 4726 1342 4772 ut
1365 4715 1442 4771 rei
1469 4715 1724 4786 judicatte
1747 4712 1963 4768 interim

387 4823 625 4885 pareret,
655 4813 828 4868 donec
850 4811 1177 4868 authenticis
1224 4806 1626 4869 instrumentis,
1677 4805 1721 4861 si
1747 4804 1966 4875 quando

389 4899 621 4980 reperiri
672 4915 915 4978 possent,
950 4905 1209 4962 Ecclesiae
1261 4917 1372 4958 suae
1419 4901 1720 4957 libertatem
1781 4908 1966 4970 posset

389 5002 783 5058 demonstrare.
810 4999 1106 5056 Consilium
1127 4997 1334 5067 respuit
1364 4993 1694 5051 Senonensis
1714 4993 1963 5056 antistes,

390 5095 576 5163 sicque
613 5093 830 5149 lvonem
887 5091 1117 5162 coegita
1144 5086 1447 5144 reverentia
1503 5085 1835 5142 Senonensis
1866 5083 1967 5138 Ec-

395 5184 575 5240 clesiae
600 5183 700 5238 sibi
725 5197 877 5252 papae
909 5182 1130 5236 decreto
1169 5177 1477 5241 interdicta,
1501 5173 1789 5230 recedere:
1824 5172 1967 5228 unde

390 5290 513 5329 cum
538 5288 636 5344 pro
680 5271 968 5327 Sancionis
997 5268 1155 5324 electi
1185 5267 1528 5321 Aureliorum
1557 5263 1791 5334 episcopi
1818 5261 1967 5316 ordi-

389 5366 610 5420 natione
641 5373 895 5420 evocatus
911 5361 1105 5415 fuisset
1126 5375 1155 5414 a
1184 5358 1442 5413 Ricberio
1477 5355 1544 5410 ad
1571 5363 1806 5409 castrum
1819 5351 1968 5407 Nan-

391 5468 637 5522 tonense,
655 5456 909 5512 mandato
925 5466 1115 5524 parere
1133 5449 1422 5511 recusavit,
1461 5459 1667 5517 propter
1685 5447 1967 5515 primatum

392 5548 754 5620 Lugdunensis
775 5547 1041 5613 Ecdesite,
1062 5562 1212 5614 quem
1234 5542 1665 5598 irrationabiliter
1686 5538 1966 5608 refutabat.

391 5640 461 5699 Et
509 5643 624 5712 ipse
679 5657 803 5696 cum
858 5639 980 5694 aliis
1032 5634 1324 5708 provincia:
1371 5630 1722 5700 suffraganeis
1747 5642 1966 5682 manum

394 5733 937 5806 imposuitSancioni.
963 5731 1099 5797 Quid
1127 5728 1271 5799 quod
1293 5727 1361 5781 ob
1381 5726 1496 5796 ejus
1522 5721 1962 5780 inobedientiam,

394 5827 580 5882 eadem
618 5840 779 5881 causa
837 5831 1023 5895 agente
1052 5820 1276 5890 llngone
1325 5824 1514 5872 nostro
1542 5814 1767 5884 repetita
1789 5821 1876 5868 est
1915 5812 1966 5864 in

2068 4617 2467 4686 acquieveritis,
2518 4617 2723 4687 inquit,
2747 4625 3066 4671 consecrato
3117 4617 3262 4671 omni
3299 4616 3478 4671 studio
3517 4631 3644 4686 per-

2067 4709 2410 4764 suadebimus
2455 4716 2514 4762 ut
2574 4707 2864 4778 primatum
2897 4705 3140 4778 Lugdun.
3187 4706 3447 4762 Ecclesiae
3490 4705 3646 4761 vobis

2067 4801 2206 4855 sicut
2249 4800 2467 4869 primati
2517 4815 2616 4855 suo
2639 4799 2867 4867 deferat,
2903 4808 2960 4855 et
2986 4814 3198 4856 omnem
3225 4798 3459 4854 debitam
3486 4814 3642 4853 reve-

2067 4890 2296 4944 rentiam
2319 4889 2609 4944 secundum
2641 4891 2958 4945 traditiones
2982 4889 3202 4944 Patrum
3237 4889 3506 4944 exhibeat.
3540 4887 3646 4956 Qui

2069 4981 2113 5036 si
2138 4981 2485 5049 acquiescere
2525 4980 2760 5037 noluerit
2797 4963 3256 5052 persuasionibus,
3308 4996 3407 5036 nos
3463 4991 3645 5036 tamen

2069 5069 2136 5124 ab
2169 5071 2254 5126 bis
2275 5085 2393 5139 quae
2415 5070 2730 5141 praeceperit
2775 5068 3067 5139 apostolica
3092 5069 3249 5126 sedes
3273 5086 3381 5127 non
3420 5071 3643 5127 recede-

2070 5178 2212 5217 mus.
2251 5181 2269 5214 ι
2305 5162 2600 5233 Rescripsit
2658 5162 2828 5231 Lugd.
2881 5164 3105 5216 antistes
3154 5163 3434 5232 epistolam
3479 5177 3641 5230 quam

2068 5252 2256 5308 videre
2289 5263 2372 5308 est
2400 5254 2454 5309 in
2484 5253 2634 5308 Misc.
2680 5253 2869 5308 Baluz.
2906 5261 2945 5307 t.
2979 5253 3067 5316 Vl,
3091 5268 3142 5323 p.
3171 5254 3295 5308 426.
3335 5253 3562 5322 Scripsit
3586 5261 3644 5306 et

2070 5346 2137 5399 ad
2163 5343 2439 5400 Urbanum
2471 5344 2752 5414 epistolam
2807 5345 3199 5416 sexagesimum
3227 5345 3466 5415 quintam
3498 5341 3642 5397 idem

2070 5439 2161 5493 lvo
2193 5455 2205 5467 '
2243 5457 2260 5489 ι
2297 5437 2372 5492 De
2400 5437 2701 5492 Senonensi
2731 5437 2922 5502 electo.
2955 5437 3109 5507 cujus
3143 5434 3472 5491 consecratio
3510 5449 3540 5486 a
3569 5434 3642 5488 le-

2071 5540 2196 5601 gato
2224 5539 2404 5584 vestro
2437 5529 2775 5598 Lugdunensi
2819 5529 3225 5599 archiepiscopo
3244 5528 3315 5582 ob
3348 5525 3449 5580 hoc
3475 5524 3642 5594 impe-

2072 5623 2217 5676 ditur
2241 5637 2403 5690 ,φηςι
2435 5621 2483 5674 ei
2513 5620 2634 5688 jure
2659 5621 2921 5686 primatus
2945 5621 3050 5684 sui,
3101 5628 3225 5672 ante
3273 5617 3640 5673 consecratio-

2072 5730 2196 5769 nem
2219 5731 2392 5778 suam,
2417 5713 2782 5768 obedientiam
2829 5729 2935 5768 non
2981 5712 3282 5782 profitetur,
3309 5710 3438 5781 quid
3487 5711 3641 5767 nobis

2073 5807 2332 5879 agendum
2366 5807 2437 5862 sit
2462 5805 2722 5861 rescribat
2749 5816 2925 5860 vestra
2949 5803 3261 5875 paternitas.
3288 5825 3305 5856 ι
3340 5802 3398 5859 In
3423 5802 3640 5860 lvouetn
