3926 6480
523 429 633 487 $935

1442 427 1627 484 [‘iUGO
1667 425 2153 484 LUGDUNENSIS
2191 424 2793 482 ARCIIIEPISCOPUS.
3611 437 3688 494 ωδ

526 532 829 601 commotus
856 544 952 599 fuit
990 543 1252 601 Urbanus,
1288 550 1340 594 et
1371 550 1429 594 nt
1462 541 1574 611 ipse
1610 542 1850 610 putabat,
1898 549 2088 611 agente
2119 547 2162 604 Α
2192 540 2533 611 profecturus
2556 540 2804 593 nuntiqu
2824 538 3168 608 praemisisset
3184 537 3249 591 ad
3273 539 3691 616 archiepiscopum,

524 634 748 705 liugone
782 634 972 704 legato.
1005 632 1071 686 de
1121 646 1226 699 quo
1254 630 1332 685 sic
1374 630 1424 683 in
1476 629 1697 698 epistola
1745 630 1813 685 67
1868 632 1934 685 ad
1964 645 2086 685 eum

521 723 853 794 pontificem,
905 720 1030 789 quia
1080 720 1130 773 in
1182 734 1242 774 ea
1295 720 1521 790 epistola
1588 722 1841 776 nonnulla
1877 739 1896 771 ι
1926 721 2085 775 verba

521 830 677 869 secus
721 828 877 881 quam
926 811 1081 865 vellet
1126 822 1439 877 sonuerant,
1477 814 1707 868 maxime
1741 814 1806 869 de
1856 815 2088 884 primatu

520 904 928 973 Lugdunensi...
978 905 1271 959 secundum
1304 909 1445 976 quod
1497 906 1720 961 affectus
1752 906 1875 972 fuit,
1916 907 2089 976 parti-

518 995 690 1063 cipem
718 1010 833 1059 vos,
868 995 1039 1065 inquit
1067 1036 1085 1059 ,
1135 1012 1247 1053 sua:
1293 998 1669 1053 amaritudinis
1700 998 1813 1052 fieri
1844 998 2030 1053 voluit.
2063 1017 2082 1049 ι

519 1086 740 1140 Demum
783 1100 906 1141 cum
944 1087 1074 1141 nihil
1126 1087 1415 1157 proficeret
1454 1089 1821 1156 Daimbertus,
1859 1088 2087 1144 Romam

517 1173 789 1243 profectus
851 1184 935 1231 est
966 1217 981 1239 ,
1029 1184 1084 1230 et
1123 1191 1154 1230 a
1189 1177 1441 1246 pontifice
1486 1178 1794 1234 conditione
1846 1178 2088 1247 apposita

513 1276 879 1323 consecratus.
904 1266 1096 1323 Postea
1136 1276 1313 1324 tamen
1376 1268 1601 1325 Romam
1658 1270 1858 1325 iterum
1907 1266 2089 1339 profe-

514 1371 632 1414 ctus
679 1370 788 1414 tum
823 1376 923 1430 pro
946 1376 1121 1417 causa:
1174 1362 1441 1432 primatus
1490 1362 1738 1429 actione,
1779 1370 1891 1416 tum
1928 1379 1947 1412 ε
1988 1375 2088 1431 pro

513 1450 785 1504 communi
817 1450 1075 1521 synodica
1116 1451 1415 1515 vocatione,
1461 1471 1479 1503 ι
1510 1451 1863 1521 prmsentibus
1911 1449 2089 1520 Hugo-

514 1539 600 1595 nis
630 1538 818 1611 legatis
849 1540 1081 1595 lsmione
1119 1541 1300 1595 Diensi
1325 1543 1597 1612 episcopo,
1640 1542 1830 1598 Girino
1858 1542 2085 1607 decano,

515 1640 649 1696 etc.,
686 1633 827 1687 sedis
851 1633 1160 1702 apostolica:
1189 1643 1411 1703 cogente
1435 1634 1636 1703 judicio
1657 1672 1675 1700 ,
1701 1632 1846 1688 omni
1874 1634 2086 1688 demum

514 1725 955 1795 tergiversatione
992 1728 1188 1796 posita,
1216 1728 1269 1781 in
1302 1727 1548 1781 manibus
1583 1725 1787 1781 Urbani
1811 1725 2088 1796 professus

514 1826 596 1871 est
617 1833 676 1871 se
703 1827 757 1873 et
774 1814 1148 1888 Lugdunensis
1174 1818 1423 1873 Ecclesia:
1451 1819 1738 1888 primatum
1771 1833 2085 1886 agnoscere,

2190 637 2279 692 hic
2308 652 2501 707 magno
2524 651 2582 691 se
2605 635 2744 689 illius
2779 635 2992 689 videndi
3042 634 3307 688 desiderio
3357 638 3504 691 teneri
3536 656 3613 707 per
3632 645 3694 697 di.

2190 728 2406 797 guiores
2430 744 2493 782 ex
2520 727 2633 783 suis
2664 726 3017 781 familiaribus
3046 724 3380 795 signiﬁcavit,
3404 737 3455 782 et
3486 739 3536 783 ut
3558 746 3696 800 quau-

2193 819 2364 873 tncius
2392 819 2456 873 ad
2494 834 2552 873 se
2590 818 2799 873 veniret
2837 817 3083 871 exoravit
3112 834 3127 872 :
3152 817 3240 870 ubi
3268 831 3390 872 vero
3432 818 3695 889 Lugdunum

2190 912 2367 982 attigit
2394 911 2477 964 vir
2497 920 2740 975 sanctus,
2786 909 3098 966 incredibile
3121 912 3267 966 dictu
3301 919 3381 965 est
3400 925 3575 981 quanta
3602 931 3697 971 cum

2190 1003 2538 1057 veneratione
2556 1010 2817 1071 exceptus
2848 1000 3029 1057 fuerit.
3072 1001 3227 1056 Anno
3272 999 3401 1057 1099
3446 1002 3591 1058 Roma
3612 1006 3695 1061 Lu-

2190 1095 2427 1163 gdunum
2478 1107 2749 1157 reversus,
2782 1093 2851 1147 ibi
2893 1108 2997 1147 non
3029 1093 3168 1147 sicut
3225 1092 3414 1161 hospes
3461 1104 3545 1149 aut
3581 1112 3701 1166 pere.

2190 1182 2396 1252 grinus,
2425 1183 2519 1237 sed
2547 1195 2676 1237 vere
2721 1182 2861 1236 sicut
2888 1182 3138 1252 indigena
3175 1189 3231 1237 et
3257 1181 3360 1237 loci
3389 1184 3607 1241 dominus
3627 1187 3700 1241 lia-

2190 1270 2332 1325 hitns
2354 1278 2457 1335 est,
2482 1271 2807 1342 episcopalia
2837 1271 3041 1336 munia,
3075 1285 3181 1325 non
3204 1285 3357 1326 secus
3385 1286 3443 1326 ac
3468 1272 3513 1326 in
3528 1278 3699 1344 propria

2189 1363 2418 1418 ecclesia
2446 1378 2727 1427 exercens,
2776 1372 3113 1418 sacramenta
3166 1363 3464 1427 conferens,
3496 1368 3702 1436 omnique

2183 1449 2305 1518 jure
2334 1451 2416 1505 vel
2470 1452 2670 1506 invitus
2730 1455 2988 1522 gaudens.
3046 1450 3216 1507 Tanta
3248 1454 3301 1506 in
3344 1470 3460 1508 eum
3510 1454 3705 1525 Hugoais

2191 1543 2513 1609 reverentia,
2562 1553 2621 1598 ut
2670 1544 2866 1599 missas
2922 1545 3215 1600 celebranti
3265 1544 3565 1615 suffraganei
3612 1545 3704 1600 loco

2190 1633 2449 1696 serviret,
2498 1632 2804 1703 ubicunque
2860 1649 3162 1689 sermonem
3216 1634 3431 1688 facienti
3475 1635 3535 1689 ad
3576 1636 3707 1705 pedes

2188 1722 2421 1779 sederet.
2459 1723 2611 1779 Unde
2632 1725 2684 1778 in
2725 1724 2949 1794 epistola
2995 1725 3061 1779 ad
3090 1724 3364 1795 llugonem
3396 1723 3703 1780 Cantuarien-

2190 1829 2301 1868 sem
2328 1813 2788 1879 archidiaconum,
2816 1829 3100 1885 quartana
3124 1825 3208 1870 est
3226 1815 3278 1867 in
3304 1813 3485 1884 Sptcil.
3509 1814 3704 1878 tom.lx,

511 1918 565 1962 et
598 1907 804 1979 Hugoni
849 1909 1070 1979 ejusque
1108 1910 1511 1964 successoribus
1546 1918 1801 1977 tanquam
1842 1909 2088 1978 primati-
2120 1898 2161 1955 Β
2194 1907 2248 1960 in
2274 1921 2377 1975 qua
2408 1906 2576 1961 refert
2611 1921 2770 1976 quam
2797 1907 3026 1977 benigne
3065 1908 3264 1976 ubique
3288 1907 3355 1960 ab
3378 1907 3617 1976 episcopis
3634 1921 3707 1961 ex-

512 2000 613 2056 bns
663 2000 1042 2056 obsecuturum
1069 2040 1085 2064 ,
1129 2009 1458 2070 protestatus
1507 2000 1748 2070 insuper,
1812 2007 2013 2054 statuto
2058 2014 2087 2053 a

511 2091 763 2161 pontifice
792 2100 1051 2161 tempore,
1084 2107 1144 2147 se
1182 2090 1502 2161 Lugdunum
1546 2071 1831 2145 venturum
1863 2130 1880 2153 ,
1930 2098 1987 2145 et
2032 2090 2086 2144 in

508 2195 802 2255 conspectu
850 2184 1224 2253 Lugdunensis
1249 2183 1502 2238 Ecclesiae
1552 2182 1605 2237 id
1637 2183 1808 2252 ipsum
1835 2196 1931 2236 ore
1956 2196 2087 2251 pro-

508 2277 625 2347 prio
676 2275 1058 2347 professorum.
1114 2275 1412 2332 Promissis‘
1432 2289 1562 2330 vero
1593 2275 1809 2330 stetisse
1831 2274 1954 2328 inde
1975 2289 2088 2328 ma-

509 2366 760 2421 nifestum
779 2374 883 2432 est,
903 2366 1043 2436 quod
1077 2366 1174 2435 ipsi
1200 2366 1501 2421 rescribens
1525 2364 1761 2435 ﬂugonis
1809 2379 2089 2421 successor

508 2458 625 2510 lucc
669 2454 864 2512 habeat
892 2473 907 2511 :
942 2473 960 2506 ι
990 2454 1299 2510 Meminisse
1352 2466 1504 2525 potes
1534 2454 1685 2524 quia,
1718 2469 1784 2508 ex
1815 2468 1923 2521 quo
1951 2454 2086 2507 ami-

508 2550 688 2604 citiam
718 2557 773 2603 et
801 2546 1219 2603 familiaritatem
1248 2547 1500 2602 Ecclesia:
1523 2546 1902 2619 Lugdunensis
1928 2560 2087 2601 recu-

507 2639 729 2708 perasti,
761 2639 1092 2709 gratulanter
1120 2647 1170 2692 te
1194 2638 1328 2693 vidit
1356 2680 1370 2704 ,
1401 2637 1735 2693 exsultanter
1777 2636 2003 2705 recepit,
2032 2642 2086 2691 et

507 2740 705 2799 quanta
733 2729 904 2799 potuit
924 2727 1206 2784 alii-ctione
1241 2728 1544 2783 honoravit.
1577 2746 1596 2781 ι
1634 2726 1691 2781 Id
1714 2728 1888 2798 ipsum
1921 2735 2086 2781 testa-

507 2819 886 2877 tunGoﬂ‘ridus
907 2818 1323 2881 Vindocinensis
1346 2819 1511 2873 abbas
1531 2818 1743 2889 epistol.
1782 2818 1848 2872 18
1874 2817 1966 2872 lib.
1996 2832 2035 2871 ιι
2067 2834 2080 2869 :

511 2931 529 2963 ι
577 2912 744 2967 Roma
775 2926 897 2967 cum
926 2911 1230 2976 rediissem,
1251 2910 1443 2980 inquit,
1466 2917 1520 2965 et
1546 2909 1790 2979 Lugduni
1810 2924 1840 2964 a
1867 2909 2084 2964 domino

504 3003 872 3072 primate......
902 3000 1204 3057 honoriﬁce
1230 3010 1511 3069 susceptus
1539 2998 1780 3066 fuissem,
1814 2999 1992 3054 audivi
2016 3000 2083 3054 ab

506 3097 621 3164 ipso
672 3094 1169 3164 archiepiscopo....
1219 3092 1471 3148 domuum
1535 3093 1906 3148 Senonensem
1959 3107 2082 3147 cum

507 3186 597 3239 illo
629 3185 820 3241 fecisse
840 3201 1064 3257 pacem;
1093 3193 1150 3242 et
1185 3200 1401 3242 omnem
1444 3184 1806 3242 obedientiam
1830 3183 1931 3251 illi,
1964 3192 2083 3238 tan-

505 3294 667 3348 quam
695 3293 791 3333 suo
820 3278 1059 3349 primati,
1084 3277 1418 3349 promisisse.
1445 3296 1463 3328 ι

574 3394 733 3449 Anno
763 3392 899 3449 1096
926 3390 1197 3447 Urbanum
1253 3391 1500 3448 Turonos
1543 3391 1833 3447 comitatus
1852 3398 1956 3456 est,
1984 3390 2084 3444 ibi-

504 3503 605 3560 que
632 3487 803 3543 adfuit
823 3485 1053 3543 concilio
1079 3502 1109 3540 a
1138 3484 1398 3555 pontifice
1445 3484 1738 3550 celebrato,
1763 3481 2084 3553 subscripsit

503 3589 556 3634 et
587 3576 961 3648 compositioni
988 3574 1097 3630 litis
1129 3575 1271 3629 inter
1293 3572 1768 3628 Cormeriacenses
1792 3571 2084 3626 monachos

502 3682 555 3726 et
589 3670 872 3725 ecclesiam
901 3667 959 3722 8.
988 3666 1203 3722 Martini
1223 3664 1582 3730 Turonensis;
1612 3663 1910 3719 definitioni
1933 3678 2084 3733 papa:

503 3775 606 3830 qua
630 3756 688 3813 8.
716 3758 901 3814 Crucis
927 3765 980 3813 et
1005 3754 1392 3811 sanctiNicolai
1420 3755 1486 3810 de
1513 3754 1806 3810 Lausduno
1833 3752 2080 3810 ecclesiae

504 3847 833 3906 monasterio
870 3845 1289 3902 Trenorchiensi
1324 3844 1644 3915 adiudicatae
1671 3852 1798 3899 sunt
1824 3844 2085 3899 adversus

505 3945 749 3998 abbatem
781 3942 839 3996 S.
871 3939 1175 4006 Florentii;
1206 3954 1270 3994 ac
1307 3938 1524 3992 tandem
1575 3938 1819 3992 ecclesia:
1866 3935 2083 4005 Majoris

501 4036 808 4093 Monasterii
841 4033 1256 4090 consecratioui.
1311 4032 1423 4086 Hoc
1469 4031 1657 4087 eodem
1687 4045 1829 4086 anno
1859 4030 2086 4087 Guillel-

504 4143 622 4182 nius
674 4124 928 4180 Forensis
975 4137 1160 4178 comes
1197 4122 1484 4203 ecclesiam
1517 4121 1573 4175 8.
1611 4118 1808 4174 Juliani
1839 4123 1906 4176 de
1932 4119 2083 4176 Mon-

500 4218 661 4273 donio
685 4255 700 4278 ,
728 4232 888 4287 quam
916 4217 1126 4281 comites
1156 4211 1414 4268 Forenses
1440 4229 1532 4284 per
1576 4212 1742 4266 multa
1764 4223 1996 4283 tempora
2030 4214 2084 4266 in

502 4310 615 4378 [evo
637 4311 704 4363 ab
723 4308 947 4364 ecclesia
979 4305 1037 4361 8.
1086 4305 1345 4377 Stephani
1376 4305 1749 4376 Lugdunensis
1774 4314 2081 4370 tenuerant,

502 4402 554 4457 in
613 4418 804 4457 manus
861 4400 1102 4471 Hugonis
1158 4397 1552 4468 archiepiscopi
1613 4398 1899 4454 restituit:
1933 4397 2084 4469 ﬁngo

501 4510 630 4549 vero
674 4495 821 4550 dedit
848 4509 963 4548 eam
1012 4493 1065 4545 in
1097 4506 1257 4544 manu
1303 4490 1485 4544 Pontii
1529 4489 1741 4544 abbatis
1783 4488 2082 4555 Casm-Dei,

2190 2008 2380 2067 ceptus
2419 1997 2605 2061 fuerit,
2649 1997 2764 2052 haec
2791 1997 2951 2052 habet
2982 2015 2995 2050 :
3034 2017 3052 2049 ι
3090 2000 3227 2053 inter
3256 2013 3392 2067 quos
3437 1998 3710 2052 venerabilis

2190 2091 2625 2162 archiepiscOpus
2658 2090 3032 2160 Lugdunensis
3077 2092 3277 2161 gaudet
3328 2092 3392 2145 ad
3441 2105 3647 2161 presens
3664 2105 3710 2142 se

2189 2199 2342 2238 suam
2374 2185 2504 2239 mihi
2534 2184 2957 2239 munificentiam
2989 2185 3207 2252 copiose
3239 2193 3298 2239 et
3349 2182 3620 2238 honorifice
3638 2198 3711 2236 er-

2187 2279 2374 2333 hihere
2398 2285 2452 2333 et
2470 2277 2737 2333 desiderat
2760 2292 2844 2331 me
2866 2292 3077 2347 semper
3108 2292 3315 2340 secum,
3351 2276 3571 2345 quandiu
3591 2274 3713 2339 exsul

2187 2384 2282 2424 ero
2318 2369 2385 2423 ab
2411 2368 2636 2424 ecclesia
2667 2378 2873 2431 nostra,
2920 2384 3154 2424 manere.
3190 2388 3207 2420 ι
3243 2370 3399 2424 Anno
3433 2368 3576 2431 1103,
3614 2383 3713 2421 cum

2188 2463 2383 2518 iterum
2411 2480 2476 2520 ex
2502 2463 2694 2535 Ang‘lia
2719 2465 2901 2535 egredi
2929 2475 3213 2535 cogeretur
3260 2473 3480 2518 sanctus
3496 2461 3713 2534 pontifex,

2188 2555 2359 2610 Roma
2395 2555 2714 2625 Lugdunum
2742 2556 2979 2625 repetiit,
2997 2554 3085 2609 ubi
3111 2555 3180 2609 ab
3207 2555 3621 2624 archiepiscopo.
3640 2567 3717 2619 pro

2188 2663 2339 2703 more
2353 2647 2531 2714 solito,
2556 2662 2767 2703 summo
2792 2649 2995 2702 honore
3018 2656 3296 2716 exceptus.
3313 2645 3450 2715 apud
3477 2661 3587 2699 eum
3606 2656 3713 2696 anut

2188 2742 2395 2814 integro
2420 2751 2474 2797 et
2514 2740 2791 2797 mensibus
2838 2749 3071 2812 quatuor
3119 2739 3423 2810 hoSpitatus
3448 2748 3546 2793 est.
3567 2737 3723 2790 Exstat

2187 2834 2330 2891 inter
2356 2834 2595 2890 Anselmi
2631 2835 2861 2898 litteras,
2927 2832 3167 2904 llugonis
3192 2834 3261 2887 ad
3301 2833 3472 2902 ipsum
3512 2829 3719 2901 epistola,

2186 2943 2289 2998 qua
2324 2927 2592 2998 significat
2638 2941 2698 2981 se
2746 2925 3065 2981 incolumem
3115 2924 3471 2995 Jcrosolymis
3514 2921 3722 2981 rediisse.

2183 3034 2415 3090 eumque
2468 3020 2658 3073 invitat
2687 3026 2767 3083 ut,
2803 3017 2845 3072 si
2887 3031 2916 3071 a
2948 3031 3073 3088 rege
3123 3016 3424 3086 Anglorum
3462 3014 3722 3072 divexetur,

2184 3112 2253 3166 ad
2282 3127 2340 3167 se
2368 3110 2638 3167 declinare
2670 3124 2776 3164 non
2820 3108 3158 3177 dedignetur,
3193 3125 3211 3159 σ
3245 3119 3301 3161 et
3333 3109 3400 3162 ad
3426 3107 3627 3161 domum
3654 3116 3727 3155 ve-

2183 3214 2379 3267 stram,
2415 3202 2610 3273 inquit,
2647 3215 2767 3271 quae
2809 3208 2989 3254 vestra
3017 3199 3136 3265 fuit,
3164 3208 3221 3253 et
3250 3215 3376 3268 qum
3409 3197 3559 3251 modo
3582 3204 3728 3248 vestra

2184 3307 2285 3362 est,
2318 3306 2373 3352 et
2419 3297 2486 3352 de
2521 3295 2607 3350 die
2635 3295 2687 3348 in
2717 3294 2857 3348 diem
2894 3307 3109 3362 semper
3141 3291 3339 3347 melius
3383 3301 3554 3345 vestra
3578 3287 3723 3341 erit.i

2185 3388 2292 3445 Sed
2323 3389 2433 3460 jam
2460 3386 2525 3440 ad
2553 3385 2791 3456 Hugonis
2810 3383 3053 3439 annales.

2253 3482 2409 3536 Anno
2448 3479 2583 3536 1097
2626 3479 2919 3533 Berardum
2949 3475 3370 3549 Lugdunensem
3428 3471 3731 3529 archidiaco-

2185 3589 2310 3628 num
2340 3570 2676 3627 consecravit
2698 3570 2750 3623 in
2776 3570 3088 3639 episcopum
3141 3567 3620 3626 Matisconensem;
3644 3559 3735 3614 Hu-

2185 3678 2379 3736 gonem
2427 3663 2749 3717 monachum
2783 3659 3320 3731 San-Benignianum
3357 3651 3734 3712 conccssitFla—

2184 3755 2581 3810 viniaccnsibus
2605 3754 2656 3808 in
2682 3753 2953 3819 abbatem,
2987 3765 3220 3821 eumque
3249 3752 3319 3805 ad
3364 3764 3425 3805 se
3445 3746 3732 3819 profectam,

2185 3850 2251 3905 ad
2301 3848 2644 3919 Haganonem
2690 3846 2993 3902 Eduensem
3046 3844 3259 3899 remisit
3316 3837 3734 3899 consecrandum,

2186 3940 2401 4012 scriptis
2426 3940 2493 3994 ad
2515 3939 2825 4011 episcopum
2856 3936 3052 3993 litteris
3076 3952 3212 4007 quas
3259 3936 3380 4005 ipse
3435 3933 3583 4003 [iugo
3603 3927 3740 3984 refert

2187 4037 2239 4091 in
2262 4035 2541 4091 Chronico.
2567 4033 2737 4087 Litem
2761 4046 2977 4101 quoque
2997 4046 3158 4100 quam
3194 4029 3476 4084 habebant
3521 4018 3735 4078 monachi

2186 4126 2641 4184 Trenorchieuses
2662 4138 2785 4179 cum
2814 4122 3261 4177 Cluniacensibus
3314 4124 3385 4174 ad
3431 4118 3607 4174 sedem
3650 4115 3741 4167 Bo-

2186 4232 2401 4272 manam
2462 4215 2742 4286 perlatam,
2784 4213 2995 4271 remisit
3041 4213 3295 4270 Urbanus
3344 4210 3414 4265 ad
3461 4203 3739 4279 pontificem

2189 4321 2457 4375 nostrum,
2494 4311 2588 4379 qui
2611 4323 2730 4363 eam
2759 4308 2942 4362 statim
2967 4307 3296 4377 composuit.

2255 4405 2410 4459 Anno
2447 4401 2585 4458 1099
2616 4416 2732 4457 rem
2792 4399 2919 4456 fecit
2954 4409 3154 4455 aeterna
3214 4397 3490 4453 memoria
3529 4392 3740 4461 dignam.

2185 4496 2564 4553 Cisterciensis
2586 4493 2902 4549 monasterii
2919 4502 2974 4548 et
2998 4491 3206 4546 ordinis
3226 4486 3534 4560 primordia
3565 4486 3743 4537 fovens.

503 4587 713 4656 hocque
747 4587 943 4640 donum
968 4581 1313 4640 confirmavit
1337 4573 1581 4652 Lugdoni
1607 4582 1658 4635 in
1684 4592 1950 4637 conventu
1994 4599 2081 4637 ca-
2113 4589 2160 4649 ι)
2184 4587 2318 4642 Cum
2358 4587 2502 4641 enim
2530 4584 2588 4639 S.
2626 4584 2892 4640 Robertus
2913 4579 3275 4635 Molismensis
3293 4577 3471 4632 abbas
3497 4588 3614 4628 cum
3636 4583 3747 4623 non-

501 4692 843 4733 ROIIICOI'UHI.

575 4769 767 4822 Mirum
797 4773 998 4837 quanta
1029 4762 1385 4835 benignitate,
1418 4779 1521 4833 qua
1582 4764 1907 4830 reverentia,
1937 4765 2080 4834 quali

504 4857 868 4914 munificentia
897 4854 1210 4910 Anselmum
1263 4855 1502 4910 exsulem
1541 4857 1681 4925 apud
1707 4871 1766 4911 se
1796 4856 2080 4927 receperit.

503 4963 558 5004 et
590 4959 791 5020 quanta
842 4957 1027 5002 mutuo
1054 4946 1287 5002 devincti
1330 4945 1436 5002 sint
1482 4948 1742 5004 amicitia.
1795 4947 1929 5003 inita
1968 4949 2081 5019 jam

505 5042 681 5095 fuerat
723 5041 1037 5111 priusquam
1098 5038 1388 5096 Anselmus
1440 5040 1856 5098 Cantuarienses
1887 5043 2083 5098 infulas

505 5132 783 5194 induisset,
812 5141 872 5187 ut
899 5142 1049 5203 patet
1072 5149 1137 5186 ex
1171 5132 1338 5202 ipsius
1364 5132 1608 5202 epistolis
1636 5134 1692 5187 11
1747 5143 1802 5188 et
1830 5134 1917 5195 17,
1960 5132 2082 5188 libri

507 5218 748 5283 secundi.
775 5224 916 5281 Hinc
940 5240 1066 5281 cum
1119 5241 1261 5280 anno
1298 5225 1436 5281 1095
1466 5228 1679 5281 turbata
1706 5226 1885 5281 omnia
1906 5223 2085 5280 forent

506 5318 557 5370 in
583 5316 808 5390 Anglia,
872 5317 998 5386 quia
1046 5312 1330 5371 Urbanum
1378 5333 1475 5387 pro
1519 5318 1761 5389 legitimo
1805 5315 2080 5386 pontifice,

503 5409 764 5465 adversus
810 5409 952 5479 regis
1010 5410 1384 5479 propoSitum,
1441 5425 1498 5463 se
1555 5409 1758 5463 habere
1810 5406 2085 5476 professus

504 5499 696 5565 fuerat,
721 5501 936 5572 scripsit
973 5501 1185 5572 Hugoni
1232 5510 1416 5554 nostro
1441 5500 1727 5555 consulens
1777 5516 1904 5555 num
1947 5501 2086 5553 inter

505 5601 577 5645 tut
597 5593 783 5648 turbas
842 5593 1014 5648 satius
1050 5607 1156 5645 non
1217 5601 1360 5645 esset
1401 5589 1772 5659 episcopatum
1834 5587 2086 5643 abdicare

505 5698 666 5749 quam
698 5684 814 5738 sine
842 5684 1017 5737 fructu
1063 5683 1297 5736 retinere
1331 5681 1447 5749 (lib.
1482 5697 1565 5741 ιιι,
1603 5681 1761 5749 epist.
1795 5678 1907 5750 54).
1931 5679 2085 5736 Anno

506 5773 754 5839 Sequenti
817 5787 938 5826 cum
977 5772 1028 5824 in
1061 5768 1289 5824 Galliam
1333 5768 1602 5832 venisset,
1654 5785 1717 5825 ac
1774 5771 2083 5841 Lugdunum

580 5863 657 5919 (Εἰ)
689 5864 886 5917 lixord.
924 5876 1066 5928 mag.
1092 5859 1320 5914 Cisterc.
1349 5874 1466 5928 cap.
1511 5860 1594 5912 19..

2183 4678 2342 4734 nullis
2393 4676 2670 4731 monachis
2724 4673 2962 4745 regulam
3016 4671 3075 4727 S.
3107 4670 3393 4725 Benedicti
3436 4667 3639 4734 absque
3662 4659 3748 4714 ulla

2185 4768 2521 4839 mitigatione
2547 4779 2768 4819 servare
2800 4762 3151 4827 decrevisset,
3175 4762 3384 4815 timens
3419 4748 3750 4826 Lingonensis

2184 4859 2417 4931 episcopi
2445 4858 2846 4921 auctoritatem,
2896 4870 2999 4924 qua
3047 4852 3159 4922 jam
3188 4850 3448 4905 aVivico
3495 4850 3753 4905 revocatus

2184 4948 2656 5015 fuerat,'Molismo
2694 4961 2815 5001 cum
2876 4961 2971 5000 sex
3021 4943 3182 4999 sociis
3211 4940 3531 5011 profectus,
3559 4932 3753 5003 Lugdu-

2185 5058 2312 5099 num
2350 5041 2501 5113 petit,
2536 5047 2698 5109 atque
2745 5036 2954 5108 Hugoni
2998 5033 3422 5103 archiepiscopo
3463 5042 3619 5085 suum
3651 5034 3756 5078 suo.

2184 5150 2413 5207 rumque
2439 5135 2771 5206 propositum
2810 5130 3051 5200 exponit,
3081 5127 3406 5199 prmsidittm
3438 5134 3499 5179 et
3543 5122 3755 5175 favorem

2184 5229 2455 5300 postulat:
2499 5227 2588 5282 ille
2621 5242 2724 5281 non
2754 5225 2937 5279 statim
2961 5220 3290 5292 acquiescit,
3323 5218 3491 5286 jubet
3514 5222 3575 5269 ut
3610 5211 3757 5265 Deum

2185 5320 2471 5376 consulant
2496 5361 2509 5384 ,
2548 5333 2613 5372 ac
2638 5317 2740 5374 sibi
2769 5313 3076 5369 rescribant
3103 5331 3117 5366 :
3146 5325 3363 5365 morem
3393 5315 3612 5380 gerunt,
3641 5315 3755 5357 con-

2186 5421 2416 5467 Stantem
2449 5412 2500 5465 in
2525 5408 2801 5479 proposito
2815 5405 3146 5467 voluntatem
3175 5401 3506 5471 significant
3540 5416 3555 5453 :
3588 5390 3761 5464 quibus

2187 5504 2239 5559 in
2279 5505 2420 5558 hunc
2445 5501 2661 5557 modum
2686 5498 2974 5567 respondet
3004 5496 3114 5565 (2):
3151 5513 3169 5546 r
3204 5492 3373 5564 Hugo
3402 5484 3763 5559 Lugdunensis

2185 5598 2488 5667 cpiscopus,
2536 5604 2590 5649 et
2623 5595 2688 5647 Α.
2746 5592 2803 5646 8.
2864 5590 3096 5660 legatus,
3141 5587 3396 5642 Roberto
3450 5571 3763 5639 Molismcnsi

2188 5688 2367 5743 abbati
2424 5696 2478 5741 et
2539 5685 2797 5740 fratribus
2849 5697 2972 5737 cum
3023 5695 3088 5734 eo
3159 5680 3477 5733 secundum
3540 5668 3761 5741 regulam

2188 5779 2244 5833 S.
2292 5777 2564 5833 Benedicti
2629 5778 2738 5832 Deo
2790 5774 2995 5831 servire
3032 5770 3405 5843 cupientibus.
3467 5764 3664 5822 Netum
3706 5758 3768 5817 si!
