4106 6356
340 370 448 428 19Ἴ
1582 372 1859 433 ΝΟΤΙΤΙΑ
1900 377 1932 430 H

2034 374 2285 432 FORICA.
2572 362 2576 375 '
3487 386 3593 442 tas

337 482 592 543 omnibus
624 482 692 538 de
718 481 776 538 8.
816 482 1007 537 matris
1059 482 1314 541 Ecclesia:
1338 484 1582 555 profectu
1640 488 1921 558 gaudenli-
1950 493 2002 551 Α
2028 504 2171 545 mam
2189 490 2343 548 misit
2358 506 2448 562 qui
2473 506 2663 564 papam
2686 509 2746 551 ea
2778 494 2844 551 de
2866 510 2924 552 re
2938 494 3597 553 consulerentzaunueute

340 574 441 630 bus
473 591 492 625 ι
526 581 631 627 etc.
678 569 810 625 Vide
844 570 984 640 infra
1008 570 1135 626 intet
1163 572 1408 642 epistolas
1436 573 1695 645 Hugonis.
1726 575 1836 632 Nec
1866 576 1918 631 id

341 667 534 730 solum,
587 665 680 719 sed
734 676 788 718 et
808 662 1172 719 solitariorum
1223 664 1666 722 Cistcrciensium
1716 671 1920 725 sancti-

342 758 576 813 tuoniam
603 756 1001 811 commendavit
1029 755 1205 812 Odoni
1232 758 1556 831 Burgundize
1577 761 1723 827 duci,
1752 777 1779 815 a
1811 778 1929 831 quo

342 850 570 914 plurima
619 856 964 915 acceperunt.
1023 846 1236 903 Interea
1279 849 1508 906 Romam
1556 851 1781 920 profecti
1808 852 1921 907 Mo-

344 939 646 1001 lismeuses,
690 938 947 993 abbatem
990 953 1147 994 suum
1184 940 1236 994 in
1275 942 1507 998 concilio
1553 941 1800 999 Molismo
1831 960 1918 1000 re-

343 1031 492 1086 stitui
540 1032 779 1086 maximo
824 1032 1122 1101 deposcunt
1151 1034 1372 1090 ardore.
1415 1035 1611 1092 Eorum
1639 1036 1923 1107 questibus

343 1132 645 1176 commotus
700 1120 951 1177 Urbanus
1009 1123 1199 1178 scribit
1252 1123 1483 1195 Hugoni,
1552 1126 1638 1182 bis
1691 1127 1920 1183 verbis:

349 1231 368 1264 ι
411 1209 624 1280 Coaeti,
649 1213 924 1269 dilectioni
951 1222 1056 1268 tute
1075 1228 1174 1283 per
1212 1217 1498 1286 praesentia
1530 1216 1733 1289 scripta
1772 1233 1925 1273 man-

345 1306 558 1371 damus,
589 1303 963 1375 significantes
1010 1313 1222 1376 gratum
1273 1306 1432 1362 nobis
1473 1307 1728 1373 existere,
1767 1315 1845 1373 ut,
1876 1309 1924 1363 si

344 1396 461 1452 fieri
489 1397 681 1467 possit,
719 1398 890 1455 abbas
931 1399 1023 1455 ille
1077 1399 1147 1454 ab
1201 1414 1387 1456 eremo
1430 1401 1497 1456 ad
1535 1403 1923 1459 monasterium

346 1490 652 1545 reducatur.
676 1488 829 1556 Quod
854 1490 904 1545 si
929 1490 1153 1560 implere
1188 1492 1518 1562 nequiveris,
1542 1509 1689 1549 cura:
1723 1492 1817 1548 tibi
1854 1490 1927 1549 sit

347 1590 481 1636 utet
505 1582 595 1652 qui
626 1596 871 1637 eremum
919 1581 1162 1637 incolunt
1208 1584 1619 1654 conquiescant,
1650 1592 1707 1639 et
1730 1587 1821 1655 qui
1871 1588 1924 1641 in

347 1675 596 1731 cmuobio
629 1684 756 1729 sunt
804 1674 1141 1745 regularibus
1190 1674 1492 1746 disciplinis
1542 1677 1860 1735 inserviant.
1902 1698 1921 1731 ι

344 1767 598 1837 Acceptis
651 1768 736 1822 his
765 1767 960 1823 litteris
1007 1766 1298 1823 concilium
1347 1770 1526 1840 coegit
1554 1769 1729 1841 llugo,
1773 1771 1926 1840 cujus

344 1874 507 1914 suasu
530 1858 712 1928 jussit,
738 1858 863 1914 licet
892 1859 1113 1927 invitus,
1137 1859 1438 1917 Molismum
1478 1862 1690 1932 regredi
1717 1863 1928 1919 ltober-
1961 1842 2003 1901 Β

347 1961 459 2007 tum
492 1961 550 2008 et
591 1952 659 2008 de
680 1952 870 2024 synodi
922 1951 1144 2009 decreto
1190 1952 1586 2024 Lingonensem
1627 1955 1928 2011 antistitem

341 2045 555 2100 monuit
576 2054 636 2100 ut
669 2044 801 2101 illud
820 2045 1158 2101 cxseeutioni
1188 2045 1500 2102 demandari
1529 2057 1766 2103 curaret.

417 2134 571 2190 Auno
601 2136 790 2191 eodem
843 2134 983 2191 1099
1005 2135 1293 2192 concilium
1341 2138 1677 2208 provinciale
1728 2139 1925 2195 indixit

344 2228 485 2295 apud
512 2227 726 2283 Petram
758 2227 984 2284 lncisam
1014 2269 1033 2294 ,
1064 2237 1121 2283 et
1149 2228 1514 2286 Daimbertum
1558 2231 1928 2289 Seuonensem

345 2320 411 2376 ad
443 2319 571 2375 illud
597 2321 873 2389 invitavit;
892 2322 1037 2393 quod
1067 2337 1190 2377 cum
1219 2322 1369 2380 Ivoni
1409 2324 1691 2382 videretur
1736 2335 1931 2383 contra

344 2413 449 2484 jus,
482 2414 761 2470 mordaces
786 2414 852 2469 ad
887 2414 1033 2469 illum
1065 2415 1286 2486 scripsit
1311 2416 1589 2489 epistolas,
1619 2418 1673 2473 in
1696 2433 1928 2489 quarum

346 2521 451 2560 una
481 2521 587 2561 non
618 2505 668 2560 id
691 2507 955 2561 duntaxat
984 2507 1200 2577 arguit,
1222 2507 1318 2564 sed
1354 2515 1410 2562 et
1433 2524 1557 2565 eum
1598 2523 1827 2580 carpere
1850 2510 1930 2565 vi-

346 2599 525 2662 detur,
560 2598 702 2669 quod
735 2597 948 2655 facilior
980 2608 1130 2655 esset
1171 2600 1225 2654 in
1251 2600 1928 2665 excommunication’ibus.

347 2689 757 2760 interdictisqiie
810 2691 1185 2757 decernendis,
1222 2693 1369 2748 nullo
1418 2694 1523 2760 sui,
1554 2693 1722 2751 multo
1746 2703 1927 2749 autem

347 2782 575 2838 aliorum
624 2783 889 2850 periculo.
928 2783 1087 2841 Circa
1119 2785 1222 2842 hoc
1253 2796 1469 2858 tempus
1517 2787 1796 2844 Paschalis
1828 2786 1931 2844 Ur-

346 2874 489 2929 bano
540 2874 817 2943 suffectus,
859 2892 1066 2931 morem
1110 2872 1457 2934 decessurum
1508 2893 1729 2933 suorum
1781 2880 1931 2933 dese-

347 2981 492 3028 rens,
521 2968 669 3023 vices
693 2982 823 3024 suas
850 2968 905 3023 in
944 2967 1154 3032 Galliis,
1178 2985 1282 3025 non
1314 2967 1547 3039 Magoni,
1571 2968 1731 3023 aliive
1773 2968 1930 3024 Callo

346 3059 642 3126 commisit,
663 3069 722 3114 ut
746 3061 820 3116 illi
849 3061 1121 3126 fecerant;
1151 3063 1243 3116 sed
1264 3061 1468 3131 legatos
1494 3061 1642 3116 misit
1664 3077 1731 3115 ex
1753 3060 1928 3127 Italia,

345 3167 578 3221 quorum
631 3151 1082 3208 immoderatione
1129 3151 1338 3222 fatigati
1408 3160 1725 3217 nostrates,
1780 3151 1930 3219 ipsos

344 3257 491 3313 aigre
518 3240 778 3296 tulerunt.
817 3241 954 3297 Hinc
1010 3241 1101 3297 Ivo
1148 3239 1518 3303 Carnotensis,
1551 3255 1652 3296 suo
1702 3240 1932 3311 collega-

346 3346 580 3402 rumque
608 3332 827 3387 nomine
867 3348 1057 3403 papam
1106 3333 1313 3402 rogavit
1352 3342 1412 3387 ut
1443 3333 1604 3387 alicui
1653 3331 1932 3403 Cisalpine

346 3422 673 3493 legationem
732 3423 1060 3497 injungeret;
1118 3442 1137 3476 ι
1174 3424 1258 3479 cui
1305 3424 1680 3491 sollicitudini,
1733 3424 1927 3494 inquit,

348 3518 555 3574 nullum
579 3504 1114 3590 cognovimusmagis
1139 3519 1389 3573 idoneum
1414 3533 1576 3588 quam
1599 3517 1661 3573 D.
1685 3517 1929 3589 Lugdnn.

348 3610 816 3681 archiepiscopum
845 3609 936 3680 qui
966 3618 1023 3664 et
1050 3609 1102 3664 in
1151 3609 1342 3665 eodem
1377 3607 1556 3665 officio
1579 3609 1690 3678 jam
1715 3608 1803 3663 diu
1832 3609 1934 3662 mi-

348 3704 623 3765 nistravit,
647 3712 703 3758 et
728 3711 788 3757 ut
818 3701 1200 3772 experimento
1226 3702 1581 3771 cognovimus
1607 3709 1712 3755 tam
1735 3701 1937 3756 Roma-

350 3811 434 3849 ur
464 3795 717 3851 Ecclesiae
740 3809 902 3864 quam
916 3791 1286 3862 Transalpinis
1309 3791 1630 3846 mirabiliter
1651 3790 1867 3861 profuit.
1910 3812 1928 3845 ι

356 3888 519 3945 Stetit
550 3890 904 3945 nihilominus
935 3888 988 3942 in
1036 3888 1316 3957 proposito
1344 3886 1653 3947 Paschalis.
1684 3886 1935 3956 misitque

350 3979 559 4052 legatos
604 3979 868 4037 Joannem
899 3987 952 4033 et
991 3977 1365 4043 Benedictum,
1395 3978 1486 4048 qui
1518 3977 1803 4033 concilium
1848 3978 1933 4030 in-

352 4074 540 4130 dixere
557 4071 933 4146 Augustoduni
962 4080 1018 4126 et
1047 4070 1286 4126 habuere
1317 4069 1574 4126 Valentia;
1604 4084 1746 4124 anno
1774 4070 1933 4134 1100,

350 4181 393 4224 tt
421 4166 543 4222 Kal.
565 4165 784 4223 Octobr.
818 4166 899 4221 Ad
925 4164 1053 4219 illud
1077 4162 1377 4218 invitarunt
1407 4162 1705 4233 llugonem,
1725 4162 1817 4233 qui
1861 4171 1940 4217 ta-

353 4275 479 4316 men
507 4274 615 4315 non
645 4258 895 4323 accessit,
914 4257 1037 4327 quia
1069 4253 1653 4324 infirmabatur,iuquit
1680 4252 1935 4309 Chronic.

354 4348 605 4415 Virdium,
650 4350 745 4406 sed
796 4348 946 4403 misit
997 4348 1209 4418 legatos
1230 4362 1381 4411 suos,
1411 4346 1541 4415 quin
1584 4361 1686 4402 nec
1713 4346 1938 4402 adfuere

353 4443 471 4513 ejus
496 4441 818 4513 suifraganei
836 4440 1192 4510 Lingonensis
1214 4449 1269 4494 et
1296 4438 1691 4494 Cabillonensis
1715 4439 1934 4505 episco-

2021 580 2291 652 Paschali,
2342 584 2783 657 legationemque
2819 589 3130 659 apostolica:
3184 591 3331 647 sedis
3366 591 3423 645 in‘
3464 591 3596 650 Asia

2021 674 2304 744 offerente,
2350 676 2457 733 iter
2493 692 2781 750 aggressus
2819 681 3045 737 Romam
3085 682 3243 752 petiit
3267 698 3411 740 anno
3439 683 3595 746 1101,

2023 766 2115 823 ubi
2149 769 2481 825 auctoritate
2499 784 2604 841 qua
2632 770 2925 843 plurimum
2954 774 3168 831 valebat
3216 776 3269 831 in
3317 777 3465 831 curia
3494 776 3603 831 lio-

2024 872 2204 925 mana,
2231 858 2572 931 Norgaudum
2606 862 2808 919 absolvi
2840 865 3051 920 curavit
3076 865 3177 938 (5).

2092 950 2289 1017 Antea,
2330 965 2471 1008 anno
2495 952 2707 1010 scilicet
2734 954 2907 1023 1100,
2945 972 3139 1014 novam
3169 957 3417 1014 Cistercu
3446 974 3598 1030 pian-

2026 1041 2288 1097 tationem
2314 1056 2531 1114 semper
2553 1043 2763 1111 fovens,
2792 1043 2985 1102 Joanni
3014 1056 3077 1103 et
3094 1047 3344 1105 lldebodo
3371 1046 3600 1106 Romam

2024 1132 2095 1187 ab
2129 1132 2381 1189 Alberico
2427 1133 2626 1202 missis,
2677 1138 3149 1194 commendatitias
3177 1140 3240 1196 ad
3271 1139 3591 1198 P‘aschalem

2025 1236 2223 1292 papam
2252 1221 2464 1279 litteras
2495 1224 2666 1293 dedit,
2722 1226 2777 1282 in
2834 1227 3069 1298 quibus:
3110 1230 3380 1297 rSciatis,
3407 1232 3601 1304 inquit,

2024 1328 2118 1370 eos
2145 1327 2269 1371 esse
2294 1314 2363 1371 de
2389 1317 2621 1387 quodam
2656 1318 2776 1375 loco
2823 1321 2916 1390 qui
2962 1320 3169 1377 Novum
3220 1321 3602 1383 Monasterium

2025 1413 2255 1462 vocatur
2311 1405 2415 1477 (sic
2441 1416 2566 1464 tunc
2585 1407 2910 1466 Cistereium
2936 1410 3321 1485 appellabant),
3355 1414 3425 1469 ad
3446 1430 3606 1485 quem

2025 1496 2438 1555 de'Molismensi
2468 1499 2698 1556 ecclesia
2738 1517 2860 1556 cum
2910 1502 3121 1559 abbate»
3143 1516 3245 1559 suo
3285 1514 3546 1562 exeuntes
3583 1527 3602 1560 ι

2025 1597 2157 1657 etc.,
2182 1589 2309 1646 Vide
2327 1592 2470 1661 infra
2493 1592 2629 1647 inter
2650 1595 2800 1665 epist.
2815 1592 2927 1650 Nec
2949 1593 3142 1652 eﬁ‘ectu
3159 1596 3611 1670 caruitarcbiepi-

2028 1682 2176 1753 scopi
2202 1684 2515 1754 postulatio,
2549 1700 2672 1741 cum
2723 1687 3007 1761 privilegio
3056 1687 3216 1745 Rom.
3248 1689 3520 1760 pontificis
3542 1692 3609 1747 ad

2029 1786 2157 1828 suos
2181 1775 2387 1830 reversi
2418 1786 2547 1832 sunt
2572 1793 2725 1833 novae
2751 1777 3156 1837 reformationis
3184 1781 3409 1836 alumni.

2103 1864 2229 1922 Milo
2254 1867 2549 1925 cardiualis
2568 1878 2624 1925 et
2649 1868 3014 1928 Pratnesnnus
3038 1872 3347 1943 episcopus,
3388 1872 3444 1928 in
3483 1871 3613 1928 Cal-

2030 1961 2157 2017 liam
2176 1976 2205 2016 a
2232 1960 2478 2017 Paschali
2504 1962 2723 2031 missus,
2744 1974 3070 2020 conventum
3099 1965 3291 2021 habuit
3306 1967 3448 2035 apud
3470 1966 3612 2021 Mas.

2031 2050 2207 2107 siliam
2262 2050 2455 2120 inquo
2494 2050 2618 2122 jura
2676 2059 2735 2105 et
2794 2050 3114 2107 immunitas
3173 2048 3615 2107 Cluniacensium

2031 2142 2351 2200 confirmata
2366 2151 2511 2198 sunt.
2534 2141 2668 2197 Acta
2707 2151 2836 2197 sunt
2858 2141 2974 2198 haec
2999 2141 3143 2214 apud
3173 2140 3439 2198 Massilias
3467 2157 3613 2198 anno

2031 2232 2192 2295 1105.
2219 2232 2737 2303 ριιωεθιιιθΒθι-ειιιιο
2757 2231 3140 2289 Matisconeusi
3169 2233 3439 2306 episcopo,
3468 2250 3489 2285 ‹
3516 2234 3610 2303 qui

2033 2333 2162 2379 tunc
2181 2339 2305 2380 cum
2340 2324 2650 2395 episcopatu
2688 2338 2786 2381 suo
2814 2323 3191 2398 Lugdunensis
3220 2325 3610 2399 archiepiscopi

2031 2414 2215 2469 domni
2271 2412 2514 2484 Hugonis
2543 2413 2691 2469 vices
2736 2413 2952 2484 agebat.
2988 2435 3008 2470 ι
3047 2413 3206 2472 Circa
3237 2415 3379 2472 idem
3400 2424 3615 2486 tempus

2030 2504 2176 2577 Begu
2201 2505 2369 2561 abbas
2395 2504 2716 2562 Conchense
2742 2508 2883 2577 apud
2913 2508 3196 2566 Ruthenos
3224 2508 3613 2564 monasterium

2032 2599 2271 2671 regebat,
2324 2600 2409 2655 cui
2437 2599 2591 2671 Hugo
2619 2609 2805 2656 noster
2846 2601 3110 2659 ecclesias
3133 2601 3193 2658 8.
3244 2600 3395 2657 Fidei
3425 2601 3496 2657 de
3511 2600 3616 2656 Ca-

2032 2693 2264 2758 stelleto,
2291 2702 2348 2749 et
2388 2692 2446 2749 8.
2499 2693 2738 2751 Victoris
2784 2695 2852 2751 ad
2894 2695 3120 2751 fluvium
3170 2695 3378 2765 Ligeris
3410 2694 3617 2766 positas

2033 2786 2132 2841 sub
2159 2798 2340 2841 annuo
2363 2797 2529 2839 censu
2549 2783 3105 2840 concessit.Cbartam
3118 2784 3338 2840 exhibet
3363 2782 3612 2847 deMura,

2030 2894 2154 2951 pag.
2177 2878 2301 2935 298.
2352 2876 2728 2934 Cuntramnus
2745 2893 2840 2933 rex
2861 2878 3082 2934 dederat
3110 2878 3359 2935 ctenobio
3385 2877 3447 2933 8.
3476 2877 3616 2933 Mar-

2033 2973 2153 3028 celli
2182 2970 2554 3029 Cabilonensis
2606 2970 2914 3028 Floriacum
2954 2969 3130 3025 villam
3161 2972 3215 3025 in
3259 2984 3399 3041 pago
3434 2969 3616 3025 Divin-

2033 3065 2212 3131 ncnsi,
2242 3065 2331 3121 ubi
2362 3074 2553 3135 postea
2596 3064 2729 3120 cella
2774 3064 3162 3120 monachorum
3188 3073 3370 3120 erecta
3398 3075 3515 3129 est;
3553 3064 3618 3118 il-

2034 3153 2137 3209 lius
2163 3168 2350 3210 servos
2379 3163 2568 3210 contra
2616 3151 2711 3222 jus
2738 3152 2864 3209 Otto
2891 3154 3211 3224 Burgundiae
3240 3155 3348 3209 dux
3377 3168 3614 3223 usurpa-

2037 3255 2139 3314 rat,
2171 3254 2224 3301 et
2257 3245 2526 3301 retinebat
2569 3244 2723 3316 [lngo
2765 3246 2936 3316 ipsius
2984 3245 3142 3310 filius,
3201 3245 3372 3301 donec
3418 3246 3616 3316 prioris

2035 3334 2095 3390 8.
2124 3334 2357 3390 Marcelli
2388 3333 2621 3404 dignitas
2640 3332 2858 3389 devenit
2891 3353 2908 3385 ι
2943 3335 3009 3388 ad
3038 3334 3295 3389 domuum
3337 3332 3620 3405 Hugonem

2035 3425 2401 3482 venerandum
2429 3424 2842 3496 Lugdunensem
2868 3424 3358 3494 archiepiscopum,
3378 3422 3618 3493 Hugonis

2035 3526 2303 3588 nepotem.
2330 3536 2348 3567 ι
2400 3515 2500 3583 Qui
2555 3514 2847 3587 aliquando
2879 3515 2930 3568 in
2964 3529 3026 3568 ea
3064 3513 3187 3568 villa
3212 3513 3400 3568 duceni
3425 3512 3617 3582 hospi-

2038 3610 2112 3664 tio
2135 3609 2367 3679 excepit,
2397 3616 2454 3662 et
2481 3606 2687 3679 rogavit
2718 3614 2776 3660 ut
2808 3622 2928 3661 eam
2956 3621 2985 3659 a
3012 3604 3103 3659 tali
3128 3604 3390 3660 servitute
3421 3603 3615 3658 libera-

2038 3712 2141 3757 ret.
2174 3702 2456 3756 Concessit
2484 3698 2636 3769 [iugo
2659 3699 2788 3760 dux.
2821 3710 2877 3752 et
2896 3713 2963 3751 ea
2993 3698 3059 3753 de
3088 3712 3146 3752 re
3175 3697 3415 3751 chartam
3433 3701 3631 3762 postea

2038 3794 2362 3864 conscripsit
2396 3812 2413 3845 ι
2451 3793 2502 3847 in
2533 3807 2752 3846 camera
2801 3791 3136 3845 Divionensis
3160 3789 3371 3844 abbatis
3402 3787 3617 3842 nemine

2037 3886 2363 3948 Jarentouis,
2378 3894 2433 3941 et
2454 3885 2632 3955 posuit
2657 3885 2707 3938 in
2734 3898 2893 3937 manu
2911 3881 3235 3937 venerabilis
3261 3879 3502 3952 l'lugonis
3524 3894 3615 3933 ar-

2039 3979 2369 4050 chiepiscopi
2400 3978 2776 4047 Lugdunensis
2801 3990 2962 4045 supra
2992 3974 3342 4029 nominati....
3384 3987 3527 4026 anno
3553 3970 3627 4025 ab

2037 4073 2419 4127 lucarnatioue
2467 4070 2679 4126 Domini
2736 4067 2899 4127 1104.
2952 4067 3139 4119 indict.
3202 4080 3300 4119 xu.
3334 4083 3357 4117 ιι
3417 4062 3619 4118 Eodem

2041 4179 2183 4218 anno
2213 4163 2433 4232 scripsit
2480 4160 2795 4216 Daimberto
2843 4156 3142 4212 Seuonensi
3173 4155 3241 4209 de
3272 4153 3456 4209 multis
3498 4167 3625 4207 eum

2042 4270 2293 4326 arguens,
2322 4263 2378 4309 et
2398 4254 2574 4308 citans
2599 4252 2665 4306 ad
2692 4249 2983 4304 concilium
3023 4246 3315 4302 Treceuse.
3353 4246 3505 4301 Anno
3532 4259 3622 4299 sc-

2043 4348 2229 4419 quenti
2282 4345 2424 4402 idem
2482 4342 2950 4414 archiepiscOpus,
2982 4338 3305 4410 Norgaudus
3332 4335 3625 4392 Eduensis

2042 4449 2097 4494 et
2118 4438 2409 4495 Walterius
2450 4434 2845 4492 Cabillonensis
2883 4431 3143 4503 episcopi.
3188 4430 3385 4485 domno
3410 4427 3622 4498 llugoni

352 4539 428 4607 pi,
462 4557 479 4588 ι
510 4535 762 4606 prohibiti
788 4544 847 4588 ut
875 4533 1157 4588 dicebatur
1179 4533 1247 4587 ab
1277 4532 1465 4587 eodem
1501 4530 1871 4601 Lugdunensi,
1906 4552 1925 4586 ι
1969 4545 2014 4602 [)
2041 4532 2383 4589 Cluniacens.
2435 4527 2618 4585 abbati
2674 4523 3064 4580 monasterium
3112 4520 3171 4576 S.
3204 4518 3529 4590 Magdalenae
3558 4519 3637 4571 de-

354 4630 530 4698 inquit
555 4628 693 4682 idem
705 4628 895 4683 chron.
926 4625 1040 4681 lmo
1062 4635 1118 4680 et
1140 4625 1284 4696 quod
1313 4625 1571 4679 adversus
1594 4623 1936 4695 Norgaudum

352 4718 682 4774 Educnsem
706 4718 1017 4788 episcopum
1037 4718 1089 4771 in
1121 4717 1222 4771 hoc
1242 4724 1297 4772 et
1319 4724 1503 4787 postea
1532 4716 1583 4770 ἰιι
1613 4715 1935 4771 Pictaviensi

353 4808 583 4865 concilio
609 4816 902 4863 sanxerant
949 4807 1113 4879 legati
1136 4807 1312 4877 palam
1376 4806 1725 4876 improbavit,
1771 4815 1827 4862 et
1863 4806 1938 4862 ita

357 4901 572 4957 tandem
601 4900 714 4971 egit
752 4908 811 4954 ut
844 4899 1267 4970 infringeretur;
1310 4899 1517 4954 scilicet
1547 4899 1734 4969 ingens
1759 4909 1817 4954 et
1844 4916 1939 4956 cx-

355 4994 535 5050 celsus
560 4994 774 5048 animus
810 5001 1000 5048 suetus
1028 4993 1256 5064 imperio
1281 5034 1295 5051 .
1326 4990 1554 5046 inferius
1586 5008 1730 5047 nunc
1759 4993 1937 5062 gravi-

358 5099 467 5145 tate
516 5096 572 5142 et
610 5086 874 5158 dignitate
903 5101 1001 5140 sua
1056 5085 1424 5141 arbitrabatur
1456 5082 1646 5151 subjici
1672 5093 1726 5139 et
1746 5099 1938 5153 parere

357 5179 678 5245 minoribus,
705 5188 867 5247 atque
891 5190 951 5233 ut
970 5179 1186 5234 videtur
1212 5192 1274 5232 ea
1310 5177 1494 5231 omnia
1540 5175 1743 5230 vitandi
1773 5191 1936 5231 causa

355 5269 905 5344 Hierosolymitannm
946 5272 1049 5326 iter
1094 5271 1272 5325 animo
1303 5268 1568 5337 concepit,
1600 5268 1802 5339 legatos
1826 5269 1943 5323 Ro-

430 5386 509 5451 ('5)
548 5386 783 5454 Tempus
827 5383 1050 5453 hujusce
1089 5383 1540 5454 peregrinationis
1596 5382 1811 5454 eruitur
1870 5397 1939 5437 ex

357 5458 545 5512 charta
571 5452 877 5512 donationis
900 5452 1142 5509 ecclesia:
1182 5453 1241 5505 Β.
1306 5454 1485 5509 Mariae
1513 5455 1578 5507 de
1610 5453 1753 5507 Foro
1781 5452 1938 5507 factae

358 5527 691 5583 monasterio
718 5524 1128 5596 Savigniacensi
1160 5522 1269 5596 (De
1291 5522 1450 5596 Mnus
1480 5539 1600 5596 pag.
1625 5521 1753 5596 592)
1783 5540 1796 5575 ε
1832 5523 1941 5578 «Eo

358 5612 503 5652 anno
526 5612 634 5667 quo
661 5596 812 5666 Hugo
834 5593 1194 5667 Aureliiepisc.
1250 5594 1495 5667 Lugdun.
1526 5593 1940 5667 derosolymam

357 5664 594 5738 petiitf.
638 5707 652 5720 .
694 5705 711 5721 .
748 5664 775 5720 ἶ
823 5665 953 5723 fecit
977 5664 1301 5738 conventura
1343 5664 1587 5721 ecclesize
1625 5680 1741 5738 stlte
1772 5703 1785 5717 .

358 5734 695 5793 hactatums
713 5738 782 5793 de
807 5738 1040 5793 utilitate
1064 5736 1314 5793 Ecclesiae
1356 5751 1492 5798 suat,
1519 5745 1575 5791 et
1605 5736 1671 5791 de
1707 5750 1807 5791 suo
1854 5734 1937 5789 iti-

364 5825 514 5875 nere,
553 5818 608 5862 ct
634 5809 733 5863 hoc
765 5825 825 5863 ιιι
864 5807 985 5865 ldus
1021 5807 1219 5871 Martii,
1271 5805 1358 5861 die
1398 5817 1606 5876 quarta:
1630 5807 1777 5862 feria:
1810 5806 1941 5862 beb-

2041 4624 2326 4693 Quadrella
2364 4622 2437 4694 (le
2467 4620 2792 4690 Charolais),
2830 4617 3223 4675 confirmarunt
3271 4612 3630 4682 ejusdemque

2041 4715 2163 4786 pagi
2192 4714 2452 4770 ecclesias
2482 4713 2550 4769 de
2571 4712 2770 4783 quibus
2801 4710 2951 4764 litem
2984 4706 3271 4762 movebant
3297 4702 3627 4758 Leotbaldus

2041 4808 2380 4879 Digoniensis
2420 4816 2475 4863 et
2518 4806 2663 4861 filius
2693 4804 2809 4875 ejus
2837 4800 3193 4875 cognominis.
3242 4796 3484 4866 Denique
3530 4811 3620 4850 an.

2043 4899 2183 4956 1106
2201 4916 2322 4956 cum
2349 4907 2711 4970 quererentur
2754 4892 3080 4952 cathedralis
3109 4889 3351 4946 ecclesiae
3377 4887 3621 4943 canonici

2039 4995 2184 5066 quod
2210 4990 2833 5055 ecclesiam‘Artensem,
2873 5002 2993 5058 quae
3018 4984 3097 5039 ad.
3113 4984 3174 5039 Β.
3195 4982 3531 5052 Stephanum
3555 4981 3624 5033 ab

2042 5087 2282 5156 antiquis
2312 5083 2647 5155 temporibus
2689 5081 3016 5153 pertinebat,
3048 5076 3255 5149 Hugoni
3279 5076 3623 5133 Cluniacensi

2042 5184 2317 5244 donasset,
2339 5194 2458 5234 eam
2490 5178 2598 5233 illis
2621 5175 2879 5240 restituit,
2909 5182 2963 5229 et
2982 5188 3079 5243 pro
3105 5187 3166 5228 ea
3203 5171 3462 5227 Cluniaco
3476 5167 3625 5224 dedit

2042 5275 2200 5329 aliam
2236 5273 2303 5328 de
2345 5271 2406 5327 S.
2453 5270 2725 5327 Germano
2757 5275 3145 5337 nuncupatam.
3194 5263 3329 5320 Cum
3378 5263 3446 5317 lis
3499 5269 3621 5315 orta

2040 5387 2269 5442 dumada
2293 5383 2746 5453 Quadragesimm.
2804 5381 2860 5436 In
2890 5395 2997 5448 quo
3045 5385 3314 5453 conventu
3341 5373 3469 5427 fecit
3520 5373 3624 5453 hoc

2042 5459 2240 5513 donum
2269 5449 2536 5512 ecclesiae
2579 5454 2645 5509 de
2697 5452 2837 5506 Foro
2878 5449 3165 5506 eonveutui
3220 5454 3423 5507 nostro,
3459 5461 3478 5493 ι
3513 5451 3621 5513 etc.

2044 5512 2101 5585 Si
2132 5528 2276 5583 enim
2304 5542 2389 5581 tu.
2417 5524 2539 5579 ldus
2561 5539 2653 5578 seu
2686 5522 2754 5577 15
2781 5522 2958 5576 Martii
2983 5561 2998 5581 .
3023 5528 3141 5575 eral
3164 5516 3297 5572 feria
3322 5530 3370 5567 tv
3422 5512 3625 5585 hebdo-

2043 5582 2215 5655 niadze
2236 5599 2424 5668 primae
2476 5596 2531 5668 in
2570 5593 3024 5668 Quadragesiina,
3073 5589 3188 5668 dies
3238 5585 3497 5668 Cineruin
3524 5582 3629 5667 fuit

2043 5654 2163 5727 dies
2186 5654 2338 5723 sexta
2362 5654 2831 5737 eiusdem‘inensi's
2862 5680 2875 5737 ς
2904 5671 3066 5730 atque
3086 5659 3221 5737 adeo
3251 5654 3624 5737 Paschaoinc'tu

2043 5742 2119 5797 dit
2146 5740 2198 5795 in
2226 5740 2366 5795 diem
2387 5737 2449 5792 2|
2483 5734 2706 5807 Aprilis,
2732 5736 2873 5805 quod
2913 5727 3055 5788 anno
3083 5727 3213 5785 1101
3243 5727 3517 5785 convenit.
