4106 6356
491 335 593 393 507
1418 334 1722 392 IlUGONIS
1759 333 2251 393 LUGDUNENSIS
2281 330 2802 392 ARCHIEPISCOPI
3657 341 3761 395 sus

489 451 683 521 plices,
711 465 780 506 en
805 450 1179 521 consequence
1197 449 1262 521 de
1291 463 1352 521 ce
1380 448 1672 521 qu’Ursion
1694 449 1840 504 avait
1861 449 1976 521 pris
1999 460 2054 504 et
2079 447 2426 521 emprisonné
2443 463 2536 521 Διιῃ
2582 447 2801 521 homine
2842 447 2912 503 du
2937 445 3160 521 diocese
3181 444 3445 521 d’iivreux
3469 447 3563 521 qui
3607 447 3757 521 aitait

488 516 557 576 ea
579 516 884 592 pélerinage
915 522 947 576 ἐι
974 516 1694 592 Sainte-Marie-Madeleine
1713 521 1799 592 Ade
1833 516 2152 592 Vézelai,et
2172 516 2220 592 ’ἐι
2249 517 2600 592 ὃαίηι-(ξξιλιθβ
2647 533 2716 573 en
2767 517 3111 592 Languedoc.
3138 516 3211 572 La
3240 516 3396 592 lettrc
3419 528 3507 592 est
3529 518 3596 592 de
3627 517 3762 574 l‘an-

495 586 598 647 néé
625 592 779 653 l096,
809 586 1020 646 comme
1048 591 1095 643 le
1114 599 1326 644 montre
1347 590 1394 643 le
1418 598 1593 658 temps
1622 590 1689 644 de
1712 590 1760 643 Ia
1786 599 1929 645 mort
1965 592 2032 644 de
2060 590 2437 658 l'archevéque
2463 589 2694 655 Richer;
2731 599 2785 643 et
2814 586 2910 644 des
2940 589 3050 643 lors
3073 604 3141 641 au
3168 586 3342 642 moius
3377 602 3453 640 on
3477 588 3607 643 était
3640 605 3761 657 per-

491 661 661 716 suade
688 662 822 715 dans
861 661 911 715 le
944 660 1143 730 public,
1159 675 1282 731 ‘que
1313 658 1391 712 les
1426 660 1664 730 reliques
1687 662 1754 715 de
1777 662 1954 716 sainte
1975 660 2270 717 Madeleine
2289 660 2492 716 étaient
2523 660 2553 714 ὸ
2583 659 2829 731 l’abbaye
2853 661 2918 714 de
2961 659 3198 724 Vézelai,
3225 672 3287 712 ce
3309 659 3484 714 cuine
3522 659 3761 715 iavorise

493 747 589 800 pas
621 732 670 784 la
701 728 1006 800 prétentibn
1035 731 1129 784 des
1158 728 1534 796 Provencaux.

558 798 768 855 Enco‘re
783 814 888 854 une
918 809 1072 854 autre
1101 800 1256 854 lettre
1287 800 1354 852 de
1393 811 1550 855 notre
1572 802 1937 870 archeveque,
1965 799 2248 870 imprimée
2269 800 2405 854 dans
2424 799 2604 854 divers
2631 801 2864 856 recueils
2903 799 3152 870 indiqués
3173 799 3203 853 ὲ
3228 799 3284 853 la
3303 813 3507 869 marge.
3533 798 3762 856 Colle-ci

486 881 570 924 est
594 871 900 931 circulaire.
925 871 1078 926 étant
1100 871 1356 926 adressée
1383 872 1412 926 it
1441 882 1562 926 tous
1592 871 1669 927 les
1695 869 2084 942 archevéques,
2127 871 2383 942 évéques,
2411 870 2576 925 abbés
2611 879 2666 924 et
2687 880 2869 942 apti-es
2901 869 3663 942 fideleshpourgleur_nolilier
3708 871 3759 925 Ia

487 949 747 1024 sentence
773 942 1132 1024 tl‘absoltttiort
1164 957 1269 1011 que
1323 942 1704 1024 l’arche‘veque
1744 942 1908 1024 legat,
1947 939 2528 1024 Essisteud’Aldeber-‘t
2583 942 2650 996 de
2703 939 2964 1024 Bourges,
3022 939 3354 1024 dilati-ida.
3389 939 3562 1024 hians-
3593 949 3650 1024 et
3690 942 3764 997 de

491 1009 766 1132 glusieurs
791 1012 979 1077 ahbés,
1003 1012 1148 1066 avait
1179 1009 1485 1080 prononcée
1517 1013 1549 1068 a
1582 1009 1918 1094 l‘ahbayéde
1949 1011 2351 1093 Saint-Florent
2381 1009 2451 1066 de
2476 1011 2750 1094 Saumur,’
2774 1013 2827 1095 le
2850 1009 2980 1095 jour
3004 1011 3072 1066 de
3098 1012 3148 1065 la
3179 1013 3287 1066 t‘éte
3323 1011 3390 1066 de
3412 1009 3762 1093 Saint-Jean-

539 1088 759 1132 antiste-
789 1081 949 1132 1094.
979 1097 1045 1132 en
1070 1083 1258 1132 faveur
1285 1084 1351 1132 de
1381 1083 1650 1132 Foulnues
1684 1085 2110 1132 lteclnn.comte
2137 1084 2788 1132 d’Amomexeommume
2819 1085 3014 1132 demus
3044 1083 3348 1132 lonetemos
3381 1097 3518 1132 nour
3548 1081 3628 1132 les
3656 1096 3762 1132 rat-

539 1082 759 1155 aptiste,
781 1081 949 1155 i094,
979 1097 1045 1155 en
1070 1083 1258 1155 l'aveur
1285 1084 1351 1136 de
1380 1083 1650 1155 Foulques
1683 1081 2110 1148 ltechin,comte
2137 1083 2788 1153 d’Anjou,excommunié
2819 1081 3014 1154 depuis
3044 1083 3348 1153 longtemps
3381 1097 3518 1152 pour
3548 1081 3628 1136 les
3656 1082 3763 1136 rai-

492 1165 630 1206 sons
652 1151 932 1208 détaillées
959 1154 1093 1208 dans
1118 1154 1166 1207 la
1199 1155 1379 1208 lettre.

522 1314 931 1342 =.—-—'—_.-==

1704 1457 2551 1626 HUGONIS

2633 1319 3741 1351 Ἥ

1631 1738 2113 1795 LUGDUNENSIS
2149 1739 2682 1797 ARCHIEPISCOPl

1015 1923 1832 2052 EPISTOL'KE
1945 1925 2144 2047 ET
2247 1924 3232 2124 PRIVILEGIA.

484 2393 718 2466 Epiuom
739 2389 786 2466 11
796 2390 975 2451 uqonis
997 2389 1198 2466 D_iensis
1217 2389 1440 2466 episcopi
1465 2388 1531 2466 ad
1557 2387 1841 2466 Rodat/um
1895 2389 2074 2441 archi-

683 2461 979 2532 episcopum
1016 2459 1370 2514 Turonensem
1401 2460 1464 2512 de
1488 2458 1746 2530 legatione
1794 2475 1912 2512 sua.

1086 2553 1264 2623 (Anno
1290 2549 1470 2620 1075.)

717 2643 938 2718 ἱΒΑιυῑ.
969 2645 1192 2700 Miscell.
1224 2645 1353 2698 edit.
1384 2643 1577 2710 Mansi,
1601 2644 1689 2709 III,
1720 2639 1837 2715 55.]

561 2739 842 2803 Rmucro,
882 2737 1172 2793 venerabili
1199 2737 1596 2792 Turonensium
1639 2737 2068 2807 archiepiscopo,

488 2829 660 2890 lluco.
675 2840 874 2884 sancta:
898 2828 1150 2882 Romana:
1168 2827 1419 2883 Ecclesize
1441 2826 1842 2897 apocrisiarius,
1860 2837 2076 2883 aeterna:

484 2922 608 2976 vitae
642 2920 1050 2976 beatitudinem.

556 3015 750 3082 Quanti
776 3021 1006 3068 matrem
1030 3022 1264 3066 vestram
1294 3019 1539 3066 sanctam
1561 3012 1860 3067 Romanam
1890 3012 2075 3068 Eccle-

484 3108 621 3162 siam
655 3106 949 3162 liberalitas
975 3114 1156 3160 vestra
1209 3105 1425 3168 habeat,
1461 3120 1528 3158 an
1554 3120 1621 3159 ex
1659 3104 1821 3159 corde
1855 3105 2074 3161 domino

489 3199 789 3270 apostolico
825 3198 1122 3258 adhmreat,
1149 3207 1353 3268 quanto
1383 3211 1568 3252 amore
1603 3213 1726 3252 eum
1777 3198 2074 3268 amplecta-

485 3301 594 3358 tur,
642 3307 782 3346 nunc
835 3289 1264 3352 ostendetis;ex
1310 3289 1462 3356 cujus
1489 3299 1639 3358 parte
1689 3290 1861 3344 habeo
1916 3290 2070 3343 vobis

483 3382 728 3453 quaedam
761 3382 889 3438 dare
914 3391 970 3436 et
999 3381 1198 3444 dicere,
1224 3397 1320 3450 pro
1349 3382 1546 3450 quibus
1587 3382 1954 3437 necessarium
1987 3388 2072 3435 est

483 3488 581 3529 vos
611 3475 677 3530 ad
707 3488 792 3530 me
815 3475 1021 3529 venire.
1067 3473 1217 3528 Licet
1245 3474 1389 3529 enim
1417 3489 1636 3528 suorum
1686 3473 1922 3529 ﬁdelium
1972 3472 2073 3526 mi-

487 3565 655 3628 nimo,
688 3573 867 3620 tamen
895 3579 995 3619 suo
1025 3571 1080 3616 et
1103 3571 1305 3618 sancta:
1349 3562 1606 3618 Romamn
1649 3562 1905 3618 Ecclesia:
1938 3562 2067 3626 lilio,

2095 2296 2382 2363 Asempcr
2440 2303 2727 2362 augeretur
2800 2294 3032 2365 dignitas
3092 2297 3237 2351 omni
3317 2297 3608 2357 intentione
3673 2300 3766 2356 la-

2178 2381 2392 2438 boravit
2421 2423 2434 2445 ,
2506 2382 2662 2436 nobis
2724 2383 3123 2453 invigilandum-
3169 2401 3507 2457 summopere
3558 2399 3644 2444 est
3684 2407 3762 2445 ne

2178 2487 2361 2528 nostra
2427 2474 2682 2544 depereat
2731 2474 3049 2545 negligentia
3117 2477 3260 2546 quod
3325 2478 3536 2534 illorum
3584 2486 3770 2538 erevit

2178 2563 2474 2635 diligentia.
2530 2561 2740 2619 Vestra:
2785 2565 2967 2635 itaque
3005 2565 3333 2623 fraternitati
3387 2585 3484 2625 nos
3528 2572 3580 2626 in
3615 2571 3767 2644 Lug-

2177 2655 2403 2711 dunensi
2452 2656 2663 2711 Jimcesn
2719 2659 2859 2726 apud
2907 2658 3108 2712 Ansam
3154 2661 3442 2715 concilium
3502 2663 3767 2721 habuisse

2177 2757 2231 2800 et
2264 2748 2584 2818 quibusdam
2636 2749 3020 2804 ecclesiasticis
3064 2753 3499 2818 necessitatibus,
3525 2754 3638 2810 Deo
3662 2771 3764 2810 au—

2177 2838 2419 2901 xiliante,
2458 2837 2796 2893 consuluisse
2849 2840 3193 2895 notilicamus
3227 2857 3241 2906 ;
3287 2841 3338 2894 in
3377 2857 3486 2912 quo
3516 2845 3760 2899 nonnul-

2178 2930 2242 2986 lis
2271 2930 2668 3002 cmergentibus
2719 2931 2899 2986 causis
2923 2932 2988 2986 ad
3020 2935 3381 3001 reparandum
3430 2947 3632 2992 sanctae
3655 2938 3754 2992 Ec-

2177 3023 2353 3078 clesia:
2405 3031 2606 3076 statum
2663 3037 2767 3076 non
2832 3023 3114 3078 mininmm
3165 3027 3488 3082 necessariis
3529 3029 3768 3083 consilio

2177 3115 2582 3170 consedentium
2639 3115 2866 3170 fratrum
2903 3116 3046 3170 aliud
3074 3133 3127 3170 tv
3171 3117 3308 3173 Non.
3336 3118 3580 3174 Januarii
3611 3122 3764 3190 apud

2176 3207 2456 3262 Divionem
2502 3217 2740 3262 castrum
2807 3207 3129 3278 Burgundizn
3178 3211 3562 3267 celebrandum
3618 3229 3762 3273 ιιι-μ

2174 3299 2453 3369 posuimus
2484 3316 2498 3362 ;
2526 3300 2590 3352 ad
2637 3300 2779 3369 quod
2826 3315 2920 3354 vos
2940 3303 3123 3358 venire
3155 3313 3209 3358 et
3255 3303 3626 3373 suifraganeos
3665 3322 3767 3360 ve-

2175 3402 2318 3448 stros
2374 3408 2440 3447 ex
2486 3403 2640 3447 oarte
2707 3402 2890 3448 nostra
2945 3396 3177 3452 invitare
3226 3398 3590 3468 prmcipimus.
3649 3400 3768 3454 Va-

2177 3483 2304 3540 lete.

487 3654 542 3706 in
575 3653 849 3708 tradendis
875 3651 1262 3709 ecclesiasticis
1313 3653 1546 3721 negotiis
1591 3653 1738 3708 vices
1763 3669 1887 3708 suas
1933 3653 2062 3706 mihi

2171 3668 2286 3722 Alia
2317 3670 2385 3722 ad
2420 3670 2684 3734 ‘cumdem,
2714 3687 2818 3740 qua
2845 3688 2963 3724 eum
3019 3672 3203 3727 invitat
3229 3675 3298 3728 ad
3343 3675 3620 3730 concilium
3650 3678 3750 3730 Ar-

489 3745 761 3799 comtnisit
788 3761 805 3806 :
836 3760 936 3814 pro
965 3745 1165 3815 quibus
1213 3745 1554 3815 prudentiam
1604 3755 1840 3802 vestram
1882 3746 2066 3801 elabo-

489 3849 613 3890 rare
668 3835 958 3906 vigilanter
993 3846 1049 3890 et
1091 3837 1429 3892 scientiolam
1479 3849 1740 3904 nostram,
1784 3839 1893 3893 Deo
1918 3839 2067 3893 auxi-

489 3926 681 3992 liante,
719 3929 868 3998 prius
909 3945 1068 3999 quam
1098 3947 1127 3985 a
1155 3933 1308 3985 vobis
1357 3933 1600 3987 recedam
1657 3931 2064 4000 diligentissime

489 4019 760 4088 oportebit
797 4020 1068 4075 insudare.
1123 4021 1298 4088 Unde,
1355 4023 1650 4088 admoneo,
1695 4038 1920 4092 precor,
1973 4038 2068 4075 aa-

491 4112 746 4168 ctoritate
770 4114 931 4168 etiam
962 4114 1094 4168 mihi
1137 4115 1428 4169 commissa
1471 4125 1527 4170 et
1573 4130 1803 4185 suggero
1852 4126 1908 4168 ut
1950 4131 2065 4169 me-

486 4217 610 4256 cum
664 4203 809 4274 loqui
870 4221 1032 4275 quam
1086 4206 1250 4261 citius
1308 4207 1554 4275 poteritis
1622 4221 1729 4257 non
1785 4203 2065 4258 dilferetis.

493 4291 698 4350 Valete.

1242 4386 1304 4441 ll.

486 4471 605 4526 Alio
631 4474 698 4527 ad
722 4477 978 4541 eumdem,
1007 4493 1108 4546 qua
1149 4493 1266 4530 eum
1293 4477 1472 4530 invitat
1501 4477 1570 4529 ad
1589 4475 1865 4530 concilium
1893 4473 2071 4530 Divia-

1187 4563 1358 4598 ttettse.

1079 4647 1256 4706 (anno
1294 4635 1475 4702 1076.)

1186 4725 1374 4799 [Ibid.]

563 4820 735 4884 Huco,
768 4823 940 4892 gratia
971 4818 1063 4874 Dci
1100 4819 1312 4874 Diensis
1339 4820 1643 4890 cpiscopus,
1695 4831 1899 4877 sancta:
1925 4823 2069 4878 sedis

484 4911 795 4980 apostolica:
835 4913 1064 4983 legatus.
1106 4909 1408 4966 Turonensi
1448 4914 1878 4984 archiepiscopo,
1924 4914 2067 4970 salu-

486 5011 617 5057 lCﬂL

561 5094 911 5150 Dilectionem
957 5107 1214 5161 vestram,
1256 5098 1594 5160 charissime,
1641 5097 1806 5155 latere
1840 5100 2061 5156 minime

485 5189 758 5245 credimus
827 5198 1029 5258 quanta
1090 5189 1488 5244 Dominicarum
1552 5190 1734 5246 ovium
1795 5193 2055 5262 pericula,

490 5282 800 5337 abundante
861 5281 1145 5351 iniquitate
1221 5291 1276 5336 et
1335 5283 1722 5356 refrigescente
1792 5285 2061 5341 charitate

490 5373 801 5439 multorum,
857 5382 1042 5428 sancta
1081 5375 1341 5444 .patiatur
1401 5376 1684 5442 Ecclesia,
1741 5377 1866 5432 dum
1935 5393 2062 5432 san-

485 5479 586 5520 cta:
636 5463 759 5519 ﬁdei
811 5464 1212 5519 adversantium
1245 5465 1484 5534 quotidie
1527 5468 1915 5538 multiplicatur
1955 5484 2054 5522 nu-

490 5569 699 5620 merus,
754 5564 810 5609 ct
864 5555 1153 5625 pastoralis
1208 5556 1339 5611 ordo
1380 5557 1446 5610 ad
1502 5567 1805 5628 susceptam
1867 5574 2052 5614 curam

493 5649 669 5704 minus
721 5646 902 5702 debito
943 5647 1248 5702 inveniatur
1275 5648 1560 5705 sollicitus.
1601 5649 1706 5706 Sed
1751 5651 1794 5706 si
1840 5661 2058 5707 sancto-

497 5758 612 5798 rum
671 5742 890 5799 Patrum
949 5743 1242 5799 auctoritas
1303 5753 1360 5796 ut
1419 5744 1739 5800 Christianae
1787 5745 2062 5815 religionis

2831 3757 3092 3796 vernense.

2760 3832 2938 3906 (Anno
2977 3834 3154 3906 1077.)

2867 3922 3055 3998 [una]

2243 4016 2411 4084 liceo,
2439 4018 2744 4088 dignatione
2789 4017 2880 4071 Dei
2915 4019 3126 4075 Diensis
3163 4021 3465 4092 episcopus,
3493 4023 3754 4080 Romana:

2171 4107 2420 4163 Ecclesia:
2441 4110 2665 4180 legatus,
2693 4109 2946 4164 RooULro
2982 4109 3281 4166 Turonensi
3318 4114 3756 4185 archiepiscopo,

2169 4201 2415 4256 salutem.

2242 4293 2430 4348 Messis
2476 4295 2690 4364 quidem
2721 4295 2908 4357 multa,
2948 4296 3178 4364 operarii
3223 4311 3352 4350 vero
3381 4298 3556 4365 pauci.
3599 4297 3755 4352 Unde

2172 4385 2326 4439 nobis
2371 4385 2540 4454 magis
2567 4386 2989 4447 lamentantium,
3035 4387 3123 4454 qui
3164 4386 3215 4439 in
3249 4403 3374 4442 area
3405 4388 3612 4442 Domini
3646 4391 3752 4443 tri-

2174 4484 2358 4531 turare
2378 4479 2644 4532 videmur.
2671 4478 3027 4548 Quapropter,
3056 4480 3181 4548 quia
3214 4479 3508 4534 Ecclesiam
3533 4480 3750 4535 Domini

2173 4568 2409 4637 undique
2445 4569 2671 4623 distrahi
2709 4570 2970 4631 videmus,
3001 4571 3139 4638 apud
3182 4572 3530 4624 Arvernicam
3560 4573 3750 4626 urbem

2171 4674 2245 4713 vn
2287 4660 2406 4713 ldus
2421 4661 2647 4732 Augusti
2671 4661 2927 4730 synodale
2947 4663 3230 4716 concilium
3252 4663 3559 4718 indixiu‘ms.
3588 4662 3754 4717 Com-

2173 4748 2534 4817 provinciales
2577 4758 2698 4805 tuos
2748 4761 2803 4805 et
2851 4751 3077 4804 aliarum
3131 4752 3408 4820 regionum
3470 4753 3752 4822 religiosos

2173 4856 2311 4910 quos
2353 4843 2628 4910 potuimus
2684 4843 3048 4898 iuvitavimus.
3088 4843 3165 4898 Te
3196 4859 3409 4913 quoque
3453 4845 3592 4898 sicut
3620 4845 3753 4898 lide-

2175 4933 2438 4988 lissimum
2484 4935 2687 4988 socium
2712 4935 2764 4988 in
2806 4935 2888 4987 via
2925 4936 3014 4988 Dei
3043 4943 3097 4988 et
3128 4935 3428 5001 adjutorem
3473 4934 3590 5001 ejus
3620 4935 3754 4989 cha-

2172 5025 2382 5078 rilative
2403 5041 2658 5081 vocamus
2687 5036 2741 5079 et
2767 5027 3089 5081 auctoritate
3119 5027 3275 5081 nobis
3310 5041 3570 5080 concessa
3609 5044 3754 5097 pra:-

2168 5117 2397 5186 cipimus
2427 5125 2486 5168 ut
2522 5117 2736 5184 venias,
2773 5133 3069 5188 omnesque
3124 5128 3241 5174 tuos
3267 5119 3637 5190 suifraganeos
3659 5137 3752 5175 ve-

2169 5213 2284 5266 nire
2317 5213 2512 5268 invites
2536 5213 2680 5267 omni
2705 5220 2910 5268 remota
2946 5211 3313 5267 excusatione.
3339 5211 3488 5268 Vale.

2914 5299 3003 5356 IV.

2167 5396 2285 5450 Alia
2319 5397 2386 5450 ad
2427 5395 2681 5462 eumdem,
2732 5411 2836 5464 qua
2855 5411 2973 5449 eum
3017 5395 3199 5448 invitat
3231 5393 3300 5446 ad
3329 5395 3610 5453 concilium
3635 5396 3742 5447 Λιι-

2751 5466 3153 5536 gustodunense.

2758 5559 2935 5630 (Anno
2983 5558 3163 5628 1077.)

2867 5647 3058 5722 [Ibid.]

2243 5746 2424 5812 liuco,
2485 5746 2652 5816 gratia
2709 5746 2801 5799 Dt'i
2855 5742 3066 5798 Dieusis
3115 5742 3400 5811 episcopus
3445 5749 3498 5793 et
3546 5745 3744 5794 sancito
