4106 6356
369 378 475 436 509

1518 369 1877 426 EPISTOLAE
1922 370 2006 426 ET
2047 369 2453 426 PRIV’ILEGI.\.

3515 350 3624 422 διδ

369 493 896 554 EcclesiaeRomanze
912 492 1143 564 legatus,
1167 491 1420 548 Boccare
1453 490 1752 548 Turonensi
1775 494 1953 550 archi-
1979 501 2025 557 Α
2055 494 2256 549 Deinde
2283 493 2492 558 comiti,
2525 501 2634 546 tum
2665 491 2828 546 etiam
2853 489 3121 562 episcopis
3151 489 3231 544 sui
3255 487 3395 558 juris
3421 487 3632 544 litteras

365 587 648 658 episcopo,
678 585 925 640 salutem.

439 676 661 733 Gratias
711 676 885 731 habeo
914 675 1224 731 innumeras
1253 690 1380 745 quia
1429 691 1647 747 semper
1689 677 1949 734 obediens

365 770 622 826 exstitisti
652 777 936 824 et~sanctae
957 768 1208 824 Ecclesiae
1226 769 1278 822 in
1307 770 1629 826 necessitate
1662 771 1950 828 subvenire

367 879 470 935 pro
493 877 654 933 posse
681 871 738 918 et
761 863 903 918 scire
923 871 1014 918 tuo
1044 877 1150 918 non
1194 862 1456 933 refugisti.
1489 863 1566 918 Te
1589 864 1756 936 igitur
1786 865 1948 922 valde

365 954 524 1010 nobis
556 954 925 1010 necessarium
955 968 1054 1023 pro
1084 964 1174 1009 tua
1209 953 1379 1024 ipsius
1411 954 1577 1009 etiam
1621 957 1949 1012 necessitate

365 1047 662 1117 apostolica
721 1048 1048 1102 auctoritate
1117 1062 1407 1112 vocamus,
1460 1057 1516 1104 et
1573 1063 1669 1119 per
1721 1060 1774 1105 te
1825 1059 1948 1107 tuos

365 1138 739 1210 sulfraganeos
768 1139 1072 1209 episcopos,
1108 1148 1230 1196 tuos
1260 1141 1424 1196 etiam
1457 1139 1698 1195 utiliores
1719 1141 1947 1198 clericos

366 1241 423 1286 et
467 1232 711 1297 abbates,
770 1233 839 1286 ad
883 1231 1148 1304 synodum
1191 1233 1245 1286 in
1291 1232 1758 1302 Augustodunensi
1812 1234 1946 1289 civi-

369 1331 480 1378 tate
503 1337 556 1378 tv
585 1324 707 1378 ldus
755 1323 1088 1394 Septembris
1111 1323 1490 1379 celebrandam
1544 1323 1730 1380 venire
1756 1325 1948 1396 prreci-

367 1419 565 1489 pimus.
893 1445 896 1448 ~
1126 1486 1194 1543 ν.

366 1579 579 1635 Littera:
603 1579 840 1649 Hugonis
854 1581 1226 1649 archiepiswpi
1243 1576 1602 1649 Lugdunensis
1619 1582 1683 1636 de
1710 1578 1948 1634 Ecclesia

443 1650 652 1708 Sancta:
672 1647 846 1720 ,Fidis
883 1650 948 1706 de
975 1647 1276 1718 Cdstelléto,
1313 1647 1440 1705 daia
1468 1652 1782 1708 monasterio
1811 1649 1948 1707 Con-

438 1721 636 1776 cltensi.

1067 1791 1252 1864 (Ιιιίτι.)

2050 586 2218 650 misit,
2262 584 2518 653 adjurans
2557 597 2650 638 eos
2679 583 2825 637 omni
2864 581 3232 647 attestatione,
3277 591 3332 636 et
3369 595 3631 636 Simma-

2044 678 2256 750 jestatis
2297 692 2361 732 ac
2394 675 2666 731 lldelitatis
2712 691 2833 731 reos
2877 690 2997 730 esse
3044 673 3353 729 instituens.
3405 671 3631 728 Scilicet

2049 769 2323 835 comitem,
2365 767 2409 822 si
2456 778 2731 837 pateretur
2773 781 2872 820 nos
2913 766 3120 836 uspiam
3151 767 3239 820 ubi
3267 774 3467 836 posset,
3499 778 3629 819 con-

2049 859 2316 915 venticula
2342 868 2398 914 et
2424 857 2576 928 quasi
2602 857 2851 924 concilia,
2879 857 2958 912 sic
2987 871 3048 910 ea
3074 872 3296 920 vocans,
3325 856 3625 910 celebrare.

2049 952 2342 1023 Episcopos
2370 965 2497 1006 vero
2541 950 2586 1005 si
2635 950 2962 1004 interessent
3003 946 3093 1001 vel
3133 948 3332 1002 nostris
3379 945 3628 1001 faverent

2048 1047 2300 1108 decretis,
2350 1045 2402 1100 in
2445 1045 2638 1115 quibus
2681 1043 2988 1098 nitebamur
3029 1042 3371 1112 splendorem
3411 1057 3628 1098 coronat

2049 1134 2165 1203 ejus
2188 1133 2494 1200 obfuscare,
2519 1142 2576 1188 et
2603 1133 2905 1204 principum
2931 1131 3078 1202 regni
3104 1129 3240 1198 ejus.
3267 1130 3345 1185 Ex
3373 1131 3472 1184 hac
3496 1145 3629 1200 ergo

2048 1229 2374 1285 adversitate
2420 1228 2622 1284 inimici
2667 1227 2912 1284 veritatis
2956 1225 3237 1281 audaciam
3282 1227 3425 1280 nacti
3472 1226 3630 1280 nobis

2050 1323 2362 1389 insultandi,
2407 1338 2501 1378 eos
2544 1338 2678 1392 pene
2725 1329 3010 1376 traxerunt
3050 1319 3102 1373 in
3144 1318 3441 1384 sinistram,
3490 1332 3628 1388 quos

2048 1416 2456 1472 considerabam
2489 1424 2554 1471 ad
2577 1417 2880 1476 dexteram,
2908 1423 2964 1470 et
2993 1413 3264 1478 videbam,
3289 1421 3344 1467 et
3371 1428 3478 1467 non
3507 1421 3628 1468 erat

2047 1510 2140 1578 qui
2183 1519 2530 1577 cognosceret
2581 1521 2685 1564 me.
2732 1508 2868 1564 Ecce
2897 1507 3040 1562 enim
3089 1507 3263 1576 pestis.
3295 1515 3350 1560 et
3392 1505 3628 1560 dedecus

2049 1611 2251 1656 Sancte
2281 1600 2532 1657 Ecclesia:
2562 1600 3000 1671 archiepiscopus
3021 1598 3370 1663 Turonensis,
3401 1606 3458 1653 et
3500 1613 3627 1652 cum

2048 1708 2114 1748 eo
2141 1694 2423 1762 cpiscopus
2451 1692 2810 1757 Redonensis,
2837 1691 3226 1762 superbissime
3263 1691 3500 1760 perversi
3545 1699 3628 1746 lo-

2050 1793 2160 1838 tum
2189 1799 2323 1853 pene
2348 1793 2745 1853 occupaverunt
2771 1783 3078 1837 concilium.
3117 1781 3450 1838 Redonensis
3473 1797 3628 1836 nam-

435 1881 496 1937 In
529 1883 746 1940 nomine
783 1893 983 1941 sancta:
1011 1893 1068 1939 et
1095 1884 1382 1939 individute
1409 1883 1712 1940 Trinitatis.
1751 1882 1937 1940 Notum

2051 1890 2155 1940 que
2179 1876 2561 1943 comprobatus
2587 1884 2670 1929 est
2696 1875 3005 1944 reus,quia,
3032 1890 3136 1928 non
3169 1872 3318 1942 prius
3344 1873 3625 1928 ordinatus

366 1973 438 2031 sit
462 1975 714 2031 omnibus
761 1985 964 2032 sanctae
999 1973 1098 2031 Dei
1139 1975 1394 2030 Ecclesia:
1423 1974 1547 2031 ﬁliis
1587 1975 1945 2046 przcsentibus

366 2077 422 2123 et
444 2065 642 2124 futuris
668 2068 811 2138 quod
859 2083 960 2140 ego
1014 2067 1168 2124 lluco
1219 2068 1310 2140 Dei
1361 2068 1532 2138 gratia
1577 2065 1946 2138 Lugdunensis

366 2157 807 2228 archiepiscopus
849 2138 993 2212 dono
1023 2159 1133 2213 Deo
1169 2165 1222 2212 et
1251 2138 1450 2212 sanctae
1485 2157 1599 2210 Fidi
1624 2157 1691 2212 de
1710 2156 1946 2211 Conchis

365 2255 423 2302 et
449 2245 650 2318 Begoni
694 2248 875 2302 abbati
906 2257 963 2302 et
987 2247 1396 2304 successoribus
1443 2247 1560 2314 ejus
1593 2257 1650 2302 et
1687 2248 1947 2304 fratribus

367 2337 678 2401 monasterii
710 2338 878 2406 ipsius
905 2337 1190 2394 ecclesiam
1241 2337 1454 2393 Sancta:
1472 2337 1619 2394 Fidis
1643 2341 1706 2394 de
1735 2339 1944 2394 Castel-

368 2427 476 2482 leto
516 2436 573 2482 et
615 2428 898 2483 ecclesiam
953 2429 1136 2484 Sancti
1177 2428 1412 2484 Victoris
1462 2445 1583 2484 cum
1627 2431 1944 2500 appenditiis

364 2521 502 2586 suis,
527 2536 687 2590 quam
719 2521 998 2590 praefatam
1023 2523 1310 2577 ecclesiam
1340 2523 1532 2578 dividit
1549 2523 1708 2594 Liger
1727 2524 1940 2591 ﬂuvius,

363 2612 465 2666 sub
486 2611 705 2666 annuali
751 2627 914 2667 censu
943 2623 1067 2668 octo
1113 2613 1428 2678 solidorum,
1480 2629 1708 2684 quorum
1745 2616 1944 2670 tnedie—

364 2713 452 2757 tas
501 2703 741 2758 solvetur
770 2705 822 2759 in
849 2705 1138 2760 festivitate
1180 2707 1355 2761 sancti
1409 2706 1644 2772 Martini,
1685 2707 1943 2764 medietas

363 2811 496 2852 vero
535 2797 588 2851 in
612 2797 995 2853 Purificatione
1023 2808 1224 2854 sancta:
1247 2799 1464 2862 Mariae;
1491 2800 1715 2856 retentis
1737 2801 1942 2872 synodo

360 2898 420 2943 et
447 2891 654 2960 paratis
687 2891 980 2946 secundum
1029 2907 1236 2947 morem
1292 2892 1516 2946 aliarum
1561 2893 1938 2958 ecclesiarum,

361 2988 420 3035 et
440 2981 746 3037 obedientia
793 2982 1093 3038 exhibenda
1131 2993 1238 3037 tam
1271 2984 1426 3039 nobis
1456 2993 1510 3038 et
1535 2986 1941 3041 successoribus

361 3073 564 3128 nostris
612 3089 772 3143 quam
800 3083 856 3130 et
885 3075 1370 3147 archipresbyteris
1421 3078 1642 3132 nostris.
1667 3077 1833 3132 Facta
1858 3086 1942 3134 est

361 3167 586 3221 douiatio
633 3168 748 3222 haec
796 3167 1040 3237 Lugduni
1101 3170 1152 3222 in
1203 3170 1362 3224 domo
1407 3179 1587 3224 nostra
1647 3170 1937 3240 episcopali

359 3257 589 3312 consilio
639 3258 1024 3314 canonicorum
1077 3268 1403 3326 nostrorum,
1456 3260 1662 3315 Bladini
1723 3262 1934 3327 decani,

356 3347 545 3404 Arbeti
597 3349 989 3414 archidiaconi,
1023 3348 1204 3405 Verini
1261 3351 1518 3420 capellani
1565 3352 1757 3406 nostri.
1787 3352 1854 3406 Et
1881 3363 1942 3408 ut

357 3440 479 3494 hare
509 3441 730 3496 donatio
777 3441 930 3496 firma
969 3451 1306 3513 permaneat,
1347 3443 1520 3514 sigillo
1571 3445 1788 3515 proprio
1817 3447 1939 3501 sub-

359 3544 445 3589 ter
471 3535 824 3604 signavimus.
853 3545 906 3590 et
939 3537 1162 3592 testibus
1209 3537 1667 3592 corroborandam
1713 3537 1938 3606 tradidi-

357 3641 496 3680 unus.
555 3625 611 3680 8.
664 3625 890 3680 Bladiui.
939 3624 995 3681 8.
1036 3627 1276 3682 Arberti.
1328 3625 1385 3680 8.
1413 3624 1593 3680 Verini
1649 3625 1818 3680 Calvi.
1870 3626 1932 3680 S.

355 3716 540 3771 Vériui
574 3718 834 3785 capellani
871 3720 1061 3772 nostri.
1099 3719 1156 3773 8.
1189 3717 1448 3788 Rostagni
1485 3717 1684 3771 Ferlot.
1719 3716 1776 3771 S.
1804 3717 1936 3772 Ful-

352 3808 547 3862 eherii.
569 3808 626 3863 S.
655 3808 886 3864 Veraldi.
905 3809 960 3865 8.
987 3809 1321 3880 Poncii.Ego
1340 3809 1490 3879 llugo
1519 3808 1586 3861 ad
1611 3808 1780 3862 vicem
1803 3823 1932 3862 can-

350 3895 556 3950 cellarii
583 3898 772 3968 scripsi
809 3909 864 3952 et
893 3899 1209 3968 subscripsi.

349 4076 434 4136 Ad
489 4074 805 4150 Gregorium,
857 4077 969 4133 VII
1022 4079 1315 4150 pontiﬁcem
1371 4077 1688 4132 Romanum.
1735 4109 1803 4117 —
1853 4078 1930 4132 De

773 4149 1228 4219 Augustodunensi
1259 4150 1500 4203 concilio.

945 4240 1124 4312 (Anno
1152 4241 1335 4311 1077.)

776 4331 987 4405 [alsisse
1023 4331 1245 4397 Concil.,
1273 4342 1314 4387 t.
1347 4332 1493 4406 XX.]

425 4441 559 4498 Vide
587 4443 640 4497 in
665 4441 914 4514 Gregorio
949 4443 1080 4513 VII,
1115 4444 1384 4517 Patrolog.
1421 4455 1459 4501 ι.
1487 4447 1760 4503 CXLVIII.

1082 4538 1189 4593 VII.

545 4625 628 4687 Ad
657 4627 916 4682 eumdem.
938 4655 1010 4668 -—-
1034 4629 1111 4683 De
1139 4631 1356 4684 concilio
1386 4630 1748 4686 Pictaviensi.‘

948 4719 1125 4791 (Anno
1154 4721 1334 4792 1078.)

767 4811 988 4885 [811mm,
1015 4812 1244 4878 Concil.,
1283 4823 1321 4867 ι.
1352 4813 1496 4886 XX.]

415 4901 642 4958 Domino
687 4917 752 4957 ac
794 4903 1004 4958 meritis
1048 4903 1206 4958 beato
1251 4918 1403 4973 papa:
1448 4905 1920 4968 GneoomoJluno

1965 3223 2010 3284 C

342 4993 566 5055 humilis
589 4997 871 5066 presbyter
897 4996 1260 5060 Diensium,in
1283 4995 1513 5052 Domino
1535 4997 1645 5053 Deo
1669 4999 1916 5054 salutem.
1957 5025 1962 5030 δ

413 5089 466 5145 In
513 5091 762 5160 concilio,
809 5091 950 5162 quod
996 5091 1234 5147 Pictavis
1268 5106 1366 5162 per
1397 5092 1628 5162 gratiam
1669 5092 1762 5147 Dei
1795 5107 1918 5147 cmn

340 5182 523 5251 aliquo
567 5183 747 5238 fructu
797 5183 1212 5248 celebravimus,
1262 5181 1430 5238 multa
1482 5183 1638 5238 nobis
1683 5183 1917 5252 pericula

339 5275 492 5345 prius
517 5274 571 5328 in
599 5275 810 5340 itinere,
841 5275 1007 5329 multa
1039 5275 1194 5330 nobis
1224 5274 1451 5329 adversa
1477 5275 1528 5328 in
1556 5275 1669 5344 ipsa
1701 5275 1919 5330 civitate

342 5375 456 5418 tum
489 5365 541 5420 in
573 5366 822 5432 concilio,
858 5375 969 5420 tum
994 5375 1143 5420 extra
1171 5366 1448 5421 exstitere.
1484 5367 1622 5421 Ecce
1647 5365 1790 5421 enim
1822 5381 1916 5421 rex

338 5453 675 5513 Francorum
704 5457 1010 5516 contrarius
1038 5456 1142 5511 sibi
1168 5457 1289 5525 ipsi,
1314 5457 1439 5525 quia
1467 5457 1774 5512 contrarius
1801 5467 1920 5512 erat

337 5547 473 5620 Regi
522 5550 666 5615 cwli,
712 5551 860 5606 misit
901 5551 1108 5607 litteras
1148 5551 1382 5620 primum
1427 5551 1577 5618 mihi,
1625 5552 1678 5607 in
1705 5553 1918 5623 quibus

338 5639 703 5696 confitebatur
727 5641 973 5706 Domino,
1002 5640 1272 5697 desiderio
1303 5641 1616 5698 desiderans
1645 5660 1704 5699 se
1732 5645 1915 5698 vocari

338 5729 508 5796 ﬁlium
537 5747 741 5797 meum,
771 5741 970 5788 etcum
997 5734 1142 5788 omni
1172 5733 1338 5804 gloria
1369 5742 1424 5788 et
1452 5734 1657 5790 honore
1682 5737 1916 5790 auctori-

341 5829 505 5877 tatem
553 5831 752 5878 nostrte
801 5823 1082 5886 legationis
1128 5824 1608 5882 commendabilem
1657 5827 1910 5886 eﬂicirns.

2047 1967 2101 2022 in
2144 1967 2421 2035 clericum,
2453 1967 2734 2023 ordinatus
2771 1976 2856 2022 est.
2899 1966 2952 2020 in
2981 1967 3310 2036 episcopum,
3358 1965 3626 2035 promissa

2045 2063 2196 2132 prius
2227 2077 2293 2117 ac
2335 2061 2676 2131 postmodum
2708 2063 2833 2116 data
2875 2059 3020 2130 pallii
3053 2075 3222 2129 cappa
3259 2060 3328 2113 ab
3371 2060 3626 2128 episcopo

2045 2155 2438 2226 Andegavensi,
2470 2153 2771 2210 Redonensi
2809 2162 2986 2208 tamen
3018 2151 3147 2207 illud
3187 2152 3496 2216 nesciente;
3528 2153 3622 2206 sed

2047 2245 2192 2299 aliud
2245 2254 2373 2299 ante
2418 2244 2811 2299 ordinationem
2861 2243 3188 2307 confitente,
3237 2243 3446 2298 scilicet
3495 2258 3623 2298 cum

2045 2351 2213 2406 eques
2249 2345 2395 2391 esset
2435 2337 2668 2406 equitem
2709 2337 2985 2391 inimicum
3019 2337 3087 2392 ab
3129 2351 3270 2406 equo
3303 2335 3532 2404 deiecit,
3567 2345 3625 2391 et

2046 2427 2204 2495 hujus
2239 2426 2574 2482 Redonensis
2608 2428 2788 2482 socius
2817 2442 2984 2496 eques
3021 2426 3288 2496 dejectum
3331 2426 3478 2480 illum
3509 2427 3624 2480 vul-

2045 2533 2174 2573 nere
2199 2516 2464 2584 confodit,
2497 2518 2586 2587 qui
2633 2533 2732 2588 pro
2765 2533 2827 2574 ea
2873 2518 3172 2588 dejectione
3215 2526 3270 2572 et
3314 2517 3535 2572 vulnere
3565 2519 3617 2571 in

2044 2623 2274 2666 mortem
2321 2612 2597 2668 occubuit.
2651 2611 2762 2668 Nos
2812 2613 2974 2684 igitur
3023 2613 3314 2668 multorum
3366 2613 3621 2684 precibus

2045 2703 2314 2769 inclinati,
2362 2704 2596 2758 nondum
2639 2704 2941 2774 depositum
2990 2705 3084 2760 sed
3131 2705 3346 2759 interim
3393 2719 3622 2776 suspen-

2041 2809 2186 2858 sum,
2228 2795 2351 2865 quia
2394 2811 2504 2850 sua:
2541 2795 2690 2850 utilis
2718 2805 2837 2850 erat
2865 2795 3140 2860 Ecclesiaz,
3173 2805 3366 2851 vestrae
3406 2795 3620 2852 miseri-

2042 2888 2242 2943 cordia:
2292 2888 2726 2957 praesentandum
2777 2899 2832 2943 et
2877 2889 3228 2959 judicandum
3279 2888 3616 2959 reliquimus.

2043 2976 2376 3034 Turonensis
2400 2993 2530 3033 vero
2553 2979 2936 3049 comprobatus
2971 2989 3056 3035 est
3083 2988 3209 3035 ante
3246 2981 3619 3050 episcopatum

2043 3068 2322 3123 decaniam
2359 3069 2583 3136 emisse,
2628 3083 2789 3138 quam
2841 3083 2908 3122 ex
2941 3069 3340 3124 consuetudine.
3365 3071 3480 3140 ejus
3513 3071 3619 3127 Ec-

2041 3162 2221 3218 clesiae.
2249 3163 2352 3218 nisi
2381 3163 2470 3232 qui
2492 3161 2604 3231 jam
2634 3163 2887 3218 sacerdos
2918 3162 3124 3228 fuisset,
3159 3163 3240 3218 vel
3264 3162 3375 3232 jam
3403 3163 3619 3218 futurus

2042 3255 2298 3311 sacerdos
2327 3264 2488 3320 esset,
2525 3255 2728 3312 habere
2755 3271 2860 3310 non
2886 3266 3086 3326 posset.
3127 3256 3224 3311 Hic
3258 3258 3421 3326 igitur
3442 3258 3618 3314 Turo-

2041 3351 2224 3406 nensis
2252 3351 2398 3406 nullo
2425 3351 2582 3405 modo
2605 3351 2863 3406 canonice
2891 3350 3097 3406 electus
3140 3365 3246 3404 non
3272 3351 3445 3421 potuit
3469 3353 3615 3408 obti-

2040 3457 2170 3498 nere
2198 3461 2228 3497 a
2271 3458 2397 3514 rege
2431 3443 2630 3498 donum
2662 3443 3022 3513 episcopatus,
3068 3457 3236 3513 usque
3276 3443 3401 3497 dum
3448 3458 3616 3513 news

2039 3535 2196 3604 hujus
2225 3537 2391 3607 ipsius
2425 3551 2522 3606 per
2558 3552 2810 3591 nummos
2835 3535 3113 3606 praefatam
3145 3537 3423 3592 decaniam
3450 3538 3618 3592 fuerit

2036 3632 2280 3697 adeptus.
2306 3627 2380 3683 De
2407 3627 2634 3682 simonia
2664 3627 2824 3682 etiam
2857 3627 3013 3682 aliter
3040 3636 3325 3683 accusatus
3353 3637 3458 3694 est,
3485 3630 3616 3700 quia

2035 3721 2248 3774 cuidam
2294 3721 2447 3775 militi
2482 3721 2670 3776 silvam
2716 3721 3045 3790 promiserit,
3093 3721 3139 3775 si
3177 3735 3275 3790 pro
3300 3723 3615 3793 episcopatu

2034 3826 2152 3866 eum
2175 3812 2425 3879 juvisset.
2462 3810 2612 3878 Quod
2639 3827 2760 3865 cum
2789 3822 2972 3881 postea
3000 3811 3152 3867 miles
3182 3813 3280 3882 ipsi
3309 3814 3611 3882 improbas-

2034 3913 2114 3960 set
2154 3903 2220 3976 [Γ.
2261 3905 2720 3975 improperasset],
2758 3904 3159 3974 Andegavensis
3197 3906 3480 3976 episcopus
3516 3908 3612 3961 ad-

2033 3999 2162 4060 fuit,
2206 3997 2295 4066 qui
2346 3997 2501 4052 nobis
2534 4013 2600 4051 ex
2635 3998 2821 4052 eodem
2865 3998 3006 4052 clara
3059 4014 3190 4054 voce
3238 4001 3610 4056 testimonium

2032 4090 2321 4160 perhibuit.
2348 4088 2589 4160 Longum
2635 4098 2736 4152 est,
2766 4089 2946 4156 Pater,
2984 4105 3305 4147 enumerare
3335 4095 3520 4148 turbas
3555 4104 3610 4150 et

1957 4189 1962 4200 '
2029 4179 2332 4246 conﬂictus,
2381 4195 2516 4250 quos
2561 4189 2616 4234 et
2659 4189 2909 4250 quantos,
2961 4183 3231 4252 quomodo
3276 4192 3330 4238 et
3377 4184 3465 4238 ubi
3518 4186 3609 4241 hic

2030 4269 2360 4327 Turonensis
2387 4273 2542 4328 nobis
2566 4272 2827 4335 intulerit,
2860 4272 3149 4342 aliquando
3180 4289 3276 4344 pro
3301 4274 3608 4331 Redonensi

2029 4379 2304 4433 nunquam
2345 4364 2718 4419 ratiocinandn
2763 4365 2855 4420 sed
2906 4379 3120 4435 semper
3157 4367 3466 4436 garriendo,
3511 4368 3608 4422 ali-

2026 4457 2242 4526 quando
2272 4473 2368 4528 pro
2392 4473 2452 4513 se
2480 4458 2882 4524 inclamitando,
2910 4475 3031 4514 cum
3057 4461 3200 4514 omni
3230 4477 3448 4515 suorum
3478 4479 3601 4531 gar-

1950 4571 2001 4631 υ
2030 4552 2245 4605 rulitate
2272 4560 2326 4605 et
2358 4551 2650 4620 imprudenti
2679 4550 2902 4604 audacia
2931 4549 3274 4605 clericorum.
3317 4551 3448 4604 Nam
3476 4554 3602 4605 dum

2025 4643 2189 4696 etiam
2235 4641 2699 4710 archiepiscopum
2747 4639 3156 4710 Lugdunensem
3189 4657 3323 4709 pene
3366 4641 3605 4696 inﬂecte-

2028 4742 2147 4788 rent
2177 4734 2242 4787 ad
2274 4733 2555 4787 tuitionem
2596 4749 2771 4796 suam,
2815 4735 2888 4788 ita
2935 4743 2992 4787 ut
3032 4750 3129 4803 pro
3173 4735 3253 4788 eis
3283 4743 3486 4797 oraret,
3520 4735 3604 4788 vel

2025 4823 2428 4892 obloqueretur,
2479 4822 2687 4878 l'oribus
2733 4823 2974 4878 ecclesia:
3023 4822 3259 4879 effractis
3307 4825 3604 4881 servientes

2026 4929 2210 4969 eorum
2246 4915 2526 4969 securibus
2553 4925 2761 4970 armata
2793 4932 2954 4969 manu
2985 4916 3337 4982 introeuntes,
3370 4916 3443 4971 ita
3473 4934 3606 4972 con-

2022 5004 2203 5058 cilium
2241 5019 2433 5072 magno
2465 5005 2694 5058 tumultu
2735 5007 3176 5070 exturbaverunt,
3225 5022 3332 5076 quo
3375 5007 3601 5065 fratrem

2025 5095 2084 5148 T.
2138 5095 2190 5148 in
2240 5106 2466 5150 mortem
2516 5097 2810 5160 dedissent,
2869 5097 2968 5151 nisi
3025 5096 3284 5154 Dominus
3339 5109 3396 5154 ut
3448 5111 3600 5154 scuto

2022 5187 2176 5240 bona:
2211 5185 2500 5247 voluntatis
2522 5203 2631 5241 sua:
2654 5198 2972 5244 eoronasset
2996 5205 3140 5244 eum.
3185 5191 3259 5245 Ita
3294 5193 3448 5246 nobis
3476 5209 3598 5246 cum

2023 5277 2292 5346 paucitate
2319 5293 2381 5330 ac
2407 5278 2670 5334 dedecore
2700 5280 2926 5344 relictis,
2959 5281 3292 5337 Turonensis
3323 5292 3378 5336 et
3405 5283 3600 5335 sntl‘ra-

2019 5368 2177 5438 ganei
2220 5367 2336 5436 ejus
2360 5384 2482 5422 cum
2528 5372 2760 5440 superbo
2806 5372 3034 5426 tumultu
3067 5373 3368 5426 inordinate
3392 5383 3446 5427 et
3491 5387 3595 5425 non

2021 5460 2281 5513 canonice
2323 5469 2687 5514 recesserunt.
2725 5461 2906 5516 Altera
2935 5462 3020 5521 die
3052 5462 3107 5515 in
3149 5462 3374 5516 ecclesia
3409 5461 3468 5514 Β.
3504 5461 3598 5515 Ili-

2017 5552 2138 5606 larii
2168 5552 2302 5606 inito
2323 5551 2551 5606 concilio
2573 5551 2715 5605 nulla
2742 5553 2895 5613 nobis
2921 5553 3181 5621 promissa
3209 5553 3290 5606 vel
3315 5553 3594 5622 praemissa

2018 5642 2388 5698 satisfactione
2415 5643 2481 5698 de
2511 5641 2728 5710 injuria,
2762 5644 2952 5697 iterum
2982 5643 3149 5697 draco
3181 5644 3267 5698 ille
3312 5645 3598 5714 insurgens

2021 5744 2272 5804 tzmquatn
2315 5733 2399 5787 leo
2431 5732 2647 5802 rugiens
2686 5749 2790 5787 non
2824 5733 2998 5800 potuit
3024 5733 3199 5787 audiri
3228 5733 3462 5803 diutius;
3501 5736 3595 5792 sed

2017 5835 2298 5882 exerentes
2339 5825 2574 5896 gladium
2621 5824 2862 5894 spiritus,
2897 5825 3037 5896 quod
3071 5836 3155 5884 est
3197 5843 3422 5886 vernum
3472 5826 3594 5898 Dei,
