3926 6446
526 387 623 442 5H

1474 383 1774 440 HUGONIS
1811 379 2296 438 LUGDUNENSIS
2332 376 2849 433 ARCHIEPISCOPI

3641 372 3730 429 5ῑὲ

526 505 896 574 ροτριιςδίιηιιε
922 504 1037 571 ejus
1076 500 1401 568 superbiam,
1425 507 1478 553 et
1506 500 1724 553 decreto
1748 499 1905 567 hujus
1931 511 2090 566 nego-
2121 503 2163 556 Α
2198 494 2441 548 videlicet
2472 491 2881 546 nefandissimos
2908 499 3059 542 actus
3087 498 3213 537 suos
3236 482 3287 574 in
3316 481 3530 535 auribus
3551 484 3733 550 episco-

528 593 586 647 tii
640 594 845 660 prolato
892 590 1267 659 suspendimus
1313 602 1432 641 eum
1478 589 1641 642 etiam
1693 603 1722 640 a
1773 584 2095 641 sacerdotali

528 681 721 737 ollicio.
753 684 815 734 Et
839 684 961 749 quia
993 680 1172 733 sedem
1206 678 1553 747 apostolicam
1584 678 1868 748 appellavit
1908 678 1995 732 ubi
2039 692 2098 731 se

527 780 877 840 purgalurllttl
911 769 1076 823 fuisse
1101 770 1165 823 de
1194 770 1419 823 simonia
1452 771 1708 834 asseruit,
1749 771 1813 823 ad
1852 768 2100 839 apostoli-

526 874 642 911 cam
685 859 863 911 sedem
893 874 1016 911 eum
1050 859 1376 925 remisimus,
1410 871 1464 915 et
1492 871 1670 915 vestro
1706 862 1910 932 judicio
1937 862 2098 930 depo-

525 947 757 1002 nendum
790 946 1162 1017 relinquimus.
1212 949 1393 1002 Abbas
1425 948 1707 1021 Bergensis
1752 950 1995 1004 ecclesia‘
2032 950 2097 1004 de

520 1024 776 1093 'Flandria
814 1038 979 1095 fuisse
1017 1042 1347 1097 sitnouiaeus
1390 1044 1774 1113 comprobatus
1800 1051 1883 1097 est
1915 1051 1971 1097 et
2000 1044 2096 1098 de-

522 1133 747 1201 positus.
774 1131 1080 1188 Bisontinus
1108 1135 1543 1205 archiepiscopus
1573 1151 1670 1189 nec
1699 1133 1959 1190 [Eduensi
1998 1148 2096 1188 nec

522 1221 823 1278 Pictaveasi
865 1225 1090 1279 concilio
1120 1240 1178 1279 se
1227 1228 1589 1295 praesentavit,
1639 1242 1737 1282 nec
1781 1227 2095 1282 canonicam

523 1313 673 1367 misit
716 1317 1138 1372 excusationem.
1173 1317 1553 1374 Belvacensem
1593 1318 1861 1388 pulsatum
1909 1318 1975 1372 de
2023 1316 2098 1371 si-

522 1408 727 1472 monia,
774 1417 830 1463 et
867 1409 957 1478 qui
986 1419 1107 1479 post
1148 1411 1425 1466 decretum
1452 1411 1767 1481 praebendas
1793 1412 2096 1468 vendiderit

518 1495 871 1565 judicandum
936 1501 1090 1555 vobis
1142 1502 1467 1557 remisimus.
1528 1503 1937 1559 Noviomensem
1998 1517 2096 1571 pro

525 1603 686 1642 causa
716 1604 809 1643 sua
842 1590 1107 1645 similiter.
1146 1591 1275 1645 item
1305 1592 1721 1647 Ambianeusem
1752 1608 2092 1662 pervasorem

525 1692 647 1732 cum
670 1680 1070 1735 ordinatoribus
1096 1682 1232 1745 suis,
1258 1682 1504 1736 videlicet
1532 1681 1904 1747 Laudunense,
1929 1681 2092 1736 Sues-

523 1781 771 1843 sonense,
804 1769 1227 1826 Silvancctcuse.
1273 1770 1404 1825 Mala
1435 1773 1677 1841 quaedam
1712 1783 1892 1827 nostra
1930 1773 2091 1827 etiam

2199 600 2385 654 porum
2416 591 2469 637 et
2503 582 2853 636 cardinalium
2874 577 3150 646 jactantcr
3173 573 3405 627 recitare
3445 587 3543 625 non
3571 574 3735 628 erube-

2198 684 2391 738 sceret,
2431 673 2701 740 copiosius
2744 670 3045 723 necessario
3088 659 3559 732 «Mprebendimus,
3596 677 3732 731 quam

2200 763 2603 820 intolerabiliter
2620 761 2783 816 Deum
2815 761 2865 812 in
2891 760 3057 829 ipsius
3078 753 3347 812 electione
3369 749 3733 808 offenderimus.

2198 857 2331 925 Quis
2375 856 2554 919 enim,
2606 854 2709 908 nisi
2763 868 2829 907 ex
2869 853 3034 919 ipsius
3079 865 3174 904 ore
3230 844 3490 905 audisset,
3531 858 3737 912 unquam

2197 949 2443 1005 crederet
2499 947 2730 1001 Henrico
2762 946 2903 999 dicto
2935 944 3043 1010 regi
3087 942 3247 995 ﬁdem
3291 951 3413 990 eum
3452 934 3659 997 dedisse,
3687 945 3736 990 ut

2200 1043 2265 1097 de
2304 1039 2593 1096 obtinenda
2621 1037 2847 1091 Romani
2893 1034 3101 1105 imperii
3149 1043 3353 1087 corona
3394 1025 3610 1079 ﬁdeliter
3633 1042 3736 1080 eum

2199 1130 2524 1200 adjuvaret?
2555 1134 2662 1183 Aut
2688 1126 2839 1195 cujus
2878 1123 3150 1179 accuSatio
3179 1131 3371 1176 contra
3410 1115 3563 1168 talem
3590 1117 3737 1170 viratu

2199 1223 2546 1293 reciperetur,
2573 1221 2673 1275 nisi
2705 1220 2839 1289 ipse,
2873 1216 3027 1287 quasi
3058 1214 3130 1270 θ)
3149 1212 3424 1269 cumulum
3445 1206 3626 1282 gloria
3649 1222 3741 1261 sua:

2198 1314 2540 1378 ascribendo,
2590 1312 2742 1368 nobis
2779 1317 3073 1372 narrasset,
3105 1306 3422 1377 praedictum
3473 1314 3646 1373 regem
3687 1300 3741 1353 ad

2199 1406 2527 1462 invadendas
2580 1414 2752 1459 terras
2803 1403 2941 1456 beati
2993 1399 3134 1454 Petri
3183 1412 3482 1466 nunquam,
3524 1395 3614 1447 nisi
3663 1404 3742 1443 suo

2198 1498 2422 1555 consilio
2450 1507 2504 1552 et
2542 1496 2890 1566 persuasione
2934 1492 3290 1553 animaretur,
3321 1487 3546 1541 Romam
3582 1497 3740 1540 trans-

2199 1591 2343 1645 isse?
2386 1587 2628 1657 nunquid
2673 1603 2780 1641 non
2817 1584 3054 1641 delirans
3096 1582 3398 1645 videretur,
3426 1581 3469 1634 si
3510 1578 3622 1648 quis
3651 1578 3740 1632 Ro-

2196 1697 2413 1737 manum
2435 1680 2662 1737 electum
2692 1686 2816 1749 post
2832 1676 3224 1732 absolutionem
3248 1689 3278 1729 a
3303 1672 3606 1730 beatissimo
3626 1686 3739 1740 papa

2195 1774 2455 1844 Gregorio
2483 1780 2787 1840 susceptam
2812 1766 3340 1824 excommunicatum
3371 1763 3617 1834 garriret,
3654 1764 3742 1817 nisi

522 1861 774 1917 iutestim
823 1864 1133 1929 reliccluus,
1172 1865 1297 1933 quia
1346 1879 1603 1933 personas
1651 1880 1682 1918 a
1729 1864 1922 1935 quibus
1969 1874 2093 1919 sunt
2126 1847 2169 1905 Β
2202 1868 2315 1935 ipse
2361 1865 2610 1919 Attonem
2661 1860 2987 1917 cardinalem
3042 1856 3490 1913 Mediolanensem
3545 1854 3742 1909 electum

522 1952 693 2017 illata,
734 1955 842 2009 Deo
865 1955 1112 2023 juvante,
1143 1970 1303 2025 quam
1335 1957 1495 2011 citius
1525 1959 1732 2012 venturi
1765 1959 2099 2013 commodius

520 2042 671 2096 vobis
697 2059 749 2097 In
775 2061 904 2099 aure
940 2046 1200 2100 dir-emus.
1226 2046 1429 2101 Causas
1455 2047 1857 2119 Andegaveusis
1886 2049 2099 2105 comitis

519 2133 659 2187 sicut
699 2136 1026 2203 prtccepistis
1059 2137 1127 2192 ab
1165 2137 1332 2206 ipsius
1367 2153 1461 2193 ore
1507 2140 1807 2207 audientes,
1854 2139 2095 2194 rationa-

518 2222 652 2277 biles
683 2240 818 2293 pene
842 2241 961 2280 esse
986 2227 1347 2295 credidimus;
1401 2229 1492 2283 sed
1523 2228 1588 2285 de
1618 2230 1955 2285 absolutione
1983 2231 2100 2300 ejus

518 2335 625 2373 non
665 2329 1050 2389 przcsumentes
1088 2319 1455 2377 diﬁinitionem
1494 2324 1652 2394 hujus
1694 2326 1766 2380 rei
1801 2325 2099 2395 prudentiae

519 2412 822 2468 sanctitatis
852 2423 1045 2468 vestra:
1068 2415 1475 2470 committimus.
1517 2416 1571 2470 Si
1596 2417 1726 2485 quid
1754 2431 1882 2473 vero
1920 2419 2097 2473 minus

519 2506 836 2574 scripsimus
887 2508 1162 2561 sanctitati
1220 2520 1445 2570 vestrae,
1502 2508 1681 2563 Teuzo
1730 2510 1869 2565 ﬁlius
1923 2522 2099 2565 vester

521 2594 863 2651 ﬁdelissimus
889 2608 1207 2665 cooperator
1239 2609 1423 2653 uoster
1448 2601 1498 2654 in
1532 2601 1768 2667 domino,
1798 2603 1864 2656 de
1892 2601 2097 2656 Tarva~

519 2687 672 2741 nensi
695 2688 946 2759 episeopo
969 2705 1092 2745 cum
1115 2691 1433 2746 Pictaviensi
1459 2695 1585 2762 quid
1608 2697 1955 2751 statuerimus
1981 2697 2097 2767 ple-

524 2775 649 2831 nius
679 2778 969 2833 iutimabil.
997 2778 1285 2835 Provideat
1309 2783 1487 2850 itaque
1516 2784 1776 2839 sanctitas
1801 2796 1999 2847 vestra,
2031 2802 2096 2840 ne

520 2867 721 2923 diutius
762 2878 868 2922 tam
907 2871 1257 2940 opprobriose
1298 2873 1452 2929 nobis
1496 2876 1909 2946 improperetur,
1954 2882 2095 2948 quod

519 2959 804 3015 simoniaei
855 2962 937 3016 vel
970 2978 1276 3033 quicunque
1304 2966 1581 3021 eriminosi
1614 2984 1641 3021 a
1671 2968 1826 3023 nobis
1851 2972 2093 3039 suspensi

518 3053 603 3108 vel
629 3054 857 3122 depositi
894 3065 989 3110 aut
1016 3057 1179 3109 etiam
1213 3058 1450 3112 damnati
1476 3058 1706 3114 libenter
1739 3071 1966 3115 currunt
1999 3061 2098 3116 Ro-

517 3159 693 3207 mam,
729 3155 784 3199 et
826 3147 913 3200 ubi
960 3146 1217 3203 deberent
1257 3150 1459 3206 sentire
1500 3151 1815 3219 ampliorem
1862 3152 2091 3223 rigorem

514 3236 775 3305 justitize,
825 3238 947 3293 inde
987 3251 1263 3308 reportant
1314 3243 1466 3311 quasi
1519 3243 1944 3298 misericordiam
1994 3260 2093 3313 pro

519 3328 816 3383 voluntate.
858 3331 922 3385 Et
949 3333 1038 3401 qui
1081 3342 1236 3387 antea
1272 3349 1371 3388 nec
1411 3335 1464 3388 in
1506 3335 1713 3390 levibus
1743 3352 2093 3408 praesumpse-

520 3427 647 3473 ruut
693 3435 933 3489 peccare,
964 3424 1304 3491 postmodum
1343 3435 1599 3481 exercent
1640 3427 1971 3495 aptissimam
2001 3444 2095 3484 ne-

520 3512 866 3582 gotiationem
894 3530 1014 3570 eum
1058 3517 1341 3588 tyrannide
1373 3518 1424 3570 in
1449 3518 1751 3573 commissis
1790 3521 1889 3575 sibi
1923 3521 2093 3576 eccle-

518 3604 631 3659 siis.
675 3603 802 3668 Ora,
850 3607 1195 3663 sanctissime
1235 3624 1395 3678 papa,
1440 3624 1538 3680 pro
1591 3624 1675 3664 me
1725 3613 1895 3666 inutili
1937 3628 2092 3669 servo

519 3701 821 3754 Sanctitatis
846 3709 1057 3756 vestrae.

1239 3814 1370 3869 Vill.

513 3920 947 3999 AdMatlu'ldem
985 3926 1327 3999 comitissnm.
1356 3958 1422 3966 —
1460 3928 1539 3982 De
1575 3930 1847 3993 electione,
1887 3949 2091 3999 promo-

580 3995 717 4066 tione
754 4007 799 4046 et
822 3996 1204 4066 consecratione
1229 3996 1516 4061 Desiderii,
1541 4002 1738 4053 abbatis
1768 3995 2089 4066 Casinensis,

581 4063 637 4116 in
675 4064 969 4133 pontiﬁcem
1016 4064 1306 4120 Romanum
1350 4070 1443 4122 sub
1486 4072 1690 4124 nomine
1725 4070 1944 4125 Victoris
1972 4063 2087 4125 III;

1105 4159 1280 4229 (Auno
1320 4161 1502 4221 1087.)

903 4249 1357 4322 [ΜΑΝ51,(ῖοηεὶΙ.,
1395 4265 1523 4309 tom.
1557 4254 1702 4327 XX]

585 4336 756 4404 liuco,
792 4350 990 4394 sanctae
1028 4341 1402 4412 Lugdunensis
1440 4343 1690 4397 Ecclesia:
1724 4360 1929 4413 servus,
1955 4346 2087 4401 diie-

509 4430 763 4485 ctissimaa
805 4432 856 4485 in
894 4430 1109 4488 Christo
1149 4434 1321 4488 sorori
1361 4434 1458 4498 Μ.,
1490 4436 1682 4489 divina:
1705 4437 2089 4495 consolationis

509 4522 839 4577 uberrimam
868 4525 1121 4593 gratiam.

581 4612 723 4682 Quot
747 4624 799 4670 ct
829 4616 1047 4684 quantis
1076 4626 1276 4671 sanctze
1317 4618 1576 4673 Romana}
1606 4617 1861 4675 Ecclesire
1884 4620 2084 4676 litteris

508 4713 563 4757 et
593 4705 1047 4760 reverentissimze
1075 4709 1347 4762 memoria:
1377 4710 1517 4763 beati
1537 4709 1869 4777 Anselmi,et
1892 4712 2084 4767 vestris

508 4806 619 4851 tam
663 4796 1044 4868 legationibus,
1069 4814 1228 4867 quam
1268 4810 1322 4853 et
1366 4800 1560 4855 litteris
1594 4813 1810 4857 coactus
1859 4803 2080 4858 Romam

506 4890 747 4943 venerim
783 4931 797 4952 ,
846 4899 1158 4959 quantoque
1209 4900 1450 4961 tempore
1505 4893 1557 4946 in
1615 4895 1856 4963 partibus
1919 4895 2082 4950 Italiae

505 4990 693 5035 contra
724 4979 885 5035 oﬁicii
914 4981 1016 5035 mei
1056 4983 1385 5050 propositum
1422 4993 1661 5038 moratus
1699 4986 1822 5049 sim,
1846 4986 2080 5055 pruden-

505 5072 578 5124 tia
608 5081 786 5127 vestra
815 5074 994 5127 doceri
1030 5089 1133 5127 non
1161 5073 1361 5145 indiget
1392 5093 1404 5129 :
1435 5075 1748 5131 electionem
1775 5093 1903 5133 vero
1933 5079 2082 5133 Casi-

503 5164 687 5219 nensis
715 5164 926 5220 abbatis
946 5176 1228 5236 antequam
1252 5185 1350 5238 ego
1374 5169 1595 5224 Romam
1623 5170 1860 5223 venerim
1884 5168 2081 5223 factam

504 5253 832 5311 sufﬁcienter
874 5258 1134 5323 audistis,
1174 5259 1258 5313 cui
1303 5269 1409 5313 tam
1455 5275 1552 5329 ego
1602 5275 1764 5329 qnam
1799 5268 1854 5315 et
1899 5260 2077 5315 czeteri

504 5346 702 5403 fratres
726 5349 829 5403 mei
855 5360 1051 5406 sanctae
1082 5351 1336 5407 Romana:
1366 5351 1621 5407 Ecclesia:
1658 5352 1773 5414 ﬁlii,
1797 5350 2079 5418 diligentes

503 5442 674 5510 magis
713 5441 937 5509 gloriam
988 5443 1261 5498 hominum
1310 5459 1469 5514 quam
1515 5444 1630 5509 Dei,
1678 5458 1776 5510 pro
1823 5445 2079 5511 temporis

502 5532 817 5592 infirmitate
863 5552 1137 5593 assensum
1186 5539 1531 5606 praebuimus.
1562 5539 1848 5608 Postquam
1896 5546 2078 5593 autem

500 5626 567 5680 ad
621 5638 857 5683 montem
904 5630 1184 5697 (Iasinmn,
1232 5648 1340 5700 quo
1389 5631 1501 5699 ipse
1549 5631 1660 5699 jam
1699 5641 2072 5702 praecesserat,

501 5716 689 5779 Roma:
718 5719 1029 5787 aliquandiu
1064 5723 1254 5775 morati
1289 5721 1459 5791 ipsius
1488 5723 1681 5778 ducatu
1704 5723 2071 5789 pervenimus,

498 5833 558 5866 «ες
607 5809 845 5869 eiusdem
895 5808 1249 5868 fainiliaribus
1293 5811 1570 5868 nobiscum
1610 5813 1915 5882 colloquiis,
1946 5812 2072 5870 dum

2200 1975 2227 2011 a
2261 1957 2518 2027 praedicto
2546 1970 2683 2026 papa
2712 1955 2902 2010 eodem
2934 1952 3131 2007 abbate
3162 1948 3536 2005 subscribente
3561 1946 3745 2018 publice

2199 2046 2748 2111 excommunicatum,
2806 2052 2861 2098 et
2907 2042 3024 2097 sine
3068 2039 3388 2110 ptenitentia
3438 2037 3744 2101 defunctum,

2201 2155 2305 2194 non
2354 2139 2524 2194 solum
2569 2138 2787 2192 beatum
2837 2135 2890 2212 in
2937 2133 3211 2188 communi
3263 2139 3453 2187 nostra
3500 2130 3745 2185 audienti:

2200 2228 2492 2297 praedicare
2521 2235 2890 2298 praesumeret,
2924 2239 3112 2279 verum
3135 2224 3295 2279 etiam
3322 2222 3556 2289 seipsum
3584 2220 3747 2275 nonin

2199 2317 2324 2383 alia,
2365 2317 2468 2371 nisi
2503 2318 2556 2371 in
2584 2330 2688 2387 qua
2731 2316 2843 2385 ipse
2870 2323 2975 2381 est,
3000 2313 3169 2384 gloria
3200 2311 3442 2366 futurum
3467 2319 3674 2365 oraret:
3702 2310 3746 2362 in

2198 2410 2394 2477 quibus
2433 2407 2683 2462 omnibus
2710 2406 3088 2461 dilectissimos
3126 2403 3326 2459 fratres
3368 2414 3586 2456 nostros
3620 2400 3676 2454 ll.
3702 2411 3750 2455 et

2197 2502 2256 2556 Β.
2285 2500 2605 2564 cardinales,
2639 2515 2775 2570 quos
2820 2499 3095 2554 vobiscum
3132 2511 3255 2552 esse
3303 2504 3576 2566 putamus,
3605 2503 3749 2548 testes

2199 2598 2548 2657 advocamus,
2588 2593 2678 2662 qui
2716 2592 2799 2647 vel
2833 2593 2931 2661 ipsi
2955 2592 3021 2647 de
3056 2591 3171 2659 ejus
3209 2606 3307 2645 ore
3351 2589 3653 2654 audierunt,
3678 2586 3749 2641 vel

2197 2690 2354 2745 bonis
2390 2689 2557 2754 viris,
2597 2687 2792 2755 quibus
2836 2688 3199 2742 indubitanter
3236 2685 3497 2748 credunt,
3533 2682 3749 2738 referen-

2199 2780 2366 2846 tibus,
2397 2793 2456 2835 se
2494 2780 2709 2834 audisse
2747 2778 3021 2833 dixerunt.
3050 2777 3273 2844 Quoties
3312 2777 3535 2832 decreta.
3571 2773 3751 2830 domini

2196 2874 2279 2927 sui
2329 2887 2479 2943 papa:
2517 2871 2791 2943 Gregorii,
2824 2871 3161 2940 aliorumque
3195 2879 3508 2925 sanctorum
3553 2868 3749 2921 Patrum

2200 2979 2306 3018 non
2341 2963 2514 3018 solum
2541 2964 2710 3017 verbo
2739 2971 2923 3033 aperte
2951 2961 3360 3031 improbaverit,
3398 2975 3585 3014 verum
3608 2959 3749 3013 etiam

2197 3054 2499 3112 manifestis
2536 3055 2790 3125 operibus
2834 3063 3019 3125 postea
3058 3053 3413 3115 destruxerit,
3460 3053 3510 3105 in
3548 3061 3673 3120 quot
3708 3058 3752 3102 et

2197 3147 2392 3218 quibus
2425 3148 2560 3203 locis
2585 3146 2905 3202 electionem
2938 3161 3089 3200 suam
3124 3162 3227 3201 non
3254 3145 3553 3200 secundum
3586 3145 3751 3205 Deum,

2195 3242 2289 3293 sed
2336 3240 2684 3294 tumultuarie
2714 3238 2914 3293 factam
2955 3252 3293 3305 asseverans,
3320 3238 3530 3307 publice
3570 3236 3753 3290 refuta-

2194 3332 2354 3392 verit,
2380 3338 2435 3384 et
2466 3346 2740 3400 nunquam
2769 3347 2828 3384 se
2857 3329 3212 3397 acquievisse,
3241 3329 3324 3383 vel
3372 3330 3425 3383 in
3458 3338 3753 3397 perpetuum

2196 3424 2569 3490 acquieturum
2596 3421 2699 3475 sub
2728 3419 2955 3475 terribili
2998 3421 3347 3474 atlestatione
3374 3418 3711 3472 aliirmaverit
3738 3435 3749 3469 :

2193 3529 2395 3585 quasve
2423 3528 2681 3583 personas
2717 3513 3034 3567 electionem
3062 3511 3334 3567 reddendo
3366 3512 3629 3569 ecclesiae.
3659 3512 3754 3563 ido-

2194 3621 2323 3661 neas
2368 3605 2490 3674 eligi
2538 3605 2589 3658 in
2643 3604 2943 3658 Romanum
2989 3604 3298 3673 pontiﬁcem
3354 3604 3579 3667 dixerit,
3630 3604 3753 3656 inter

2192 3715 2328 3770 quas
2355 3700 2642 3768 quamdam
2682 3699 2833 3753 vobis
2858 3714 2923 3753 ex
2965 3698 3201 3762 nomine,
3230 3696 3525 3753 Mctensem
3570 3695 3753 3751 scilicet

2194 3792 2343 3858 Her.,
2374 3793 2709 3861 quorundam
2743 3792 2969 3847 consilio
3015 3792 3267 3859 scripsit,
3313 3792 3574 3862 quoniam
3618 3790 3752 3844 vobis

2195 3901 2386 3955 magna
2416 3901 2481 3939 ex
2513 3895 2665 3954 parte
2697 3883 2980 3938 manilesta
3010 3892 3155 3947 sunt,
3185 3892 3241 3936 et
3284 3884 3628 3953 epistularem
3656 3898 3752 3936 mo-

2192 3978 2318 4030 dum
2348 3978 2770 4040 cxcedereul,ex
2795 3977 2983 4031 ordine
3003 3978 3241 4032 scribere
3271 3979 3593 4032 omittimus.
3618 3976 3752 4030 Nunc

2193 4082 2320 4121 vero
2349 4083 2469 4122 cum
2494 4066 2604 4135 jam
2638 4069 2853 4122 tandem
2884 4079 3004 4137 post
3030 4078 3236 4123 tantum
3269 4070 3508 4125 laborem
3540 4069 3755 4123 inaniter

2193 4159 2521 4229 insumptum
2556 4162 2822 4231 respirare
2850 4163 3148 4227 videamur,
3182 4172 3234 4217 et
3261 4163 3582 4219 electionem
3614 4164 3754 4217 toties

2192 4251 2500 4315 refutatam,
2527 4261 2582 4306 et
2631 4251 2885 4307 Ecclesia:
2930 4253 3215 4317 redditam,
3255 4253 3437 4307 divina
3479 4255 3671 4325 gratia,
3704 4264 3753 4307 et

2190 4353 2369 4397 vestro
2419 4342 2537 4396 fulti
2582 4344 2807 4399 consilio
2853 4352 2910 4398 et
2954 4326 3159 4398 auxilio
3201 4345 3253 4399 in
3303 4348 3554 4415 proximo
3603 4346 3753 4399 libere

2190 4433 2367 4488 facere
2392 4435 2762 4502 sperabamus,
2799 4435 2898 4489 sub
2922 4436 3209 4490 occasione
3233 4436 3464 4504 eligendi
3494 4435 3560 4490 R.
3591 4435 3750 4505 ponti-

2114 4546 2164 4603 ι)
2192 4525 2369 4592 ﬁeem,
2425 4526 2711 4582 concilium
2743 4528 2794 4581 in
2832 4527 3038 4594 Capua,
3068 4530 3208 4583 sicut
3249 4528 3465 4582 illarum
3522 4529 3745 4598 partium

2187 4616 2511 4685 apostolicus
2550 4618 2782 4673 vicarius
2830 4620 3196 4689 congregavit.
3227 4619 3306 4672 Ac
3353 4619 3496 4688 quod
3540 4634 3662 4688 ego,
3704 4626 3750 4669 et

2189 4706 2354 4761 abbas
2405 4706 2774 4775 Massiliensis,
2819 4718 2980 4777 atque
3030 4708 3471 4779 archiepiscopus
3499 4707 3751 4778 Aqnensis

2189 4799 2328 4868 apud
2354 4795 2638 4854 Salernum
2676 4808 3092 4866 commorantes,
3126 4802 3194 4856 ab
3219 4803 3476 4872 episcopo
3503 4800 3744 4862 Ostiensi,

2186 4905 2241 4948 et
2286 4895 2525 4966 principe
2570 4895 2933 4961 Salernitauo,
2981 4908 3034 4951 et
3070 4897 3346 4963 Coneiano
3396 4898 3459 4950 R.
3499 4913 3566 4951 ex
3609 4905 3750 4964 parte

2185 4987 2372 5041 vicarii
2398 4998 2451 5042 et
2481 4988 2545 5041 R.
2575 4988 2828 5043 Ecclesiae
2854 4989 3084 5053 invitati,
3126 5001 3185 5043 ut
3221 4991 3494 5044 communi
3535 4986 3750 5043 consilio

2184 5077 2252 5133 Β.
2282 5063 2586 5146 pontiﬁcem
2611 5079 2952 5150 eligeremus,
2978 5083 3240 5136 veniendo
3262 5082 3617 5136 obedivimus.
3643 5080 3745 5132 Dux

2184 5169 2345 5223 etiam
2370 5169 2686 5238 quibusdam
2710 5171 3259 5227 eircumventionibus
3290 5189 3319 5227 a
3349 5172 3584 5228 Jordano
3612 5172 3746 5242 prin-

2183 5263 2301 5331 cipe
2350 5261 2662 5329 juveniliter
2714 5264 2944 5329 illectus,
2979 5264 3105 5318 illuc
3151 5266 3314 5319 venit.
3346 5266 3481 5320 Cum
3528 5282 3654 5335 ergo
3688 5265 3751 5318 de

2182 5354 2456 5423 proposito
2508 5355 2722 5423 negotio
2793 5365 3026 5410 tractare
3086 5357 3536 5426 disponeremus,
3588 5360 3747 5412 abbas

2181 5445 2499 5514 quibusdam
2529 5445 2777 5502 mollibus
2802 5456 2855 5502 et
2882 5449 3148 5518 gestuosis
3178 5450 3577 5518 repulsionibus
3632 5450 3745 5503 tau.

2181 5547 2327 5595 tores
2354 5555 2477 5597 suos
2513 5542 2791 5612 episcopos
2818 5550 2873 5596 et
2908 5543 3205 5613 principem
3231 5545 3297 5597 ad
3320 5544 3740 5613 compellendum

2179 5646 2240 5687 se
2282 5647 2579 5703 provocare
2604 5635 2786 5705 erepit.
2819 5634 3104 5705 Comperta
3148 5645 3328 5691 autem
3360 5637 3596 5693 versutia
3629 5652 3740 5701 sua,

2178 5738 2301 5779 cum
2322 5724 2562 5794 praedicti
2583 5725 2651 5782 ad
2677 5726 3065 5781 restitutionem
3091 5727 3173 5783 sui
3200 5728 3353 5797 quasi
3382 5728 3602 5782 invitum
3625 5743 3742 5781 eum

2177 5813 2583 5886 compellerent,
2628 5831 2726 5874 nos
2774 5818 3144 5887 praenominati
3190 5833 3312 5874 cum
3357 5819 3584 5875 Ostiensi
3633 5817 3745 5872 eui-
