  <div class='ocr_page' id='page_1' title='image "/cluster/home/n/w/nwhite01/storage/ocr_20150623/157/hvd.32044010248185/262.png"; bbox 0 0 3926 6466; ppageno 0'>
   <div class='ocr_carea' id='block_1_1' title="bbox 200 419 1716 490">
    <p class='ocr_par' dir='ltr' id='par_1_1' title="bbox 200 419 1716 490">
     <span class='ocr_line' id='line_1_1' title="bbox 200 419 1716 490; baseline -0.01 -1"><span class='ocrx_word' id='word_1_1' title='bbox 200 433 289 490; x_wconf 72' lang='grc'><strong>515</strong></span> <span class='ocrx_word' id='word_1_2' title='bbox 1320 419 1674 478; x_wconf 59' lang='grc' dir='ltr'><strong>Εριδτοιέε</strong></span> <span class='ocrx_word' id='word_1_3' title='bbox 1707 421 1716 473; x_wconf 95' lang='lat' dir='ltr'><strong>l</strong></span> 
     </span>
    </p>
   </div>
   <div class='ocr_carea' id='block_1_2' title="bbox 1820 419 2243 490">
    <p class='ocr_par' dir='ltr' id='par_1_2' title="bbox 1833 420 2243 479">
     <span class='ocr_line' id='line_1_2' title="bbox 1833 420 2243 479; baseline 0.015 -6"><span class='ocrx_word' id='word_1_4' title='bbox 1833 420 2243 479; x_wconf 73' lang='lat' dir='ltr'><strong>l‘RlVlLEGlA.</strong></span> 
     </span>
    </p>
   </div>
   <div class='ocr_carea' id='block_1_3' title="bbox 3316 429 3420 483">
    <p class='ocr_par' dir='ltr' id='par_1_3' title="bbox 3316 429 3420 483">
     <span class='ocr_line' id='line_1_3' title="bbox 3316 429 3420 483; baseline -0.01 0"><span class='ocrx_word' id='word_1_5' title='bbox 3316 429 3420 483; x_wconf 66' lang='grc' dir='ltr'><strong>ΞΗ</strong></span> 
     </span>
    </p>
   </div>
   <div class='ocr_carea' id='block_1_4' title="bbox 200 541 3414 617">
    <p class='ocr_par' dir='ltr' id='par_1_4' title="bbox 200 541 3414 617">
     <span class='ocr_line' id='line_1_4' title="bbox 200 541 3414 617; baseline -0.001 -14"><span class='ocrx_word' id='word_1_6' title='bbox 200 564 344 617; x_wconf 86' lang='lat' dir='ltr'><strong>scopo</strong></span> <span class='ocrx_word' id='word_1_7' title='bbox 382 556 431 601; x_wconf 89' lang='lat' dir='ltr'><strong>et</strong></span> <span class='ocrx_word' id='word_1_8' title='bbox 461 542 769 598; x_wconf 83' lang='lat' dir='ltr'><strong>Witmundo</strong></span> <span class='ocrx_word' id='word_1_9' title='bbox 817 544 1098 602; x_wconf 84' lang='lat' dir='ltr'><strong>monacho,</strong></span> <span class='ocrx_word' id='word_1_10' title='bbox 1142 551 1197 597; x_wconf 90' lang='lat' dir='ltr'><strong>et</strong></span> <span class='ocrx_word' id='word_1_11' title='bbox 1241 542 1561 613; x_wconf 80' lang='lat' dir='ltr'><strong>quibusdam</strong></span> <span class='ocrx_word' id='word_1_12' title='bbox 1608 541 1726 594; x_wconf 89' lang='lat' dir='ltr'><strong>aliis</strong></span> <span class='ocrx_word' id='word_1_13' title='bbox 1754 543 1796 598; x_wconf 78' lang='grc' dir='ltr'><strong>Α</strong></span> <span class='ocrx_word' id='word_1_14' title='bbox 1830 549 1945 595; x_wconf 91' lang='lat' dir='ltr'><strong>ratu</strong></span> <span class='ocrx_word' id='word_1_15' title='bbox 1974 541 2091 596; x_wconf 87' lang='lat' dir='ltr'><strong>ﬁeri</strong></span> <span class='ocrx_word' id='word_1_16' title='bbox 2124 543 2395 606; x_wconf 87' lang='lat' dir='ltr'><strong>viderunt,</strong></span> <span class='ocrx_word' id='word_1_17' title='bbox 2424 543 2502 596; x_wconf 86' lang='lat' dir='ltr'><strong>vel</strong></span> <span class='ocrx_word' id='word_1_18' title='bbox 2540 544 2660 599; x_wconf 91' lang='lat' dir='ltr'><strong>aliis</strong></span> <span class='ocrx_word' id='word_1_19' title='bbox 2690 543 3049 600; x_wconf 91' lang='lat' dir='ltr'><strong>referentibus</strong></span> <span class='ocrx_word' id='word_1_20' title='bbox 3086 545 3414 612; x_wconf 87' lang='lat' dir='ltr'><strong>didicerunt,</strong></span> 
     </span>
    </p>
   </div>
   <div class='ocr_carea' id='block_1_5' title="bbox 196 634 1731 704">
    <p class='ocr_par' dir='ltr' id='par_1_5' title="bbox 196 634 1731 704">
     <span class='ocr_line' id='line_1_5' title="bbox 196 634 1731 704; baseline -0.006 -7"><span class='ocrx_word' id='word_1_21' title='bbox 196 636 453 696; x_wconf 84' lang='lat' dir='ltr'><strong>consilium</strong></span> <span class='ocrx_word' id='word_1_22' title='bbox 490 634 799 698; x_wconf 84' lang='lat' dir='ltr'><strong>habuimus,</strong></span> <span class='ocrx_word' id='word_1_23' title='bbox 824 635 1057 704; x_wconf 90' lang='lat' dir='ltr'><strong>qualiter</strong></span> <span class='ocrx_word' id='word_1_24' title='bbox 1080 635 1297 690; x_wconf 72' lang='lat' dir='ltr'><strong>astutia:</strong></span> <span class='ocrx_word' id='word_1_25' title='bbox 1343 634 1489 688; x_wconf 90' lang='lat' dir='ltr'><strong>illius</strong></span> <span class='ocrx_word' id='word_1_26' title='bbox 1517 643 1731 689; x_wconf 89' lang='lat' dir='ltr'><strong>contra-</strong></span> 
     </span>
    </p>
   </div>
   <div class='ocr_carea' id='block_1_6' title="bbox 195 725 1730 796">
    <p class='ocr_par' dir='ltr' id='par_1_6' title="bbox 195 725 1730 796">
     <span class='ocr_line' id='line_1_6' title="bbox 195 725 1730 796; baseline -0.004 -11"><span class='ocrx_word' id='word_1_27' title='bbox 195 731 389 785; x_wconf 87' lang='lat' dir='ltr'><strong>iretnus.</strong></span> <span class='ocrx_word' id='word_1_28' title='bbox 420 725 705 794; x_wconf 74' lang='lat' dir='ltr'><strong>Postquam</strong></span> <span class='ocrx_word' id='word_1_29' title='bbox 736 740 869 794; x_wconf 87' lang='lat' dir='ltr'><strong>ergo</strong></span> <span class='ocrx_word' id='word_1_30' title='bbox 906 727 1016 795; x_wconf 84' lang='lat' dir='ltr'><strong>ipse</strong></span> <span class='ocrx_word' id='word_1_31' title='bbox 1047 727 1156 796; x_wconf 89' lang='lat' dir='ltr'><strong>jam</strong></span> <span class='ocrx_word' id='word_1_32' title='bbox 1188 737 1411 795; x_wconf 86' lang='lat' dir='ltr'><strong>paratus</strong></span> <span class='ocrx_word' id='word_1_33' title='bbox 1445 736 1563 781; x_wconf 89' lang='lat' dir='ltr'><strong>erat</strong></span> <span class='ocrx_word' id='word_1_34' title='bbox 1602 726 1730 780; x_wconf 92' lang='lat' dir='ltr'><strong>insi-</strong></span> 
     </span>
    </p>
   </div>
   <div class='ocr_carea' id='block_1_7' title="bbox 190 816 1728 891">
    <p class='ocr_par' dir='ltr' id='par_1_7' title="bbox 190 816 1728 891">
     <span class='ocr_line' id='line_1_7' title="bbox 190 816 1728 891; baseline -0.002 -17"><span class='ocrx_word' id='word_1_35' title='bbox 190 820 300 891; x_wconf 83' lang='lat' dir='ltr'><strong>gnia</strong></span> <span class='ocrx_word' id='word_1_36' title='bbox 335 816 671 887; x_wconf 89' lang='lat' dir='ltr'><strong>pontiﬁcatus</strong></span> <span class='ocrx_word' id='word_1_37' title='bbox 720 832 996 871; x_wconf 84' lang='lat' dir='ltr'><strong>resumere</strong></span> <span class='ocrx_word' id='word_1_38' title='bbox 1033 817 1427 873; x_wconf 88' lang='lat' dir='ltr'><strong>etelectionem</strong></span> <span class='ocrx_word' id='word_1_39' title='bbox 1475 818 1635 872; x_wconf 86' lang='lat' dir='ltr'><strong>etiam</strong></span> <span class='ocrx_word' id='word_1_40' title='bbox 1676 820 1728 871; x_wconf 92' lang='lat' dir='ltr'><strong>in</strong></span> 
     </span>
    </p>
   </div>
   <div class='ocr_carea' id='block_1_8' title="bbox 192 910 1730 982">
    <p class='ocr_par' dir='ltr' id='par_1_8' title="bbox 192 910 1730 982">
     <span class='ocr_line' id='line_1_8' title="bbox 192 910 1730 982; baseline -0.001 -15"><span class='ocrx_word' id='word_1_41' title='bbox 192 913 292 982; x_wconf 90' lang='lat' dir='ltr'><strong>ipso</strong></span> <span class='ocrx_word' id='word_1_42' title='bbox 331 919 589 964; x_wconf 90' lang='lat' dir='ltr'><strong>conventu</strong></span> <span class='ocrx_word' id='word_1_43' title='bbox 644 910 923 964; x_wconf 83' lang='lat' dir='ltr'><strong>nmltoties</strong></span> <span class='ocrx_word' id='word_1_44' title='bbox 972 910 1256 964; x_wconf 78' lang='lat' dir='ltr'><strong>refutatum</strong></span> <span class='ocrx_word' id='word_1_45' title='bbox 1303 911 1498 963; x_wconf 87' lang='lat' dir='ltr'><strong>iterum</strong></span> <span class='ocrx_word' id='word_1_46' title='bbox 1555 911 1606 963; x_wconf 95' lang='lat' dir='ltr'><strong>in</strong></span> <span class='ocrx_word' id='word_1_47' title='bbox 1671 927 1730 965; x_wconf 89' lang='lat' dir='ltr'><strong>se</strong></span> 
     </span>
    </p>
   </div>
   <div class='ocr_carea' id='block_1_9' title="bbox 189 999 1729 1069">
    <p class='ocr_par' dir='ltr' id='par_1_9' title="bbox 189 999 1729 1069">
     <span class='ocr_line' id='line_1_9' title="bbox 189 999 1729 1069; baseline -0.001 -12"><span class='ocrx_word' id='word_1_48' title='bbox 189 1010 496 1069; x_wconf 87' lang='lat' dir='ltr'><strong>retorquere,</strong></span> <span class='ocrx_word' id='word_1_49' title='bbox 525 999 902 1069; x_wconf 78' lang='lat' dir='ltr'><strong>praedictorum</strong></span> <span class='ocrx_word' id='word_1_50' title='bbox 932 1000 1175 1066; x_wconf 91' lang='lat' dir='ltr'><strong>consilio,</strong></span> <span class='ocrx_word' id='word_1_51' title='bbox 1203 1014 1300 1055; x_wconf 92' lang='lat' dir='ltr'><strong>nos</strong></span> <span class='ocrx_word' id='word_1_52' title='bbox 1332 1009 1536 1054; x_wconf 83' lang='lat' dir='ltr'><strong>tantam</strong></span> <span class='ocrx_word' id='word_1_53' title='bbox 1564 1001 1729 1055; x_wconf 87' lang='lat' dir='ltr'><strong>homi-</strong></span> 
     </span>
    </p>
   </div>
   <div class='ocr_carea' id='block_1_10' title="bbox 187 1089 1728 1161">
    <p class='ocr_par' dir='ltr' id='par_1_10' title="bbox 187 1089 1728 1161">
     <span class='ocr_line' id='line_1_10' title="bbox 187 1089 1728 1161; baseline 0 -16"><span class='ocrx_word' id='word_1_54' title='bbox 187 1091 261 1145; x_wconf 88' lang='lat' dir='ltr'><strong>nis</strong></span> <span class='ocrx_word' id='word_1_55' title='bbox 287 1089 551 1144; x_wconf 89' lang='lat' dir='ltr'><strong>levitatcm</strong></span> <span class='ocrx_word' id='word_1_56' title='bbox 580 1097 632 1143; x_wconf 91' lang='lat' dir='ltr'><strong>et</strong></span> <span class='ocrx_word' id='word_1_57' title='bbox 674 1089 937 1159; x_wconf 85' lang='lat' dir='ltr'><strong>propositi</strong></span> <span class='ocrx_word' id='word_1_58' title='bbox 969 1090 1048 1143; x_wconf 92' lang='lat' dir='ltr'><strong>sui</strong></span> <span class='ocrx_word' id='word_1_59' title='bbox 1082 1089 1496 1145; x_wconf 85' lang='lat' dir='ltr'><strong>mutabilitatem</strong></span> <span class='ocrx_word' id='word_1_60' title='bbox 1528 1091 1728 1161; x_wconf 92' lang='lat' dir='ltr'><strong>impro-</strong></span> 
     </span>
    </p>
   </div>
   <div class='ocr_carea' id='block_1_11' title="bbox 183 1179 1723 1250">
    <p class='ocr_par' dir='ltr' id='par_1_11' title="bbox 183 1179 1723 1250">
     <span class='ocr_line' id='line_1_11' title="bbox 183 1179 1723 1250; baseline -0.003 -12"><span class='ocrx_word' id='word_1_61' title='bbox 183 1183 368 1244; x_wconf 85' lang='lat' dir='ltr'><strong>bantes,</strong></span> <span class='ocrx_word' id='word_1_62' title='bbox 396 1181 446 1234; x_wconf 92' lang='lat' dir='ltr'><strong>in</strong></span> <span class='ocrx_word' id='word_1_63' title='bbox 477 1179 753 1235; x_wconf 88' lang='lat' dir='ltr'><strong>audientia</strong></span> <span class='ocrx_word' id='word_1_64' title='bbox 779 1182 1019 1236; x_wconf 89' lang='lat' dir='ltr'><strong>omnium</strong></span> <span class='ocrx_word' id='word_1_65' title='bbox 1045 1195 1144 1235; x_wconf 93' lang='lat' dir='ltr'><strong>nos</strong></span> <span class='ocrx_word' id='word_1_66' title='bbox 1171 1195 1510 1250; x_wconf 88' lang='lat' dir='ltr'><strong>nequaquam</strong></span> <span class='ocrx_word' id='word_1_67' title='bbox 1543 1195 1723 1235; x_wconf 89' lang='lat' dir='ltr'><strong>asseu-</strong></span> 
     </span>
    </p>
   </div>
   <div class='ocr_carea' id='block_1_12' title="bbox 184 1270 1723 1343">
    <p class='ocr_par' dir='ltr' id='par_1_12' title="bbox 184 1270 1723 1343">
     <span class='ocr_line' id='line_1_12' title="bbox 184 1270 1723 1343; baseline -0.001 -16"><span class='ocrx_word' id='word_1_68' title='bbox 184 1287 286 1328; x_wconf 90' lang='lat' dir='ltr'><strong>sum</strong></span> <span class='ocrx_word' id='word_1_69' title='bbox 325 1271 647 1343; x_wconf 72' lang='lat' dir='ltr'><strong>przebituros</strong></span> <span class='ocrx_word' id='word_1_70' title='bbox 669 1270 929 1335; x_wconf 82' lang='lat' dir='ltr'><strong>diximus;</strong></span> <span class='ocrx_word' id='word_1_71' title='bbox 962 1272 1062 1326; x_wconf 90' lang='lat' dir='ltr'><strong>nisi</strong></span> <span class='ocrx_word' id='word_1_72' title='bbox 1091 1273 1158 1328; x_wconf 91' lang='lat' dir='ltr'><strong>de</strong></span> <span class='ocrx_word' id='word_1_73' title='bbox 1191 1273 1509 1343; x_wconf 87' lang='lat' dir='ltr'><strong>quibusdam</strong></span> <span class='ocrx_word' id='word_1_74' title='bbox 1541 1282 1723 1328; x_wconf 88' lang='lat' dir='ltr'><strong>contra</strong></span> 
     </span>
    </p>
   </div>
   <div class='ocr_carea' id='block_1_13' title="bbox 182 1363 1725 1436">
    <p class='ocr_par' dir='ltr' id='par_1_13' title="bbox 182 1363 1725 1436">
     <span class='ocr_line' id='line_1_13' title="bbox 182 1363 1725 1436; baseline 0 -18"><span class='ocrx_word' id='word_1_75' title='bbox 182 1363 358 1418; x_wconf 88' lang='lat' dir='ltr'><strong>famam</strong></span> <span class='ocrx_word' id='word_1_76' title='bbox 384 1378 561 1427; x_wconf 84' lang='lat' dir='ltr'><strong>suam,</strong></span> <span class='ocrx_word' id='word_1_77' title='bbox 590 1372 645 1418; x_wconf 91' lang='lat' dir='ltr'><strong>et</strong></span> <span class='ocrx_word' id='word_1_78' title='bbox 691 1365 822 1417; x_wconf 92' lang='lat' dir='ltr'><strong>tanti</strong></span> <span class='ocrx_word' id='word_1_79' title='bbox 860 1364 1065 1419; x_wconf 86' lang='lat' dir='ltr'><strong>ordinis</strong></span> <span class='ocrx_word' id='word_1_80' title='bbox 1095 1365 1404 1435; x_wconf 83' lang='lat' dir='ltr'><strong>dignitatem</strong></span> <span class='ocrx_word' id='word_1_81' title='bbox 1453 1380 1573 1436; x_wconf 69' lang='lat' dir='ltr'><strong>qua:</strong></span> <span class='ocrx_word' id='word_1_82' title='bbox 1610 1374 1725 1435; x_wconf 87' lang='lat' dir='ltr'><strong>post</strong></span> 
     </span>
    </p>
   </div>
   <div class='ocr_carea' id='block_1_14' title="bbox 180 1456 1723 1528">
    <p class='ocr_par' dir='ltr' id='par_1_14' title="bbox 180 1456 1723 1528">
     <span class='ocr_line' id='line_1_14' title="bbox 180 1456 1723 1528; baseline 0.003 -18"><span class='ocrx_word' id='word_1_83' title='bbox 180 1456 469 1510; x_wconf 90' lang='lat' dir='ltr'><strong>electionem</strong></span> <span class='ocrx_word' id='word_1_84' title='bbox 500 1470 657 1509; x_wconf 88' lang='lat' dir='ltr'><strong>suam</strong></span> <span class='ocrx_word' id='word_1_85' title='bbox 685 1456 842 1511; x_wconf 92' lang='lat' dir='ltr'><strong>nobis</strong></span> <span class='ocrx_word' id='word_1_86' title='bbox 869 1456 935 1511; x_wconf 92' lang='lat' dir='ltr'><strong>de</strong></span> <span class='ocrx_word' id='word_1_87' title='bbox 964 1471 1029 1511; x_wconf 75' lang='lat' dir='ltr'><strong>eo</strong></span> <span class='ocrx_word' id='word_1_88' title='bbox 1075 1457 1446 1524; x_wconf 89' lang='lat' dir='ltr'><strong>innotuerant,</strong></span> <span class='ocrx_word' id='word_1_89' title='bbox 1490 1460 1723 1528; x_wconf 89' lang='lat' dir='ltr'><strong>primum</strong></span> 
     </span>
    </p>
   </div>
   <div class='ocr_carea' id='block_1_15' title="bbox 180 1545 1723 1620">
    <p class='ocr_par' dir='ltr' id='par_1_15' title="bbox 180 1545 1723 1620">
     <span class='ocr_line' id='line_1_15' title="bbox 180 1545 1723 1620; baseline 0.001 -19"><span class='ocrx_word' id='word_1_90' title='bbox 180 1546 410 1601; x_wconf 87' lang='lat' dir='ltr'><strong>canonice</strong></span> <span class='ocrx_word' id='word_1_91' title='bbox 423 1545 754 1600; x_wconf 86' lang='lat' dir='ltr'><strong>examinatio</strong></span> <span class='ocrx_word' id='word_1_92' title='bbox 778 1545 952 1601; x_wconf 88' lang='lat' dir='ltr'><strong>ﬁeret.</strong></span> <span class='ocrx_word' id='word_1_93' title='bbox 969 1547 1121 1614; x_wconf 84' lang='lat' dir='ltr'><strong>Quod</strong></span> <span class='ocrx_word' id='word_1_94' title='bbox 1145 1548 1258 1619; x_wconf 91' lang='lat' dir='ltr'><strong>ipse</strong></span> <span class='ocrx_word' id='word_1_95' title='bbox 1287 1548 1503 1620; x_wconf 86' lang='lat' dir='ltr'><strong>indigne</strong></span> <span class='ocrx_word' id='word_1_96' title='bbox 1522 1552 1723 1615; x_wconf 88' lang='lat' dir='ltr'><strong>ferens,</strong></span> 
     </span>
    </p>
   </div>
   <div class='ocr_carea' id='block_1_16' title="bbox 180 1638 1723 1712">
    <p class='ocr_par' dir='ltr' id='par_1_16' title="bbox 180 1638 1723 1712">
     <span class='ocr_line' id='line_1_16' title="bbox 180 1638 1723 1712; baseline -0.001 -20"><span class='ocrx_word' id='word_1_97' title='bbox 180 1654 332 1707; x_wconf 90' lang='lat' dir='ltr'><strong>neque</strong></span> <span class='ocrx_word' id='word_1_98' title='bbox 367 1638 433 1693; x_wconf 92' lang='lat' dir='ltr'><strong>ad</strong></span> <span class='ocrx_word' id='word_1_99' title='bbox 471 1638 930 1695; x_wconf 80' lang='lat' dir='ltr'><strong>cxaminationem</strong></span> <span class='ocrx_word' id='word_1_100' title='bbox 956 1649 1269 1704; x_wconf 91' lang='lat' dir='ltr'><strong>venturum,</strong></span> <span class='ocrx_word' id='word_1_101' title='bbox 1305 1656 1478 1712; x_wconf 89' lang='lat' dir='ltr'><strong>neque</strong></span> <span class='ocrx_word' id='word_1_102' title='bbox 1502 1641 1723 1695; x_wconf 85' lang='lat' dir='ltr'><strong>electiu—</strong></span> 
     </span>
    </p>
   </div>
   <div class='ocr_carea' id='block_1_17' title="bbox 179 1731 1718 1802">
    <p class='ocr_par' dir='ltr' id='par_1_17' title="bbox 179 1731 1718 1802">
     <span class='ocr_line' id='line_1_17' title="bbox 179 1731 1718 1802; baseline 0.001 -16"><span class='ocrx_word' id='word_1_103' title='bbox 179 1747 280 1787; x_wconf 89' lang='lat' dir='ltr'><strong>ncm</strong></span> <span class='ocrx_word' id='word_1_104' title='bbox 324 1746 556 1802; x_wconf 89' lang='lat' dir='ltr'><strong>unquam</strong></span> <span class='ocrx_word' id='word_1_105' title='bbox 611 1742 986 1802; x_wconf 88' lang='lat' dir='ltr'><strong>suscepturum</strong></span> <span class='ocrx_word' id='word_1_106' title='bbox 1042 1748 1101 1788; x_wconf 88' lang='lat' dir='ltr'><strong>se</strong></span> <span class='ocrx_word' id='word_1_107' title='bbox 1147 1733 1359 1802; x_wconf 87' lang='lat' dir='ltr'><strong>publice</strong></span> <span class='ocrx_word' id='word_1_108' title='bbox 1416 1731 1718 1788; x_wconf 81' lang='lat' dir='ltr'><strong>afﬁrmavit.</strong></span> 
     </span>
    </p>
   </div>
   <div class='ocr_carea' id='block_1_18' title="bbox 177 1819 1725 1893">
    <p class='ocr_par' dir='ltr' id='par_1_18' title="bbox 177 1819 1725 1893">
     <span class='ocr_line' id='line_1_18' title="bbox 177 1819 1725 1893; baseline 0 -17"><span class='ocrx_word' id='word_1_109' title='bbox 177 1821 347 1889; x_wconf 87' lang='lat' dir='ltr'><strong>Sicque</strong></span> <span class='ocrx_word' id='word_1_110' title='bbox 377 1819 501 1874; x_wconf 90' lang='lat' dir='ltr'><strong>data</strong></span> <span class='ocrx_word' id='word_1_111' title='bbox 539 1821 699 1877; x_wconf 88' lang='lat' dir='ltr'><strong>nobis</strong></span> <span class='ocrx_word' id='word_1_112' title='bbox 730 1823 925 1877; x_wconf 88' lang='lat' dir='ltr'><strong>iterum</strong></span> <span class='ocrx_word' id='word_1_113' title='bbox 958 1822 1174 1877; x_wconf 87' lang='lat' dir='ltr'><strong>licentia</strong></span> <span class='ocrx_word' id='word_1_114' title='bbox 1209 1823 1278 1878; x_wconf 89' lang='lat' dir='ltr'><strong>ab</strong></span> <span class='ocrx_word' id='word_1_115' title='bbox 1321 1839 1386 1878; x_wconf 90' lang='lat' dir='ltr'><strong>eo</strong></span> <span class='ocrx_word' id='word_1_116' title='bbox 1421 1839 1580 1893; x_wconf 88' lang='lat' dir='ltr'><strong>quem</strong></span> <span class='ocrx_word' id='word_1_117' title='bbox 1611 1824 1725 1878; x_wconf 87' lang='lat' dir='ltr'><strong>vel-</strong></span> 
     </span>
    </p>
   </div>
   <div class='ocr_carea' id='block_1_19' title="bbox 175 1895 1802 1985">
    <p class='ocr_par' dir='ltr' id='par_1_19' title="bbox 175 1895 1802 1985">
     <span class='ocr_line' id='line_1_19' title="bbox 175 1895 1802 1985; baseline 0.004 -21"><span class='ocrx_word' id='word_1_118' title='bbox 175 1912 324 1966; x_wconf 86' lang='lat' dir='ltr'><strong>lemus</strong></span> <span class='ocrx_word' id='word_1_119' title='bbox 350 1912 568 1982; x_wconf 81' lang='lat' dir='ltr'><strong>eligere,</strong></span> <span class='ocrx_word' id='word_1_120' title='bbox 601 1914 879 1968; x_wconf 82' lang='lat' dir='ltr'><strong>excutiens</strong></span> <span class='ocrx_word' id='word_1_121' title='bbox 904 1913 1127 1970; x_wconf 89' lang='lat' dir='ltr'><strong>bracbia</strong></span> <span class='ocrx_word' id='word_1_122' title='bbox 1169 1931 1286 1978; x_wconf 90' lang='lat' dir='ltr'><strong>sua,</strong></span> <span class='ocrx_word' id='word_1_123' title='bbox 1310 1916 1477 1985; x_wconf 75' lang='lat' dir='ltr'><strong>erepit</strong></span> <span class='ocrx_word' id='word_1_124' title='bbox 1511 1931 1541 1969; x_wconf 93' lang='lat' dir='ltr'><strong>a</strong></span> <span class='ocrx_word' id='word_1_125' title='bbox 1569 1916 1722 1971; x_wconf 87' lang='lat' dir='ltr'><strong>nobis</strong></span> <span class='ocrx_word' id='word_1_126' title='bbox 1760 1895 1802 1952; x_wconf 76' lang='grc' dir='ltr'><strong>Β</strong></span> 
     </span>
    </p>
   </div>
   <div class='ocr_carea' id='block_1_20' title="bbox 174 2004 1725 2069">
    <p class='ocr_par' dir='ltr' id='par_1_20' title="bbox 174 2004 1725 2069">
     <span class='ocr_line' id='line_1_20' title="bbox 174 2004 1725 2069; baseline 0.003 -13"><span class='ocrx_word' id='word_1_127' title='bbox 174 2004 417 2069; x_wconf 83' lang='lat' dir='ltr'><strong>recedere,</strong></span> <span class='ocrx_word' id='word_1_128' title='bbox 472 2019 595 2059; x_wconf 86' lang='lat' dir='ltr'><strong>cum</strong></span> <span class='ocrx_word' id='word_1_129' title='bbox 644 2004 996 2059; x_wconf 88' lang='lat' dir='ltr'><strong>Wilmundus</strong></span> <span class='ocrx_word' id='word_1_130' title='bbox 1049 2021 1115 2061; x_wconf 85' lang='lat' dir='ltr'><strong>ex</strong></span> <span class='ocrx_word' id='word_1_131' title='bbox 1170 2006 1396 2062; x_wconf 91' lang='lat' dir='ltr'><strong>consilio</strong></span> <span class='ocrx_word' id='word_1_132' title='bbox 1458 2005 1725 2062; x_wconf 85' lang='lat' dir='ltr'><strong>Ostiensis</strong></span> 
     </span>
    </p>
   </div>
   <div class='ocr_carea' id='block_1_21' title="bbox 172 2096 1721 2169">
    <p class='ocr_par' dir='ltr' id='par_1_21' title="bbox 172 2096 1721 2169">
     <span class='ocr_line' id='line_1_21' title="bbox 172 2096 1721 2169; baseline 0.001 -19"><span class='ocrx_word' id='word_1_133' title='bbox 172 2096 376 2166; x_wconf 80' lang='lat' dir='ltr'><strong>episcopi</strong></span> <span class='ocrx_word' id='word_1_134' title='bbox 397 2096 611 2163; x_wconf 87' lang='lat' dir='ltr'><strong>publice</strong></span> <span class='ocrx_word' id='word_1_135' title='bbox 638 2096 1264 2161; x_wconf 83' lang='lat' dir='ltr'><strong>exclamavit,infamem</strong></span> <span class='ocrx_word' id='word_1_136' title='bbox 1294 2114 1583 2169; x_wconf 79' lang='lat' dir='ltr'><strong>personam</strong></span> <span class='ocrx_word' id='word_1_137' title='bbox 1615 2115 1721 2153; x_wconf 90' lang='lat' dir='ltr'><strong>non</strong></span> 
     </span>
    </p>
   </div>
   <div class='ocr_carea' id='block_1_22' title="bbox 171 2187 1719 2261">
    <p class='ocr_par' dir='ltr' id='par_1_22' title="bbox 171 2187 1719 2261">
     <span class='ocr_line' id='line_1_22' title="bbox 171 2187 1719 2261; baseline 0.002 -19"><span class='ocrx_word' id='word_1_138' title='bbox 171 2188 342 2244; x_wconf 79' lang='lat' dir='ltr'><strong>debere</strong></span> <span class='ocrx_word' id='word_1_139' title='bbox 380 2189 431 2242; x_wconf 85' lang='lat' dir='ltr'><strong>in</strong></span> <span class='ocrx_word' id='word_1_140' title='bbox 464 2187 777 2244; x_wconf 81' lang='lat' dir='ltr'><strong>Romanum</strong></span> <span class='ocrx_word' id='word_1_141' title='bbox 811 2189 1120 2261; x_wconf 88' lang='lat' dir='ltr'><strong>pontiﬁcem</strong></span> <span class='ocrx_word' id='word_1_142' title='bbox 1156 2191 1300 2261; x_wconf 81' lang='lat' dir='ltr'><strong>eligi,</strong></span> <span class='ocrx_word' id='word_1_143' title='bbox 1342 2190 1423 2246; x_wconf 91' lang='lat' dir='ltr'><strong>vel</strong></span> <span class='ocrx_word' id='word_1_144' title='bbox 1456 2191 1719 2255; x_wconf 84' lang='lat' dir='ltr'><strong>ordinari,</strong></span> 
     </span>
    </p>
   </div>
   <div class='ocr_carea' id='block_1_23' title="bbox 171 2282 1721 2337">
    <p class='ocr_par' dir='ltr' id='par_1_23' title="bbox 171 2282 1721 2337">
     <span class='ocr_line' id='line_1_23' title="bbox 171 2282 1721 2337; baseline 0 -1"><span class='ocrx_word' id='word_1_145' title='bbox 171 2297 273 2336; x_wconf 79' lang='lat' dir='ltr'><strong>(um</strong></span> <span class='ocrx_word' id='word_1_146' title='bbox 311 2291 577 2336; x_wconf 77' lang='lat' dir='ltr'><strong>constaret</strong></span> <span class='ocrx_word' id='word_1_147' title='bbox 627 2298 754 2336; x_wconf 92' lang='lat' dir='ltr'><strong>eum</strong></span> <span class='ocrx_word' id='word_1_148' title='bbox 809 2282 1182 2337; x_wconf 82' lang='lat' dir='ltr'><strong>indubitanter</strong></span> <span class='ocrx_word' id='word_1_149' title='bbox 1218 2283 1496 2337; x_wconf 89' lang='lat' dir='ltr'><strong>infamiam</strong></span> <span class='ocrx_word' id='word_1_150' title='bbox 1544 2285 1721 2337; x_wconf 88' lang='lat' dir='ltr'><strong>incur-</strong></span> 
     </span>
    </p>
   </div>
   <div class='ocr_carea' id='block_1_24' title="bbox 170 2373 1721 2444">
    <p class='ocr_par' dir='ltr' id='par_1_24' title="bbox 170 2373 1721 2444">
     <span class='ocr_line' id='line_1_24' title="bbox 170 2373 1721 2444; baseline 0.003 -17"><span class='ocrx_word' id='word_1_151' title='bbox 170 2374 308 2437; x_wconf 84' lang='lat' dir='ltr'><strong>risse,</strong></span> <span class='ocrx_word' id='word_1_152' title='bbox 337 2373 582 2443; x_wconf 88' lang='lat' dir='ltr'><strong>quoniam</strong></span> <span class='ocrx_word' id='word_1_153' title='bbox 628 2374 846 2444; x_wconf 87' lang='lat' dir='ltr'><strong>quidem</strong></span> <span class='ocrx_word' id='word_1_154' title='bbox 878 2376 1496 2430; x_wconf 74' lang='lat' dir='ltr'><strong>excommumicationem</strong></span> <span class='ocrx_word' id='word_1_155' title='bbox 1536 2376 1721 2431; x_wconf 88' lang='lat' dir='ltr'><strong>donmi</strong></span> 
     </span>
    </p>
   </div>
   <div class='ocr_carea' id='block_1_25' title="bbox 168 2461 1717 2534">
    <p class='ocr_par' dir='ltr' id='par_1_25' title="bbox 168 2461 1717 2534">
     <span class='ocr_line' id='line_1_25' title="bbox 168 2461 1717 2534; baseline 0.004 -19"><span class='ocrx_word' id='word_1_156' title='bbox 168 2477 301 2533; x_wconf 77' lang='lat' dir='ltr'><strong>papa:</strong></span> <span class='ocrx_word' id='word_1_157' title='bbox 325 2461 558 2533; x_wconf 76' lang='lat' dir='ltr'><strong>Gregorii</strong></span> <span class='ocrx_word' id='word_1_158' title='bbox 592 2479 698 2534; x_wconf 90' lang='lat' dir='ltr'><strong>per</strong></span> <span class='ocrx_word' id='word_1_159' title='bbox 738 2480 935 2518; x_wconf 89' lang='lat' dir='ltr'><strong>annum</strong></span> <span class='ocrx_word' id='word_1_160' title='bbox 978 2466 1247 2533; x_wconf 89' lang='lat' dir='ltr'><strong>integrum</strong></span> <span class='ocrx_word' id='word_1_161' title='bbox 1282 2474 1333 2519; x_wconf 89' lang='lat' dir='ltr'><strong>et</strong></span> <span class='ocrx_word' id='word_1_162' title='bbox 1377 2466 1717 2533; x_wconf 85' lang='lat' dir='ltr'><strong>continuum,</strong></span> 
     </span>
    </p>
   </div>
   <div class='ocr_carea' id='block_1_26' title="bbox 167 2556 1717 2627">
    <p class='ocr_par' dir='ltr' id='par_1_26' title="bbox 167 2556 1717 2627">
     <span class='ocr_line' id='line_1_26' title="bbox 167 2556 1717 2627; baseline 0.003 -18"><span class='ocrx_word' id='word_1_163' title='bbox 167 2565 215 2609; x_wconf 90' lang='lat' dir='ltr'><strong>et</strong></span> <span class='ocrx_word' id='word_1_164' title='bbox 255 2571 314 2611; x_wconf 91' lang='lat' dir='ltr'><strong>eo</strong></span> <span class='ocrx_word' id='word_1_165' title='bbox 353 2556 463 2625; x_wconf 89' lang='lat' dir='ltr'><strong>plus</strong></span> <span class='ocrx_word' id='word_1_166' title='bbox 506 2557 633 2611; x_wconf 87' lang='lat' dir='ltr'><strong>sine</strong></span> <span class='ocrx_word' id='word_1_167' title='bbox 671 2557 932 2611; x_wconf 88' lang='lat' dir='ltr'><strong>canonica</strong></span> <span class='ocrx_word' id='word_1_168' title='bbox 981 2559 1297 2627; x_wconf 71' lang='lat' dir='ltr'><strong>pmnitentia</strong></span> <span class='ocrx_word' id='word_1_169' title='bbox 1350 2559 1717 2615; x_wconf 72' lang='lat' dir='ltr'><strong>sustinuisset.</strong></span> 
     </span>
    </p>
   </div>
   <div class='ocr_carea' id='block_1_27' title="bbox 167 2645 1720 2720">
    <p class='ocr_par' dir='ltr' id='par_1_27' title="bbox 167 2645 1720 2720">
     <span class='ocr_line' id='line_1_27' title="bbox 167 2645 1720 2720; baseline 0.005 -21"><span class='ocrx_word' id='word_1_170' title='bbox 167 2645 352 2702; x_wconf 82' lang='lat' dir='ltr'><strong>Taliter</strong></span> <span class='ocrx_word' id='word_1_171' title='bbox 375 2648 541 2719; x_wconf 89' lang='lat' dir='ltr'><strong>itaque</strong></span> <span class='ocrx_word' id='word_1_172' title='bbox 563 2649 832 2705; x_wconf 88' lang='lat' dir='ltr'><strong>dissoluto</strong></span> <span class='ocrx_word' id='word_1_173' title='bbox 859 2658 1148 2713; x_wconf 82' lang='lat' dir='ltr'><strong>conventu,</strong></span> <span class='ocrx_word' id='word_1_174' title='bbox 1172 2660 1225 2705; x_wconf 91' lang='lat' dir='ltr'><strong>et</strong></span> <span class='ocrx_word' id='word_1_175' title='bbox 1251 2651 1373 2720; x_wconf 88' lang='lat' dir='ltr'><strong>quia</strong></span> <span class='ocrx_word' id='word_1_176' title='bbox 1408 2667 1512 2707; x_wconf 83' lang='lat' dir='ltr'><strong>nox</strong></span> <span class='ocrx_word' id='word_1_177' title='bbox 1544 2652 1720 2707; x_wconf 85' lang='lat' dir='ltr'><strong>inuui-</strong></span> 
     </span>
    </p>
   </div>
   <div class='ocr_carea' id='block_1_28' title="bbox 166 2738 1717 2809">
    <p class='ocr_par' dir='ltr' id='par_1_28' title="bbox 166 2738 1717 2809">
     <span class='ocr_line' id='line_1_28' title="bbox 166 2738 1717 2809; baseline 0.006 -21"><span class='ocrx_word' id='word_1_178' title='bbox 166 2738 331 2801; x_wconf 84' lang='lat' dir='ltr'><strong>nebat,</strong></span> <span class='ocrx_word' id='word_1_179' title='bbox 377 2738 520 2793; x_wconf 92' lang='lat' dir='ltr'><strong>nobis</strong></span> <span class='ocrx_word' id='word_1_180' title='bbox 555 2740 962 2807; x_wconf 86' lang='lat' dir='ltr'><strong>recedentibus,</strong></span> <span class='ocrx_word' id='word_1_181' title='bbox 1014 2742 1275 2795; x_wconf 82' lang='lat' dir='ltr'><strong>remansit</strong></span> <span class='ocrx_word' id='word_1_182' title='bbox 1320 2743 1429 2797; x_wconf 76' lang='lat' dir='ltr'><strong>dux</strong></span> <span class='ocrx_word' id='word_1_183' title='bbox 1474 2759 1596 2798; x_wconf 90' lang='lat' dir='ltr'><strong>cum</strong></span> <span class='ocrx_word' id='word_1_184' title='bbox 1627 2758 1717 2809; x_wconf 87' lang='lat' dir='ltr'><strong>eo,</strong></span> 
     </span>
    </p>
   </div>
   <div class='ocr_carea' id='block_1_29' title="bbox 167 2830 1720 2907">
    <p class='ocr_par' dir='ltr' id='par_1_29' title="bbox 167 2830 1720 2907">
     <span class='ocr_line' id='line_1_29' title="bbox 167 2830 1720 2907; baseline 0.008 -26"><span class='ocrx_word' id='word_1_185' title='bbox 167 2839 354 2886; x_wconf 85' lang='lat' dir='ltr'><strong>retento</strong></span> <span class='ocrx_word' id='word_1_186' title='bbox 381 2847 556 2886; x_wconf 90' lang='lat' dir='ltr'><strong>secum</strong></span> <span class='ocrx_word' id='word_1_187' title='bbox 589 2830 832 2887; x_wconf 84' lang='lat' dir='ltr'><strong>Ostiensi</strong></span> <span class='ocrx_word' id='word_1_188' title='bbox 865 2849 987 2888; x_wconf 89' lang='lat' dir='ltr'><strong>cum</strong></span> <span class='ocrx_word' id='word_1_189' title='bbox 1021 2837 1229 2889; x_wconf 61' lang='lat' dir='ltr'><strong>caeteris</strong></span> <span class='ocrx_word' id='word_1_190' title='bbox 1253 2834 1316 2888; x_wconf 93' lang='lat' dir='ltr'><strong>R.</strong></span> <span class='ocrx_word' id='word_1_191' title='bbox 1353 2838 1621 2907; x_wconf 88' lang='lat' dir='ltr'><strong>episcopis</strong></span> <span class='ocrx_word' id='word_1_192' title='bbox 1666 2849 1720 2893; x_wconf 89' lang='lat' dir='ltr'><strong>et</strong></span> 
     </span>
    </p>
   </div>
   <div class='ocr_carea' id='block_1_30' title="bbox 168 2922 1714 2997">
    <p class='ocr_par' dir='ltr' id='par_1_30' title="bbox 168 2922 1714 2997">
     <span class='ocr_line' id='line_1_30' title="bbox 168 2922 1714 2997; baseline 0.008 -25"><span class='ocrx_word' id='word_1_193' title='bbox 168 2923 512 2979; x_wconf 83' lang='lat' dir='ltr'><strong>cardinalibus.</strong></span> <span class='ocrx_word' id='word_1_194' title='bbox 546 2922 660 2978; x_wconf 77' lang='grc' dir='ltr'><strong>1]Ιή</strong></span> <span class='ocrx_word' id='word_1_195' title='bbox 691 2939 813 2979; x_wconf 91' lang='lat' dir='ltr'><strong>cum</strong></span> <span class='ocrx_word' id='word_1_196' title='bbox 864 2925 953 2979; x_wconf 85' lang='lat' dir='ltr'><strong>diu</strong></span> <span class='ocrx_word' id='word_1_197' title='bbox 988 2927 1229 2997; x_wconf 87' lang='lat' dir='ltr'><strong>rogando</strong></span> <span class='ocrx_word' id='word_1_198' title='bbox 1265 2928 1367 2981; x_wconf 79' lang='lat' dir='ltr'><strong>dux</strong></span> <span class='ocrx_word' id='word_1_199' title='bbox 1411 2930 1714 2997; x_wconf 84' lang='lat' dir='ltr'><strong>institisset,</strong></span> 
     </span>
    </p>
   </div>
   <div class='ocr_carea' id='block_1_31' title="bbox 169 3014 1714 3093">
    <p class='ocr_par' dir='ltr' id='par_1_31' title="bbox 169 3014 1714 3093">
     <span class='ocr_line' id='line_1_31' title="bbox 169 3014 1714 3093; baseline 0.008 -30"><span class='ocrx_word' id='word_1_200' title='bbox 169 3022 215 3065; x_wconf 91' lang='lat' dir='ltr'><strong>nt</strong></span> <span class='ocrx_word' id='word_1_201' title='bbox 252 3014 517 3082; x_wconf 86' lang='lat' dir='ltr'><strong>quemdam</strong></span> <span class='ocrx_word' id='word_1_202' title='bbox 565 3015 826 3070; x_wconf 77' lang='lat' dir='ltr'><strong>Alfanum</strong></span> <span class='ocrx_word' id='word_1_203' title='bbox 877 3018 929 3071; x_wconf 92' lang='lat' dir='ltr'><strong>in</strong></span> <span class='ocrx_word' id='word_1_204' title='bbox 964 3017 1361 3074; x_wconf 89' lang='lat' dir='ltr'><strong>Salernitanum</strong></span> <span class='ocrx_word' id='word_1_205' title='bbox 1403 3024 1714 3093; x_wconf 91' lang='lat' dir='ltr'><strong>episcopum</strong></span> 
     </span>
    </p>
   </div>
   <div class='ocr_carea' id='block_1_32' title="bbox 167 3104 1719 3169">
    <p class='ocr_par' dir='ltr' id='par_1_32' title="bbox 167 3104 1719 3169">
     <span class='ocr_line' id='line_1_32' title="bbox 167 3104 1719 3169; baseline 0.008 -14"><span class='ocrx_word' id='word_1_206' title='bbox 167 3116 493 3169; x_wconf 66' lang='lat' dir='ltr'><strong>const:craret,</strong></span> <span class='ocrx_word' id='word_1_207' title='bbox 520 3106 619 3160; x_wconf 86' lang='lat' dir='ltr'><strong>sed</strong></span> <span class='ocrx_word' id='word_1_208' title='bbox 649 3104 880 3161; x_wconf 77' lang='lat' dir='ltr'><strong>Ostiensi</strong></span> <span class='ocrx_word' id='word_1_209' title='bbox 910 3109 1315 3166; x_wconf 88' lang='lat' dir='ltr'><strong>contradicente</strong></span> <span class='ocrx_word' id='word_1_210' title='bbox 1340 3112 1507 3166; x_wconf 87' lang='lat' dir='ltr'><strong>abbas</strong></span> <span class='ocrx_word' id='word_1_211' title='bbox 1533 3113 1719 3167; x_wconf 88' lang='lat' dir='ltr'><strong>volon-</strong></span> 
     </span>
    </p>
   </div>
   <div class='ocr_carea' id='block_1_33' title="bbox 166 3196 1715 3270">
    <p class='ocr_par' dir='ltr' id='par_1_33' title="bbox 166 3196 1715 3270">
     <span class='ocr_line' id='line_1_33' title="bbox 166 3196 1715 3270; baseline 0.008 -25"><span class='ocrx_word' id='word_1_212' title='bbox 166 3202 303 3248; x_wconf 84' lang='lat' dir='ltr'><strong>tatem</strong></span> <span class='ocrx_word' id='word_1_213' title='bbox 352 3196 496 3250; x_wconf 90' lang='lat' dir='ltr'><strong>ducis</strong></span> <span class='ocrx_word' id='word_1_214' title='bbox 545 3196 782 3266; x_wconf 91' lang='lat' dir='ltr'><strong>implere</strong></span> <span class='ocrx_word' id='word_1_215' title='bbox 849 3215 952 3253; x_wconf 94' lang='lat' dir='ltr'><strong>non</strong></span> <span class='ocrx_word' id='word_1_216' title='bbox 1014 3200 1238 3254; x_wconf 89' lang='lat' dir='ltr'><strong>auderet</strong></span> <span class='ocrx_word' id='word_1_217' title='bbox 1268 3241 1282 3264; x_wconf 97' lang='lat'><strong>,</strong></span> <span class='ocrx_word' id='word_1_218' title='bbox 1327 3203 1580 3270; x_wconf 88' lang='lat' dir='ltr'><strong>quoniam</strong></span> <span class='ocrx_word' id='word_1_219' title='bbox 1647 3203 1715 3259; x_wconf 90' lang='lat' dir='ltr'><strong>de</strong></span> 
     </span>
    </p>
   </div>
   <div class='ocr_carea' id='block_1_34' title="bbox 166 3285 1711 3358">
    <p class='ocr_par' dir='ltr' id='par_1_34' title="bbox 166 3285 1711 3358">
     <span class='ocr_line' id='line_1_34' title="bbox 166 3285 1711 3358; baseline 0.005 -19"><span class='ocrx_word' id='word_1_220' title='bbox 166 3285 568 3342; x_wconf 88' lang='lat' dir='ltr'><strong>manifestissima</strong></span> <span class='ocrx_word' id='word_1_221' title='bbox 601 3288 911 3343; x_wconf 78' lang='lat' dir='ltr'><strong>ambitione</strong></span> <span class='ocrx_word' id='word_1_222' title='bbox 942 3288 1166 3345; x_wconf 81' lang='lat' dir='ltr'><strong>Alfanus</strong></span> <span class='ocrx_word' id='word_1_223' title='bbox 1198 3293 1479 3347; x_wconf 89' lang='lat' dir='ltr'><strong>convictus</strong></span> <span class='ocrx_word' id='word_1_224' title='bbox 1510 3291 1711 3358; x_wconf 87' lang='lat' dir='ltr'><strong>fuerat,</strong></span> 
     </span>
    </p>
   </div>
   <div class='ocr_carea' id='block_1_35' title="bbox 165 3380 1714 3455">
    <p class='ocr_par' dir='ltr' id='par_1_35' title="bbox 165 3380 1714 3455">
     <span class='ocr_line' id='line_1_35' title="bbox 165 3380 1714 3455; baseline 0.004 -23"><span class='ocrx_word' id='word_1_225' title='bbox 165 3381 250 3432; x_wconf 76' lang='lat' dir='ltr'><strong>dux</strong></span> <span class='ocrx_word' id='word_1_226' title='bbox 275 3380 495 3448; x_wconf 79' lang='lat' dir='ltr'><strong>graviter</strong></span> <span class='ocrx_word' id='word_1_227' title='bbox 523 3380 845 3452; x_wconf 87' lang='lat' dir='ltr'><strong>indignatus</strong></span> <span class='ocrx_word' id='word_1_228' title='bbox 875 3382 1102 3436; x_wconf 88' lang='lat' dir='ltr'><strong>recessit</strong></span> <span class='ocrx_word' id='word_1_229' title='bbox 1130 3382 1198 3436; x_wconf 86' lang='lat' dir='ltr'><strong>ab</strong></span> <span class='ocrx_word' id='word_1_230' title='bbox 1219 3382 1320 3437; x_wconf 91' lang='lat' dir='ltr'><strong>eis.</strong></span> <span class='ocrx_word' id='word_1_231' title='bbox 1356 3382 1714 3455; x_wconf 83' lang='lat' dir='ltr'><strong>Abbasigitur</strong></span> 
     </span>
    </p>
   </div>
   <div class='ocr_carea' id='block_1_36' title="bbox 163 3471 1712 3548">
    <p class='ocr_par' dir='ltr' id='par_1_36' title="bbox 163 3471 1712 3548">
     <span class='ocr_line' id='line_1_36' title="bbox 163 3471 1712 3548; baseline 0.005 -26"><span class='ocrx_word' id='word_1_232' title='bbox 163 3474 305 3539; x_wconf 77' lang='lat' dir='ltr'><strong>gratia</strong></span> <span class='ocrx_word' id='word_1_233' title='bbox 335 3471 655 3541; x_wconf 88' lang='lat' dir='ltr'><strong>destitutus,</strong></span> <span class='ocrx_word' id='word_1_234' title='bbox 681 3473 933 3543; x_wconf 89' lang='lat' dir='ltr'><strong>quoniam</strong></span> <span class='ocrx_word' id='word_1_235' title='bbox 962 3473 1079 3529; x_wconf 88' lang='lat' dir='ltr'><strong>sine</strong></span> <span class='ocrx_word' id='word_1_236' title='bbox 1116 3489 1180 3529; x_wconf 91' lang='lat' dir='ltr'><strong>eo</strong></span> <span class='ocrx_word' id='word_1_237' title='bbox 1205 3475 1269 3529; x_wconf 90' lang='lat' dir='ltr'><strong>ad</strong></span> <span class='ocrx_word' id='word_1_238' title='bbox 1303 3474 1457 3531; x_wconf 93' lang='lat' dir='ltr'><strong>Rom.</strong></span> <span class='ocrx_word' id='word_1_239' title='bbox 1490 3475 1712 3548; x_wconf 88' lang='lat' dir='ltr'><strong>pontiﬁ-</strong></span> 
     </span>
    </p>
   </div>
   <div class='ocr_carea' id='block_1_37' title="bbox 164 3565 1713 3636">
    <p class='ocr_par' dir='ltr' id='par_1_37' title="bbox 164 3565 1713 3636">
     <span class='ocr_line' id='line_1_37' title="bbox 164 3565 1713 3636; baseline 0.005 -21"><span class='ocrx_word' id='word_1_240' title='bbox 164 3573 313 3617; x_wconf 81' lang='lat' dir='ltr'><strong>catum</strong></span> <span class='ocrx_word' id='word_1_241' title='bbox 362 3565 604 3636; x_wconf 87' lang='lat' dir='ltr'><strong>aspirare</strong></span> <span class='ocrx_word' id='word_1_242' title='bbox 666 3565 1023 3636; x_wconf 80' lang='lat' dir='ltr'><strong>desperabat,</strong></span> <span class='ocrx_word' id='word_1_243' title='bbox 1075 3567 1339 3636; x_wconf 89' lang='lat' dir='ltr'><strong>profunda</strong></span> <span class='ocrx_word' id='word_1_244' title='bbox 1386 3565 1500 3635; x_wconf 88' lang='lat' dir='ltr'><strong>jam</strong></span> <span class='ocrx_word' id='word_1_245' title='bbox 1556 3577 1713 3622; x_wconf 91' lang='lat' dir='ltr'><strong>nocte</strong></span> 
     </span>
    </p>
   </div>
   <div class='ocr_carea' id='block_1_38' title="bbox 164 3655 1708 3726">
    <p class='ocr_par' dir='ltr' id='par_1_38' title="bbox 164 3655 1708 3726">
     <span class='ocr_line' id='line_1_38' title="bbox 164 3655 1708 3726; baseline 0.003 -18"><span class='ocrx_word' id='word_1_246' title='bbox 164 3655 338 3711; x_wconf 86' lang='lat' dir='ltr'><strong>cunctis</strong></span> <span class='ocrx_word' id='word_1_247' title='bbox 372 3656 779 3713; x_wconf 90' lang='lat' dir='ltr'><strong>dormientibus</strong></span> <span class='ocrx_word' id='word_1_248' title='bbox 817 3656 1141 3726; x_wconf 86' lang='lat' dir='ltr'><strong>legationem</strong></span> <span class='ocrx_word' id='word_1_249' title='bbox 1181 3658 1249 3712; x_wconf 91' lang='lat' dir='ltr'><strong>ad</strong></span> <span class='ocrx_word' id='word_1_250' title='bbox 1297 3660 1487 3713; x_wconf 91' lang='lat' dir='ltr'><strong>ducem</strong></span> <span class='ocrx_word' id='word_1_251' title='bbox 1534 3660 1708 3725; x_wconf 89' lang='lat' dir='ltr'><strong>misit,</strong></span> 
     </span>
    </p>
   </div>
   <div class='ocr_carea' id='block_1_39' title="bbox 163 3747 1710 3820">
    <p class='ocr_par' dir='ltr' id='par_1_39' title="bbox 163 3747 1710 3820">
     <span class='ocr_line' id='line_1_39' title="bbox 163 3747 1710 3820; baseline 0.004 -21"><span class='ocrx_word' id='word_1_252' title='bbox 163 3747 317 3815; x_wconf 87' lang='lat' dir='ltr'><strong>sicque</strong></span> <span class='ocrx_word' id='word_1_253' title='bbox 338 3749 468 3804; x_wconf 89' lang='lat' dir='ltr'><strong>duce</strong></span> <span class='ocrx_word' id='word_1_254' title='bbox 494 3750 562 3804; x_wconf 92' lang='lat' dir='ltr'><strong>ad</strong></span> <span class='ocrx_word' id='word_1_255' title='bbox 594 3748 853 3803; x_wconf 85' lang='lat' dir='ltr'><strong>abbatem</strong></span> <span class='ocrx_word' id='word_1_256' title='bbox 882 3749 1162 3815; x_wconf 88' lang='lat' dir='ltr'><strong>redeunte,</strong></span> <span class='ocrx_word' id='word_1_257' title='bbox 1195 3758 1250 3805; x_wconf 94' lang='lat' dir='ltr'><strong>et</strong></span> <span class='ocrx_word' id='word_1_258' title='bbox 1291 3751 1457 3805; x_wconf 87' lang='lat' dir='ltr'><strong>abbas</strong></span> <span class='ocrx_word' id='word_1_259' title='bbox 1483 3751 1710 3820; x_wconf 82' lang='lat' dir='ltr'><strong>gratiam</strong></span> 
     </span>
    </p>
   </div>
   <div class='ocr_carea' id='block_1_40' title="bbox 162 3838 1713 3911">
    <p class='ocr_par' dir='ltr' id='par_1_40' title="bbox 162 3838 1713 3911">
     <span class='ocr_line' id='line_1_40' title="bbox 162 3838 1713 3911; baseline 0.005 -23"><span class='ocrx_word' id='word_1_260' title='bbox 162 3838 274 3905; x_wconf 89' lang='lat' dir='ltr'><strong>apud</strong></span> <span class='ocrx_word' id='word_1_261' title='bbox 297 3839 474 3895; x_wconf 90' lang='lat' dir='ltr'><strong>ducem</strong></span> <span class='ocrx_word' id='word_1_262' title='bbox 509 3848 565 3895; x_wconf 89' lang='lat' dir='ltr'><strong>ut</strong></span> <span class='ocrx_word' id='word_1_263' title='bbox 606 3853 755 3910; x_wconf 84' lang='lat' dir='ltr'><strong>papa</strong></span> <span class='ocrx_word' id='word_1_264' title='bbox 803 3839 976 3903; x_wconf 88' lang='lat' dir='ltr'><strong>ﬁeret,</strong></span> <span class='ocrx_word' id='word_1_265' title='bbox 1006 3848 1064 3894; x_wconf 91' lang='lat' dir='ltr'><strong>et</strong></span> <span class='ocrx_word' id='word_1_266' title='bbox 1095 3840 1203 3894; x_wconf 78' lang='lat' dir='ltr'><strong>dux</strong></span> <span class='ocrx_word' id='word_1_267' title='bbox 1247 3841 1390 3910; x_wconf 89' lang='lat' dir='ltr'><strong>quod</strong></span> <span class='ocrx_word' id='word_1_268' title='bbox 1434 3842 1713 3911; x_wconf 66' lang='lat' dir='ltr'><strong>qumrebat</strong></span> 
     </span>
    </p>
   </div>
   <div class='ocr_carea' id='block_1_41' title="bbox 160 3928 1712 4002">
    <p class='ocr_par' dir='ltr' id='par_1_41' title="bbox 160 3928 1712 4002">
     <span class='ocr_line' id='line_1_41' title="bbox 160 3928 1712 4002; baseline 0.005 -24"><span class='ocrx_word' id='word_1_269' title='bbox 160 3928 362 3984; x_wconf 91' lang='lat' dir='ltr'><strong>obtinuit</strong></span> <span class='ocrx_word' id='word_1_270' title='bbox 404 3933 545 4002; x_wconf 89' lang='lat' dir='ltr'><strong>apud</strong></span> <span class='ocrx_word' id='word_1_271' title='bbox 597 3931 879 3994; x_wconf 83' lang='lat' dir='ltr'><strong>abbatem,</strong></span> <span class='ocrx_word' id='word_1_272' title='bbox 921 3941 979 3984; x_wconf 93' lang='lat' dir='ltr'><strong>ut</strong></span> <span class='ocrx_word' id='word_1_273' title='bbox 1024 3930 1250 3986; x_wconf 73' lang='lat' dir='ltr'><strong>Alfenus</strong></span> <span class='ocrx_word' id='word_1_274' title='bbox 1296 3942 1712 3987; x_wconf 87' lang='lat' dir='ltr'><strong>consecraretur</strong></span> 
     </span>
    </p>
   </div>
   <div class='ocr_carea' id='block_1_42' title="bbox 161 4021 1710 4090">
    <p class='ocr_par' dir='ltr' id='par_1_42' title="bbox 161 4021 1710 4090">
     <span class='ocr_line' id='line_1_42' title="bbox 161 4021 1710 4090; baseline 0.004 -18"><span class='ocrx_word' id='word_1_275' title='bbox 161 4022 371 4090; x_wconf 83' lang='lat' dir='ltr'><strong>sequenti</strong></span> <span class='ocrx_word' id='word_1_276' title='bbox 419 4022 541 4088; x_wconf 90' lang='lat' dir='ltr'><strong>die,</strong></span> <span class='ocrx_word' id='word_1_277' title='bbox 602 4022 867 4076; x_wconf 75' lang='lat' dir='ltr'><strong>videlicet</strong></span> <span class='ocrx_word' id='word_1_278' title='bbox 924 4021 1203 4077; x_wconf 90' lang='lat' dir='ltr'><strong>Dominica</strong></span> <span class='ocrx_word' id='word_1_279' title='bbox 1260 4021 1312 4076; x_wconf 88' lang='lat' dir='ltr'><strong>in</strong></span> <span class='ocrx_word' id='word_1_280' title='bbox 1366 4021 1589 4089; x_wconf 90' lang='lat' dir='ltr'><strong>Palmis,</strong></span> <span class='ocrx_word' id='word_1_281' title='bbox 1643 4038 1710 4078; x_wconf 79' lang='lat' dir='ltr'><strong>ex</strong></span> 
     </span>
    </p>
   </div>
   <div class='ocr_carea' id='block_1_43' title="bbox 162 4115 1709 4187">
    <p class='ocr_par' dir='ltr' id='par_1_43' title="bbox 162 4115 1709 4187">
     <span class='ocr_line' id='line_1_43' title="bbox 162 4115 1709 4187; baseline 0.002 -19"><span class='ocrx_word' id='word_1_282' title='bbox 162 4124 392 4185; x_wconf 69' lang='lat' dir='ltr'><strong>przecepto</strong></span> <span class='ocrx_word' id='word_1_283' title='bbox 416 4115 641 4170; x_wconf 89' lang='lat' dir='ltr'><strong>abbatis</strong></span> <span class='ocrx_word' id='word_1_284' title='bbox 672 4115 722 4169; x_wconf 92' lang='lat' dir='ltr'><strong>id</strong></span> <span class='ocrx_word' id='word_1_285' title='bbox 756 4130 814 4169; x_wconf 89' lang='lat' dir='ltr'><strong>se</strong></span> <span class='ocrx_word' id='word_1_286' title='bbox 856 4117 1066 4171; x_wconf 88' lang='lat' dir='ltr'><strong>cunctis</strong></span> <span class='ocrx_word' id='word_1_287' title='bbox 1118 4116 1298 4171; x_wconf 91' lang='lat' dir='ltr'><strong>facere</strong></span> <span class='ocrx_word' id='word_1_288' title='bbox 1336 4118 1709 4187; x_wconf 87' lang='lat' dir='ltr'><strong>respondenti-</strong></span> 
     </span>
    </p>
   </div>
   <div class='ocr_carea' id='block_1_44' title="bbox 162 4201 1707 4275">
    <p class='ocr_par' dir='ltr' id='par_1_44' title="bbox 162 4201 1707 4275">
     <span class='ocr_line' id='line_1_44' title="bbox 162 4201 1707 4275; baseline 0.005 -22"><span class='ocrx_word' id='word_1_289' title='bbox 162 4201 257 4256; x_wconf 88' lang='lat' dir='ltr'><strong>bus.</strong></span> <span class='ocrx_word' id='word_1_290' title='bbox 281 4204 471 4260; x_wconf 86' lang='lat' dir='ltr'><strong>Eadem</strong></span> <span class='ocrx_word' id='word_1_291' title='bbox 504 4206 702 4274; x_wconf 89' lang='lat' dir='ltr'><strong>itaque</strong></span> <span class='ocrx_word' id='word_1_292' title='bbox 728 4205 814 4260; x_wconf 90' lang='lat' dir='ltr'><strong>die</strong></span> <span class='ocrx_word' id='word_1_293' title='bbox 862 4221 981 4260; x_wconf 89' lang='lat' dir='ltr'><strong>cum</strong></span> <span class='ocrx_word' id='word_1_294' title='bbox 1026 4214 1144 4275; x_wconf 90' lang='lat' dir='ltr'><strong>post</strong></span> <span class='ocrx_word' id='word_1_295' title='bbox 1191 4207 1472 4275; x_wconf 86' lang='lat' dir='ltr'><strong>prandium</strong></span> <span class='ocrx_word' id='word_1_296' title='bbox 1521 4207 1707 4272; x_wconf 90' lang='lat' dir='ltr'><strong>abbas,</strong></span> 
     </span>
    </p>
   </div>
   <div class='ocr_carea' id='block_1_45' title="bbox 161 4300 1707 4369">
    <p class='ocr_par' dir='ltr' id='par_1_45' title="bbox 161 4300 1707 4369">
     <span class='ocr_line' id='line_1_45' title="bbox 161 4300 1707 4369; baseline 0.005 -23"><span class='ocrx_word' id='word_1_297' title='bbox 161 4300 244 4349; x_wconf 68' lang='lat' dir='ltr'><strong>dux</strong></span> <span class='ocrx_word' id='word_1_298' title='bbox 269 4305 320 4351; x_wconf 87' lang='lat' dir='ltr'><strong>et</strong></span> <span class='ocrx_word' id='word_1_299' title='bbox 357 4300 637 4369; x_wconf 87' lang='lat' dir='ltr'><strong>princeps,</strong></span> <span class='ocrx_word' id='word_1_300' title='bbox 690 4309 916 4368; x_wconf 81' lang='lat' dir='ltr'><strong>uterque</strong></span> <span class='ocrx_word' id='word_1_301' title='bbox 958 4315 986 4351; x_wconf 91' lang='lat' dir='ltr'><strong>a</strong></span> <span class='ocrx_word' id='word_1_302' title='bbox 1032 4313 1222 4354; x_wconf 90' lang='lat' dir='ltr'><strong>somno</strong></span> <span class='ocrx_word' id='word_1_303' title='bbox 1260 4300 1557 4354; x_wconf 88' lang='lat' dir='ltr'><strong>meridiano</strong></span> <span class='ocrx_word' id='word_1_304' title='bbox 1587 4315 1707 4354; x_wconf 89' lang='lat' dir='ltr'><strong>sur-</strong></span> 
     </span>
    </p>
   </div>
   <div class='ocr_carea' id='block_1_46' title="bbox 161 4389 1709 4459">
    <p class='ocr_par' dir='ltr' id='par_1_46' title="bbox 161 4389 1709 4459">
     <span class='ocr_line' id='line_1_46' title="bbox 161 4389 1709 4459; baseline 0.003 -18"><span class='ocrx_word' id='word_1_305' title='bbox 161 4389 412 4458; x_wconf 77' lang='lat' dir='ltr'><strong>rexissent,</strong></span> <span class='ocrx_word' id='word_1_306' title='bbox 456 4394 571 4448; x_wconf 87' lang='lat' dir='ltr'><strong>sole</strong></span> <span class='ocrx_word' id='word_1_307' title='bbox 623 4392 931 4447; x_wconf 89' lang='lat' dir='ltr'><strong>declinante</strong></span> <span class='ocrx_word' id='word_1_308' title='bbox 982 4392 1049 4446; x_wconf 90' lang='lat' dir='ltr'><strong>ad</strong></span> <span class='ocrx_word' id='word_1_309' title='bbox 1106 4390 1388 4459; x_wconf 90' lang='lat' dir='ltr'><strong>inferiora,</strong></span> <span class='ocrx_word' id='word_1_310' title='bbox 1441 4393 1536 4447; x_wconf 89' lang='lat' dir='ltr'><strong>sed</strong></span> <span class='ocrx_word' id='word_1_311' title='bbox 1584 4392 1709 4447; x_wconf 82' lang='lat' dir='ltr'><strong>vino</strong></span> 
     </span>
    </p>
   </div>
   <div class='ocr_carea' id='block_1_47' title="bbox 159 4481 1709 4554">
    <p class='ocr_par' dir='ltr' id='par_1_47' title="bbox 159 4481 1709 4554">
     <span class='ocr_line' id='line_1_47' title="bbox 159 4481 1709 4554; baseline 0.002 -20"><span class='ocrx_word' id='word_1_312' title='bbox 159 4482 398 4539; x_wconf 81' lang='lat' dir='ltr'><strong>obtinente</strong></span> <span class='ocrx_word' id='word_1_313' title='bbox 435 4485 750 4554; x_wconf 86' lang='lat' dir='ltr'><strong>superiora,</strong></span> <span class='ocrx_word' id='word_1_314' title='bbox 800 4484 924 4549; x_wconf 81' lang='lat' dir='ltr'><strong>Iteu,</strong></span> <span class='ocrx_word' id='word_1_315' title='bbox 975 4482 1107 4553; x_wconf 92' lang='lat' dir='ltr'><strong>proh</strong></span> <span class='ocrx_word' id='word_1_316' title='bbox 1158 4482 1337 4537; x_wconf 91' lang='lat' dir='ltr'><strong>dolor!</strong></span> <span class='ocrx_word' id='word_1_317' title='bbox 1392 4481 1559 4537; x_wconf 90' lang='lat' dir='ltr'><strong>abbas</strong></span> <span class='ocrx_word' id='word_1_318' title='bbox 1612 4498 1709 4553; x_wconf 88' lang='lat' dir='ltr'><strong>pro</strong></span> 
     </span>
    </p>
   </div>
   <div class='ocr_carea' id='block_1_48' title="bbox 160 4572 1783 4655">
    <p class='ocr_par' dir='ltr' id='par_1_48' title="bbox 160 4572 1783 4655">
     <span class='ocr_line' id='line_1_48' title="bbox 160 4572 1783 4655; baseline 0.002 -29"><span class='ocrx_word' id='word_1_319' title='bbox 160 4577 372 4631; x_wconf 83' lang='lat' dir='ltr'><strong>mercede</strong></span> <span class='ocrx_word' id='word_1_320' title='bbox 397 4576 808 4631; x_wconf 76' lang='lat' dir='ltr'><strong>nefantlissima:</strong></span> <span class='ocrx_word' id='word_1_321' title='bbox 840 4574 1285 4638; x_wconf 90' lang='lat' dir='ltr'><strong>consecrationis,</strong></span> <span class='ocrx_word' id='word_1_322' title='bbox 1326 4572 1494 4628; x_wconf 88' lang='lat' dir='ltr'><strong>fultus</strong></span> <span class='ocrx_word' id='word_1_323' title='bbox 1523 4582 1705 4629; x_wconf 88' lang='lat' dir='ltr'><strong>aucto-</strong></span> <span class='ocrx_word' id='word_1_324' title='bbox 1741 4601 1783 4655; x_wconf 79' lang='grc' dir='ltr'>ο</span> 
     </span>
    </p>
   </div>
   <div class='ocr_carea' id='block_1_49' title="bbox 159 4662 1702 4736">
    <p class='ocr_par' dir='ltr' id='par_1_49' title="bbox 159 4662 1702 4736">
     <span class='ocr_line' id='line_1_49' title="bbox 159 4662 1702 4736; baseline 0.003 -23"><span class='ocrx_word' id='word_1_325' title='bbox 159 4662 293 4719; x_wconf 88' lang='lat' dir='ltr'><strong>ritate</strong></span> <span class='ocrx_word' id='word_1_326' title='bbox 331 4667 505 4733; x_wconf 91' lang='lat' dir='ltr'><strong>ducis,</strong></span> <span class='ocrx_word' id='word_1_327' title='bbox 547 4666 840 4736; x_wconf 86' lang='lat' dir='ltr'><strong>pluvialem</strong></span> <span class='ocrx_word' id='word_1_328' title='bbox 873 4666 974 4719; x_wconf 87' lang='lat' dir='ltr'><strong>sibi</strong></span> <span class='ocrx_word' id='word_1_329' title='bbox 1021 4667 1133 4735; x_wconf 87' lang='lat' dir='ltr'><strong>ipse</strong></span> <span class='ocrx_word' id='word_1_330' title='bbox 1164 4666 1439 4735; x_wconf 86' lang='lat' dir='ltr'><strong>imposuit,</strong></span> <span class='ocrx_word' id='word_1_331' title='bbox 1469 4662 1702 4719; x_wconf 90' lang='lat' dir='ltr'><strong>Ostiensi</strong></span> 
     </span>
    </p>
   </div>
   <div class='ocr_carea' id='block_1_50' title="bbox 156 4754 1703 4826">
    <p class='ocr_par' dir='ltr' id='par_1_50' title="bbox 156 4754 1703 4826">
     <span class='ocr_line' id='line_1_50' title="bbox 156 4754 1703 4826; baseline 0.002 -22"><span class='ocrx_word' id='word_1_332' title='bbox 156 4759 201 4804; x_wconf 89' lang='lat' dir='ltr'><strong>et</strong></span> <span class='ocrx_word' id='word_1_333' title='bbox 225 4755 365 4810; x_wconf 87' lang='lat' dir='ltr'><strong>nobis</strong></span> <span class='ocrx_word' id='word_1_334' title='bbox 401 4756 729 4821; x_wconf 76' lang='lat' dir='ltr'><strong>inconsultis</strong></span> <span class='ocrx_word' id='word_1_335' title='bbox 752 4764 807 4810; x_wconf 90' lang='lat' dir='ltr'><strong>et</strong></span> <span class='ocrx_word' id='word_1_336' title='bbox 833 4771 1058 4824; x_wconf 86' lang='lat' dir='ltr'><strong>prorsus</strong></span> <span class='ocrx_word' id='word_1_337' title='bbox 1090 4755 1481 4826; x_wconf 82' lang='lat' dir='ltr'><strong>ignorantibus.</strong></span> <span class='ocrx_word' id='word_1_338' title='bbox 1510 4754 1604 4809; x_wconf 87' lang='lat' dir='ltr'><strong>His</strong></span> <span class='ocrx_word' id='word_1_339' title='bbox 1631 4757 1703 4808; x_wconf 90' lang='lat' dir='ltr'><strong>ita</strong></span> 
     </span>
    </p>
   </div>
   <div class='ocr_carea' id='block_1_51' title="bbox 154 4848 1706 4919">
    <p class='ocr_par' dir='ltr' id='par_1_51' title="bbox 154 4848 1706 4919">
     <span class='ocr_line' id='line_1_51' title="bbox 154 4848 1706 4919; baseline 0.003 -20"><span class='ocrx_word' id='word_1_340' title='bbox 154 4848 293 4912; x_wconf 81' lang='lat' dir='ltr'><strong>gestis</strong></span> <span class='ocrx_word' id='word_1_341' title='bbox 312 4865 428 4904; x_wconf 91' lang='lat' dir='ltr'><strong>eum</strong></span> <span class='ocrx_word' id='word_1_342' title='bbox 459 4848 736 4906; x_wconf 87' lang='lat' dir='ltr'><strong>Ostiensis</strong></span> <span class='ocrx_word' id='word_1_343' title='bbox 776 4849 1061 4919; x_wconf 84' lang='lat' dir='ltr'><strong>episcopus</strong></span> <span class='ocrx_word' id='word_1_344' title='bbox 1107 4850 1382 4903; x_wconf 89' lang='lat' dir='ltr'><strong>nobiscum</strong></span> <span class='ocrx_word' id='word_1_345' title='bbox 1433 4850 1568 4904; x_wconf 90' lang='lat' dir='ltr'><strong>bene</strong></span> <span class='ocrx_word' id='word_1_346' title='bbox 1608 4866 1706 4918; x_wconf 85' lang='lat' dir='ltr'><strong>per</strong></span> 
     </span>
    </p>
   </div>
   <div class='ocr_carea' id='block_1_52' title="bbox 154 4938 1701 5010">
    <p class='ocr_par' dir='ltr' id='par_1_52' title="bbox 154 4938 1701 5010">
     <span class='ocr_line' id='line_1_52' title="bbox 154 4938 1701 5010; baseline 0.001 -20"><span class='ocrx_word' id='word_1_347' title='bbox 154 4938 304 4991; x_wconf 87' lang='lat' dir='ltr'><strong>omnia</strong></span> <span class='ocrx_word' id='word_1_348' title='bbox 326 4942 682 5006; x_wconf 88' lang='lat' dir='ltr'><strong>cueurrisset,</strong></span> <span class='ocrx_word' id='word_1_349' title='bbox 705 4949 761 4993; x_wconf 89' lang='lat' dir='ltr'><strong>ut</strong></span> <span class='ocrx_word' id='word_1_350' title='bbox 788 4940 918 4993; x_wconf 91' lang='lat' dir='ltr'><strong>vidit</strong></span> <span class='ocrx_word' id='word_1_351' title='bbox 946 4941 1087 5009; x_wconf 85' lang='lat' dir='ltr'><strong>quod</strong></span> <span class='ocrx_word' id='word_1_352' title='bbox 1111 4941 1276 4995; x_wconf 89' lang='lat' dir='ltr'><strong>abbas</strong></span> <span class='ocrx_word' id='word_1_353' title='bbox 1299 4955 1396 5007; x_wconf 89' lang='lat' dir='ltr'><strong>per</strong></span> <span class='ocrx_word' id='word_1_354' title='bbox 1411 4940 1701 5010; x_wconf 86' lang='lat' dir='ltr'><strong>potentiam</strong></span> 
     </span>
    </p>
   </div>
   <div class='ocr_carea' id='block_1_53' title="bbox 153 5029 1704 5101">
    <p class='ocr_par' dir='ltr' id='par_1_53' title="bbox 153 5029 1704 5101">
     <span class='ocr_line' id='line_1_53' title="bbox 153 5029 1704 5101; baseline 0.005 -18"><span class='ocrx_word' id='word_1_355' title='bbox 153 5029 378 5101; x_wconf 83' lang='lat' dir='ltr'><strong>principis</strong></span> <span class='ocrx_word' id='word_1_356' title='bbox 422 5034 650 5090; x_wconf 88' lang='lat' dir='ltr'><strong>.lordani</strong></span> <span class='ocrx_word' id='word_1_357' title='bbox 687 5033 752 5087; x_wconf 90' lang='lat' dir='ltr'><strong>ad</strong></span> <span class='ocrx_word' id='word_1_358' title='bbox 785 5034 1210 5087; x_wconf 86' lang='lat' dir='ltr'><strong>consecrandum</strong></span> <span class='ocrx_word' id='word_1_359' title='bbox 1260 5050 1317 5088; x_wconf 92' lang='lat' dir='ltr'><strong>se</strong></span> <span class='ocrx_word' id='word_1_360' title='bbox 1363 5035 1591 5088; x_wconf 87' lang='lat' dir='ltr'><strong>Romam</strong></span> <span class='ocrx_word' id='word_1_361' title='bbox 1626 5036 1704 5090; x_wconf 90' lang='lat' dir='ltr'><strong>ire</strong></span> 
     </span>
    </p>
   </div>
   <div class='ocr_carea' id='block_1_54' title="bbox 152 5119 1697 5194">
    <p class='ocr_par' dir='ltr' id='par_1_54' title="bbox 152 5119 1697 5194">
     <span class='ocr_line' id='line_1_54' title="bbox 152 5119 1697 5194; baseline 0.003 -22"><span class='ocrx_word' id='word_1_362' title='bbox 152 5119 448 5189; x_wconf 87' lang='lat' dir='ltr'><strong>intendebat,</strong></span> <span class='ocrx_word' id='word_1_363' title='bbox 481 5127 683 5180; x_wconf 86' lang='lat' dir='ltr'><strong>timens</strong></span> <span class='ocrx_word' id='word_1_364' title='bbox 711 5125 848 5179; x_wconf 85' lang='lat' dir='ltr'><strong>forte</strong></span> <span class='ocrx_word' id='word_1_365' title='bbox 873 5140 939 5178; x_wconf 89' lang='lat' dir='ltr'><strong>ne</strong></span> <span class='ocrx_word' id='word_1_366' title='bbox 970 5125 1051 5178; x_wconf 89' lang='lat' dir='ltr'><strong>sui</strong></span> <span class='ocrx_word' id='word_1_367' title='bbox 1082 5124 1343 5193; x_wconf 83' lang='lat' dir='ltr'><strong>dignitate</strong></span> <span class='ocrx_word' id='word_1_368' title='bbox 1371 5126 1697 5194; x_wconf 85' lang='lat' dir='ltr'><strong>privaretur,</strong></span> 
     </span>
    </p>
   </div>
   <div class='ocr_carea' id='block_1_55' title="bbox 149 5213 1699 5289">
    <p class='ocr_par' dir='ltr' id='par_1_55' title="bbox 149 5213 1699 5289">
     <span class='ocr_line' id='line_1_55' title="bbox 149 5213 1699 5289; baseline 0.003 -24"><span class='ocrx_word' id='word_1_369' title='bbox 149 5213 186 5265; x_wconf 95' lang='lat' dir='ltr'><strong>si</strong></span> <span class='ocrx_word' id='word_1_370' title='bbox 216 5214 275 5271; x_wconf 88' lang='lat' dir='ltr'><strong>ab</strong></span> <span class='ocrx_word' id='word_1_371' title='bbox 308 5217 411 5273; x_wconf 92' lang='lat' dir='ltr'><strong>alio</strong></span> <span class='ocrx_word' id='word_1_372' title='bbox 438 5220 622 5289; x_wconf 90' lang='lat' dir='ltr'><strong>prima</strong></span> <span class='ocrx_word' id='word_1_373' title='bbox 652 5233 844 5272; x_wconf 91' lang='lat' dir='ltr'><strong>manus</strong></span> <span class='ocrx_word' id='word_1_374' title='bbox 875 5218 1212 5271; x_wconf 86' lang='lat' dir='ltr'><strong>consecratio</strong></span> <span class='ocrx_word' id='word_1_375' title='bbox 1239 5217 1285 5270; x_wconf 89' lang='lat' dir='ltr'><strong>ei</strong></span> <span class='ocrx_word' id='word_1_376' title='bbox 1316 5218 1699 5286; x_wconf 81' lang='lat' dir='ltr'><strong>imponeretur,</strong></span> 
     </span>
    </p>
   </div>
   <div class='ocr_carea' id='block_1_56' title="bbox 147 5307 1703 5374">
    <p class='ocr_par' dir='ltr' id='par_1_56' title="bbox 147 5307 1703 5374">
     <span class='ocr_line' id='line_1_56' title="bbox 147 5307 1703 5374; baseline -0.001 -9"><span class='ocrx_word' id='word_1_377' title='bbox 147 5322 409 5367; x_wconf 74' lang='lat' dir='ltr'><strong>Conversus</strong></span> <span class='ocrx_word' id='word_1_378' title='bbox 465 5322 553 5368; x_wconf 84' lang='lat' dir='ltr'><strong>est</strong></span> <span class='ocrx_word' id='word_1_379' title='bbox 610 5311 662 5365; x_wconf 90' lang='lat' dir='ltr'><strong>in</strong></span> <span class='ocrx_word' id='word_1_380' title='bbox 713 5310 799 5363; x_wconf 89' lang='lat' dir='ltr'><strong>die</strong></span> <span class='ocrx_word' id='word_1_381' title='bbox 855 5309 1009 5374; x_wconf 89' lang='lat' dir='ltr'><strong>belli;</strong></span> <span class='ocrx_word' id='word_1_382' title='bbox 1061 5318 1118 5363; x_wconf 86' lang='lat' dir='ltr'><strong>et</strong></span> <span class='ocrx_word' id='word_1_383' title='bbox 1183 5310 1469 5364; x_wconf 86' lang='lat' dir='ltr'><strong>innuemor</strong></span> <span class='ocrx_word' id='word_1_384' title='bbox 1527 5307 1703 5364; x_wconf 85' lang='lat' dir='ltr'><strong>factus</strong></span> 
     </span>
    </p>
   </div>
   <div class='ocr_carea' id='block_1_57' title="bbox 146 5399 1700 5469">
    <p class='ocr_par' dir='ltr' id='par_1_57' title="bbox 146 5399 1700 5469">
     <span class='ocr_line' id='line_1_57' title="bbox 146 5399 1700 5469; baseline 0.001 -15"><span class='ocrx_word' id='word_1_385' title='bbox 146 5401 372 5468; x_wconf 80' lang='lat' dir='ltr'><strong>propositi</strong></span> <span class='ocrx_word' id='word_1_386' title='bbox 426 5413 483 5457; x_wconf 91' lang='lat' dir='ltr'><strong>et</strong></span> <span class='ocrx_word' id='word_1_387' title='bbox 537 5402 696 5455; x_wconf 72' lang='lat' dir='ltr'><strong>factae</strong></span> <span class='ocrx_word' id='word_1_388' title='bbox 742 5401 898 5455; x_wconf 89' lang='lat' dir='ltr'><strong>nobis</strong></span> <span class='ocrx_word' id='word_1_389' title='bbox 946 5399 1276 5469; x_wconf 86' lang='lat' dir='ltr'><strong>sponsionis,</strong></span> <span class='ocrx_word' id='word_1_390' title='bbox 1322 5400 1464 5469; x_wconf 89' lang='lat' dir='ltr'><strong>quod</strong></span> <span class='ocrx_word' id='word_1_391' title='bbox 1519 5401 1700 5455; x_wconf 89' lang='lat' dir='ltr'><strong>dicere</strong></span> 
     </span>
    </p>
   </div>
   <div class='ocr_carea' id='block_1_58' title="bbox 146 5489 1699 5562">
    <p class='ocr_par' dir='ltr' id='par_1_58' title="bbox 146 5489 1699 5562">
     <span class='ocr_line' id='line_1_58' title="bbox 146 5489 1699 5562; baseline 0.006 -25"><span class='ocrx_word' id='word_1_392' title='bbox 146 5489 306 5556; x_wconf 75' lang='lat' dir='ltr'><strong>pudet,</strong></span> <span class='ocrx_word' id='word_1_393' title='bbox 338 5509 457 5546; x_wconf 88' lang='lat' dir='ltr'><strong>cum</strong></span> <span class='ocrx_word' id='word_1_394' title='bbox 506 5494 704 5547; x_wconf 80' lang='lat' dir='ltr'><strong>al-bate</strong></span> <span class='ocrx_word' id='word_1_395' title='bbox 757 5508 940 5562; x_wconf 87' lang='lat' dir='ltr'><strong>pacem</strong></span> <span class='ocrx_word' id='word_1_396' title='bbox 983 5492 1204 5557; x_wconf 80' lang='lat' dir='ltr'><strong>faciens,</strong></span> <span class='ocrx_word' id='word_1_397' title='bbox 1246 5492 1601 5546; x_wconf 73' lang='lat' dir='ltr'><strong>reverentiam</strong></span> <span class='ocrx_word' id='word_1_398' title='bbox 1651 5494 1699 5547; x_wconf 87' lang='lat' dir='ltr'><strong>ei</strong></span> 
     </span>
    </p>
   </div>
   <div class='ocr_carea' id='block_1_59' title="bbox 146 5582 1700 5652">
    <p class='ocr_par' dir='ltr' id='par_1_59' title="bbox 146 5582 1700 5652">
     <span class='ocr_line' id='line_1_59' title="bbox 146 5582 1700 5652; baseline 0.001 -19"><span class='ocrx_word' id='word_1_399' title='bbox 146 5595 223 5645; x_wconf 83' lang='lat' dir='ltr'><strong>per</strong></span> <span class='ocrx_word' id='word_1_400' title='bbox 246 5584 417 5638; x_wconf 88' lang='lat' dir='ltr'><strong>omnia</strong></span> <span class='ocrx_word' id='word_1_401' title='bbox 452 5586 600 5640; x_wconf 76' lang='lat' dir='ltr'><strong>sicut</strong></span> <span class='ocrx_word' id='word_1_402' title='bbox 643 5600 792 5652; x_wconf 69' lang='lat' dir='ltr'><strong>papa:</strong></span> <span class='ocrx_word' id='word_1_403' title='bbox 843 5584 1114 5652; x_wconf 77' lang='lat' dir='ltr'><strong>persolvit.</strong></span> <span class='ocrx_word' id='word_1_404' title='bbox 1149 5582 1388 5649; x_wconf 76' lang='lat' dir='ltr'><strong>Qualiter</strong></span> <span class='ocrx_word' id='word_1_405' title='bbox 1410 5593 1587 5636; x_wconf 88' lang='lat' dir='ltr'><strong>autem</strong></span> <span class='ocrx_word' id='word_1_406' title='bbox 1618 5582 1700 5636; x_wconf 91' lang='lat' dir='ltr'><strong>vel</strong></span> 
     </span>
    </p>
   </div>
   <div class='ocr_carea' id='block_1_60' title="bbox 144 5676 1697 5745">
    <p class='ocr_par' dir='ltr' id='par_1_60' title="bbox 144 5676 1697 5745">
     <span class='ocr_line' id='line_1_60' title="bbox 144 5676 1697 5745; baseline 0.004 -21"><span class='ocrx_word' id='word_1_407' title='bbox 144 5676 386 5738; x_wconf 86' lang='lat' dir='ltr'><strong>quomodo</strong></span> <span class='ocrx_word' id='word_1_408' title='bbox 413 5677 646 5731; x_wconf 86' lang='lat' dir='ltr'><strong>Romam</strong></span> <span class='ocrx_word' id='word_1_409' title='bbox 675 5679 753 5730; x_wconf 87' lang='lat' dir='ltr'><strong>ire</strong></span> <span class='ocrx_word' id='word_1_410' title='bbox 784 5676 1047 5745; x_wconf 86' lang='lat' dir='ltr'><strong>disponat,</strong></span> <span class='ocrx_word' id='word_1_411' title='bbox 1074 5677 1329 5745; x_wconf 74' lang='lat' dir='ltr'><strong>quoniam</strong></span> <span class='ocrx_word' id='word_1_412' title='bbox 1354 5677 1697 5744; x_wconf 77' lang='lat' dir='ltr'><strong>praesentium</strong></span> 
     </span>
    </p>
   </div>
   <div class='ocr_carea' id='block_1_61' title="bbox 147 5758 1701 5843">
    <p class='ocr_par' dir='ltr' id='par_1_61' title="bbox 147 5758 1701 5843">
     <span class='ocr_line' id='line_1_61' title="bbox 147 5758 1701 5843; baseline 0.007 -30"><span class='ocrx_word' id='word_1_413' title='bbox 147 5762 281 5833; x_wconf 87' lang='lat' dir='ltr'><strong>lator,</strong></span> <span class='ocrx_word' id='word_1_414' title='bbox 304 5779 356 5825; x_wconf 86' lang='lat' dir='ltr'><strong>et</strong></span> <span class='ocrx_word' id='word_1_415' title='bbox 381 5771 675 5843; x_wconf 82' lang='lat' dir='ltr'><strong>peregrini,</strong></span> <span class='ocrx_word' id='word_1_416' title='bbox 700 5772 952 5841; x_wconf 69' lang='lat' dir='ltr'><strong>quidquid</strong></span> <span class='ocrx_word' id='word_1_417' title='bbox 987 5784 1267 5841; x_wconf 70' lang='lat' dir='ltr'><strong>pOSIquam</strong></span> <span class='ocrx_word' id='word_1_418' title='bbox 1298 5786 1323 5822; x_wconf 83' lang='lat' dir='ltr'><strong>a</strong></span> <span class='ocrx_word' id='word_1_419' title='bbox 1349 5770 1500 5823; x_wconf 73' lang='lat' dir='ltr'><strong>nobis</strong></span> <span class='ocrx_word' id='word_1_420' title='bbox 1528 5758 1701 5824; x_wconf 83' lang='lat' dir='ltr'><strong>reces-</strong></span> 
     </span>
    </p>
   </div>
   <div class='ocr_carea' id='block_1_62' title="bbox 145 5852 1700 5945">
    <p class='ocr_par' dir='ltr' id='par_1_62' title="bbox 145 5852 1700 5945">
     <span class='ocr_line' id='line_1_62' title="bbox 145 5852 1700 5945; baseline -0.001 -31"><span class='ocrx_word' id='word_1_421' title='bbox 145 5871 306 5915; x_wconf 80' lang='lat' dir='ltr'><strong>serunt</strong></span> <span class='ocrx_word' id='word_1_422' title='bbox 344 5878 441 5934; x_wconf 88' lang='lat' dir='ltr'><strong>per</strong></span> <span class='ocrx_word' id='word_1_423' title='bbox 465 5864 705 5931; x_wconf 84' lang='lat' dir='ltr'><strong>Capuam</strong></span> <span class='ocrx_word' id='word_1_424' title='bbox 740 5852 1080 5919; x_wconf 85' lang='lat' dir='ltr'><strong>transeuntes</strong></span> <span class='ocrx_word' id='word_1_425' title='bbox 1109 5863 1173 5917; x_wconf 86' lang='lat' dir='ltr'><strong>de</strong></span> <span class='ocrx_word' id='word_1_426' title='bbox 1204 5860 1505 5930; x_wconf 70' lang='lat' dir='ltr'><strong>huiusmodi</strong></span> <span class='ocrx_word' id='word_1_427' title='bbox 1537 5874 1700 5945; x_wconf 83' lang='lat' dir='ltr'><strong>appa-</strong></span> 
     </span>
    </p>
   </div>
   <div class='ocr_carea' id='block_1_63' title="bbox 1831 631 3422 707">
    <p class='ocr_par' dir='ltr' id='par_1_63' title="bbox 1831 631 3422 707">
     <span class='ocr_line' id='line_1_63' title="bbox 1831 631 3422 707; baseline 0.004 -23"><span class='ocrx_word' id='word_1_428' title='bbox 1831 631 2045 701; x_wconf 88' lang='lat' dir='ltr'><strong>pleuius</strong></span> <span class='ocrx_word' id='word_1_429' title='bbox 2102 633 2254 689; x_wconf 87' lang='lat' dir='ltr'><strong>vobis</strong></span> <span class='ocrx_word' id='word_1_430' title='bbox 2305 635 2508 690; x_wconf 89' lang='lat' dir='ltr'><strong>referre</strong></span> <span class='ocrx_word' id='word_1_431' title='bbox 2556 646 2832 707; x_wconf 86' lang='lat' dir='ltr'><strong>poterunt.</strong></span> <span class='ocrx_word' id='word_1_432' title='bbox 2864 632 2964 690; x_wconf 88' lang='lat' dir='ltr'><strong>Hic</strong></span> <span class='ocrx_word' id='word_1_433' title='bbox 3011 635 3181 706; x_wconf 84' lang='lat' dir='ltr'><strong>igitur</strong></span> <span class='ocrx_word' id='word_1_434' title='bbox 3226 652 3422 692; x_wconf 85' lang='lat' dir='ltr'><strong>conse-</strong></span> 
     </span>
    </p>
   </div>
   <div class='ocr_carea' id='block_1_64' title="bbox 1831 726 3420 800">
    <p class='ocr_par' dir='ltr' id='par_1_64' title="bbox 1831 726 3420 800">
     <span class='ocr_line' id='line_1_64' title="bbox 1831 726 3420 800; baseline 0.006 -22"><span class='ocrx_word' id='word_1_435' title='bbox 1831 735 2013 782; x_wconf 90' lang='lat' dir='ltr'><strong>cratus</strong></span> <span class='ocrx_word' id='word_1_436' title='bbox 2051 728 2119 782; x_wconf 85' lang='lat' dir='ltr'><strong>ab</strong></span> <span class='ocrx_word' id='word_1_437' title='bbox 2159 726 2391 783; x_wconf 83' lang='lat' dir='ltr'><strong>Ostiensi</strong></span> <span class='ocrx_word' id='word_1_438' title='bbox 2445 728 2724 800; x_wconf 89' lang='lat' dir='ltr'><strong>episcopo,</strong></span> <span class='ocrx_word' id='word_1_439' title='bbox 2757 746 2879 785; x_wconf 92' lang='lat' dir='ltr'><strong>cum</strong></span> <span class='ocrx_word' id='word_1_440' title='bbox 2930 730 3124 784; x_wconf 87' lang='lat' dir='ltr'><strong>missas</strong></span> <span class='ocrx_word' id='word_1_441' title='bbox 3173 730 3314 799; x_wconf 90' lang='lat' dir='ltr'><strong>apud</strong></span> <span class='ocrx_word' id='word_1_442' title='bbox 3361 731 3420 788; x_wconf 91' lang='lat' dir='ltr'><strong>S.</strong></span> 
     </span>
    </p>
   </div>
   <div class='ocr_carea' id='block_1_65' title="bbox 1831 817 3421 893">
    <p class='ocr_par' dir='ltr' id='par_1_65' title="bbox 1831 817 3421 893">
     <span class='ocr_line' id='line_1_65' title="bbox 1831 817 3421 893; baseline 0.001 -21"><span class='ocrx_word' id='word_1_443' title='bbox 1831 817 2048 875; x_wconf 92' lang='lat' dir='ltr'><strong>Petrum</strong></span> <span class='ocrx_word' id='word_1_444' title='bbox 2102 820 2326 881; x_wconf 81' lang='lat' dir='ltr'><strong>diceret,</strong></span> <span class='ocrx_word' id='word_1_445' title='bbox 2376 820 2513 875; x_wconf 91' lang='lat' dir='ltr'><strong>infra</strong></span> <span class='ocrx_word' id='word_1_446' title='bbox 2569 823 2835 876; x_wconf 91' lang='lat' dir='ltr'><strong>actionem</strong></span> <span class='ocrx_word' id='word_1_447' title='bbox 2885 821 3088 893; x_wconf 86' lang='lat' dir='ltr'><strong>judicio</strong></span> <span class='ocrx_word' id='word_1_448' title='bbox 3148 822 3244 876; x_wconf 91' lang='lat' dir='ltr'><strong>Dei</strong></span> <span class='ocrx_word' id='word_1_449' title='bbox 3300 838 3421 891; x_wconf 84' lang='lat' dir='ltr'><strong>per-</strong></span> 
     </span>
    </p>
   </div>
   <div class='ocr_carea' id='block_1_66' title="bbox 1830 908 3420 977">
    <p class='ocr_par' dir='ltr' id='par_1_66' title="bbox 1830 908 3420 977">
     <span class='ocr_line' id='line_1_66' title="bbox 1830 908 3420 977; baseline 0.002 -18"><span class='ocrx_word' id='word_1_450' title='bbox 1830 920 2021 960; x_wconf 91' lang='lat' dir='ltr'><strong>cussus</strong></span> <span class='ocrx_word' id='word_1_451' title='bbox 2044 915 2147 961; x_wconf 89' lang='lat' dir='ltr'><strong>est.</strong></span> <span class='ocrx_word' id='word_1_452' title='bbox 2173 908 2239 962; x_wconf 84' lang='lat' dir='ltr'><strong>Et</strong></span> <span class='ocrx_word' id='word_1_453' title='bbox 2265 908 2516 977; x_wconf 80' lang='lat' dir='ltr'><strong>quamvis</strong></span> <span class='ocrx_word' id='word_1_454' title='bbox 2547 908 2720 974; x_wconf 90' lang='lat' dir='ltr'><strong>tarde,</strong></span> <span class='ocrx_word' id='word_1_455' title='bbox 2741 923 3075 977; x_wconf 87' lang='lat' dir='ltr'><strong>cognoscens</strong></span> <span class='ocrx_word' id='word_1_456' title='bbox 3101 924 3159 964; x_wconf 89' lang='lat' dir='ltr'><strong>se</strong></span> <span class='ocrx_word' id='word_1_457' title='bbox 3180 923 3420 970; x_wconf 83' lang='lat' dir='ltr'><strong>errasse,</strong></span> 
     </span>
    </p>
   </div>
   <div class='ocr_carea' id='block_1_67' title="bbox 1834 1000 3421 1071">
    <p class='ocr_par' dir='ltr' id='par_1_67' title="bbox 1834 1000 3421 1071">
     <span class='ocr_line' id='line_1_67' title="bbox 1834 1000 3421 1071; baseline 0.001 -17"><span class='ocrx_word' id='word_1_458' title='bbox 1834 1000 2011 1070; x_wconf 84' lang='lat' dir='ltr'><strong>seipse</strong></span> <span class='ocrx_word' id='word_1_459' title='bbox 2068 1000 2364 1071; x_wconf 89' lang='lat' dir='ltr'><strong>deposuit,</strong></span> <span class='ocrx_word' id='word_1_460' title='bbox 2420 1009 2475 1055; x_wconf 88' lang='lat' dir='ltr'><strong>et</strong></span> <span class='ocrx_word' id='word_1_461' title='bbox 2531 1002 2721 1057; x_wconf 87' lang='lat' dir='ltr'><strong>accitis</strong></span> <span class='ocrx_word' id='word_1_462' title='bbox 2787 1002 3046 1055; x_wconf 87' lang='lat' dir='ltr'><strong>fratribus</strong></span> <span class='ocrx_word' id='word_1_463' title='bbox 3111 1002 3177 1056; x_wconf 92' lang='lat' dir='ltr'><strong>de</strong></span> <span class='ocrx_word' id='word_1_464' title='bbox 3236 1001 3421 1056; x_wconf 82' lang='lat' dir='ltr'><strong>Monte</strong></span> 
     </span>
    </p>
   </div>
   <div class='ocr_carea' id='block_1_68' title="bbox 1828 1088 3419 1161">
    <p class='ocr_par' dir='ltr' id='par_1_68' title="bbox 1828 1088 3419 1161">
     <span class='ocr_line' id='line_1_68' title="bbox 1828 1088 3419 1161; baseline 0.001 -19"><span class='ocrx_word' id='word_1_465' title='bbox 1828 1088 2050 1155; x_wconf 85' lang='lat' dir='ltr'><strong>Casino,</strong></span> <span class='ocrx_word' id='word_1_466' title='bbox 2094 1090 2185 1160; x_wconf 91' lang='lat' dir='ltr'><strong>qui</strong></span> <span class='ocrx_word' id='word_1_467' title='bbox 2232 1106 2414 1145; x_wconf 89' lang='lat' dir='ltr'><strong>secum</strong></span> <span class='ocrx_word' id='word_1_468' title='bbox 2467 1092 2723 1154; x_wconf 87' lang='lat' dir='ltr'><strong>aderant,</strong></span> <span class='ocrx_word' id='word_1_469' title='bbox 2776 1092 3031 1161; x_wconf 66' lang='lat' dir='ltr'><strong>pra‘cepit</strong></span> <span class='ocrx_word' id='word_1_470' title='bbox 3074 1108 3132 1147; x_wconf 89' lang='lat' dir='ltr'><strong>se</strong></span> <span class='ocrx_word' id='word_1_471' title='bbox 3186 1092 3279 1147; x_wconf 88' lang='lat' dir='ltr'><strong>illo</strong></span> <span class='ocrx_word' id='word_1_472' title='bbox 3327 1094 3419 1146; x_wconf 87' lang='lat' dir='ltr'><strong>de-</strong></span> 
     </span>
    </p>
   </div>
   <div class='ocr_carea' id='block_1_69' title="bbox 1827 1179 3412 1252">
    <p class='ocr_par' dir='ltr' id='par_1_69' title="bbox 1827 1179 3412 1252">
     <span class='ocr_line' id='line_1_69' title="bbox 1827 1179 3412 1252; baseline 0.004 -19"><span class='ocrx_word' id='word_1_473' title='bbox 1827 1179 1984 1243; x_wconf 85' lang='lat' dir='ltr'><strong>ferri,</strong></span> <span class='ocrx_word' id='word_1_474' title='bbox 2013 1190 2068 1236; x_wconf 89' lang='lat' dir='ltr'><strong>et</strong></span> <span class='ocrx_word' id='word_1_475' title='bbox 2097 1182 2149 1236; x_wconf 91' lang='lat' dir='ltr'><strong>in</strong></span> <span class='ocrx_word' id='word_1_476' title='bbox 2178 1182 2412 1252; x_wconf 89' lang='lat' dir='ltr'><strong>capitulo</strong></span> <span class='ocrx_word' id='word_1_477' title='bbox 2446 1198 2550 1237; x_wconf 93' lang='lat' dir='ltr'><strong>non</strong></span> <span class='ocrx_word' id='word_1_478' title='bbox 2581 1192 2637 1236; x_wconf 91' lang='lat' dir='ltr'><strong>ut</strong></span> <span class='ocrx_word' id='word_1_479' title='bbox 2678 1198 2903 1252; x_wconf 88' lang='lat' dir='ltr'><strong>papam,</strong></span> <span class='ocrx_word' id='word_1_480' title='bbox 2932 1184 3032 1238; x_wconf 91' lang='lat' dir='ltr'><strong>sub</strong></span> <span class='ocrx_word' id='word_1_481' title='bbox 3069 1194 3126 1239; x_wconf 88' lang='lat' dir='ltr'><strong>ut</strong></span> <span class='ocrx_word' id='word_1_482' title='bbox 3163 1185 3412 1241; x_wconf 88' lang='lat' dir='ltr'><strong>abbatem</strong></span> 
     </span>
    </p>
   </div>
   <div class='ocr_carea' id='block_1_70' title="bbox 1828 1260 3385 1340">
    <p class='ocr_par' dir='ltr' id='par_1_70' title="bbox 1828 1260 3385 1340">
     <span class='ocr_line' id='line_1_70' title="bbox 1828 1260 3385 1340; baseline 0.004 -14"><span class='ocrx_word' id='word_1_483' title='bbox 1828 1270 2042 1340; x_wconf 80' lang='lat' dir='ltr'><strong>sepeliri</strong></span> <span class='ocrx_word' id='word_1_484' title='bbox 3384 1260 3385 1263; x_wconf 8' lang='grc' dir='ltr'><strong>η</strong></span> 
     </span>
    </p>
   </div>
   <div class='ocr_carea' id='block_1_71' title="bbox 2584 1363 2667 1417">
    <p class='ocr_par' dir='ltr' id='par_1_71' title="bbox 2584 1363 2667 1417">
     <span class='ocr_line' id='line_1_71' title="bbox 2584 1363 2667 1417; baseline -0.024 0"><span class='ocrx_word' id='word_1_485' title='bbox 2584 1363 2667 1417; x_wconf 83' lang='lat' dir='ltr'><strong>IX.</strong></span> 
     </span>
    </p>
   </div>
   <div class='ocr_carea' id='block_1_72' title="bbox 2211 1455 3026 1513">
    <p class='ocr_par' dir='ltr' id='par_1_72' title="bbox 2211 1455 3026 1513">
     <span class='ocr_line' id='line_1_72' title="bbox 2211 1455 3026 1513; baseline -0.004 0"><span class='ocrx_word' id='word_1_486' title='bbox 2211 1458 2292 1513; x_wconf 82' lang='lat' dir='ltr'><strong>Ad</strong></span> <span class='ocrx_word' id='word_1_487' title='bbox 2333 1457 2585 1509; x_wconf 82' lang='lat' dir='ltr'><strong>eamdem.</strong></span> <span class='ocrx_word' id='word_1_488' title='bbox 2614 1487 2685 1497; x_wconf 94' lang='lat'><strong>—</strong></span> <span class='ocrx_word' id='word_1_489' title='bbox 2714 1455 2788 1509; x_wconf 84' lang='lat' dir='ltr'><strong>De</strong></span> <span class='ocrx_word' id='word_1_490' title='bbox 2825 1458 3026 1511; x_wconf 77' lang='lat' dir='ltr'><strong>iisdem.</strong></span> 
     </span>
    </p>
   </div>
   <div class='ocr_carea' id='block_1_73' title="bbox 2424 1547 2828 1618">
    <p class='ocr_par' dir='ltr' id='par_1_73' title="bbox 2424 1547 2828 1618">
     <span class='ocr_line' id='line_1_73' title="bbox 2424 1547 2828 1618; baseline 0 -19"><span class='ocrx_word' id='word_1_491' title='bbox 2424 1547 2604 1615; x_wconf 85' lang='lat' dir='ltr'><strong>(Anno</strong></span> <span class='ocrx_word' id='word_1_492' title='bbox 2646 1548 2828 1618; x_wconf 76' lang='lat' dir='ltr'><strong>mss.)</strong></span> 
     </span>
    </p>
   </div>
   <div class='ocr_carea' id='block_1_74' title="bbox 2324 1636 2919 1712">
    <p class='ocr_par' dir='ltr' id='par_1_74' title="bbox 2324 1636 2919 1712">
     <span class='ocr_line' id='line_1_74' title="bbox 2324 1636 2919 1712; baseline 0.003 -21"><span class='ocrx_word' id='word_1_493' title='bbox 2324 1636 2542 1709; x_wconf 65' lang='lat' dir='ltr'><strong>[MASS],</strong></span> <span class='ocrx_word' id='word_1_494' title='bbox 2585 1640 2672 1693; x_wconf 80' lang='lat' dir='ltr'><strong>ubi</strong></span> <span class='ocrx_word' id='word_1_495' title='bbox 2711 1639 2919 1712; x_wconf 68' lang='lat' dir='ltr'><strong>suprm]</strong></span> 
     </span>
    </p>
   </div>
   <div class='ocr_carea' id='block_1_75' title="bbox 1898 1727 3421 1791">
    <p class='ocr_par' dir='ltr' id='par_1_75' title="bbox 1898 1727 3421 1791">
     <span class='ocr_line' id='line_1_75' title="bbox 1898 1727 3421 1791; baseline 0.007 -10"><span class='ocrx_word' id='word_1_496' title='bbox 1898 1727 2171 1784; x_wconf 76' lang='lat' dir='ltr'><strong>Mummi</strong></span> <span class='ocrx_word' id='word_1_497' title='bbox 2210 1729 2580 1785; x_wconf 71' lang='lat' dir='ltr'><strong>dilectissime:</strong></span> <span class='ocrx_word' id='word_1_498' title='bbox 2610 1734 2661 1785; x_wconf 93' lang='lat' dir='ltr'><strong>in</strong></span> <span class='ocrx_word' id='word_1_499' title='bbox 2692 1731 2909 1789; x_wconf 85' lang='lat' dir='ltr'><strong>Christo</strong></span> <span class='ocrx_word' id='word_1_500' title='bbox 2939 1748 3111 1788; x_wconf 81' lang='lat' dir='ltr'><strong>SOI‘OI‘I</strong></span> <span class='ocrx_word' id='word_1_501' title='bbox 3152 1748 3215 1789; x_wconf 91' lang='lat' dir='ltr'><strong>ac</strong></span> <span class='ocrx_word' id='word_1_502' title='bbox 3245 1736 3421 1791; x_wconf 71' lang='lat' dir='ltr'><strong>unica!</strong></span> 
     </span>
    </p>
   </div>
   <div class='ocr_carea' id='block_1_76' title="bbox 1827 1818 3420 1893">
    <p class='ocr_par' dir='ltr' id='par_1_76' title="bbox 1827 1818 3420 1893">
     <span class='ocr_line' id='line_1_76' title="bbox 1827 1818 3420 1893; baseline 0.008 -22"><span class='ocrx_word' id='word_1_503' title='bbox 1827 1818 1949 1873; x_wconf 71' lang='lat' dir='ltr'><strong>ﬁliae</strong></span> <span class='ocrx_word' id='word_1_504' title='bbox 1977 1819 2118 1874; x_wconf 87' lang='lat' dir='ltr'><strong>beati</strong></span> <span class='ocrx_word' id='word_1_505' title='bbox 2148 1819 2318 1885; x_wconf 89' lang='lat' dir='ltr'><strong>Petri,</strong></span> <span class='ocrx_word' id='word_1_506' title='bbox 2351 1820 2505 1877; x_wconf 79' lang='lat' dir='ltr'><strong>Heco</strong></span> <span class='ocrx_word' id='word_1_507' title='bbox 2533 1832 2735 1879; x_wconf 68' lang='lat' dir='ltr'><strong>sanctae</strong></span> <span class='ocrx_word' id='word_1_508' title='bbox 2768 1823 3142 1893; x_wconf 82' lang='lat' dir='ltr'><strong>Lugdunensis</strong></span> <span class='ocrx_word' id='word_1_509' title='bbox 3168 1827 3420 1884; x_wconf 66' lang='lat' dir='ltr'><strong>Ecclesiae</strong></span> 
     </span>
    </p>
   </div>
   <div class='ocr_carea' id='block_1_77' title="bbox 1825 1912 2989 1978">
    <p class='ocr_par' dir='ltr' id='par_1_77' title="bbox 1825 1912 2989 1978">
     <span class='ocr_line' id='line_1_77' title="bbox 1825 1912 2989 1978; baseline 0.004 -14"><span class='ocrx_word' id='word_1_510' title='bbox 1825 1926 2036 1978; x_wconf 87' lang='lat' dir='ltr'><strong>servus,</strong></span> <span class='ocrx_word' id='word_1_511' title='bbox 2074 1912 2300 1966; x_wconf 88' lang='lat' dir='ltr'><strong>salutem</strong></span> <span class='ocrx_word' id='word_1_512' title='bbox 2331 1913 2381 1966; x_wconf 93' lang='lat' dir='ltr'><strong>in</strong></span> <span class='ocrx_word' id='word_1_513' title='bbox 2420 1914 2686 1970; x_wconf 82' lang='lat' dir='ltr'><strong>eltaritate</strong></span> <span class='ocrx_word' id='word_1_514' title='bbox 2713 1933 2816 1970; x_wconf 91' lang='lat' dir='ltr'><strong>non</strong></span> <span class='ocrx_word' id='word_1_515' title='bbox 2846 1918 2989 1971; x_wconf 83' lang='lat' dir='ltr'><strong>ficta.</strong></span> 
     </span>
    </p>
   </div>
   <div class='ocr_carea' id='block_1_78' title="bbox 1902 2004 3414 2073">
    <p class='ocr_par' dir='ltr' id='par_1_78' title="bbox 1902 2004 3414 2073">
     <span class='ocr_line' id='line_1_78' title="bbox 1902 2004 3414 2073; baseline 0.005 -18"><span class='ocrx_word' id='word_1_516' title='bbox 1902 2004 2161 2070; x_wconf 82' lang='lat' dir='ltr'><strong>Quamvis</strong></span> <span class='ocrx_word' id='word_1_517' title='bbox 2192 2006 2447 2068; x_wconf 86' lang='lat' dir='ltr'><strong>sciamus,</strong></span> <span class='ocrx_word' id='word_1_518' title='bbox 2472 2008 2798 2061; x_wconf 65' lang='lat' dir='ltr'><strong>venerabilis</strong></span> <span class='ocrx_word' id='word_1_519' title='bbox 2827 2008 3065 2073; x_wconf 90' lang='lat' dir='ltr'><strong>domina,</strong></span> <span class='ocrx_word' id='word_1_520' title='bbox 3098 2010 3207 2066; x_wconf 82' lang='lat' dir='ltr'><strong>ltoc</strong></span> <span class='ocrx_word' id='word_1_521' title='bbox 3240 2015 3414 2066; x_wconf 85' lang='lat' dir='ltr'><strong>solum</strong></span> 
     </span>
    </p>
   </div>
   <div class='ocr_carea' id='block_1_79' title="bbox 1826 2095 3415 2170">
    <p class='ocr_par' dir='ltr' id='par_1_79' title="bbox 1826 2095 3415 2170">
     <span class='ocr_line' id='line_1_79' title="bbox 1826 2095 3415 2170; baseline 0.006 -25"><span class='ocrx_word' id='word_1_522' title='bbox 1826 2100 1881 2148; x_wconf 83' lang='lat' dir='ltr'><strong>te</strong></span> <span class='ocrx_word' id='word_1_523' title='bbox 1937 2108 2151 2164; x_wconf 88' lang='lat' dir='ltr'><strong>sapere,</strong></span> <span class='ocrx_word' id='word_1_524' title='bbox 2194 2095 2295 2149; x_wconf 85' lang='lat' dir='ltr'><strong>lmc</strong></span> <span class='ocrx_word' id='word_1_525' title='bbox 2335 2095 2505 2149; x_wconf 90' lang='lat' dir='ltr'><strong>solum</strong></span> <span class='ocrx_word' id='word_1_526' title='bbox 2549 2095 2822 2151; x_wconf 91' lang='lat' dir='ltr'><strong>iuhianter</strong></span> <span class='ocrx_word' id='word_1_527' title='bbox 2870 2110 2921 2153; x_wconf 89' lang='lat' dir='ltr'><strong>te</strong></span> <span class='ocrx_word' id='word_1_528' title='bbox 2971 2115 3238 2167; x_wconf 63' lang='lat' dir='ltr'><strong>quaerere,</strong></span> <span class='ocrx_word' id='word_1_529' title='bbox 3272 2101 3415 2170; x_wconf 71' lang='lat' dir='ltr'><strong>quod</strong></span> 
     </span>
    </p>
   </div>
   <div class='ocr_carea' id='block_1_80' title="bbox 1824 2186 3413 2262">
    <p class='ocr_par' dir='ltr' id='par_1_80' title="bbox 1824 2186 3413 2262">
     <span class='ocr_line' id='line_1_80' title="bbox 1824 2186 3413 2262; baseline 0.004 -24"><span class='ocrx_word' id='word_1_530' title='bbox 1824 2186 1889 2239; x_wconf 88' lang='lat' dir='ltr'><strong>ad</strong></span> <span class='ocrx_word' id='word_1_531' title='bbox 1944 2186 2204 2241; x_wconf 85' lang='lat' dir='ltr'><strong>honorem</strong></span> <span class='ocrx_word' id='word_1_532' title='bbox 2265 2188 2358 2242; x_wconf 88' lang='lat' dir='ltr'><strong>Dei</strong></span> <span class='ocrx_word' id='word_1_533' title='bbox 2432 2198 2486 2241; x_wconf 90' lang='lat' dir='ltr'><strong>et</strong></span> <span class='ocrx_word' id='word_1_534' title='bbox 2561 2190 2867 2257; x_wconf 84' lang='lat' dir='ltr'><strong>apostolicae</strong></span> <span class='ocrx_word' id='word_1_535' title='bbox 2926 2193 3070 2247; x_wconf 87' lang='lat' dir='ltr'><strong>sedis</strong></span> <span class='ocrx_word' id='word_1_536' title='bbox 3116 2194 3413 2262; x_wconf 84' lang='lat' dir='ltr'><strong>pertineat,</strong></span> 
     </span>
    </p>
   </div>
   <div class='ocr_carea' id='block_1_81' title="bbox 1825 2280 3405 2351">
    <p class='ocr_par' dir='ltr' id='par_1_81' title="bbox 1825 2280 3405 2351">
     <span class='ocr_line' id='line_1_81' title="bbox 1825 2280 3405 2351; baseline 0.004 -21"><span class='ocrx_word' id='word_1_537' title='bbox 1825 2287 2003 2331; x_wconf 88' lang='lat' dir='ltr'><strong>tamen</strong></span> <span class='ocrx_word' id='word_1_538' title='bbox 2030 2280 2370 2334; x_wconf 86' lang='lat' dir='ltr'><strong>dissimulare</strong></span> <span class='ocrx_word' id='word_1_539' title='bbox 2401 2295 2504 2333; x_wconf 93' lang='lat' dir='ltr'><strong>non</strong></span> <span class='ocrx_word' id='word_1_540' title='bbox 2533 2296 2821 2350; x_wconf 88' lang='lat' dir='ltr'><strong>possumus</strong></span> <span class='ocrx_word' id='word_1_541' title='bbox 2850 2282 2979 2351; x_wconf 88' lang='lat' dir='ltr'><strong>quin</strong></span> <span class='ocrx_word' id='word_1_542' title='bbox 3008 2299 3069 2337; x_wconf 76' lang='lat' dir='ltr'><strong>ex</strong></span> <span class='ocrx_word' id='word_1_543' title='bbox 3107 2283 3405 2338; x_wconf 65' lang='lat' dir='ltr'><strong>abundanti</strong></span> 
     </span>
    </p>
   </div>
   <div class='ocr_carea' id='block_1_82' title="bbox 1822 2372 3413 2442">
    <p class='ocr_par' dir='ltr' id='par_1_82' title="bbox 1822 2372 3413 2442">
     <span class='ocr_line' id='line_1_82' title="bbox 1822 2372 3413 2442; baseline 0.006 -18"><span class='ocrx_word' id='word_1_544' title='bbox 1822 2372 2076 2439; x_wconf 82' lang='lat' dir='ltr'><strong>pietatem</strong></span> <span class='ocrx_word' id='word_1_545' title='bbox 2120 2381 2263 2425; x_wconf 89' lang='lat' dir='ltr'><strong>tuam</strong></span> <span class='ocrx_word' id='word_1_546' title='bbox 2301 2389 2466 2442; x_wconf 91' lang='lat' dir='ltr'><strong>super</strong></span> <span class='ocrx_word' id='word_1_547' title='bbox 2502 2374 2605 2428; x_wconf 89' lang='lat' dir='ltr'><strong>hoc</strong></span> <span class='ocrx_word' id='word_1_548' title='bbox 2644 2374 3067 2441; x_wconf 88' lang='lat' dir='ltr'><strong>admoneamus,</strong></span> <span class='ocrx_word' id='word_1_549' title='bbox 3110 2385 3167 2430; x_wconf 91' lang='lat' dir='ltr'><strong>ut</strong></span> <span class='ocrx_word' id='word_1_550' title='bbox 3208 2379 3413 2434; x_wconf 86' lang='lat' dir='ltr'><strong>sanctis</strong></span> 
     </span>
    </p>
   </div>
   <div class='ocr_carea' id='block_1_83' title="bbox 1824 2463 3404 2539">
    <p class='ocr_par' dir='ltr' id='par_1_83' title="bbox 1824 2463 3404 2539">
     <span class='ocr_line' id='line_1_83' title="bbox 1824 2463 3404 2539; baseline 0.009 -26"><span class='ocrx_word' id='word_1_551' title='bbox 1824 2463 2106 2517; x_wconf 83' lang='lat' dir='ltr'><strong>desideriis</strong></span> <span class='ocrx_word' id='word_1_552' title='bbox 2135 2464 2240 2517; x_wconf 91' lang='lat' dir='ltr'><strong>tuis</strong></span> <span class='ocrx_word' id='word_1_553' title='bbox 2266 2464 2550 2533; x_wconf 90' lang='lat' dir='ltr'><strong>parvitatis</strong></span> <span class='ocrx_word' id='word_1_554' title='bbox 2582 2474 2785 2520; x_wconf 73' lang='lat' dir='ltr'><strong>nostra:</strong></span> <span class='ocrx_word' id='word_1_555' title='bbox 2812 2468 2987 2520; x_wconf 90' lang='lat' dir='ltr'><strong>studia</strong></span> <span class='ocrx_word' id='word_1_556' title='bbox 3028 2468 3404 2539; x_wconf 85' lang='lat' dir='ltr'><strong>adjuugamus.</strong></span> 
     </span>
    </p>
   </div>
   <div class='ocr_carea' id='block_1_84' title="bbox 1824 2551 3410 2625">
    <p class='ocr_par' dir='ltr' id='par_1_84' title="bbox 1824 2551 3410 2625">
     <span class='ocr_line' id='line_1_84' title="bbox 1824 2551 3410 2625; baseline 0.006 -19"><span class='ocrx_word' id='word_1_557' title='bbox 1824 2551 2037 2607; x_wconf 90' lang='lat' dir='ltr'><strong>Scimus</strong></span> <span class='ocrx_word' id='word_1_558' title='bbox 2065 2555 2281 2622; x_wconf 91' lang='lat' dir='ltr'><strong>quidem</strong></span> <span class='ocrx_word' id='word_1_559' title='bbox 2303 2553 2558 2625; x_wconf 87' lang='lat' dir='ltr'><strong>qualiter,</strong></span> <span class='ocrx_word' id='word_1_560' title='bbox 2587 2571 2747 2625; x_wconf 86' lang='lat' dir='ltr'><strong>supra</strong></span> <span class='ocrx_word' id='word_1_561' title='bbox 2783 2557 3073 2613; x_wconf 83' lang='lat' dir='ltr'><strong>femineum</strong></span> <span class='ocrx_word' id='word_1_562' title='bbox 3108 2562 3324 2614; x_wconf 89' lang='lat' dir='ltr'><strong>modum</strong></span> <span class='ocrx_word' id='word_1_563' title='bbox 3358 2562 3410 2616; x_wconf 93' lang='lat' dir='ltr'><strong>in</strong></span> 
     </span>
    </p>
   </div>
   <div class='ocr_carea' id='block_1_85' title="bbox 1821 2643 3410 2713">
    <p class='ocr_par' dir='ltr' id='par_1_85' title="bbox 1821 2643 3410 2713">
     <span class='ocr_line' id='line_1_85' title="bbox 1821 2643 3410 2713; baseline 0.009 -18"><span class='ocrx_word' id='word_1_564' title='bbox 1821 2643 1963 2696; x_wconf 83' lang='lat' dir='ltr'><strong>virili</strong></span> <span class='ocrx_word' id='word_1_565' title='bbox 1994 2653 2213 2713; x_wconf 88' lang='lat' dir='ltr'><strong>pectore</strong></span> <span class='ocrx_word' id='word_1_566' title='bbox 2248 2644 2543 2700; x_wconf 81' lang='lat' dir='ltr'><strong>ferventem</strong></span> <span class='ocrx_word' id='word_1_567' title='bbox 2580 2648 2864 2702; x_wconf 83' lang='lat' dir='ltr'><strong>charitatis</strong></span> <span class='ocrx_word' id='word_1_568' title='bbox 2902 2649 3176 2705; x_wconf 86' lang='lat' dir='ltr'><strong>flammam</strong></span> <span class='ocrx_word' id='word_1_569' title='bbox 3221 2654 3410 2709; x_wconf 87' lang='lat' dir='ltr'><strong>conci-</strong></span> 
     </span>
    </p>
   </div>
   <div class='ocr_carea' id='block_1_86' title="bbox 1822 2735 3413 2812">
    <p class='ocr_par' dir='ltr' id='par_1_86' title="bbox 1822 2735 3413 2812">
     <span class='ocr_line' id='line_1_86' title="bbox 1822 2735 3413 2812; baseline 0.008 -25"><span class='ocrx_word' id='word_1_570' title='bbox 1822 2735 1998 2803; x_wconf 86' lang='lat' dir='ltr'><strong>piens,</strong></span> <span class='ocrx_word' id='word_1_571' title='bbox 2032 2737 2083 2789; x_wconf 92' lang='lat' dir='ltr'><strong>in</strong></span> <span class='ocrx_word' id='word_1_572' title='bbox 2116 2737 2423 2806; x_wconf 86' lang='lat' dir='ltr'><strong>exemplum</strong></span> <span class='ocrx_word' id='word_1_573' title='bbox 2460 2738 2599 2792; x_wconf 88' lang='lat' dir='ltr'><strong>facta</strong></span> <span class='ocrx_word' id='word_1_574' title='bbox 2631 2741 2707 2795; x_wconf 90' lang='lat' dir='ltr'><strong>sis</strong></span> <span class='ocrx_word' id='word_1_575' title='bbox 2731 2743 2972 2796; x_wconf 90' lang='lat' dir='ltr'><strong>omnium</strong></span> <span class='ocrx_word' id='word_1_576' title='bbox 3001 2744 3325 2812; x_wconf 88' lang='lat' dir='ltr'><strong>principum,</strong></span> <span class='ocrx_word' id='word_1_577' title='bbox 3355 2755 3413 2800; x_wconf 90' lang='lat' dir='ltr'><strong>ut</strong></span> 
     </span>
    </p>
   </div>
   <div class='ocr_carea' id='block_1_87' title="bbox 1821 2831 3410 2905">
    <p class='ocr_par' dir='ltr' id='par_1_87' title="bbox 1821 2831 3410 2905">
     <span class='ocr_line' id='line_1_87' title="bbox 1821 2831 3410 2905; baseline 0.007 -22"><span class='ocrx_word' id='word_1_578' title='bbox 1821 2844 1943 2883; x_wconf 92' lang='lat' dir='ltr'><strong>cum</strong></span> <span class='ocrx_word' id='word_1_579' title='bbox 1971 2838 2050 2892; x_wconf 88' lang='lat' dir='ltr'><strong>te,</strong></span> <span class='ocrx_word' id='word_1_580' title='bbox 2081 2845 2201 2898; x_wconf 88' lang='lat' dir='ltr'><strong>quae</strong></span> <span class='ocrx_word' id='word_1_581' title='bbox 2242 2831 2520 2900; x_wconf 89' lang='lat' dir='ltr'><strong>temporali</strong></span> <span class='ocrx_word' id='word_1_582' title='bbox 2549 2835 2789 2903; x_wconf 75' lang='lat' dir='ltr'><strong>potentia</strong></span> <span class='ocrx_word' id='word_1_583' title='bbox 2822 2845 2877 2890; x_wconf 89' lang='lat' dir='ltr'><strong>et</strong></span> <span class='ocrx_word' id='word_1_584' title='bbox 2913 2836 3104 2905; x_wconf 89' lang='lat' dir='ltr'><strong>opibus</strong></span> <span class='ocrx_word' id='word_1_585' title='bbox 3134 2836 3410 2903; x_wconf 80' lang='lat' dir='ltr'><strong>afﬂuebas,</strong></span> 
     </span>
    </p>
   </div>
   <div class='ocr_carea' id='block_1_88' title="bbox 1819 2922 3408 2996">
    <p class='ocr_par' dir='ltr' id='par_1_88' title="bbox 1819 2922 3408 2996">
     <span class='ocr_line' id='line_1_88' title="bbox 1819 2922 3408 2996; baseline 0.006 -23"><span class='ocrx_word' id='word_1_586' title='bbox 1819 2929 2020 2975; x_wconf 90' lang='lat' dir='ltr'><strong>cuncta</strong></span> <span class='ocrx_word' id='word_1_587' title='bbox 2070 2937 2166 2991; x_wconf 92' lang='lat' dir='ltr'><strong>pro</strong></span> <span class='ocrx_word' id='word_1_588' title='bbox 2215 2922 2433 2978; x_wconf 90' lang='lat' dir='ltr'><strong>nomine</strong></span> <span class='ocrx_word' id='word_1_589' title='bbox 2482 2923 2695 2978; x_wconf 90' lang='lat' dir='ltr'><strong>Domini</strong></span> <span class='ocrx_word' id='word_1_590' title='bbox 2744 2927 3085 2996; x_wconf 82' lang='lat' dir='ltr'><strong>expendisse,</strong></span> <span class='ocrx_word' id='word_1_591' title='bbox 3125 2936 3180 2982; x_wconf 89' lang='lat' dir='ltr'><strong>et</strong></span> <span class='ocrx_word' id='word_1_592' title='bbox 3222 2929 3408 2982; x_wconf 90' lang='lat' dir='ltr'><strong>mundi</strong></span> 
     </span>
    </p>
   </div>
   <div class='ocr_carea' id='block_1_89' title="bbox 1818 3010 3405 3085">
    <p class='ocr_par' dir='ltr' id='par_1_89' title="bbox 1818 3010 3405 3085">
     <span class='ocr_line' id='line_1_89' title="bbox 1818 3010 3405 3085; baseline 0.006 -21"><span class='ocrx_word' id='word_1_593' title='bbox 1818 3010 2057 3067; x_wconf 86' lang='lat' dir='ltr'><strong>furorem</strong></span> <span class='ocrx_word' id='word_1_594' title='bbox 2093 3023 2524 3085; x_wconf 89' lang='lat' dir='ltr'><strong>potestatemque</strong></span> <span class='ocrx_word' id='word_1_595' title='bbox 2555 3019 2925 3083; x_wconf 88' lang='lat' dir='ltr'><strong>tenebrarum,</strong></span> <span class='ocrx_word' id='word_1_596' title='bbox 2959 3018 3083 3074; x_wconf 91' lang='lat' dir='ltr'><strong>ﬁdei</strong></span> <span class='ocrx_word' id='word_1_597' title='bbox 3128 3030 3405 3075; x_wconf 87' lang='lat' dir='ltr'><strong>armatura</strong></span> 
     </span>
    </p>
   </div>
   <div class='ocr_carea' id='block_1_90' title="bbox 1817 3105 3405 3176">
    <p class='ocr_par' dir='ltr' id='par_1_90' title="bbox 1817 3105 3405 3176">
     <span class='ocr_line' id='line_1_90' title="bbox 1817 3105 3405 3176; baseline 0.003 -17"><span class='ocrx_word' id='word_1_598' title='bbox 1817 3105 2046 3161; x_wconf 89' lang='lat' dir='ltr'><strong>evicisse</strong></span> <span class='ocrx_word' id='word_1_599' title='bbox 2069 3108 2442 3176; x_wconf 87' lang='lat' dir='ltr'><strong>cognoverint,</strong></span> <span class='ocrx_word' id='word_1_600' title='bbox 2480 3108 2729 3164; x_wconf 88' lang='lat' dir='ltr'><strong>similiter</strong></span> <span class='ocrx_word' id='word_1_601' title='bbox 2760 3123 2818 3164; x_wconf 89' lang='lat' dir='ltr'><strong>se</strong></span> <span class='ocrx_word' id='word_1_602' title='bbox 2839 3119 2893 3165; x_wconf 91' lang='lat' dir='ltr'><strong>et</strong></span> <span class='ocrx_word' id='word_1_603' title='bbox 2929 3128 3035 3166; x_wconf 87' lang='lat' dir='ltr'><strong>non</strong></span> <span class='ocrx_word' id='word_1_604' title='bbox 3060 3112 3254 3168; x_wconf 84' lang='lat' dir='ltr'><strong>fecisse</strong></span> <span class='ocrx_word' id='word_1_605' title='bbox 3279 3128 3405 3168; x_wconf 85' lang='lat' dir='ltr'><strong>ern-</strong></span> 
     </span>
    </p>
   </div>
   <div class='ocr_carea' id='block_1_91' title="bbox 1819 3196 3405 3271">
    <p class='ocr_par' dir='ltr' id='par_1_91' title="bbox 1819 3196 3405 3271">
     <span class='ocr_line' id='line_1_91' title="bbox 1819 3196 3405 3271; baseline 0.006 -22"><span class='ocrx_word' id='word_1_606' title='bbox 1819 3196 2059 3261; x_wconf 85' lang='lat' dir='ltr'><strong>bescant,</strong></span> <span class='ocrx_word' id='word_1_607' title='bbox 2092 3207 2145 3253; x_wconf 91' lang='lat' dir='ltr'><strong>et</strong></span> <span class='ocrx_word' id='word_1_608' title='bbox 2176 3198 2354 3254; x_wconf 87' lang='lat' dir='ltr'><strong>facere</strong></span> <span class='ocrx_word' id='word_1_609' title='bbox 2397 3211 2643 3271; x_wconf 90' lang='lat' dir='ltr'><strong>prompta</strong></span> <span class='ocrx_word' id='word_1_610' title='bbox 2681 3201 2966 3258; x_wconf 84' lang='lat' dir='ltr'><strong>devotione</strong></span> <span class='ocrx_word' id='word_1_611' title='bbox 2999 3219 3103 3259; x_wconf 92' lang='lat' dir='ltr'><strong>non</strong></span> <span class='ocrx_word' id='word_1_612' title='bbox 3134 3203 3405 3259; x_wconf 90' lang='lat' dir='ltr'><strong>dubitent.</strong></span> 
     </span>
    </p>
   </div>
   <div class='ocr_carea' id='block_1_92' title="bbox 1817 3285 3405 3358">
    <p class='ocr_par' dir='ltr' id='par_1_92' title="bbox 1817 3285 3405 3358">
     <span class='ocr_line' id='line_1_92' title="bbox 1817 3285 3405 3358; baseline 0.005 -19"><span class='ocrx_word' id='word_1_613' title='bbox 1817 3285 1920 3341; x_wconf 88' lang='lat' dir='ltr'><strong>Sed</strong></span> <span class='ocrx_word' id='word_1_614' title='bbox 1954 3289 2094 3343; x_wconf 90' lang='lat' dir='ltr'><strong>inter</strong></span> <span class='ocrx_word' id='word_1_615' title='bbox 2130 3289 2263 3356; x_wconf 64' lang='lat' dir='ltr'><strong>liter,</strong></span> <span class='ocrx_word' id='word_1_616' title='bbox 2295 3290 2648 3348; x_wconf 87' lang='lat' dir='ltr'><strong>dilectissima</strong></span> <span class='ocrx_word' id='word_1_617' title='bbox 2678 3292 2918 3358; x_wconf 84' lang='lat' dir='ltr'><strong>domina,</strong></span> <span class='ocrx_word' id='word_1_618' title='bbox 2945 3294 3011 3347; x_wconf 89' lang='lat' dir='ltr'><strong>ad</strong></span> <span class='ocrx_word' id='word_1_619' title='bbox 3042 3306 3277 3348; x_wconf 86' lang='lat' dir='ltr'><strong>mentem</strong></span> <span class='ocrx_word' id='word_1_620' title='bbox 3315 3294 3405 3348; x_wconf 89' lang='lat' dir='ltr'><strong>tibi</strong></span> 
     </span>
    </p>
   </div>
   <div class='ocr_carea' id='block_1_93' title="bbox 1812 3380 3408 3448">
    <p class='ocr_par' dir='ltr' id='par_1_93' title="bbox 1812 3380 3408 3448">
     <span class='ocr_line' id='line_1_93' title="bbox 1812 3380 3408 3448; baseline 0.006 -17"><span class='ocrx_word' id='word_1_621' title='bbox 1812 3393 1953 3448; x_wconf 57' lang='lat' dir='ltr'><strong>saepe</strong></span> <span class='ocrx_word' id='word_1_622' title='bbox 1977 3380 2337 3435; x_wconf 91' lang='lat' dir='ltr'><strong>reducendum</strong></span> <span class='ocrx_word' id='word_1_623' title='bbox 2356 3391 2441 3436; x_wconf 90' lang='lat' dir='ltr'><strong>est</strong></span> <span class='ocrx_word' id='word_1_624' title='bbox 2476 3392 2533 3435; x_wconf 89' lang='lat' dir='ltr'><strong>ut</strong></span> <span class='ocrx_word' id='word_1_625' title='bbox 2564 3382 2616 3435; x_wconf 91' lang='lat' dir='ltr'><strong>in</strong></span> <span class='ocrx_word' id='word_1_626' title='bbox 2640 3384 2890 3437; x_wconf 88' lang='lat' dir='ltr'><strong>omnibus</strong></span> <span class='ocrx_word' id='word_1_627' title='bbox 2915 3384 3091 3440; x_wconf 89' lang='lat' dir='ltr'><strong>modis</strong></span> <span class='ocrx_word' id='word_1_628' title='bbox 3112 3404 3124 3436; x_wconf 89' lang='lat'><strong>(</strong></span> <span class='ocrx_word' id='word_1_629' title='bbox 3144 3387 3408 3441; x_wconf 86' lang='lat' dir='ltr'><strong>ontemlas</strong></span> 
     </span>
    </p>
   </div>
   <div class='ocr_carea' id='block_1_94' title="bbox 1814 3469 3407 3546">
    <p class='ocr_par' dir='ltr' id='par_1_94' title="bbox 1814 3469 3407 3546">
     <span class='ocr_line' id='line_1_94' title="bbox 1814 3469 3407 3546; baseline 0.007 -26"><span class='ocrx_word' id='word_1_630' title='bbox 1814 3483 1983 3537; x_wconf 88' lang='lat' dir='ltr'><strong>usque</strong></span> <span class='ocrx_word' id='word_1_631' title='bbox 2038 3469 2088 3522; x_wconf 92' lang='lat' dir='ltr'><strong>in</strong></span> <span class='ocrx_word' id='word_1_632' title='bbox 2143 3469 2303 3525; x_wconf 84' lang='lat' dir='ltr'><strong>ﬁnem</strong></span> <span class='ocrx_word' id='word_1_633' title='bbox 2351 3486 2721 3540; x_wconf 88' lang='lat' dir='ltr'><strong>perseverare,</strong></span> <span class='ocrx_word' id='word_1_634' title='bbox 2764 3483 2819 3529; x_wconf 88' lang='lat' dir='ltr'><strong>et</strong></span> <span class='ocrx_word' id='word_1_635' title='bbox 2860 3473 3090 3544; x_wconf 89' lang='lat' dir='ltr'><strong>gloriosa</strong></span> <span class='ocrx_word' id='word_1_636' title='bbox 3141 3477 3407 3546; x_wconf 87' lang='lat' dir='ltr'><strong>principia</strong></span> 
     </span>
    </p>
   </div>
   <div class='ocr_carea' id='block_1_95' title="bbox 1814 3556 3404 3637">
    <p class='ocr_par' dir='ltr' id='par_1_95' title="bbox 1814 3556 3404 3637">
     <span class='ocr_line' id='line_1_95' title="bbox 1814 3556 3404 3637; baseline 0.009 -28"><span class='ocrx_word' id='word_1_637' title='bbox 1814 3556 2037 3614; x_wconf 91' lang='lat' dir='ltr'><strong>feliciori</strong></span> <span class='ocrx_word' id='word_1_638' title='bbox 2088 3562 2554 3617; x_wconf 89' lang='lat' dir='ltr'><strong>consummatione</strong></span> <span class='ocrx_word' id='word_1_639' title='bbox 2597 3563 2877 3632; x_wconf 88' lang='lat' dir='ltr'><strong>perﬁcere,</strong></span> <span class='ocrx_word' id='word_1_640' title='bbox 2906 3567 3031 3635; x_wconf 88' lang='lat' dir='ltr'><strong>quia</strong></span> <span class='ocrx_word' id='word_1_641' title='bbox 3082 3567 3223 3622; x_wconf 88' lang='lat' dir='ltr'><strong>sicut</strong></span> <span class='ocrx_word' id='word_1_642' title='bbox 3274 3584 3404 3637; x_wconf 87' lang='lat' dir='ltr'><strong>pru-</strong></span> 
     </span>
    </p>
   </div>
   <div class='ocr_carea' id='block_1_96' title="bbox 1812 3649 3402 3731">
    <p class='ocr_par' dir='ltr' id='par_1_96' title="bbox 1812 3649 3402 3731">
     <span class='ocr_line' id='line_1_96' title="bbox 1812 3649 3402 3731; baseline 0.011 -29"><span class='ocrx_word' id='word_1_643' title='bbox 1812 3649 2050 3705; x_wconf 87' lang='lat' dir='ltr'><strong>dentiam</strong></span> <span class='ocrx_word' id='word_1_644' title='bbox 2098 3662 2242 3706; x_wconf 87' lang='lat' dir='ltr'><strong>tuam</strong></span> <span class='ocrx_word' id='word_1_645' title='bbox 2286 3669 2384 3723; x_wconf 90' lang='lat' dir='ltr'><strong>per</strong></span> <span class='ocrx_word' id='word_1_646' title='bbox 2425 3652 2684 3724; x_wconf 89' lang='lat' dir='ltr'><strong>Spiritum</strong></span> <span class='ocrx_word' id='word_1_647' title='bbox 2716 3660 2962 3713; x_wconf 88' lang='lat' dir='ltr'><strong>eductam</strong></span> <span class='ocrx_word' id='word_1_648' title='bbox 2993 3662 3402 3731; x_wconf 82' lang='lat' dir='ltr'><strong>cognoscimus,</strong></span> 
     </span>
    </p>
   </div>
   <div class='ocr_carea' id='block_1_97' title="bbox 1815 3742 3402 3815">
    <p class='ocr_par' dir='ltr' id='par_1_97' title="bbox 1815 3742 3402 3815">
     <span class='ocr_line' id='line_1_97' title="bbox 1815 3742 3402 3815; baseline 0.009 -21"><span class='ocrx_word' id='word_1_649' title='bbox 1815 3750 1941 3794; x_wconf 91' lang='lat' dir='ltr'><strong>tunc</strong></span> <span class='ocrx_word' id='word_1_650' title='bbox 1973 3742 2162 3798; x_wconf 90' lang='lat' dir='ltr'><strong>salutis</strong></span> <span class='ocrx_word' id='word_1_651' title='bbox 2208 3752 2263 3798; x_wconf 87' lang='lat' dir='ltr'><strong>et</strong></span> <span class='ocrx_word' id='word_1_652' title='bbox 2308 3746 2652 3813; x_wconf 65' lang='lat' dir='ltr'><strong>praemiorum</strong></span> <span class='ocrx_word' id='word_1_653' title='bbox 2703 3758 2850 3803; x_wconf 91' lang='lat' dir='ltr'><strong>certa</strong></span> <span class='ocrx_word' id='word_1_654' title='bbox 2892 3749 3087 3805; x_wconf 83' lang='lat' dir='ltr'><strong>ﬁducia</strong></span> <span class='ocrx_word' id='word_1_655' title='bbox 3131 3761 3233 3815; x_wconf 92' lang='lat' dir='ltr'><strong>est,</strong></span> <span class='ocrx_word' id='word_1_656' title='bbox 3278 3768 3402 3809; x_wconf 91' lang='lat' dir='ltr'><strong>cum</strong></span> 
     </span>
    </p>
   </div>
   <div class='ocr_carea' id='block_1_98' title="bbox 1814 3824 3397 3909">
    <p class='ocr_par' dir='ltr' id='par_1_98' title="bbox 1814 3824 3397 3909">
     <span class='ocr_line' id='line_1_98' title="bbox 1814 3824 3397 3909; baseline 0.012 -28"><span class='ocrx_word' id='word_1_657' title='bbox 1814 3846 1981 3899; x_wconf 83' lang='lat' dir='ltr'><strong>usque</strong></span> <span class='ocrx_word' id='word_1_658' title='bbox 2015 3831 2068 3884; x_wconf 92' lang='lat' dir='ltr'><strong>in</strong></span> <span class='ocrx_word' id='word_1_659' title='bbox 2097 3832 2254 3887; x_wconf 91' lang='lat' dir='ltr'><strong>ﬁnem</strong></span> <span class='ocrx_word' id='word_1_660' title='bbox 2286 3834 2460 3889; x_wconf 90' lang='lat' dir='ltr'><strong>sancti</strong></span> <span class='ocrx_word' id='word_1_661' title='bbox 2488 3837 2747 3907; x_wconf 88' lang='lat' dir='ltr'><strong>propositi</strong></span> <span class='ocrx_word' id='word_1_662' title='bbox 2774 3843 3171 3909; x_wconf 87' lang='lat' dir='ltr'><strong>perseverantia</strong></span> <span class='ocrx_word' id='word_1_663' title='bbox 3205 3824 3397 3899; x_wconf 86' lang='lat' dir='ltr'><strong>dilata-</strong></span> 
     </span>
    </p>
   </div>
   <div class='ocr_carea' id='block_1_99' title="bbox 1815 3923 3397 4006">
    <p class='ocr_par' dir='ltr' id='par_1_99' title="bbox 1815 3923 3397 4006">
     <span class='ocr_line' id='line_1_99' title="bbox 1815 3923 3397 4006; baseline 0.012 -31"><span class='ocrx_word' id='word_1_664' title='bbox 1815 3930 1917 3977; x_wconf 91' lang='lat' dir='ltr'><strong>tur.</strong></span> <span class='ocrx_word' id='word_1_665' title='bbox 1949 3923 2170 3980; x_wconf 88' lang='lat' dir='ltr'><strong>llabetis</strong></span> <span class='ocrx_word' id='word_1_666' title='bbox 2198 3925 2464 3995; x_wconf 90' lang='lat' dir='ltr'><strong>siquidem</strong></span> <span class='ocrx_word' id='word_1_667' title='bbox 2497 3928 2547 3981; x_wconf 92' lang='lat' dir='ltr'><strong>in</strong></span> <span class='ocrx_word' id='word_1_668' title='bbox 2574 3931 2675 3984; x_wconf 88' lang='lat' dir='ltr'><strong>bac</strong></span> <span class='ocrx_word' id='word_1_669' title='bbox 2702 3947 2761 3986; x_wconf 91' lang='lat' dir='ltr'><strong>re</strong></span> <span class='ocrx_word' id='word_1_670' title='bbox 2783 3932 3071 3989; x_wconf 91' lang='lat' dir='ltr'><strong>ﬁdissimos</strong></span> <span class='ocrx_word' id='word_1_671' title='bbox 3097 3936 3397 4006; x_wconf 78' lang='lat' dir='ltr'><strong>adjutores.</strong></span> 
     </span>
    </p>
   </div>
   <div class='ocr_carea' id='block_1_100' title="bbox 1811 4013 3403 4092">
    <p class='ocr_par' dir='ltr' id='par_1_100' title="bbox 1811 4013 3403 4092">
     <span class='ocr_line' id='line_1_100' title="bbox 1811 4013 3403 4092; baseline 0.008 -24"><span class='ocrx_word' id='word_1_672' title='bbox 1811 4025 1866 4068; x_wconf 92' lang='lat' dir='ltr'><strong>et</strong></span> <span class='ocrx_word' id='word_1_673' title='bbox 1893 4013 2154 4085; x_wconf 89' lang='lat' dir='ltr'><strong>benignos</strong></span> <span class='ocrx_word' id='word_1_674' title='bbox 2190 4016 2493 4072; x_wconf 91' lang='lat' dir='ltr'><strong>devotionis</strong></span> <span class='ocrx_word' id='word_1_675' title='bbox 2522 4029 2717 4074; x_wconf 85' lang='lat' dir='ltr'><strong>vestrae</strong></span> <span class='ocrx_word' id='word_1_676' title='bbox 2747 4023 2888 4092; x_wconf 89' lang='lat' dir='ltr'><strong>apud</strong></span> <span class='ocrx_word' id='word_1_677' title='bbox 2933 4022 3221 4079; x_wconf 91' lang='lat' dir='ltr'><strong>Dominum</strong></span> <span class='ocrx_word' id='word_1_678' title='bbox 3249 4040 3403 4080; x_wconf 91' lang='lat' dir='ltr'><strong>com-</strong></span> 
     </span>
    </p>
   </div>
   <div class='ocr_carea' id='block_1_101' title="bbox 1812 4106 3400 4179">
    <p class='ocr_par' dir='ltr' id='par_1_101' title="bbox 1812 4106 3400 4179">
     <span class='ocr_line' id='line_1_101' title="bbox 1812 4106 3400 4179; baseline 0.005 -18"><span class='ocrx_word' id='word_1_679' title='bbox 1812 4106 2175 4174; x_wconf 87' lang='lat' dir='ltr'><strong>mendatores,</strong></span> <span class='ocrx_word' id='word_1_680' title='bbox 2202 4109 2503 4179; x_wconf 90' lang='lat' dir='ltr'><strong>piissimum</strong></span> <span class='ocrx_word' id='word_1_681' title='bbox 2532 4112 2739 4167; x_wconf 87' lang='lat' dir='ltr'><strong>scilicet</strong></span> <span class='ocrx_word' id='word_1_682' title='bbox 2769 4112 2986 4167; x_wconf 87' lang='lat' dir='ltr'><strong>Patrem</strong></span> <span class='ocrx_word' id='word_1_683' title='bbox 3006 4126 3250 4170; x_wconf 91' lang='lat' dir='ltr'><strong>nostrum</strong></span> <span class='ocrx_word' id='word_1_684' title='bbox 3275 4133 3400 4171; x_wconf 84' lang='lat' dir='ltr'><strong>san-</strong></span> 
     </span>
    </p>
   </div>
   <div class='ocr_carea' id='block_1_102' title="bbox 1811 4201 3396 4270">
    <p class='ocr_par' dir='ltr' id='par_1_102' title="bbox 1811 4201 3396 4270">
     <span class='ocr_line' id='line_1_102' title="bbox 1811 4201 3396 4270; baseline 0.005 -18"><span class='ocrx_word' id='word_1_685' title='bbox 1811 4210 1912 4253; x_wconf 57' lang='lat' dir='ltr'><strong>cae</strong></span> <span class='ocrx_word' id='word_1_686' title='bbox 1944 4201 2221 4255; x_wconf 76' lang='lat' dir='ltr'><strong>memoria:</strong></span> <span class='ocrx_word' id='word_1_687' title='bbox 2267 4216 2484 4270; x_wconf 90' lang='lat' dir='ltr'><strong>papam,</strong></span> <span class='ocrx_word' id='word_1_688' title='bbox 2516 4211 2572 4257; x_wconf 89' lang='lat' dir='ltr'><strong>et</strong></span> <span class='ocrx_word' id='word_1_689' title='bbox 2612 4203 2830 4259; x_wconf 90' lang='lat' dir='ltr'><strong>beatum</strong></span> <span class='ocrx_word' id='word_1_690' title='bbox 3092 4204 3396 4261; x_wconf 88' lang='lat' dir='ltr'><strong>Luceusem</strong></span> 
     </span>
    </p>
   </div>
   <div class='ocr_carea' id='block_1_103' title="bbox 1810 4289 3398 4360">
    <p class='ocr_par' dir='ltr' id='par_1_103' title="bbox 1810 4289 3398 4360">
     <span class='ocr_line' id='line_1_103' title="bbox 1810 4289 3398 4360; baseline 0.003 -16"><span class='ocrx_word' id='word_1_691' title='bbox 1810 4289 2144 4359; x_wconf 84' lang='lat' dir='ltr'><strong>episcOpum,</strong></span> <span class='ocrx_word' id='word_1_692' title='bbox 2180 4289 2270 4360; x_wconf 92' lang='lat' dir='ltr'><strong>qui</strong></span> <span class='ocrx_word' id='word_1_693' title='bbox 2306 4291 2469 4357; x_wconf 91' lang='lat' dir='ltr'><strong>sicut,</strong></span> <span class='ocrx_word' id='word_1_694' title='bbox 2505 4306 2629 4347; x_wconf 90' lang='lat' dir='ltr'><strong>cum</strong></span> <span class='ocrx_word' id='word_1_695' title='bbox 2673 4292 2848 4347; x_wconf 85' lang='lat' dir='ltr'><strong>adhuc</strong></span> <span class='ocrx_word' id='word_1_696' title='bbox 2879 4294 3141 4360; x_wconf 87' lang='lat' dir='ltr'><strong>viverent,</strong></span> <span class='ocrx_word' id='word_1_697' title='bbox 3174 4295 3225 4348; x_wconf 92' lang='lat' dir='ltr'><strong>in</strong></span> <span class='ocrx_word' id='word_1_698' title='bbox 3253 4297 3398 4349; x_wconf 90' lang='lat' dir='ltr'><strong>omni</strong></span> 
     </span>
    </p>
   </div>
   <div class='ocr_carea' id='block_1_104' title="bbox 1809 4379 3399 4451">
    <p class='ocr_par' dir='ltr' id='par_1_104' title="bbox 1809 4379 3399 4451">
     <span class='ocr_line' id='line_1_104' title="bbox 1809 4379 3399 4451; baseline 0.006 -17"><span class='ocrx_word' id='word_1_699' title='bbox 1809 4382 2011 4451; x_wconf 90' lang='lat' dir='ltr'><strong>pietate</strong></span> <span class='ocrx_word' id='word_1_700' title='bbox 2035 4389 2089 4435; x_wconf 91' lang='lat' dir='ltr'><strong>et</strong></span> <span class='ocrx_word' id='word_1_701' title='bbox 2128 4379 2339 4449; x_wconf 89' lang='lat' dir='ltr'><strong>justitia</strong></span> <span class='ocrx_word' id='word_1_702' title='bbox 2366 4396 2463 4437; x_wconf 83' lang='lat' dir='ltr'><strong>vos</strong></span> <span class='ocrx_word' id='word_1_703' title='bbox 2492 4382 2890 4450; x_wconf 81' lang='lat' dir='ltr'><strong>instruxerunt,</strong></span> <span class='ocrx_word' id='word_1_704' title='bbox 2919 4385 2994 4439; x_wconf 90' lang='lat' dir='ltr'><strong>ita</strong></span> <span class='ocrx_word' id='word_1_705' title='bbox 3034 4400 3177 4441; x_wconf 90' lang='lat' dir='ltr'><strong>nunc</strong></span> <span class='ocrx_word' id='word_1_706' title='bbox 3204 4385 3272 4442; x_wconf 86' lang='lat' dir='ltr'><strong>ab</strong></span> <span class='ocrx_word' id='word_1_707' title='bbox 3308 4387 3399 4444; x_wconf 90' lang='lat' dir='ltr'><strong>illo</strong></span> 
     </span>
    </p>
   </div>
   <div class='ocr_carea' id='block_1_105' title="bbox 1809 4474 3396 4548">
    <p class='ocr_par' dir='ltr' id='par_1_105' title="bbox 1809 4474 3396 4548">
     <span class='ocr_line' id='line_1_105' title="bbox 1809 4474 3396 4548; baseline 0.006 -22"><span class='ocrx_word' id='word_1_708' title='bbox 1809 4483 2023 4529; x_wconf 68' lang='lat' dir='ltr'><strong>teterua:</strong></span> <span class='ocrx_word' id='word_1_709' title='bbox 2048 4474 2245 4542; x_wconf 89' lang='lat' dir='ltr'><strong>quietis</strong></span> <span class='ocrx_word' id='word_1_710' title='bbox 2277 4474 2420 4539; x_wconf 92' lang='lat' dir='ltr'><strong>sinu,</strong></span> <span class='ocrx_word' id='word_1_711' title='bbox 2455 4475 2506 4529; x_wconf 92' lang='lat' dir='ltr'><strong>in</strong></span> <span class='ocrx_word' id='word_1_712' title='bbox 2540 4490 2646 4545; x_wconf 91' lang='lat' dir='ltr'><strong>quo</strong></span> <span class='ocrx_word' id='word_1_713' title='bbox 2667 4492 2761 4532; x_wconf 86' lang='lat' dir='ltr'><strong>eos</strong></span> <span class='ocrx_word' id='word_1_714' title='bbox 2794 4487 3042 4548; x_wconf 89' lang='lat' dir='ltr'><strong>receptos</strong></span> <span class='ocrx_word' id='word_1_715' title='bbox 3070 4495 3193 4535; x_wconf 88' lang='lat' dir='ltr'><strong>esse</strong></span> <span class='ocrx_word' id='word_1_716' title='bbox 3223 4480 3396 4535; x_wconf 88' lang='lat' dir='ltr'><strong>conﬁ-</strong></span> 
     </span>
    </p>
   </div>
   <div class='ocr_carea' id='block_1_106' title="bbox 1810 4566 3398 4637">
    <p class='ocr_par' dir='ltr' id='par_1_106' title="bbox 1810 4566 3398 4637">
     <span class='ocr_line' id='line_1_106' title="bbox 1810 4566 3398 4637; baseline 0.004 -18"><span class='ocrx_word' id='word_1_717' title='bbox 1810 4566 2006 4630; x_wconf 91' lang='lat' dir='ltr'><strong>dimus,</strong></span> <span class='ocrx_word' id='word_1_718' title='bbox 2050 4567 2262 4620; x_wconf 85' lang='lat' dir='ltr'><strong>meritis</strong></span> <span class='ocrx_word' id='word_1_719' title='bbox 2306 4566 2419 4621; x_wconf 90' lang='lat' dir='ltr'><strong>suis</strong></span> <span class='ocrx_word' id='word_1_720' title='bbox 2465 4577 2520 4622; x_wconf 93' lang='lat' dir='ltr'><strong>et</strong></span> <span class='ocrx_word' id='word_1_721' title='bbox 2566 4571 2847 4637; x_wconf 90' lang='lat' dir='ltr'><strong>precibus,</strong></span> <span class='ocrx_word' id='word_1_722' title='bbox 2880 4571 3162 4626; x_wconf 77' lang='lat' dir='ltr'><strong>cliaritatis</strong></span> <span class='ocrx_word' id='word_1_723' title='bbox 3205 4580 3398 4626; x_wconf 83' lang='lat' dir='ltr'><strong>vestrae</strong></span> 
     </span>
    </p>
   </div>
   <div class='ocr_carea' id='block_1_107' title="bbox 1808 4663 3388 4737">
    <p class='ocr_par' dir='ltr' id='par_1_107' title="bbox 1808 4663 3388 4737">
     <span class='ocr_line' id='line_1_107' title="bbox 1808 4663 3388 4737; baseline 0.005 -21"><span class='ocrx_word' id='word_1_724' title='bbox 1808 4678 1969 4732; x_wconf 90' lang='lat' dir='ltr'><strong>opera</strong></span> <span class='ocrx_word' id='word_1_725' title='bbox 2019 4663 2492 4730; x_wconf 87' lang='lat' dir='ltr'><strong>commendabunt,</strong></span> <span class='ocrx_word' id='word_1_726' title='bbox 2538 4679 2601 4718; x_wconf 88' lang='lat' dir='ltr'><strong>ac</strong></span> <span class='ocrx_word' id='word_1_727' title='bbox 2652 4682 2891 4720; x_wconf 89' lang='lat' dir='ltr'><strong>amorem</strong></span> <span class='ocrx_word' id='word_1_728' title='bbox 2946 4678 3214 4737; x_wconf 73' lang='lat' dir='ltr'><strong>perpetua:</strong></span> <span class='ocrx_word' id='word_1_729' title='bbox 3266 4669 3388 4724; x_wconf 68' lang='lat' dir='ltr'><strong>vitae</strong></span> 
     </span>
    </p>
   </div>
   <div class='ocr_carea' id='block_1_108' title="bbox 1807 4753 3396 4822">
    <p class='ocr_par' dir='ltr' id='par_1_108' title="bbox 1807 4753 3396 4822">
     <span class='ocr_line' id='line_1_108' title="bbox 1807 4753 3396 4822; baseline 0.004 -15"><span class='ocrx_word' id='word_1_730' title='bbox 1807 4768 1913 4822; x_wconf 91' lang='lat' dir='ltr'><strong>quo</strong></span> <span class='ocrx_word' id='word_1_731' title='bbox 1945 4753 2289 4809; x_wconf 81' lang='lat' dir='ltr'><strong>inelfabiliter</strong></span> <span class='ocrx_word' id='word_1_732' title='bbox 2333 4755 2623 4822; x_wconf 90' lang='lat' dir='ltr'><strong>satiantur,</strong></span> <span class='ocrx_word' id='word_1_733' title='bbox 2652 4757 2951 4812; x_wconf 89' lang='lat' dir='ltr'><strong>devotionis</strong></span> <span class='ocrx_word' id='word_1_734' title='bbox 2984 4768 3176 4813; x_wconf 66' lang='lat' dir='ltr'><strong>vestrae</strong></span> <span class='ocrx_word' id='word_1_735' title='bbox 3222 4761 3396 4815; x_wconf 88' lang='lat' dir='ltr'><strong>visce-</strong></span> 
     </span>
    </p>
   </div>
   <div class='ocr_carea' id='block_1_109' title="bbox 1808 4846 3394 4919">
    <p class='ocr_par' dir='ltr' id='par_1_109' title="bbox 1808 4846 3394 4919">
     <span class='ocr_line' id='line_1_109' title="bbox 1808 4846 3394 4919; baseline 0.006 -22"><span class='ocrx_word' id='word_1_736' title='bbox 1808 4846 1956 4900; x_wconf 89' lang='lat' dir='ltr'><strong>ribus</strong></span> <span class='ocrx_word' id='word_1_737' title='bbox 2006 4847 2369 4917; x_wconf 89' lang='lat' dir='ltr'><strong>inspirabunt.</strong></span> <span class='ocrx_word' id='word_1_738' title='bbox 2434 4846 2635 4902; x_wconf 89' lang='lat' dir='ltr'><strong>Eorum</strong></span> <span class='ocrx_word' id='word_1_739' title='bbox 2689 4849 2872 4919; x_wconf 90' lang='lat' dir='ltr'><strong>itaque</strong></span> <span class='ocrx_word' id='word_1_740' title='bbox 2930 4851 3249 4919; x_wconf 88' lang='lat' dir='ltr'><strong>patrociniis</strong></span> <span class='ocrx_word' id='word_1_741' title='bbox 3298 4853 3394 4905; x_wconf 88' lang='lat' dir='ltr'><strong>ad-</strong></span> 
     </span>
    </p>
   </div>
   <div class='ocr_carea' id='block_1_110' title="bbox 1800 4938 3391 5008">
    <p class='ocr_par' dir='ltr' id='par_1_110' title="bbox 1800 4938 3391 5008">
     <span class='ocr_line' id='line_1_110' title="bbox 1800 4938 3391 5008; baseline 0.007 -19"><span class='ocrx_word' id='word_1_742' title='bbox 1800 4938 1916 5008; x_wconf 88' lang='lat' dir='ltr'><strong>jnta</strong></span> <span class='ocrx_word' id='word_1_743' title='bbox 1952 4938 2003 4991; x_wconf 91' lang='lat' dir='ltr'><strong>in</strong></span> <span class='ocrx_word' id='word_1_744' title='bbox 2033 4938 2366 4993; x_wconf 87' lang='lat' dir='ltr'><strong>eonsulemlo</strong></span> <span class='ocrx_word' id='word_1_745' title='bbox 2413 4939 2672 4995; x_wconf 73' lang='lat' dir='ltr'><strong>Romanae</strong></span> <span class='ocrx_word' id='word_1_746' title='bbox 2719 4942 2972 4996; x_wconf 66' lang='lat' dir='ltr'><strong>Ecclesia?</strong></span> <span class='ocrx_word' id='word_1_747' title='bbox 3011 4942 3137 4997; x_wconf 93' lang='lat' dir='ltr'><strong>totis</strong></span> <span class='ocrx_word' id='word_1_748' title='bbox 3182 4943 3391 5000; x_wconf 88' lang='lat' dir='ltr'><strong>viribus</strong></span> 
     </span>
    </p>
   </div>
   <div class='ocr_carea' id='block_1_111' title="bbox 1806 5030 3390 5103">
    <p class='ocr_par' dir='ltr' id='par_1_111' title="bbox 1806 5030 3390 5103">
     <span class='ocr_line' id='line_1_111' title="bbox 1806 5030 3390 5103; baseline 0.004 -19"><span class='ocrx_word' id='word_1_749' title='bbox 1806 5030 2146 5101; x_wconf 83' lang='lat' dir='ltr'><strong>acciugimini</strong></span> <span class='ocrx_word' id='word_1_750' title='bbox 2178 5072 2193 5096; x_wconf 92' lang='lat'><strong>,</strong></span> <span class='ocrx_word' id='word_1_751' title='bbox 2249 5047 2591 5102; x_wconf 90' lang='lat' dir='ltr'><strong>summopere</strong></span> <span class='ocrx_word' id='word_1_752' title='bbox 2657 5035 3048 5103; x_wconf 87' lang='lat' dir='ltr'><strong>providentes,</strong></span> <span class='ocrx_word' id='word_1_753' title='bbox 3104 5045 3161 5091; x_wconf 87' lang='lat' dir='ltr'><strong>ttt</strong></span> <span class='ocrx_word' id='word_1_754' title='bbox 3229 5037 3390 5092; x_wconf 87' lang='lat' dir='ltr'><strong>talem</strong></span> 
     </span>
    </p>
   </div>
   <div class='ocr_carea' id='block_1_112' title="bbox 1805 5122 3390 5199">
    <p class='ocr_par' dir='ltr' id='par_1_112' title="bbox 1805 5122 3390 5199">
     <span class='ocr_line' id='line_1_112' title="bbox 1805 5122 3390 5199; baseline 0.006 -24"><span class='ocrx_word' id='word_1_755' title='bbox 1805 5122 1876 5176; x_wconf 89' lang='lat' dir='ltr'><strong>ibi</strong></span> <span class='ocrx_word' id='word_1_756' title='bbox 1922 5138 2205 5191; x_wconf 83' lang='lat' dir='ltr'><strong>personam</strong></span> <span class='ocrx_word' id='word_1_757' title='bbox 2252 5123 2374 5194; x_wconf 77' lang='lat' dir='ltr'><strong>eligi</strong></span> <span class='ocrx_word' id='word_1_758' title='bbox 2408 5124 2788 5191; x_wconf 84' lang='lat' dir='ltr'><strong>consentiatis,</strong></span> <span class='ocrx_word' id='word_1_759' title='bbox 2823 5128 2874 5180; x_wconf 94' lang='lat' dir='ltr'><strong>in</strong></span> <span class='ocrx_word' id='word_1_760' title='bbox 2919 5141 3025 5197; x_wconf 82' lang='lat' dir='ltr'><strong>qua</strong></span> <span class='ocrx_word' id='word_1_761' title='bbox 3068 5128 3237 5197; x_wconf 90' lang='lat' dir='ltr'><strong>possit</strong></span> <span class='ocrx_word' id='word_1_762' title='bbox 3268 5144 3390 5199; x_wconf 81' lang='lat' dir='ltr'><strong>esse</strong></span> 
     </span>
    </p>
   </div>
   <div class='ocr_carea' id='block_1_113' title="bbox 1804 5215 3387 5287">
    <p class='ocr_par' dir='ltr' id='par_1_113' title="bbox 1804 5215 3387 5287">
     <span class='ocr_line' id='line_1_113' title="bbox 1804 5215 3387 5287; baseline 0.005 -20"><span class='ocrx_word' id='word_1_763' title='bbox 1804 5223 1859 5267; x_wconf 91' lang='lat' dir='ltr'><strong>et</strong></span> <span class='ocrx_word' id='word_1_764' title='bbox 1916 5224 2184 5269; x_wconf 91' lang='lat' dir='ltr'><strong>tantorum</strong></span> <span class='ocrx_word' id='word_1_765' title='bbox 2238 5215 2480 5270; x_wconf 90' lang='lat' dir='ltr'><strong>laborum</strong></span> <span class='ocrx_word' id='word_1_766' title='bbox 2536 5216 2692 5285; x_wconf 87' lang='lat' dir='ltr'><strong>ﬁnis,</strong></span> <span class='ocrx_word' id='word_1_767' title='bbox 2742 5229 2799 5273; x_wconf 89' lang='lat' dir='ltr'><strong>et</strong></span> <span class='ocrx_word' id='word_1_768' title='bbox 2852 5223 3158 5276; x_wconf 87' lang='lat' dir='ltr'><strong>animarum</strong></span> <span class='ocrx_word' id='word_1_769' title='bbox 3205 5221 3387 5287; x_wconf 86' lang='lat' dir='ltr'><strong>salus,</strong></span> 
     </span>
    </p>
   </div>
   <div class='ocr_carea' id='block_1_114' title="bbox 1804 5309 3390 5383">
    <p class='ocr_par' dir='ltr' id='par_1_114' title="bbox 1804 5309 3390 5383">
     <span class='ocr_line' id='line_1_114' title="bbox 1804 5309 3390 5383; baseline 0.003 -21"><span class='ocrx_word' id='word_1_770' title='bbox 1804 5309 2142 5364; x_wconf 75' lang='lat' dir='ltr'><strong>inimicorum</strong></span> <span class='ocrx_word' id='word_1_771' title='bbox 2172 5309 2440 5375; x_wconf 88' lang='lat' dir='ltr'><strong>confusio,</strong></span> <span class='ocrx_word' id='word_1_772' title='bbox 2471 5320 2527 5365; x_wconf 83' lang='lat' dir='ltr'><strong>et</strong></span> <span class='ocrx_word' id='word_1_773' title='bbox 2564 5314 2873 5383; x_wconf 55' lang='lat' dir='ltr'><strong>apostolica</strong></span> <span class='ocrx_word' id='word_1_774' title='bbox 2910 5315 3180 5383; x_wconf 85' lang='lat' dir='ltr'><strong>reparatio</strong></span> <span class='ocrx_word' id='word_1_775' title='bbox 3217 5313 3390 5382; x_wconf 89' lang='lat' dir='ltr'><strong>digni-</strong></span> 
     </span>
    </p>
   </div>
   <div class='ocr_carea' id='block_1_115' title="bbox 1806 5401 1951 5451">
    <p class='ocr_par' dir='ltr' id='par_1_115' title="bbox 1806 5401 1951 5451">
     <span class='ocr_line' id='line_1_115' title="bbox 1806 5401 1951 5451; baseline 0 0"><span class='ocrx_word' id='word_1_776' title='bbox 1806 5401 1951 5451; x_wconf 84' lang='lat' dir='ltr'><strong>tatis.</strong></span> 
     </span>
    </p>
   </div>
   <div class='ocr_carea' id='block_1_116' title="bbox 1874 5491 3387 5561">
    <p class='ocr_par' dir='ltr' id='par_1_116' title="bbox 1874 5491 3387 5561">
     <span class='ocr_line' id='line_1_116' title="bbox 1874 5491 3387 5561; baseline 0.001 -16"><span class='ocrx_word' id='word_1_777' title='bbox 1874 5491 1941 5545; x_wconf 86' lang='lat' dir='ltr'><strong>Et</strong></span> <span class='ocrx_word' id='word_1_778' title='bbox 1989 5506 2085 5546; x_wconf 90' lang='lat' dir='ltr'><strong>nos</strong></span> <span class='ocrx_word' id='word_1_779' title='bbox 2120 5491 2339 5560; x_wconf 89' lang='lat' dir='ltr'><strong>quidem</strong></span> <span class='ocrx_word' id='word_1_780' title='bbox 2386 5491 2513 5547; x_wconf 92' lang='lat' dir='ltr'><strong>licet</strong></span> <span class='ocrx_word' id='word_1_781' title='bbox 2556 5492 2621 5547; x_wconf 92' lang='lat' dir='ltr'><strong>de</strong></span> <span class='ocrx_word' id='word_1_782' title='bbox 2670 5494 3078 5559; x_wconf 83' lang='lat' dir='ltr'><strong>recuperatione</strong></span> <span class='ocrx_word' id='word_1_783' title='bbox 3105 5491 3387 5561; x_wconf 81' lang='lat' dir='ltr'><strong>electionis</strong></span> 
     </span>
    </p>
   </div>
   <div class='ocr_carea' id='block_1_117' title="bbox 1802 5581 3387 5650">
    <p class='ocr_par' dir='ltr' id='par_1_117' title="bbox 1802 5581 3387 5650">
     <span class='ocr_line' id='line_1_117' title="bbox 1802 5581 3387 5650; baseline -0.001 -13"><span class='ocrx_word' id='word_1_784' title='bbox 1802 5582 1983 5637; x_wconf 87' lang='lat' dir='ltr'><strong>domui</strong></span> <span class='ocrx_word' id='word_1_785' title='bbox 2027 5583 2239 5637; x_wconf 89' lang='lat' dir='ltr'><strong>abbatis</strong></span> <span class='ocrx_word' id='word_1_786' title='bbox 2279 5582 2478 5637; x_wconf 90' lang='lat' dir='ltr'><strong>montis</strong></span> <span class='ocrx_word' id='word_1_787' title='bbox 2521 5582 2701 5637; x_wconf 82' lang='lat' dir='ltr'><strong>Casini</strong></span> <span class='ocrx_word' id='word_1_788' title='bbox 2743 5598 2772 5635; x_wconf 88' lang='lat' dir='ltr'><strong>a</strong></span> <span class='ocrx_word' id='word_1_789' title='bbox 2816 5581 3136 5650; x_wconf 88' lang='lat' dir='ltr'><strong>quibusdam</strong></span> <span class='ocrx_word' id='word_1_790' title='bbox 3181 5592 3387 5635; x_wconf 53' lang='lat' dir='ltr'><strong>sanctae</strong></span> 
     </span>
    </p>
   </div>
   <div class='ocr_carea' id='block_1_118' title="bbox 1801 5672 3384 5746">
    <p class='ocr_par' dir='ltr' id='par_1_118' title="bbox 1801 5672 3384 5746">
     <span class='ocr_line' id='line_1_118' title="bbox 1801 5672 3384 5746; baseline -0.001 -17"><span class='ocrx_word' id='word_1_791' title='bbox 1801 5675 2053 5729; x_wconf 74' lang='lat' dir='ltr'><strong>Ecclesia:</strong></span> <span class='ocrx_word' id='word_1_792' title='bbox 2083 5674 2241 5731; x_wconf 86' lang='lat' dir='ltr'><strong>Rom.</strong></span> <span class='ocrx_word' id='word_1_793' title='bbox 2274 5675 2540 5746; x_wconf 87' lang='lat' dir='ltr'><strong>episc0pis</strong></span> <span class='ocrx_word' id='word_1_794' title='bbox 2577 5686 2631 5741; x_wconf 86' lang='lat' dir='ltr'><strong>et</strong></span> <span class='ocrx_word' id='word_1_795' title='bbox 2660 5673 3023 5728; x_wconf 86' lang='lat' dir='ltr'><strong>eardinalibus</strong></span> <span class='ocrx_word' id='word_1_796' title='bbox 3051 5672 3384 5743; x_wconf 79' lang='lat' dir='ltr'><strong>presbyteris</strong></span> 
     </span>
    </p>
   </div>
   <div class='ocr_carea' id='block_1_119' title="bbox 1802 5763 3384 5836">
    <p class='ocr_par' dir='ltr' id='par_1_119' title="bbox 1802 5763 3384 5836">
     <span class='ocr_line' id='line_1_119' title="bbox 1802 5763 3384 5836; baseline 0.003 -19"><span class='ocrx_word' id='word_1_797' title='bbox 1802 5767 2246 5832; x_wconf 79' lang='lat' dir='ltr'><strong>dissenserimus,</strong></span> <span class='ocrx_word' id='word_1_798' title='bbox 2294 5768 2434 5823; x_wconf 89' lang='lat' dir='ltr'><strong>unde</strong></span> <span class='ocrx_word' id='word_1_799' title='bbox 2477 5766 2746 5836; x_wconf 86' lang='lat' dir='ltr'><strong>aliquibus</strong></span> <span class='ocrx_word' id='word_1_800' title='bbox 2806 5763 3014 5819; x_wconf 91' lang='lat' dir='ltr'><strong>illorum</strong></span> <span class='ocrx_word' id='word_1_801' title='bbox 3070 5780 3169 5818; x_wconf 89' lang='lat' dir='ltr'><strong>cur</strong></span> <span class='ocrx_word' id='word_1_802' title='bbox 3212 5764 3384 5835; x_wconf 14' lang='lat' dir='ltr'><strong>{nobis</strong></span> 
     </span>
    </p>
   </div>
   <div class='ocr_carea' id='block_1_120' title="bbox 1802 5840 3383 5944">
    <p class='ocr_par' dir='ltr' id='par_1_120' title="bbox 1802 5840 3383 5944">
     <span class='ocr_line' id='line_1_120' title="bbox 1802 5840 3383 5944; baseline -0.001 -32"><span class='ocrx_word' id='word_1_803' title='bbox 1802 5859 1960 5915; x_wconf 87' lang='lat' dir='ltr'><strong>aliter</strong></span> <span class='ocrx_word' id='word_1_804' title='bbox 1990 5840 2277 5926; x_wconf 84' lang='lat' dir='ltr'><strong>videretur,</strong></span> <span class='ocrx_word' id='word_1_805' title='bbox 2312 5842 2473 5916; x_wconf 83' lang='lat' dir='ltr'><strong>etiam</strong></span> <span class='ocrx_word' id='word_1_806' title='bbox 2502 5859 2641 5928; x_wconf 89' lang='lat' dir='ltr'><strong>apud</strong></span> <span class='ocrx_word' id='word_1_807' title='bbox 2668 5858 2900 5929; x_wconf 89' lang='lat' dir='ltr'><strong>Capuam</strong></span> <span class='ocrx_word' id='word_1_808' title='bbox 2930 5856 3105 5944; x_wconf 78' lang='lat' dir='ltr'><strong>palam</strong></span> <span class='ocrx_word' id='word_1_809' title='bbox 3145 5854 3383 5917; x_wconf 63' lang='lat' dir='ltr'><strong>ratione:</strong></span> 
     </span>
    </p>
   </div>
  </div>
