4106 6356
543 417 650 475 515

1497 411 1538 466 ll
1551 411 1799 468 UGONIS
1841 410 2328 467 LUGDUNENSIS
2368 411 2884 471 AliCHlEPlSCOPl

3703 416 3812 472 516

544 532 695 589 reddi
716 532 880 585 limus
916 548 929 583 :
969 540 1148 586 tamen
1185 533 1328 588 scire
1374 548 1469 589 vos
1525 535 1770 590 volumus
1811 535 1880 589 ab
1913 536 2123 590 unitate
2151 543 2196 600 Α
2227 533 2480 588 Ecclesiae
2511 533 2766 589 Romanae
2793 534 2935 599 filiis,
2979 544 3034 588 et
3059 533 3426 590 cardiualibus
3451 532 3809 607 presbyteris,

545 641 755 690 eorum,
806 639 911 692 qua
964 623 1016 676 in
1069 639 1295 695 corpore
1338 639 1538 682 sanctae
1587 627 1843 683 Ecclesiae
1893 629 1961 682 ad
2008 643 2123 682 ser-

543 716 800 770 viendum
849 716 1010 770 beato
1060 716 1222 771 Petro
1278 718 1459 773 divina
1499 721 1806 790 dignatione
1853 719 2120 790 compacti

539 823 746 872 smnus,
778 823 876 862 nec
899 808 1238 876 di5cessisse,
1274 827 1374 866 nec
1413 813 1465 866 in
1501 823 1840 882 perpetuum,
1882 813 1994 868 Deo
2023 813 2122 868 mi-

540 908 776 961 serante,
803 899 1160 964 discessuros,
1193 901 1302 956 imo
1322 903 1524 958 habere
1543 905 1878 974 propositum
1904 913 2122 975 aposto-

538 985 657 1040 lict‘e
695 988 842 1042 sedis
891 988 1258 1057 profectibus,
1315 992 1488 1046 modis
1525 995 1777 1049 omnibus
1824 995 2118 1050 deservire.

539 1076 806 1132 Prmterea
833 1079 1172 1136 notiiicamus
1196 1084 1539 1139 unanimitati
1562 1096 1756 1141 vestra:
1782 1101 1811 1140 a
1836 1088 2116 1143 monachis

541 1167 986 1224 Cluniacensibus
1025 1170 1181 1225 nobis
1222 1181 1401 1227 tantas
1439 1176 1908 1243 supergressiones
1934 1186 1988 1230 et
2036 1177 2121 1230 in-

531 1261 708 1332 jurias
741 1262 948 1326 inferri,
981 1271 1038 1316 ut
1061 1263 1207 1318 nullo
1239 1265 1397 1319 modo
1431 1280 1524 1321 eas
1555 1269 1932 1337 mquanimiter
1959 1270 2121 1323 susti-

540 1370 671 1410 nere
697 1354 990 1409 valeamus.
1015 1355 1082 1410 Et
1106 1357 1321 1424 quidem
1341 1373 1485 1414 anno
1513 1363 1808 1429 praeterito.
1831 1373 2118 1433 antequam

536 1445 766 1498 Romam
801 1446 1172 1508 tenderemus,
1221 1459 1558 1517 compertum
1591 1452 1748 1506 nobis
1792 1454 1987 1521 fuerat,
2025 1458 2122 1512 ab-

536 1535 718 1590 batem
769 1535 822 1588 in
867 1545 1053 1590 sancta
1101 1537 1406 1596 Parasceve
1459 1544 1759 1599 orationem
1814 1562 1972 1616 quam
2023 1566 2118 1619 pro

537 1625 866 1694 imperatore
905 1623 1089 1681 facere
1133 1640 1508 1696 consueverat,
1537 1645 1657 1701 qua:
1697 1651 1838 1692 nunc
1881 1653 1990 1706 pra-
2021 1654 2116 1692 ex-

536 1717 1026 1772 communicatioue
1072 1729 1126 1774 et
1171 1720 1509 1789 depositione
1560 1722 1776 1780 lleurici
1824 1743 1855 1780 a
1899 1727 2118 1784 domino

533 1822 674 1876 papa
706 1807 970 1878 Gregorio
1003 1810 1164 1875 facta,
1215 1813 1530 1884 interposita
1580 1827 1694 1885 est,
1740 1819 1950 1888 publice
1979 1823 2121 1876 cele-

533 1899 741 1959 brasse,
778 1899 845 1952 de
874 1917 980 1970 quo
1009 1918 1130 1956 cum
1161 1904 1408 1960 eumdem
1440 1908 1506 1961 ad
1546 1910 1810 1966 rationem
1847 1913 2118 1982 posuisse-
2153 1893 2194 1946 Β

535 2005 680 2055 mus,
746 1994 1076 2048 conscientia
1127 1997 1434 2054 debilitatus
1483 2003 1758 2071 reSpondit
1818 2007 2117 2060 orationem

534 2080 684 2136 illam
711 2099 808 2152 pro
831 2087 1158 2156 imperatore
1183 2091 1426 2158 quolibet
1452 2107 1510 2146 se
1537 2093 1757 2149 dixisse.
1787 2095 2031 2167 Cumque
2050 2113 2114 2153 ex

528 2176 941 2232 circumstantia
969 2179 1136 2247 ipsius
1155 2183 1416 2238 orationis
1436 2185 1504 2238 ad
1528 2185 1827 2241 Romanum
1853 2203 1970 2244 eam
1995 2206 2116 2262 spe-

537 2265 746 2321 cialiter
775 2268 1048 2336 pertinere
1079 2271 1362 2340 imperium
1390 2289 1862 2346 prosequeremur,
1895 2282 2020 2350 quia
2048 2297 2113 2336 ex

537 2357 846 2428 apostolica:
870 2361 1016 2414 sedis
1051 2360 1254 2430 judicio
1299 2379 1441 2419 nunc
1469 2378 1708 2434 vacaret,
1750 2372 1976 2426 veritate
2019 2389 2116 2444 op-

534 2464 754 2520 pressus
801 2452 1082 2521 conticuit,
1135 2468 1310 2524 neque
1347 2465 1521 2512 tamen
1570 2460 1749 2515 debita
1795 2465 2114 2533 pmnitentia

535 2557 778 2596 errorem
803 2545 1077 2613 cognitum
1100 2547 1427 2602 emendavit.
1448 2549 1578 2605 Post
1606 2554 1836 2609 reditum
1867 2571 1996 2612 vero
2020 2574 2115 2612 no-

535 2641 731 2696 Stmm,
753 2647 876 2686 cum
897 2632 1170 2690 effrenata:
1194 2635 1458 2692 invasioni
1481 2643 1866 2699 monachorum
1893 2660 2111 2702 suorum

536 2721 792 2777 resistere
823 2736 1164 2792 conaremur,
1196 2725 1392 2796 objecit
1423 2730 1578 2785 nobis
1597 2734 1856 2801 quasdam
1882 2736 2110 2806 litteras,

535 2827 671 2882 quas
699 2815 912 2870 dicebat
934 2832 964 2871 a
995 2832 1131 2888 papa
1170 2817 1389 2876 ilrbano
1418 2823 1518 2876 sibi
1547 2823 1798 2892 directas,
1833 2829 1886 2884 in
1915 2833 2112 2901 quibus

534 2902 916 2958 continebatur
944 2915 1024 2972 ut,
1061 2916 1172 2962 tam
1210 2909 1326 2979 ipse
1352 2926 1512 2981 quam
1547 2917 1716 2970 sancti
1745 2917 1942 2976 fratres
1969 2925 2049 2978 sui
2080 2940 2110 2978 a

533 2996 911 3052 communione
935 3008 1140 3068 nostra,
1163 3013 1216 3056 et
1238 3002 1459 3061 Ricardi
1475 3005 1822 3068 Massiliensis
1841 3013 2112 3073 abstinere

534 3095 808 3152 curarent,
837 3097 894 3141 ut
917 3091 1016 3144 sub
1045 3094 1400 3160 prmtentione
1434 3097 1733 3156 litterarum
1778 3115 1994 3161 nostras
2024 3125 2107 3162 in-

535 3176 703 3246 iurias
751 3179 1026 3236 retineret.
1083 3185 1214 3251 Quae
1255 3187 1447 3246 littera:
1503 3205 1692 3249 contra
1755 3199 2107 3268 apostolicum

535 3269 880 3326 moderamen
907 3283 962 3327 et
1008 3277 1324 3346 gravitatem
1384 3283 1614 3339 condita:
1643 3287 1930 3343 manifesta
1959 3306 2107 3346 men-

531 3361 686 3416 dacia
721 3363 1087 3421 continebant.
1132 3370 1177 3423 A
1221 3381 1463 3443 tempore
1495 3377 1638 3430 enim
1669 3378 1944 3437 electionis
1987 3399 2106 3453 qua:

533 3454 600 3508 de
627 3454 822 3512 abbate
849 3457 1130 3516 Casinensi
1162 3462 1304 3518 facta
1344 3474 1447 3531 est,
1484 3484 1652 3538 usque
1685 3473 1750 3526 ad
1779 3485 2104 3532 conventum

533 3545 727 3616 Capua:
769 3549 1034 3619 habitum,
1073 3553 1272 3624 integri
1310 3557 1438 3612 anni
1473 3561 1704 3629 spatium
1739 3574 2108 3633 protestantur

527 3648 779 3692 exactura
807 3680 821 3703 ,
869 3655 990 3696 cum
1037 3659 1226 3700 verum
1273 3649 1346 3702 sit
1385 3649 1438 3703 in
1472 3666 1538 3705 eo
1581 3655 1756 3723 spatio
1802 3657 2107 3716 nullatenus

533 3745 731 3783 annum
777 3732 1044 3803 integrmn
1088 3737 1380 3794 evolutum.
1415 3741 1558 3798 Inter
1587 3745 1691 3800 alia
1730 3759 1910 3806 autem
1941 3768 2103 3808 unum

532 3821 1000 3889 impudentissime
1048 3829 1426 3898 mentiuntur,
1480 3835 1604 3905 quia
1649 3852 1679 3892 a
1728 3845 2107 3902 communione

533 3909 790 3966 [toriianm
829 3913 1095 3987 Ecclesiae,
1126 3936 1225 3977 nos
1271 3936 1460 3997 sponte
1507 3938 1692 3986 nostra
1739 3935 2099 4006 sejunximus;

527 4015 650 4054 cum
682 4004 834 4058 testis
861 4007 1017 4064 nobis
1057 4011 1129 4065 sit
1163 4017 1497 4074 conscientia
1519 4032 1726 4090 nostra,
1761 4004 1815 4080 et
1841 4029 2102 4097 charitas,

529 4105 634 4159 qua
659 4091 712 4146 in
751 4094 979 4153 Domino
1005 4102 1342 4172 copulamur,
1379 4124 1474 4164 nos
1503 4127 1609 4166 non
1647 4115 1820 4171 solum
1863 4134 2108 4176 commu-

526 4183 743 4238 nionem
782 4202 969 4243 eorum
1011 4207 1113 4246 non
1145 4196 1397 4265 evitasse,
1430 4202 1524 4254 sed
1565 4205 1814 4261 onmibus
1856 4208 1957 4264 hoc
1982 4226 2101 4280 per-

526 4275 880 4333 suadentibus
923 4283 1207 4340 restitisse.
1245 4288 1506 4348 Adhibito
1549 4310 1679 4367 ergo
1705 4299 1861 4353 nobis
1890 4275 2104 4357 con-ira-

526 4369 671 4418 trum
717 4375 773 4419 et
813 4370 1259 4442 coepiscoporum
1291 4389 1604 4436 nostrorum
1633 4389 1882 4454 consilio,
1929 4401 1982 4444 et
2009 4407 2104 4460 per

528 4469 714 4511 eorum
741 4474 957 4516 mamnn
990 4463 1132 4520 inter
1161 4483 1258 4524 nos
1283 4481 1338 4525 et
1373 4473 1622 4530 abbatem
1666 4480 1936 4550 colloquio
1974 4499 2103 4540 con-

525 4548 740 4613 stituto,
769 4565 890 4604 cum
927 4552 1249 4626 intelligeret
1277 4576 1373 4614 nos
1396 4563 1557 4618 aliter
1596 4583 1720 4622 cum
1750 4548 1840 4625 illo
1878 4589 2103 4630 concor-
2139 4592 2182 4647 ι)

525 4638 672 4690 diam
724 4655 828 4693 non
879 4643 1180 4708 habituros,
1233 4651 1336 4705 nisi
1381 4653 1534 4722 culpa
1571 4659 1785 4728 cognita
1824 4663 2102 4729 pt'azfatam

528 4730 830 4786 orationem
871 4735 1262 4807 interponeret,
1298 4744 1560 4812 judicium
1597 4752 1878 4810 nobiscum
1923 4757 2106 4817 subire

527 4823 810 4886 praetensis
835 4825 1019 4883 multis
1033 4832 1410 4893 occasionibus
1429 4844 1716 4910 recusavit,
1729 4845 2102 4918 episcoporum

529 4919 711 4964 tamen
738 4915 828 4983 qui
857 4918 1090 4974 aderant
1121 4925 1313 4981 studiis
1340 4930 1606 4988 discordia
1643 4915 1825 4992 nostra
1855 4915 2103 5012 aliquau-

531 5000 699 5056 tulum
731 5007 1034 5065 modiﬁcata
1065 5023 1172 5080 est,
1201 5027 1252 5072 et
1281 5034 1378 5088 per
1406 5023 1650 5082 inducias
1675 5045 1845 5100 usque
1867 5000 2099 5105 aii-pra:-

529 5095 746 5150 finitum
780 5103 1067 5159 terminum
1098 5109 1361 5181 mitigata.

602 5186 728 5243 Haec
769 5191 835 5244 de
875 5193 956 5248 his
1001 5212 1122 5266 qua:
1149 5203 1292 5258 circa
1322 5221 1420 5262 nos
1458 5220 1585 5266 sunt
1617 5213 1869 5272 cbarilati
1910 5231 2104 5277 vestra:

530 5281 1068 5352 communicavimus,
1118 5289 1348 5350 invicem
1395 5303 1730 5368 postulantes
1782 5319 1837 5364 ut
1888 5312 1932 5366 si
1975 5315 2102 5382 quid

531 5366 685 5424 vobis
725 5373 789 5425 de
819 5376 1043 5432 servitio
1073 5366 1412 5441 humilitatis
1429 5401 1624 5448 nostra:
1657 5395 1938 5465 placuerit,
1985 5366 2103 5458 sine

531 5457 868 5519 hmsitatione
893 5467 1049 5523 nobis
1089 5471 1194 5526 hoc
1236 5490 1575 5549 summopere
1603 5487 1942 5554 cupientibus
1969 5496 2103 5546 assi-

533 5553 727 5621 gnetis.
797 5557 851 5611 Si
900 5576 1031 5617 vero
1075 5568 1419 5634 prmsentium
1469 5577 1822 5642 portitoribus
1871 5581 2098 5639 Romam

532 5645 694 5698 eundi
732 5653 944 5707 occasio
973 5665 1063 5710 aut
1094 5656 1328 5715 facultas
1369 5663 1626 5733 defuerit,
1672 5671 1737 5725 de
1770 5673 2102 5743 benignitate

532 5746 713 5791 vestra
758 5741 1044 5808 plurimum
1096 5751 1452 5822 confidentes,
1499 5775 1753 5830 rogamus
1797 5774 1853 5819 ut
1893 5767 2102 5824 litteras

534 5840 668 5892 quas
701 5829 801 5884 illis
828 5835 1171 5899 perferendas
1193 5851 1582 5917 commisimus,
1609 5855 1876 5919 episcopis
1898 5869 2100 5916 sanctte

2225 623 2477 677 celeriter
2503 623 2657 694 dirigi
2697 623 2930 678 faciatis.
2959 622 3033 678 De
3060 633 3255 678 caetero
3289 623 3543 678 dilectum
3573 623 3804 682 fratrem

2224 724 2468 769 nostrum
2496 715 2753 770 domuum
2777 715 3070 786 Rotgerum
3094 725 3295 770 sanctm
3320 714 3576 771 Ecclesiae
3594 726 3812 786 aposto-

2221 808 2341 864 licae
2371 808 2512 862 sedis
2534 808 2864 862 cardinalem
2897 807 3307 868 subdiaconum,
3342 809 3430 877 qui
3475 809 3530 862 in
3556 810 3810 878 proximo

2224 899 2452 954 Romam
2480 915 2579 970 per
2607 916 2704 955 vos
2731 902 2798 955 ad
2829 900 3119 955 utilitatem
3153 911 3355 956 sanctae
3393 901 3650 957 Ecclesiae
3682 917 3811 959 ven-

2223 1002 2408 1045 turum
2436 1007 2494 1047 se
2519 993 2669 1058 dicit,
2709 991 2977 1047 nobilitati
3013 1001 3208 1047 vestrae
3247 993 3388 1047 sicut
3431 995 3810 1051 necessarium

2223 1081 2689 1146 con'nnendanius,
2739 1092 2994 1153 rogantes
3026 1090 3085 1136 ut
3113 1081 3167 1135 in
3203 1083 3492 1147 conductu,
3534 1093 3590 1137 et
3619 1083 3672 1137 in
3708 1099 3812 1139 cae-

2224 1173 2380 1236 teris,
2413 1173 2468 1227 in
2499 1173 2696 1242 quibus
2717 1173 3066 1243 benignitatis
3093 1183 3286 1228 vestra:
3309 1175 3535 1229 consilio
3564 1176 3814 1247 indigue-

2223 1263 2318 1329 rit,
2348 1278 2443 1328 pro
2475 1267 2647 1335 gratia
2672 1265 2814 1320 beati
2838 1265 2983 1320 Petri
3013 1275 3067 1321 et
3089 1277 3274 1321 nostra
3298 1267 3633 1322 subveniatis
3659 1283 3675 1322 :
3698 1284 3810 1338 quo

2223 1354 2496 1410 referente
2525 1357 2591 1412 de
2624 1358 2708 1412 bis
2749 1373 2869 1427 qua:
2907 1359 3054 1413 circa
3085 1375 3184 1414 nos
3217 1371 3344 1414 sunt
3369 1359 3580 1430 plenius
3607 1377 3811 1430 cogno-

2221 1449 2406 1504 scetis.

2973 1519 3039 1575 Χ.

2219 1609 2432 1665 Littera:
2474 1610 2712 1682 Hugoms
2750 1611 3123 1681 archiepiscopi
3169 1603 3532 1682 Lugdunensis
3569 1615 3639 1668 ad
3682 1615 3808 1668 Hu-

2290 1697 2473 1754 gonem
2512 1683 2955 1754 archiepiscomun
2998 1682 3334 1736 Bisuntinum
3381 1701 3478 1754 pro
3531 1688 3804 1740 monachis

2293 1753 2353 1805 δ.
2380 1750 2598 1821 Bcnigui
2625 1751 2970 1806 Divioueum.

2766 1845 2946 1915 (Circa
2977 1860 3067 1899 an.
3093 1844 3274 1916 1088.)

2499 1936 2722 2009 lBALUZ.
2757 1938 2982 1993 Misceil.
3014 1939 3101 1995 ed.
3130 1939 3261 1994 Luc.
3287 1939 3370 2006 ill,
3405 1940 3520 2015 56.]

2289 2027 2461 2094 liceo,
2509 2029 2604 2084 Dei
2654 2031 2826 2102 gratia
2878 2031 3256 2102 Lugdunensis
3293 2033 3554 2090 Ecclesiae
3587 2051 3801 2106 servus,

2219 2118 2417 2174 dilecto
2460 2119 2513 2174 in
2541 2119 2756 2176 Christo
2786 2121 2940 2176 fratri
2985 2121 3194 2178 Hucoxr
3226 2121 3522 2180 venerabili
3560 2125 3805 2182 Bisunti-

2218 2223 2408 2265 norum
2435 2211 2876 2282 archiepiscopo,
2905 2213 3156 2269 salutem.

2291 2301 2674 2372 Significamus
2717 2305 2993 2360 dilectioni
3039 2316 3239 2362 vestra:
3279 2308 3552 2363 dominum
3601 2325 3801 2380 papam

2217 2417 2392 2472 nuper
2431 2404 2586 2459 nobis
2631 2405 2841 2461 litteras
2875 2407 3139 2463 direxisse
3184 2409 3236 2462 ir.
3285 2409 3480 2480 quibus
3525 2420 3649 2481 post
3695 2413 3801 2467 alia

2215 2493 2460 2562 quaedam
2495 2494 2652 2548 nobis
2684 2504 3010 2566 praeceptum
3041 2507 3124 2552 est
3169 2507 3230 2552 ut
3260 2514 3356 2553 vus
3382 2501 3804 2558 conveniremus

2219 2593 2272 2640 et
2303 2587 2628 2642 auctoritate
2657 2603 2754 2642 sua
2791 2604 3260 2648 commoneremus
3304 2603 3575 2664 quatenus
3611 2595 3803 2654 abbati

2213 2677 2526 2733 Divionensi
2561 2680 2850 2736 ecclesiam
2893 2682 3106 2738 Sancta:
3147 2683 3330 2740 Mariae
3365 2686 3432 2740 de
3459 2687 3642 2742 Salina
3667 2691 3800 2743 red-

2215 2770 2436 2826 deretis.
2467 2769 2642 2842 Super
2667 2788 2772 2842 qua
2799 2775 3160 2844 querimonia,
3193 2787 3350 2846 prout
3372 2778 3802 2849 reminlscimur,

2213 2869 2526 2915 antecessor
2546 2873 2727 2916 vester
2747 2878 2889 2933 smpe
2908 2879 2937 2918 a
2959 2865 3111 2920 nobis
3127 2866 3192 2920 ad
3211 2865 3479 2936 justitiam
3497 2885 3804 2942 exsequen-

2212 2951 2333 3004 dam
2357 2967 2475 3005 cum
2500 2954 2754 3023 prmdicto
2777 2958 2968 3011 abbate
2991 2970 3212 3032 vocatus
3231 2960 3350 3026 fuit,
3380 2971 3436 3017 et
3452 2964 3519 3018 ad
3547 2964 3802 3022 ultimum

2212 3045 2278 3097 ad
2320 3043 2587 3100 Meldense
2630 3047 2914 3102 concilium
2949 3049 3244 3117 invitatus;
3282 3069 3310 3107 a
3345 3070 3454 3124 quo
3481 3071 3604 3110 cum
3649 3059 3806 3114 nu'la

2211 3129 2479 3191 existente
2515 3137 2774 3193 canonica
2817 3143 3165 3198 excusatione
3205 3160 3263 3200 se
3310 3146 3678 3214 absentasset,
3733 3151 3806 3207 ab

2136 3244 2176 3302 ρ
2211 3227 2398 3282 eodem
2422 3229 2651 3284 concilio
2666 3231 2964 3300 judicatum
2987 3246 3069 3289 est
3091 3235 3336 3292 abbatem
3359 3239 3481 3294 inde
3499 3241 3803 3297 investien-

2210 3319 2336 3374 dum
2351 3328 2442 3373 aut
2455 3319 2739 3375 ecclesiam
2753 3322 2934 3378 divino
2946 3324 3120 3380 ollicio
3133 3342 3302 3397 usque
3319 3331 3385 3385 ad
3404 3329 3616 3399 plenam
3630 3331 3806 3402 justi-

2209 3410 2337 3465 tiam
2360 3426 2481 3467 esse
2503 3414 2838 3482 privandum.
2857 3415 3087 3474 Proinde
3101 3423 3414 3493 prmscripta
3431 3426 3804 3496 praeceptione

2207 3503 2485 3558 constricti
2516 3504 2854 3563 dilectionem
2881 3520 3115 3564 vestram
3142 3514 3434 3584 apostolica
3467 3519 3802 3576 auctoritate

2208 3609 2612 3654 commonemus
2637 3607 2712 3663 ut,
2745 3602 3038 3658 secundum
3067 3607 3209 3674 quod
3242 3609 3634 3666 rationabiliter
3659 3627 3798 3681 pra:-

2209 3687 2336 3742 dicti
2368 3689 2581 3743 concilii
2607 3689 2813 3759 judicio
2843 3694 3119 3763 provisum
3149 3707 3252 3763 est,
3283 3697 3532 3755 abbatem
3561 3702 3628 3756 de
3658 3717 3792 3772 pra:-

2207 3775 2351 3832 dicta
2382 3778 2613 3835 ecclesia
2645 3781 2969 3840 investiatis.
3010 3785 3161 3853 Quod
3200 3799 3460 3857 quantmn
3492 3791 3794 3860 prudentia.-

2205 3878 2399 3923 vestra:
2436 3873 2788 3940 satagendum
2832 3876 2905 3931 sit
2947 3892 3012 3931 ex
3059 3877 3326 3934 Sententia
3373 3881 3576 3936 domini
3617 3899 3790 3952 νίψω,

2206 3975 2369 4030 quam
2393 3975 2492 4032 per
2512 3965 2698 4019 eadem
2724 3969 2884 4020 verba
2917 3969 3006 4024 hic
3037 3969 3383 4039 subjecimus,
3410 3974 3660 4044 poteritis
3696 3990 3793 4030 cu-

2206 4067 2486 4125 gnoscere.
2513 4057 2708 4125 quibus
2738 4058 2808 4112 ita
2839 4061 2995 4116 nobis
3018 4064 3231 4118 scribit.

2278 4145 2544 4202 l’rmlerea
2575 4150 2917 4220 praecipimus
2951 4157 3260 4211 strenuitati
3297 4167 3401 4214 tua:
3432 4167 3491 4213 ut
3513 4175 3580 4215 ex
3604 4169 3792 4216 nostra

2203 4245 2357 4308 parte
2384 4238 2726 4296 Bisuntinum
2751 4245 3046 4302 antistitem
3073 4251 3366 4306 convenias
3391 4263 3446 4308 et
3475 4254 3789 4315 Divionensj

2205 4328 2386 4385 abbati
2415 4332 2700 4388 ecclesiam
2752 4335 2967 4394 Sancta:
3009 4339 3193 4398 Maria:
3241 4349 3307 4399 de
3347 4344 3530 4400 Salina
3565 4348 3793 4403 reddere

2205 4422 2524 4478 auctoritate
2557 4436 2741 4479 nostra
2780 4442 3124 4486 commoneas
3145 4473 3159 4499 ,
3205 4434 3426 4506 insuper
3454 4445 3510 4492 et
3549 4435 3790 4494 fructum

2205 4513 2530 4582 praediorum
2556 4532 2715 4586 quem
2742 4523 3058 4579 retentionis
3084 4533 3326 4595 tempore
3350 4540 3707 4600 usurparunt.

2948 4613 3040 4668 XI.

2206 4712 2422 4808 Litterae,
2452 4717 2684 4808 ejusdem
2725 4721 2967 4808 Περσηὶς
3007 4729 3086 4808 ad_
3112 4729 3448 4808 Lambertum
3487 4736 3789 4808 episcopum

2275 4786 2687 4864 Atrebqtensem,
2713 4786 2896 4863 quibus
2924 4813 3040 4851 cum
3071 4802 3251 4855 invitat
3269 4803 3338 4856 ad
3363 4786 3793 4864 rd:-

2276 4857 2682 4926 gustoduncnse.

2804 4955 2984 5027 (Anno
3013 4959 3196 5034 rost.)

2767 5043 3017 5117 [Bacuz.,
3062 5052 3216 5124 ibid.)

2274 5127 2424 5186 lluco
2439 5130 2814 5204 Lugdunensis
2835 5142 3293 5216 archiepiseOpus,
3319 5150 3627 5219 apostolicae
3640 5151 3788 5210 sedis

2195 5219 2431 5291 legatus,
2458 5229 2753 5285 venerabili
2795 5230 2849 5285 in
2877 5233 3097 5291 Christo
3119 5238 3274 5294 fratri
3303 5239 3601 5299 Laussnro
3625 5245 3786 5302 Atre-

2203 5309 2408 5368 batensi
2439 5317 2712 5386 episcopo,
2752 5320 3006 5396 salutem.

2275 5401 2434 5457 Novit
2465 5405 2819 5466 fraternitatis
2847 5425 3041 5472 vestra:
3069 5417 3286 5477 dilectio
3329 5438 3487 5492 quam
3523 5425 3784 5496 frequen-

2205 5494 2349 5550 tibus
2395 5497 2576 5554 domni
2631 5516 2782 5572 papa:
2836 5504 3038 5563 Urbani
3083 5509 3283 5570 litteris
3317 5516 3383 5571 de
3431 5494 3782 5576 convocanda

2203 5588 2257 5643 in
2306 5589 2477 5646 Gallia
2539 5596 2741 5666 synodo
2782 5599 2882 5654 sim
2945 5607 3305 5663 commonitus
3372 5621 3428 5666 et
3474 5614 3782 5670 obedientia

2204 5682 2523 5750 adstrictus,
2578 5697 2634 5742 et
2681 5691 2824 5760 quod
2875 5694 3076 5752 diutius
3139 5713 3278 5756 onus
3313 5703 3442 5758 illud
3507 5708 3784 5778 suscipere

2204 5778 2585 5833 recusaverim.
2656 5781 2788 5849 Quia
2846 5802 2976 5844 vero
3040 5791 3266 5850 ulterius
3326 5809 3624 5868 repugnare
3685 5815 3782 5854 nec

2202 5865 2342 5919 volui
2391 5882 2489 5923 nec
2539 5869 2695 5926 debui
2723 5913 2739 5940 ,
2795 5881 3009 5935 tandem
3068 5885 3292 5942 consilio
3340 5865 3523 5944 domui
3570 5889 3782 5950 abbatis
