3926 6442
212 464 302 520 ΚΠ

1321 453 1675 512 armum:
1712 453 1799 511 ar
1837 453 2244 510 PRIVILEGIA.
2277 475 2288 487 ο
2332 439 2374 448 ““

3318 457 3421 513 518

194 570 544 633 σαιιιιίίιοειιεῑε
601 581 654 624 et
708 569 1082 640 religiosorum
1158 568 1394 624 virorum
1461 569 1743 640 episcopo-
1769 574 1814 629 Α
1845 568 2068 638 ilignum
2104 569 2489 640 judicavimus,
2550 571 2783 641 qualiter
2818 586 2883 627 ex
2908 579 3177 641 praecepto
3213 571 3418 629 domini

210 681 316 721 rum
342 672 487 732 alque
508 658 761 714 abbatum
787 660 926 728 apud
947 659 1393 730 Augustodunum
1424 658 1548 728 ldus
1581 656 1742 715 Octo-

208 756 309 811 bris
344 752 611 813 concilium
654 752 963 808 habendum
1007 751 1431 821 designavimus;
1485 751 1551 806 ad
1596 753 1739 821 quod

203 845 511 901 dilectionem
530 854 768 899 vestram
786 845 1076 915 apostolica
1092 842 1411 898 auctoritate
1428 841 1737 915 invitemus.

200 940 260 993 Et
283 938 513 1006 quamvis
537 938 819 992 credamus
848 952 943 991 vos
969 952 1074 990 non
1102 936 1352 1005 ignorare
1374 935 1503 1004 quid
1525 936 1592 991 de
1618 937 1741 991 cha-

198 1032 390 1085 rissimo
417 1029 583 1083 fratre
611 1040 796 1083 nostro
829 1027 1083 1083 Remensi
1124 1028 1531 1096 archiepiscopo
1561 1027 1643 1082 vel
1671 1030 1739 1082 de

197 1120 447 1191 privilegio
482 1122 621 1189 quod
658 1120 726 1174 ab
755 1119 1048 1189 apostolica
1094 1120 1220 1174 sede
1259 1121 1465 1188 accepit
1511 1120 1739 1175 domnus

193 1229 311 1284 papa
337 1211 486 1267 nobis
508 1211 858 1272 mandaverit,
894 1212 1004 1279 ipsa
1028 1221 1207 1265 tamen
1229 1210 1345 1274 ejus
1364 1212 1563 1280 scripta
1588 1212 1739 1267 vobis

195 1305 494 1365 direximus,
541 1303 735 1372 quibus
781 1317 879 1355 nos
926 1302 991 1356 de
1031 1303 1113 1355 his
1153 1312 1275 1371 post
1316 1303 1495 1371 aliqua
1533 1303 1585 1357 in
1626 1303 1740 1358 inec

193 1397 497 1452 commonuit
522 1395 681 1449 verba
706 1409 721 1447 :
760 1413 778 1445 ι
809 1394 874 1448 Et
898 1407 996 1447 nos
1024 1393 1276 1448 Remensi
1310 1394 1562 1448 Ecclesiae
1584 1393 1737 1447 debi-

194 1501 287 1544 tam
328 1488 673 1542 reverentiam
723 1494 1106 1541 conservantes
1159 1485 1212 1539 in
1266 1485 1546 1555 privilegio
1594 1488 1738 1554 quod

192 1579 424 1634 confratri
457 1588 642 1634 nostro
671 1575 932 1630 Raiualdo
967 1576 1374 1646 archiepiscopo
1409 1577 1655 1632 dedimus
1685 1588 1741 1631 et

191 1672 448 1728 statuimus
474 1685 542 1724 ne
587 1668 701 1738 ejus
730 1682 904 1723 causa:
935 1662 1159 1724 alterius
1187 1668 1291 1723 nisi
1336 1668 1561 1723 Romani
1604 1684 1740 1739 pon-

191 1763 331 1820 tificis
375 1762 597 1816 arbitrio
638 1761 973 1828 decidantur,
1023 1762 1165 1831 quod
1213 1769 1269 1816 et
1311 1762 1378 1816 de
1419 1771 1736 1826 cmlerorunt

188 1855 536 1925 episcoporum
569 1849 867 1919 majoribus
886 1851 1066 1905 causis
1088 1866 1356 1906 canonum
1386 1851 1520 1906 scita
1539 1863 1737 1906 constt-

1840 661 2008 715 nostri
2039 675 2188 731 papae
2215 659 2418 716 Urbani
2452 678 2550 732 pro
2577 679 2740 718 causa
2779 662 3033 718 Fulconis
3058 663 3418 734 Andegaven-

1840 753 1977 807 sium
2010 753 2227 809 comitis
2251 769 2417 823 usque
2452 756 2519 808 ad
2555 756 2689 809 fines
2718 756 3129 825 Andegavorum
3162 756 3418 812 veniendi

1840 843 2199 900 obedientiam
2225 846 2596 914 suscepimus,
2624 855 2685 901 ut
2718 860 2841 901 eum
2871 863 2902 901 a
2929 847 3146 902 vinculo
3192 850 3417 903 anathe-

1840 937 2022 1001 matis,
2071 952 2179 1005 quo
2235 936 2444 991 diutino
2505 945 2749 1005 tempore
2804 939 3094 995 innodatus
3143 952 3265 996 erat
3318 956 3417 1009 pro

1839 1029 2088 1097 captione.
2123 1028 2306 1083 fratris
2333 1030 2418 1083 sui
2440 1028 2682 1085 Gaufridi
2707 1070 2724 1094 ,
2753 1047 2915 1101 quem
2946 1035 2997 1088 iu
3026 1035 3164 1090 bello
3197 1035 3415 1105 publico

1839 1129 2078 1189 ceperat,
2103 1121 2510 1177 absolveremus
2537 1139 2550 1174 :
2586 1137 2708 1176 cum
2740 1132 2921 1178 tamen
2966 1126 3078 1195 ipse
3110 1141 3293 1182 comes
3330 1143 3419 1180 ra-

1843 1214 2043 1267 tionem
2063 1214 2308 1276 reddere,
2337 1224 2429 1268 aut
2452 1212 2785 1279 satisfacere,
2822 1224 2915 1268 aut
2934 1216 3197 1284 judicium
3223 1218 3411 1272 subire

1840 1319 1945 1357 non
1990 1302 2389 1373 subterfugeret
2424 1322 2438 1358 :
2471 1306 2582 1359 imo
2626 1319 2843 1373 semper
2880 1316 3103 1375 paratus
3147 1317 3327 1362 esset:
3357 1316 3419 1362 ut

1840 1397 2080 1450 virorum
2130 1396 2493 1464 probabilium
2545 1396 2867 1451 clericorum
2903 1406 2957 1450 et
2983 1397 3240 1453 laicorum
3274 1398 3419 1453 rela-

1842 1487 1989 1542 tione
2047 1488 2418 1557 cognovimus,
2475 1487 2735 1558 praefatus
2788 1488 2959 1543 frater
3002 1487 3139 1557 ejus,
3174 1497 3419 1559 tempore

1843 1594 1950 1649 quo
1964 1589 2157 1649 captus
2179 1578 2299 1642 fuit,
2333 1595 2361 1632 a
2382 1578 2658 1647 Stephano
2686 1580 2962 1635 cardinale
2992 1580 3249 1635 ltomanze
3272 1581 3421 1636 sedis

1840 1672 2017 1742 legan
2040 1685 2139 1741 pro
2160 1671 2475 1727 multimoda
2503 1671 2719 1740 injuria.
2761 1689 2923 1742 quam
2950 1672 3221 1729 inferebat
3253 1674 3421 1731 Turo-

1839 1764 1991 1818 nensi
2032 1762 2284 1818 Ecclesiae
2326 1772 2381 1817 et
2411 1764 2595 1819 abbati
2621 1764 2679 1817 S.
2704 1764 2918 1819 Martini
2968 1764 3190 1835 Majoris
3228 1782 3421 1821 monac

1839 1856 1989 1911 sterii
2016 1896 2032 1921 ,
2064 1856 2566 1911 excommunicatus
2587 1867 2728 1919 erat,
2762 1866 2816 1910 et
2852 1856 3072 1912 Falconi
3107 1859 3233 1914 huic
3263 1860 3419 1928 prin-

185 1917 396 1999 tueran't.
432 1942 585 2009 Quod
614 1917 861 1996 videlicet
896 1940 967 1995 ita
999 1941 1336 1995 sentiendum
1366 1942 1530 1997 estut
1564 1941 1737 1998 nullus
1769 1917 1815 1976 Β
1840 1917 2052 2016 θῆραιυέ
2107 1948 2514 2018 Andegavensis
2546 1917 2834 2002 comitatus
2870 1949 2937 2002 ab
2982 1950 3095 2018 ipso
3137 1917 3317 2020 legato
3348 1965 3419 2005 ex

186 2036 366 2106 primas
394 2033 542 2103 quasi
569 2050 668 2102 pro
697 2032 954 2103 peculiari
995 2032 1251 2087 Ecclesia:
1282 2047 1392 2087 suae
1435 2036 1735 2089 reverentia

186 2128 232 2180 id
255 2133 528 2195 praesumat
550 2125 791 2195 exigere.
823 2123 957 2178 Cum
984 2137 1115 2178 vero
1137 2122 1316 2193 legato
1342 2122 1571 2178 Romani
1600 2139 1734 2194 pon-

186 2222 324 2275 tiﬁcis
351 2220 653 2289 subjicitur,
685 2220 784 2289 ipsi
824 2219 924 2275 soli
961 2217 1249 2289 subjicitur
1276 2219 1430 2288 cujus
1467 2235 1564 2290 per
1596 2219 1737 2289 lega—

185 2323 280 2367 tum
307 2314 443 2367 vices
469 2321 729 2383 aguntur.
753 2312 821 2367 Et
843 2312 1015 2383 ipsum
1044 2327 1174 2382 ergo
1197 2312 1518 2367 liemensem
1546 2322 1601 2366 ct
1635 2328 1737 2366 ca:-

185 2417 310 2459 teros
338 2406 421 2474 qui
444 2404 709 2477 legationi
740 2415 843 2460 tuae
869 2404 1043 2462 solent
1070 2419 1192 2460 esse
1213 2404 1441 2474 subjecti
1463 2404 1529 2457 ad
1554 2405 1736 2459 conci-

182 2498 299 2551 lium
324 2506 417 2552 tua:
441 2498 830 2552 sollicitudinis
856 2498 1092 2553 studium
1113 2506 1375 2553 convocet
1400 2507 1457 2551 et
1483 2496 1736 2551 Ecclesize

183 2602 367 2645 sanctas
391 2590 715 2645 utilitatibus
744 2590 888 2643 omni
924 2588 1350 2644 dissimulatione
1376 2587 1607 2657 seposita
1631 2587 1736 2639 fer-

182 2692 354 2738 venter
389 2684 622 2738 insndet.
657 2702 676 2736 ι
707 2682 865 2739 Juxta
889 2683 1005 2737 bare
1030 2696 1159 2751 ergo
1182 2680 1362 2735 domui
1399 2694 1548 2750 papa:
1573 2679 1733 2733 verba

181 2776 243 2829 ad
285 2776 677 2831 denominatum
723 2775 1009 2831 concilium
1056 2773 1455 2829 fraternitatem
1499 2780 1734 2827 vestram

183 2883 289 2921 cum
322 2869 602 2923 abbatibus
645 2869 838 2923 vestris
873 2866 1164 2938 apostolica
1195 2866 1518 2920 auctoritate
1548 2864 1738 2918 invita-

182 2977 307 3024 mus,
337 2962 455 3031 quia
493 2960 561 3016 de
603 2960 850 3015 amicitia
895 2969 1075 3014 vestra
1117 2959 1459 3023 conﬁdimus,
1481 2968 1538 3012 et
1570 2958 1622 3011 in
1681 2971 1737 3010 re

182 3061 310 3105 tanta
337 3051 460 3107 utile
483 3052 655 3106 amici
691 3050 973 3105 consilium
1003 3059 1058 3105 et
1089 3051 1552 3120 perneressarium
1581 3047 1737 3103 nobis

183 3163 285 3203 esse
304 3150 512 3203 scimus.
533 3147 658 3203 Nos
692 3162 905 3216 quoque
944 3145 1185 3201 consiliis
1218 3144 1321 3200 tuis
1363 3144 1730 3206 acquiescere,

184 3239 276 3295 Deo
301 3239 522 3309 volente,
551 3240 737 3311 parati
753 3254 958 3294 sumus.

891 3328 1003 3385 XII.

188 3441 397 3515 "agonia
451 3440 1249 3515 Lugduuensisarchiepisctyi
1293 3439 1510 3515 Roberw
1561 3441 1735 3515 comiti

284 3515 515 3570 landriw.
535 3509 611 3556 '—
654 3512 776 3568 Vice
803 3509 903 3568 SS.
937 3509 1094 3567 Ponit.
1126 3509 1196 3566 ut
1222 3509 1555 3565 Lumberlum
1596 3511 1737 3565 exci-

239 3587 353 3653 piat,
402 3595 727 3655 tueaturque
765 3594 932 3655 rogat.

754 3694 933 3762 (Anno
961 3692 1146 3764 1094,)

715 3782 921 3858 [SpiciL
953 3784 1016 3849 v,
1050 3783 1079 3857 ς
1108 3782 1191 3856 2.]

240 3879 372 3937 liceo
392 3877 779 3952 Lugdunensis
800 3875 1065 3947 archiep.,
1094 3872 1401 3944 apostolicae
1426 3871 1571 3927 sedis
1596 3870 1739 3938 lega-

181 3983 272 4039 tus,
302 3974 555 4031 ιὶοιιιιιιτο
582 3970 1006 4029 Flandrensium
1029 3966 1247 4034 comiti,
1274 3964 1525 4021 salutem.

241 4064 602 4121 Venerabilem
634 4062 686 4116 in
723 4060 938 4117 Christo
966 4059 1189 4114 fratrem
1227 4065 1470 4111 nostrum
1508 4054 1741 4109 Atreba-

184 4169 360 4214 tensem
378 4152 1051 4230 episcopumexcellentiae
1068 4162 1258 4207 vestra:
1277 4148 1737 4209 conuuendamns,

178 4261 361 4308 uicum
395 4260 668 4323 tanquam
714 4245 1046 4303 cardinalem
1091 4244 1435 4313 episcopum,
1485 4249 1738 4309 tanquam

180 4341 300 4397 beati
338 4343 482 4398 Petri
526 4338 786 4397 manibus
839 4344 1258 4400 consecratum,
1309 4347 1413 4406 Ope
1451 4340 1635 4401 vestra
1687 4336 1743 4384 et

177 4432 354 4489 auxilio
387 4432 656 4489 tueamini
688 4442 960 4500 rogamus,
998 4434 1051 4481 et
1084 4425 1204 4480 vice
1229 4423 1432 4479 domini
1470 4437 1620 4493 papa:
1654 4434 1743 4476 se-

1761 3262 1809 3327 ϐ

1837 2043 1991 2103 parte
2037 2033 2095 2087 S.
2150 2033 2292 2088 Petri
2338 2033 2571 2089 donatus
2619 2044 2755 2088 erat.
2797 2033 2967 2100 Quem
3013 2034 3230 2105 quidem
3263 2045 3319 2090 et
3347 2036 3419 2089 ab

1838 2128 2102 2181 avunculo
2135 2141 2233 2181 suo
2271 2125 2533 2181 Gaufrido
2562 2141 2880 2182 concessum
2926 2128 3090 2183 fuisse
3113 2168 3129 2193 ,
3172 2129 3413 2184 virorum

1837 2216 2198 2288 probabilium
2245 2217 2314 2269 de
2368 2216 2642 2271 nobilibus
2684 2219 2799 2271 suis
2844 2218 3028 2272 veraci
3062 2218 3418 2290 cognovimus

1837 2306 2121 2360 relatione.
2152 2305 2448 2374 Nos'igitur
2478 2308 2593 2361 haec
2638 2317 2887 2376 suscepta
2919 2307 3207 2378 legatione.
3245 2317 3300 2363 nt
3331 2310 3419 2360 vi-

1837 2410 1937 2465 gor
1958 2396 2270 2466 apostolicae
2314 2396 2637 2451 obedientia:
2688 2397 2879 2466 majori
2909 2413 2939 2450 a
2971 2397 3127 2452 nobis
3148 2407 3417 2453 tractare-

1839 2497 1927 2540 tur
1949 2486 2295 2551 auctoritate,
2313 2485 2675 2541 venerabilem
2705 2486 2925 2541 fratrem
2954 2496 3197 2543 nostrum
3217 2488 3419 2542 Bituri-

1838 2591 2059 2631 censem
2094 2576 2560 2646 archiepiscopum
2581 2578 2945 2633 exsecutionis
2973 2577 3132 2647 hujus
3167 2579 3421 2634 adhibui-

1839 2684 1959 2723 mus
1988 2668 2236 2732 socium;
2296 2677 2351 2723 et
2389 2669 2469 2724 sic
2518 2669 2680 2724 simul
2726 2670 2887 2740 positi
2921 2671 3144 2727 fratrem
3177 2672 3418 2737 comitis,

1837 2772 1997 2827 quem
2024 2768 2240 2827 captum
2267 2759 2642 2821 audiebamus,
2663 2764 2913 2816 consulto
2934 2762 3221 2818 adivimus.
3241 2763 3414 2831 Quem

1840 2852 1913 2906 ita
1938 2849 2291 2921 desipientem
2321 2851 2651 2919 invenimus,
2679 2853 3029 2909 utferebatur
3045 2855 3113 2910 ab
3134 2857 3417 2922 omnibus;

1840 2951 1899 2997 ut
1933 2957 2158 3013 prorsus
2199 2942 2388 2998 inutile
2427 2954 2483 2998 et
2528 2958 2724 2999 vanum
2761 2944 3041 3002 videretur
3092 2948 3341 3018 regenda:
3365 2950 3415 3004 ei

1838 3036 2030 3105 νεηνίαι
2065 3035 2406 3090 committere
2440 3035 2824 3106 principatum,
2880 3037 2974 3107 qui
3027 3036 3130 3092 sibi
3163 3047 3216 3092 et
3242 3039 3420 3094 omni-

1840 3126 1940 3181 bus
1962 3124 2194 3180 stultitia
2215 3139 2312 3180 sua
2353 3125 2534 3182 factus
2554 3127 2746 3183 fuisset
2771 3127 2979 3183 inutilis
3010 3144 3026 3183 :
3058 3143 3230 3198 usque
3261 3130 3420 3198 adeo,

1841 3227 1901 3272 ut
1945 3233 2047 3273 nec
2087 3233 2185 3288 per
2229 3233 2422 3273 manus
2460 3229 2678 3274 nostras
2711 3235 2740 3273 a
2771 3220 3021 3289 captione
3048 3220 3213 3278 vellet
3257 3222 3419 3292 eripi.
3468 3286 3471 3297 ι

1842 3310 2100 3366 Venimus
2151 3308 2334 3378 itaque
2378 3310 2446 3365 ad
2508 3310 2815 3368 cmuobium
2867 3308 2929 3365 S.
2974 3310 3256 3375 Florentii,
3288 3311 3419 3367 etin

1837 3403 1925 3458 die
1969 3402 2268 3457 nativitatis
2296 3401 2354 3456 S.
2387 3399 2612 3457 Joannis
2642 3401 2916 3471 Baptistae,
2944 3401 3183 3456 virorum
3207 3380 3427 3473 religio:

1838 3506 2047 3559 serum,
2068 3493 2470 3562 episcOporum,
2492 3500 2549 3547 et
2569 3492 2853 3555 abbatum,
2877 3490 2969 3559 qui
3011 3490 3224 3545 invitati
3252 3491 3420 3545 adve-

1839 3591 2056 3645 nerant,
2091 3581 2386 3637 Fulconem
2412 3582 2669 3638 comitem
2714 3591 2963 3651 paratum
2988 3580 3304 3636 satisfacere
3325 3592 3422 3637 aut

1840 3676 2107 3729 rationem
2164 3672 2392 3728 reddere
2444 3672 2686 3728 unanimi
2716 3672 2959 3728 omnium
2988 3679 3114 3727 voto
3161 3680 3213 3726 et
3261 3670 3421 3725 laude

1838 3764 2200 3828 absolvimus;
2227 3764 2463 3835 acceptis
2475 3765 2546 3820 ab
2566 3780 2631 3820 eo
2651 3763 3057 3831 securitatibus,
3073 3771 3153 3830 ut,
3176 3762 3225 3819 si
3247 3761 3418 3817 frater

1838 3855 1957 3927 ejus
1981 3856 2361 3912 melioritatem
2384 3871 2578 3913 sensus
2608 3855 2898 3925 reciperet,
2932 3869 2999 3910 ex
3025 3861 3301 3925 praecepto
3327 3854 3427 3910 do-

1839 3949 1975 4005 mini
1996 3950 2167 4005 nostri
2192 3964 2366 4020 papm,
2412 3949 2497 4003 vel
2528 3958 2733 4011 nostro,
2764 3957 2859 4001 aut
2887 3946 3237 4003 concordiam
3277 3945 3427 4001 face-

1842 4050 1924 4096 ret
1964 4056 2084 4096 cum
2134 4056 2217 4103 eo,
2275 4049 2369 4095 aut
2405 4039 2668 4108 judicium
2716 4037 2902 4094 subire
2958 4045 3185 4108 paratus
3229 4046 3375 4092 esset
3407 4076 3423 4099 .

1842 4150 1944 4190 nec
1968 4148 2192 4189 uxorem
2244 4133 2466 4188 duceret
2491 4171 2508 4197 ,
2546 4131 2614 4186 de
2638 4144 2870 4200 quarum
2895 4129 3287 4184 numerositate
3311 4128 3429 4183 cui-

1840 4227 2091 4297 pabatur,
2142 4226 2346 4295 absque
2398 4233 2584 4278 nostro
2630 4220 2884 4295 consilio,
2936 4220 3093 4290 cujus
3145 4220 3224 4275 rei
3254 4230 3425 4291 gesta:

1842 4321 2045 4376 seriem
2097 4318 2251 4376 vobis
2300 4317 2543 4387 pandere
2587 4314 2973 4387 judicavimus.
3032 4312 3427 4385 Religiosorum

1843 4421 2048 4477 autem,
2096 4411 2190 4482 qui
2219 4409 2538 4475 adfuerunt,
2566 4407 2785 4463 nomina
2825 4407 2944 4463 hmc
2979 4405 3429 4462 sunt:Aldcber-

178 4524 386 4577 cundum
422 4495 777 4593 praeceptum
800 4518 970 4588 ipsius
998 4518 1054 4573 in
1086 4515 1459 4571 remissionem
1492 4521 1742 4583 peccato—
1843 4514 1931 4560 tus
1954 4501 2371 4559 Bituricensium
2395 4498 2855 4568 archiepiscopus,
2874 4496 3129 4593 Ouvellus
3154 4495 3427 4552 Cenoma—

166 4592 278 4667 lrum
303 4589 628 4670 vestrorum
651 4611 1013 4682 praecipimus.
1042 4608 1124 4663 Ad
1160 4604 1491 4662 restituenda
1527 4617 1742 4673 quoque
1774 4609 1820 4665 ι)
1846 4598 2029 4653 nensis
2080 4597 2364 4667 episcopus
2392 4633 2408 4659 ,
2460 4591 2778 4648 Guillelmus
2818 4591 2989 4682 abbas
3144 4590 3426 4658 Florentii,

177 4704 299 4760 bona
335 4707 601 4763 Ecclesiae
650 4680 834 4774 ipsius
860 4700 1139 4757 brachium
1183 4696 1436 4768 adjutorii
1477 4699 1640 4751 vestri
1689 4694 1740 4749 ei
1847 4690 2152 4745 Bernardus
2174 4687 2338 4743 abbas
2361 4684 2463 4741 SS.
2488 4682 2661 4755 Sergii
2689 4691 2745 4738 et
2773 4681 2972 4774 [iacchi
3000 4680 3428 4774 ,Girardnsab-

178 4798 437 4867 porrigite,
471 4772 870 4868 cognoscentes
892 4806 988 4847 vos
1011 4804 1110 4860 pro
1134 4788 1441 4844 obedientia
1465 4787 1565 4842 hac
1591 4785 1745 4840 hahi-
1844 4783 1943 4839 bas
1973 4784 2029 4838 S.
2068 4781 2268 4843 Albini,
2298 4776 2539 4831 Nualdus
2582 4775 2751 4868 abbas
2777 4773 2836 4868 S.
2862 4772 3126 4868 ANicolai,
3148 4772 3431 4868 Baldiicns

180 4863 571 4961 turos‘gratiau't
597 4876 977 4959 apostolicam,
1007 4891 1061 4939 et
1094 4897 1125 4936 a
1161 4881 1269 4935 Deo
1306 4877 1739 4934 retributionem.
1844 4877 2014 4932 abbas
2036 4870 2427 4944 Burguliensis,
2450 4867 2746 4925 Ganfriilus
2790 4864 2961 4961 abbas
2991 4863 3428 4961 Yindocinen‘sis.

892 4995 1026 5053 Xlll.
1916 4967 2113 5021 Actum
2141 4972 2228 5018 est
2259 4977 2404 5017 anno
2463 4960 2531 5053 ab
2562 4956 2959 5053 lucarnatione
2996 4954 3233 5053 Domi-ni.
3269 4953 3429 5053 109?.

1848 5057 1989 5128 apud
2035 5053 2309 5109 abbatiam
2356 5050 2416 5105 S.
2462 5047 2748 5113 Florentii,
2804 5045 2895 5101 die
2932 5045 3075 5101 festo
3122 5045 3179 5100 S.
3207 5041 3433 5100 Joannis

177 5094 354 5151 Charta
410 5094 689 5168 Hugonis,
725 5087 1087 5162 Lugdunensis
1115 5082 1579 5166 archiepiscopi}!
1617 5097 1746 5150 apo-
1848 5082 1998 5157 “Pw.
2035 5082 2125 5109 ί¹υι

244 5168 426 5216 Italiam
455 5168 603 5216 sedis
638 5164 816 5216 leuati.
855 5162 920 5216 de
945 5157 1268 5214 absolutione
1293 5150 1546 5209 Fulcams
1573 5152 1745 5206 Andc-
1847 5147 2125 5216 Bapttstaa.

244 5150 603 5223 stolicmse'dis
638 5150 829 5234 legati:
855 5162 920 5216 de
945 5157 1268 5214 absolutione
1293 5150 1546 5209 Fulcbnis
1573 5152 1745 5206 Ande-

246 5240 465 5310 gmnsis
488 5236 717 5293 comitis.

760 5346 937 5417 (Anno
966 5339 1147 5412 1094).

374 5440 546 5513 L(nail.
573 5437 772 5493 Christ.
812 5449 933 5489 nov.
963 5436 1122 5489 iustr.
1157 5442 1195 5485 t.
1225 5427 1314 5496 IV,
1338 5444 1390 5499 p.
1418 5426 1532 5499 10].

238 5529 382 5587 Huco
411 5528 797 5597 Lugdunensis
819 5524 1279 5593 archiepiscopus,
1312 5517 1619 5590 apostolica:
1663 5531 1747 5571 sc-

180 5621 251 5677 (lis
274 5624 506 5691 legatus,
542 5616 917 5676 dilectissimis
951 5617 1003 5670 in
1035 5615 1252 5670 Christo
1276 5611 1534 5666 fratribus
1564 5607 1744 5661 archi-

177 5716 451 5786 episcOpis,
482 5714 781 5785 episcopis,
811 5710 1089 5765 abbatibus
1113 5715 1315 5763 sanctae
1360 5703 1451 5759 Dei
1496 5701 1748 5756 Ecclesia:

176 5808 412 5864 ﬁdelibus
442 5809 698 5865 salutem.

239 5905 522 5961 Communi
558 5905 985 5959 orthotoxorum
1015 5898 1252 5957 omnium
1299 5893 1501 5952 notitim
1532 5890 1746 5946 tradere

2569 5230 2708 5287 XIV.

1848 5353 2008 5426 Hugo
2037 5350 2441 5426 Lugdunensis“
2465 5347 2885 5426 archiepiscopus
2919 5344 3193 5426 ecclesiam
3240 5340 3429 5399 Sancti

2023 5417 2283 5479 Desiderii
2311 5421 2365 5475 in
2396 5418 2583 5474 Brixia
2621 5417 3053 5473 Cluniacensibus
3084 5417 3267 5469 donat.

2449 5511 2629 5581 (Anno
2665 5508 2844 5574 i094.)

2139 5602 2360 5677 [ΒΑιιη.
2392 5598 2615 5655 Miscell.
2642 5600 2728 5653 οιί.
2762 5597 2889 5652 Luc.
2923 5595 3007 5657 Ill,
3032 5593 3147 5664 59.]

1920 5703 1975 5757 In
2006 5701 2223 5757 nomine
2270 5706 2473 5753 sancta:
2499 5704 2555 5748 et
2579 5691 2866 5746 individua:
2895 5686 3198 5749 Trinitatis,
3228 5682 3431 5748 Patris,

1848 5806 1899 5851 et
1930 5794 2073 5857 Filii,
2100 5801 2156 5847 et
2190 5791 2421 5860 Spiritus
2467 5783 2663 5841 sancti.
2714 5780 2965 5836 Noverint
3003 5791 3193 5831 eomes
3230 5784 3435 5833 sanctas

1853 5886 1945 5941 Dei
1983 5883 2238 5940 Ecclesiae
2261 5881 2378 5947 lilii,
2409 5883 2702 5949 praesentes
2737 5871 2938 5928 scilicet
2975 5879 3029 5925 et
3061 5868 3224 5924 futuri
3248 5904 3264 5933 ,
3292 5866 3437 5935 quod
