3926 6450
546 443 642 499 519

1494 427 1791 483 ΠυϐΟΜΞ
1821 421 2300 480 LUGDUNENSIS
2340 414 2853 473 ARCIIIEPISCOPI
3632 414 3712 470 520

547 576 647 629 ego
674 557 847 627 (Iugo,
892 555 980 607 De.
1030 563 1199 619 gratia
1225 548 1600 617 Lugdunensis
1649 544 2105 611 archiepiSCOpus,
2138 545 2182 600 Α
2213 539 2337 593 fecit
2369 538 2435 592 de
2465 536 2633 589 fratre
2662 544 2844 589 nostro
2890 529 3240 585 Ambianensi
3286 527 3522 597 episcopo
3557 539 3599 583 et
3620 530 3719 585 Ful-

548 652 686 705 dono
713 648 820 701 Deo
842 653 894 699 et
922 651 1109 697 sancto
1137 640 1296 693 Petro
1334 646 1389 692 et
1416 635 1851 690 reverentissimo
1872 633 1923 684 in
1953 631 2113 685 Chri-

548 751 633 796 sto
659 737 796 809 patri
827 745 1011 789 nostro
1041 732 1240 785 domno
1271 728 1485 797 Ilugoni,
1533 723 1901 781 Cluniacensis
1938 721 2114 775 eccle»

545 833 636 887 sia:
709 826 890 884 abbati
959 832 1012 879 et
1098 820 1500 877 successoribus
1564 817 1680 886 ejus
1748 814 2114 883 fratribnsque

543 921 643 976 sub
691 932 879 973 eorum
923 916 1118 969 ducatu
1187 911 1544 975 militantibus
1592 909 1875 964 ecclesiam
1929 905 2111 960 Sancti

542 1008 825 1072 Desiderii,
854 1007 1011 1063 sitam
1042 1008 1095 1060 in
1126 1004 1306 1060 Brixia
1326 1044 1340 1066 ,
1381 1003 1481 1059 sub
1511 1001 1725 1056 annuali
1757 1015 1919 1053 censu
1954 998 2115 1052 trium

541 1103 857 1167 solidorum,
906 1100 1128 1155 retentis
1176 1098 1377 1167 paratis
1440 1106 1495 1151 et
1550 1095 1756 1166 synodo
1815 1092 2113 1146 secundum

542 1196 821 1263 antiquum
869 1207 1072 1247 morem
1101 1190 1326 1244 aliarum
1376 1187 1725 1242 ecclesiarum
1776 1184 2116 1253 episcopatus

543 1288 749 1351 nostri,
803 1295 859 1341 et
901 1283 1162 1352 capellam
1214 1282 1279 1335 de
1333 1279 1655 1344 Reorterio,
1713 1293 1834 1331 cum
1889 1274 2115 1330 ecclesia

543 1380 731 1436 Sancti
754 1377 904 1433 Pauli
935 1376 1073 1430 infra
1102 1373 1266 1428 castri
1288 1371 1824 1441 ipsiusmunitionem
1845 1369 1969 1426 sita.
1994 1382 2115 1420 cum

545 1470 870 1540 appenditiis
895 1467 1030 1535 ejus,
1084 1467 1185 1521 sub
1214 1464 1431 1519 annuali
1458 1479 1621 1518 censu
1657 1462 1895 1531 quinque
1925 1458 2119 1514 solido-

546 1559 886 1627 rum;cujus
933 1558 1193 1612 medietas
1221 1556 1459 1610 solvetur
1509 1555 1560 1607 in
1608 1552 1901 1607 festivitate
1948 1550 2116 1604 sancti

546 1654 783 1719 Martini,
817 1654 1080 1709 medietas
1112 1667 1238 1705 vero
1279 1651 1331 1703 in
1363 1647 1741 1702 Purilicatione
1772 1656 1973 1700 sancta:
2007 1643 2120 1697 Ma-

547 1748 658 1802 riae.
702 1746 827 1802 ﬂare
856 1747 1040 1815 itaque
1084 1745 1229 1799 salva
1278 1742 1610 1812 subjectione
1655 1748 1855 1794 sancta:
1906 1736 2120 1808 Lugdu-

548 1838 729 1893 nensis
750 1838 1033 1901 Ecclesiae;
1047 1837 1115 1889 do
1140 1834 1391 1889 Ecclesiae
1415 1830 1750 1888 Cluniacensi
1784 1845 1878 1899 per
1900 1843 2117 1898 manum

548 1933 879 1988 dilectissimi
912 1932 965 1986 in
995 1931 1211 1986 Christo
1243 1928 1425 1983 fratris
1460 1926 1630 1980 nostri
1679 1923 1920 1993 Seguini,
1952 1921 2121 1990 ipsius

546 2025 726 2079 domui
773 2024 983 2078 abbatis
1011 2022 1315 2084 camerarii,
1338 2021 1461 2091 jure
1485 2025 1751 2088 perpetuo
1797 2014 2119 2084 possidenda

547 2133 642 2188 pro
664 2117 903 2171 remedio
929 2116 1122 2170 anima:
1141 2129 1291 2179 meae,
1314 2123 1369 2167 et
1394 2121 1452 2165 ut
1478 2111 1677 2164 fratres
1710 2108 1961 2164 Ecclesiae
1991 2106 2119 2161 Clu-

548 2208 814 2263 IIIaCt‘tlSiS
840 2209 1003 2261 Deum
1034 2207 1395 2273 deprecentur
1438 2216 1535 2270 pro
1562 2199 1874 2255 excessibus
1907 2198 2042 2252 meis
2068 2206 2121 2249 ct

546 2316 642 2370 pro
666 2307 805 2352 statu
834 2298 1087 2352 Ecclesia:
1118 2296 1490 2367 Lugdunensis
1513 2309 1719 2349 necnon
1750 2302 1805 2345 et
1825 2306 1921 2360 pro
1947 2290 2121 2344 salute

547 2394 787 2448 omnium
820 2392 1203 2446 canonicorum
1245 2396 1301 2443 et
1349 2386 1869 2457 consanguineorum
1907 2390 2120 2436 nostro-

549 2504 690 2541 rum.
718 2486 879 2539 Facta
912 2495 994 2538 est
1023 2492 1203 2537 autem
1231 2483 1449 2536 donatio
1487 2482 1604 2535 hare
1632 2477 1874 2548 Lugduni
1907 2477 1961 2530 in
1988 2490 2121 2544 prae-

548 2580 720 2634 sentia
744 2578 927 2633 Gerini
978 2575 1240 2646 capellani
1286 2573 1480 2637 nostri,
1534 2580 1591 2626 et
1643 2570 1881 2639 llugonis
1912 2567 2121 2636 nepotis

551 2672 739 2734 nostri,
770 2679 823 2725 et
851 2668 1089 2725 Godonis
1141 2665 1593 2735 archipresbyteri
1632 2662 2036 2726 canonicorum,
2068 2668 2122 2713 et

549 2764 761 2820 Cirardi
783 2760 1256 2832 archipresbyteri.
1285 2758 1355 2813 Ut
1382 2769 1560 2812 autem
1593 2757 1708 2810 haec
1729 2754 1945 2808 donatio
1969 2751 2120 2805 firma

549 2862 882 2926 permaneat.
908 2851 1082 2922 sigillo
1107 2850 1324 2921 proprio
1350 2845 1767 2903 subterfirmavi.

617 2948 811 3002 Actum
858 2944 1128 3011 Lugduni,
1184 2957 1326 2996 anno
1379 2942 1446 2995 ah
1489 2938 1862 2993 lncarnatione
1910 2934 2119 2989 Domini

548 3039 721 3093 nostri
761 3037 884 3093 Jesu
931 3036 1129 3092 Christi
1177 3034 1462 3090 millesimo
1510 3028 1856 3101 nonagesimo
1904 3035 2117 3096 quarto.

550 3130 843 3184 indictione
867 3143 928 3193 It,
953 3134 1310 3183 concurrente
1340 3139 1415 3178 vr.

622 3222 735 3290 Ego
764 3219 916 3288 [lngo
937 3261 950 3285 ,
981 3216 1318 3272 Divionensis
1368 3213 1623 3269 Ecclesiae
1652 3210 1974 3266 monachus.
2002 3208 2123 3263 vice
2148 3240 2194 3303 ς

548 3313 855 3371 cancellarii
888 3310 1077 3380 scripsi
1103 3318 1152 3364 et
1188 3307 1504 3378 subscripsi.

1284 3399 1402 3454 XV.

731 3499 807 3552 Ad
837 3496 1165 3549 Lumbertum
1195 3493 1587 3546 Atrebatensem
1632 3489 1947 3558 episcopum.

1134 3587 1312 3653 (Anno
1350 3585 1533 3653 1095.)

794 3679 1043 3751 [B.u.uz..
1069 3675 1294 3730 Hisce“.
1338 3676 1423 3730 ed.
1455 3674 1585 3728 Luc.
1624 3671 1685 3736 II,
1734 3670 1880 3742 159.]

628 3771 797 3832 Ilueo,
826 3777 1026 3823 sancta:
1062 3764 1432 3837 Lugdunensis
1458 3762 1711 3817 Ecclesiae
1736 3775 1942 3824 servus,
1975 3773 2127 3813 reve-

559 3861 864 3917 rentissimo
912 3858 1065 3913 fratri
1122 3857 1415 3912 Laueea'ro
1470 3852 1807 3908 Atrebatensi
1849 3851 2121 3921 episcopo,

556 3953 803 4008 salutem.

626 4043 891 4097 Curamus
941 4042 1283 4095 innotescere
1337 4046 1532 4093 vestrte
1558 4035 1832 4092 dilectioni
1885 4048 2125 4089 sororem

555 4144 794 4190 nostram
826 4135 877 4187 in
923 4132 1140 4187 Christo
1169 4131 1439 4193 Emmam,
1484 4143 1604 4197 quae
1633 4128 1772 4196 apud
1797 4141 1896 4180 nos
1920 4124 2128 4180 reclusa

557 4241 740 4280 amore
766 4224 1000 4279 nominis
1036 4222 1235 4279 Christi
1266 4221 1367 4276 fuit
1398 4220 1579 4274 multis
1603 4219 1813 4285 diebus,
1844 4232 1988 4272 nono
2009 4215 2124 4270 Kal.

560 4311 840 4366 Februarii
871 4311 937 4365 de
966 4309 1161 4364 saeculo
1192 4309 1441 4378 praesenti
1468 4308 1535 4361 ad
1561 4306 1823 4372 cmlestia,
1867 4313 1926 4359 ut
1955 4304 2129 4359 credi-

560 4419 702 4467 mus,
743 4404 1021 4473 migrasse.
1068 4400 1176 4457 Sed
1217 4401 1342 4468 quia
1398 4399 1498 4456 soli
1539 4397 1650 4453 Deo
1697 4408 1824 4452 nota
1858 4405 1942 4452 est
1986 4395 2129 4451 salus

558 4493 644 4548 vel
676 4492 910 4562 perditio
941 4489 1275 4554 mortalium,
1309 4488 1594 4557 nullusque
1640 4486 1832 4540 merito
1856 4483 2129 4553 suojusti-

562 4583 710 4637 ficari
741 4581 880 4649 apud
905 4579 1050 4634 illum
1082 4578 1241 4644 valet,
1277 4578 1375 4632 nisi
1408 4576 1756 4631 miseratione
1781 4573 1974 4628 divina:
2003 4588 2129 4641 pur-
2157 4583 2205 4641 ο

561 4683 716 4742 getur
746 4669 980 4740 pietatis,
1023 4668 1403 4737 prmmonendo
1433 4665 1784 4721 obsecramus
1814 4662 2129 4718 charilatent

562 4773 795 4817 vestram
843 4770 1111 4826 quatenus
1157 4760 1211 4814 in
1243 4758 1581 4814 orationibus
1624 4755 1822 4810 vestris
1867 4763 1922 4808 et
1967 4754 2131 4808 bene-

564 4855 722 4910 factis
752 4855 943 4907 animae
988 4853 1155 4921 ipsius
1193 4851 1551 4912 succurratis,
1584 4856 1643 4902 ut
1669 4856 1724 4902 et
1776 4861 1870 4901 vos
1919 4859 2133 4917 quoque

566 4948 705 5000 idem
754 4945 1031 5013 praemium
1062 4943 1130 4998 ah
1176 4944 1365 4999 eodem
1410 4949 1654 4995 creatore
1696 4947 1751 4993 et
1797 4938 2135 5006 redemptore

566 5044 751 5089 nostro
776 5031 900 5086 .lesu
922 5031 1141 5087 Christo
1155 5033 1405 5101 consequi
1432 5030 1763 5089 mereamini.
1783 5029 1916 5083 Filia
1941 5029 2135 5098 quippe

565 5137 758 5182 vestrae
791 5125 1063 5183 Ecclesiae.
1114 5127 1253 5180 sicut
1290 5127 1402 5194 ipsa
1451 5124 1751 5192 stepissime
1813 5123 2132 5187 testabatur,

564 5229 680 5274 erat
704 5226 897 5271 vestrae
926 5215 1300 5272 fraternitatis.
1339 5216 1546 5270 Valete.

1286 5306 1422 5362 XVI.
1468 5369 1470 5372 ν

1168 5401 1247 5453 Ad
1287 5400 1539 5453 eumdem.
1623 5456 1628 5461 ,

1151 5494 1329 5546 (Auno
1388 5491 1570 5557 1095.)

1255 5581 1443 5654 [Ibid.]

635 5673 946 5729 Venerabili
995 5672 1147 5727 fratri
1183 5674 1471 5728 Laueen'ro
1499 5671 1836 5726 Atrebatensi
1868 5670 2136 5741 episcopo,

565 5767 721 5822 lluco
747 5763 1122 5833 Lugdunensis
1161 5766 1411 5821 Ecclesia:
1429 5783 1646 5829 servus,
1680 5764 1927 5819 salutem.

641 5857 835 5911 Frater
887 5858 988 5912 iste
1041 5858 1257 5926 gerulus
1307 5859 1494 5915 horum
1548 5858 1940 5931 querimoniam
1988 5857 2143 5926 nobis

2217 644 2350 684 cone
2374 626 2754 681 archidiacono
2784 623 2956 676 amico
2983 629 3036 675 et
3067 618 3316 673 familiari
3346 627 3536 684 nostro,
3560 634 3719 691 rogans

2213 727 2486 790 quatenus
2516 730 2736 770 causam
2766 727 2916 768 suam
2951 709 3275 765 fraternitati
3323 717 3505 762 vestrae
3527 715 3724 767 commit-

2217 825 2473 867 tcremus.
2533 806 2866 879 Injungimus
2924 804 3105 873 itaque
3166 800 3417 855 charitati
3475 812 3639 854 vestra:
3682 813 3724 856 ut

2215 881 2628 960 Afuhianensem
2678 899 2986 969 episc0pum
3031 904 3085 950 et
3128 893 3441 965 prtedictum
3488 892 3724 948 Fulronem

2217 995 2654 1050 archidiaconum
2685 987 3039 1050 conveniatis,
3062 996 3120 1040 et
3156 993 3215 1038 ut
3247 981 3495 1053 prmdicto
3531 982 3656 1036 fratri
3676 985 3727 1038 de

2217 1087 2412 1156 quibus
2455 1083 2806 1153 conqueritur
2850 1078 3115 1149 justitiam
3174 1075 3228 1129 in
3285 1072 3542 1127 audientia
3583 1083 3727 1127 vestra

2218 1178 2422 1232 faciant
2461 1173 2818 1230 admoneatis.
2862 1170 3016 1238 Quod
3056 1168 3101 1222 si
3156 1167 3341 1221 facere
3393 1164 3651 1227 noluerint,
3677 1180 3728 1219 ex

2218 1277 2369 1337 parte
2414 1275 2597 1320 nostra
2629 1264 2862 1318 amicum
2898 1267 3140 1315 nostrum
3171 1256 3487 1311 Remeusem
3514 1253 3730 1323 archiepi-

2218 1375 2437 1427 scopum
2471 1367 2655 1429 rogate
2678 1364 2737 1408 ut
2758 1369 2851 1410 eos
2880 1352 3025 1424 quod
3045 1348 3248 1418 justum
3297 1345 3461 1399 fuerit
3497 1343 3591 1413 jam
3617 1343 3729 1398 dicto

2217 1452 2372 1506 fratri
2403 1450 2625 1520 exsequi
2659 1448 2839 1503 faciat.

2920 1536 3082 1594 XVII.

2477 1636 2557 1689 Ad
2591 1636 2798 1689 Ivonem
2823 1632 3193 1687 Carnoteusem
3223 1628 3531 1697 episcopum.

2724 1784 2725 1791 η
2802 1723 2977 1793 (Anno
3010 1720 3186 1790 1096.)

2382 1818 2540 1891 [Ορρ.
2585 1817 2786 1880 leonis,
2816 1823 2929 1869 not.
2957 1813 3022 1866 ad
3049 1814 3210 1882 epist.
3246 1811 3367 1872 I55,
3392 1825 3444 1879 p.
3465 1810 3602 1882 9.55.]

2293 1911 2357 1966 II.
2391 1909 2763 1981 Lugdunensis
2783 1908 3086 1974 episc0pus,
3119 1903 3428 1973 apostolica
3456 1903 3587 1954 sedis
3628 1901 3738 1968 lcga-

2223 2015 2328 2066 ttts,
2357 2000 2652 2056 reverendo
2679 2000 2827 2052 fratri
2853 1998 2894 2062 l,
2917 1995 3230 2054 Carnotensi
3252 1995 3518 2064 episcopo,
3536 1993 3736 2046 salutent.

2292 2094 2515 2149 Noverit
2544 2092 2865 2147 fraternitas
2892 2100 3071 2145 vestra
3104 2089 3396 2144 clamorem
3421 2086 3591 2140 fratris
3608 2084 3740 2138 nostri

2219 2188 2335 2242 Gis.
2393 2184 2733 2241 Ebroicensis
2775 2183 3011 2253 episcopi
3069 2196 3240 2250 nuper
3288 2179 3355 2234 ad
3395 2194 3549 2233 aures
3570 2185 3741 2231 nostras

2220 2278 2531 2346 pervenisse
2576 2276 2643 2331 de
2672 2276 2880 2332 Ursone
2908 2272 3149 2343 dapifero
3172 2272 3337 2342 regis,
3366 2270 3459 2341 qui
3503 2271 3555 2323 in
3582 2275 3742 2322 sancta:

2221 2365 2656 2436 Quadragesimaa
2695 2364 2881 2419 diebus
2911 2364 3052 2431 cepit
3079 2361 3365 2430 quemdam
3406 2356 3741 2428 parocltianum

2220 2457 2336 2525 ejus
2370 2456 2588 2511 nomine
2616 2454 2935 2527 Rotgerum,
2978 2469 3141 2508 causa
3196 2450 3456 2507 orationis
3486 2448 3743 2502 tendentem

2222 2548 2287 2603 ad
2311 2548 2564 2603 Sanctam
2605 2547 2826 2601 Mariam
2880 2545 3249 2617 Magdalenam
3301 2544 3367 2597 de
3421 2541 3746 2600 Vizeliaco,et

2221 2641 2287 2694 ad
2318 2650 2562 2697 sanctum
2594 2640 2888 2712 Egidium.
2937 2638 3091 2694 Scias
3117 2647 3297 2692 autem
3328 2651 3436 2691 non
3462 2634 3622 2689 solum
3644 2646 3745 2701 qua-

2221 2733 2586 2805 dragesimali,
2616 2748 2805 2790 verum
2836 2733 2996 2788 etiam
3051 2732 3197 2787 omni
3236 2740 3495 2800 tempore,
3524 2737 3744 2787 oratores.

2222 2836 2274 2879 et
2306 2840 2402 2894 pro
2434 2824 2543 2879 Deo
2573 2825 3001 2895 peregrinantes,
3046 2822 3112 2877 ah
3142 2822 3388 2876 omnium
3438 2819 3654 2874 hostium
3681 2818 3743 2870 in-

2222 2930 2381 2970 cursu
2403 2931 2624 2971 sccuros
2651 2929 2773 2970 esse
2800 2916 2993 2970 debere
3019 2933 3029 2967 :
3056 2923 3110 2969 et
3139 2913 3541 2984 perturbatores
3559 2924 3745 2975 eorum,

2223 3013 2407 3075 utpote
2450 3005 2543 3060 Dei
2575 3006 2821 3060 timorem
2850 3019 2959 3073 prze
2982 3002 3151 3058 oculis
3174 3017 3279 3056 non
3305 2996 3748 3057 habentcsufebere

2223 3096 2400 3167 puniri
2426 3097 2716 3151 severitate
2744 3095 3122 3151 ecclesiastica:
3146 3091 3461 3162 disciplinae.
3508 3087 3749 3142 Interdixi-

2225 3204 2344 3243 mus
2376 3188 2560 3257 itaque
2589 3202 2750 3243 omne
2778 3187 3018 3242 divinum
3048 3183 3278 3241 ofﬁciunt
3313 3193 3420 3237 tam
3455 3179 3746 3250 ipsiUrsoni.

2225 3295 2384 3349 quam
2423 3281 2517 3334 toti
2550 3279 2765 3335 familiae
2796 3281 2985 3335 domus
3010 3278 3147 3348 ejus,
3173 3278 3528 3345 omnibusque
3556 3275 3602 3327 in
3631 3282 3749 3326 tanto

2225 3372 2508 3445 sacrilegio
2551 3372 2718 3442 ipsius
2761 3370 3185 3440 coadjutoribus,
3232 3368 3386 3423 vobis
3436 3367 3602 3435 (cujus
3628 3380 3751 3435 paru-

2226 3466 2453 3520 chianus
2500 3479 2620 3519 esse
2660 3464 2877 3528 dicitur,
2910 3463 3108 3533 quique
3138 3461 3284 3515 vices
3316 3458 3548 3515 defuncti
3578 3457 3754 3511 archie-

2224 3556 2428 3625 piscopi
2491 3555 2825 3611 Senonensis
2869 3555 3076 3626 geritis)
3132 3553 3423 3625 apostolica
3472 3551 3754 3606 auctoritate

2226 3645 2612 3717 praecipientes,
2663 3655 2722 3698 ut
2772 3645 2912 3698 idem
2972 3642 3313 3697 interdictum
3369 3642 3593 3700 faciatis,
3638 3650 3753 3692 ctex

2227 3748 2380 3807 parte
2413 3745 2620 3799 nostra,
2654 3744 2818 3805 atque
2847 3744 3027 3788 vestra
3056 3732 3268 3787 clericis
3316 3730 3755 3785 Aurelianensilms

2227 3830 2512 3884 scribendo
2540 3827 2850 3898 injungatis,
2879 3835 3144 3896 quatenus
3166 3825 3264 3894 ipsi
3296 3824 3475 3878 Vitoni
3502 3834 3552 3878 et
3580 3822 3756 3875 familia

2229 3919 2425 3974 domus
2476 3917 2621 3988 ejus,
2675 3927 2836 3986 atque
2890 3912 3295 3982 coadjutoribus
3339 3913 3506 3983 ipsius
3554 3911 3755 3965 divinum

2229 4010 2479 4065 similiter
2501 4007 2731 4064 officium
2763 4006 3104 4069 interdicant,
3138 4006 3309 4059 donec
3332 4004 3638 4073 prtedictum
3662 4000 3760 4053 Ilot-

2229 4115 2413 4172 gerum
2440 4099 2644 4168 absque
2688 4096 3055 4166 redemptione
3095 4095 3270 4163 aliqua
3315 4094 3380 4148 de
3426 4093 3660 4161 captione
3683 4103 3758 4142 sua

2229 4192 2459 4247 liberum
2480 4190 2631 4245 abire
2655 4187 2953 4259 permittat,
2978 4197 3033 4242 et
3055 4186 3245 4240 ablata‘
3258 4186 3306 4240 ei
3338 4187 3599 4241 restituat.
3625 4183 3759 4236 Inter-

2231 4290 2459 4345 dicimus
2514 4288 2675 4342 etiam
2738 4286 2924 4341 eadem
2964 4288 3288 4342 auctoritate
3316 4286 3605 4356 apostolica
3648 4282 3758 4337 divi-

2231 4400 2359 4439 num
2411 4381 2643 4437 officium
2671 4380 2782 4434 fieri
2811 4380 3116 4450 ubicunque
3137 4387 3326 4450 captus
3360 4377 3639 4440 tenebitur,
3658 4374 3759 4429 dum

2230 4475 2303 4531 ibi
2335 4473 2513 4529 fuerit.

2927 4563 3105 4619 XVIII.

2339 4658 2417 4711 Ad
2447 4655 2704 4712 eumdem.
2728 4686 2796 4695 —
2826 4653 3113 4724 Respondet
3141 4654 3375 4723 epistola:
3405 4654 3473 4709 60
3502 4653 3681 4708 Ιυοηὶε.

2823 4746 3001 4817 (Anno
3040 4746 3222 4817 1097.)

2475 4840 2722 4913 [Βλιυῑη
2752 4839 2973 4895 Jliscell.
3000 4839 3087 4894 ed.
3120 4839 3249 4894 Luc.
3291 4838 3383 4906 Ill,
3418 4837 3533 4911 57.]

2306 4937 2478 5001 llueo,
2518 4936 2702 5005 prima:
2727 4935 2870 4990 sedis
2917 4932 3288 5004 Lugdunensis
3322 4932 3623 5002 episcopus,
3649 4939 3767 4981 reve-

2234 5030 2401 5085 rendo
2428 5028 2580 5084 fratri
2608 5029 2753 5083 lvom
2777 5026 3093 5083 Carnotensi
3114 5026 3387 5096 episcopo,
3418 5024 3652 5080 salutem.

2306 5123 2447 5176 later
2473 5130 2665 5176 cmtera
2711 5119 2939 5189 capitula
2986 5134 3213 5187 quorum
3266 5118 3611 5189 congestione
3646 5113 3767 5166 inno-

2238 5214 2467 5269 centiam
2504 5221 2743 5267 nostram
2775 5211 2928 5281 quasi
2953 5225 3016 5264 ex
3047 5210 3263 5279 obliquo
3290 5209 3559 5278 tangendo
3586 5203 3768 5260 inlicere

2240 5308 2387 5361 nisus
2405 5306 2559 5369 estis,
2591 5303 2784 5371 quibus
2803 5318 2904 5357 suo
2936 5311 3178 5371 tempore
3210 5300 3674 5369 respondebimus,
3701 5306 3768 5345 se-

2239 5400 2470 5455 cundum
2516 5396 2830 5467 petitionem
2874 5405 3108 5449 vestram
3150 5392 3216 5447 de
3261 5392 3471 5445 duobus
3511 5386 3695 5444 ultimis
3719 5380 3768 5434 ad

2238 5505 2478 5561 praesens
2530 5486 2854 5554 respondere
2905 5483 3259 5539 decrevimus.
3305 5481 3459 5548 Quod
3508 5490 3610 5532 tam
3651 5471 3771 5527 vobis

2240 5596 2399 5650 quam
2418 5576 2771 5648 suffraganeis
2790 5566 3076 5632 vestrisne
3099 5574 3396 5630 Scnonensi
3421 5572 3589 5627 electo
3612 5578 3771 5623 manus

2204 5722 2207 5723 ν
2241 5669 2591 5747 imponeretis
2619 5667 3012 5733 intcrdiximus,
3046 5666 3216 5721 donec
3243 5664 3603 5720 obedientiam
3630 5666 3678 5712 et
3703 5653 3774 5706 dc-

2242 5762 2405 5815 bitam
2455 5758 2839 5825 sultjectioucm
2892 5748 3057 5812 nobis
3093 5756 3466 5826 promitteret,
3518 5752 3773 5821 primatum

2248 5849 2894 5934 LugdunensisEcclesim
2923 5850 3210 5906 secundum
3239 5843 3417 5901 domui
3459 5841 3621 5898 nostri
3650 5846 3777 5906 papa:
