4106 6356
369 272 466 327 521

1518 257 1876 318 EPISTOLAL
1905 256 1993 314 ΕΤ
2030 251 2440 310 PRIVILEGIA.

3507 245 3613 301 522

365 383 566 444 Urbani
589 392 638 440 et
665 387 1122 456 praedecessorum
1146 377 1260 448 ejus
1283 379 1607 447 apostolicas
1629 375 1940 432 sanctiones
1970 381 2010 434 A
2042 388 2204 443 quam
2237 370 2520 426 admisisse
2549 367 2756 428 dicitis,
2809 364 2891 418 vel
2921 364 3136 417 decreto
3175 363 3342 433 ipsius
3369 363 3434 415 de
3465 363 3616 416 inve-

363 483 804 548 recognosceret,
842 488 947 527 non
978 468 1420 528 irrationabiliter
1461 469 1543 524 vel
1578 479 1766 524 contra
1807 470 1942 524 anti-

361 584 495 637 quas
534 576 743 637 patrum
803 562 1014 634 regulas
1045 561 1246 616 factum
1293 575 1413 615 esse
1452 561 1778 630 putavimus.
1823 559 1940 615 Non

360 659 501 712 enim
534 655 778 710 notitiam
805 662 1036 708 vestram
1067 650 1458 720 subterfugisse
1483 649 1756 705 credimus
1775 665 1939 718 quam

359 748 660 806 contumaci
690 747 1019 817 pertinacia,
1071 754 1127 800 et
1163 743 1426 814 pertinaci
1459 743 1800 798 contumacia
1839 743 1940 797 Se-

362 858 634 900 nouenses
659 842 874 904 clerici,
905 840 972 894 de
1001 853 1231 908 quorum
1261 849 1423 908 grege
1459 835 1662 890 electus
1697 835 1786 888 ille
1819 850 1940 890 esse

360 936 684 996 dinoscitur,
705 933 1014 1001 apostolicis
1036 932 1102 986 de
1119 931 1350 1001 primatu
1367 929 1708 999 Lugdunensi
1728 930 1939 984 institu-

363 1028 434 1081 tis
457 1041 522 1082 ac
550 1024 844 1095 privilegiis
868 1023 1148 1078 obviautes
1172 1030 1226 1076 et
1243 1019 1612 1075 inobedientes
1637 1018 1942 1073 exstiterint

362 1125 417 1171 et
454 1114 920 1184 archiepiscopum
951 1126 1105 1166 suum
1137 1110 1296 1165 modo
1334 1107 1646 1163 defunctum
1674 1122 1846 1178 usque
1873 1110 1937 1161 ad

361 1215 588 1262 mortem
634 1207 686 1260 in
741 1221 838 1258 sua
888 1202 1247 1258 inobedientia
1304 1215 1653 1271 perseverare
1690 1198 1936 1254 fecerint.

358 1301 586 1370 Propter
605 1314 767 1368 quam
786 1295 1030 1351 videlicet
1054 1293 1470 1349 inobedientiam
1498 1293 1727 1347 domnus
1755 1301 1940 1346 noster

361 1408 502 1464 papa
537 1391 782 1446 Urbanus
815 1390 882 1443 ab
918 1386 1211 1458 episcopali
1258 1401 1380 1441 eum
1411 1384 1586 1440 oﬂicio
1626 1385 1934 1455 suspendit,

357 1491 412 1536 et
441 1497 538 1536 vos
563 1489 617 1536 et
653 1479 788 1536 alios
822 1477 1188 1549 suﬁ'raganeos
1219 1486 1428 1532 vestros
1466 1476 1837 1531 obedientiam
1879 1485 1938 1532 et

359 1571 742 1640 subiectionem
796 1572 954 1625 nobis
1005 1579 1065 1624 ut
1126 1568 1344 1639 primati
1393 1579 1575 1623 vestro
1620 1569 1938 1638 promittere

359 1663 505 1718 fecit.
553 1662 810 1718 Testante
839 1668 1017 1715 autem
1045 1658 1305 1728 Gregorio
1333 1657 1385 1712 in
1417 1657 1608 1711 ultimo
1654 1657 1934 1712 Moralium

360 1755 499 1809 libro
545 1751 907 1808 inobedientia
940 1750 1243 1806 hariolandi
1290 1758 1570 1819 peccatum
1615 1749 1830 1813 dicitur,
1880 1760 1936 1805 et
1971 1731 2010 1784 Β

357 1847 512 1916 quasi
545 1846 722 1901 scelus
751 1842 1070 1900 idololatriae
1100 1841 1238 1897 nolle
1270 1841 1636 1910 acquiescere.
1669 1840 1934 1896 Obedien-

356 1944 430 1995 tia
458 1956 589 1995 vero
619 1940 738 1994 ﬁdei
778 1939 1027 1993 meritum
1069 1935 1304 2006 possidet
1345 1951 1360 1992 :
1407 1950 1514 2003 qua
1555 1936 1672 1990 sine
1710 1935 1934 2005 quisque

358 2029 596 2084 inﬁdelis
623 2029 985 2090 convincitur,
1030 2025 1244 2081 etiamsi
1298 2023 1470 2079 ﬁdelis
1505 2039 1625 2080 esse
1668 2024 1931 2078 videatur.

357 2121 469 2174 llac
503 2120 684 2190 itaque
711 2119 849 2174 beati
877 2117 1120 2188 Gregorii
1163 2117 1370 2172 ratione
1390 2125 1444 2169 et
1474 2116 1797 2172 auctoritate
1821 2125 1930 2170 tam

357 2211 644 2281 praedictus
672 2225 834 2279 quam
869 2209 957 2263 alii
983 2209 1167 2264 clerici
1202 2208 1548 2265 Senonenses
1589 2224 1708 2264 cum
1736 2209 1936 2278 prima-

357 2314 468 2356 tum
527 2301 900 2373 Lngdunensis
954 2301 1206 2357 Ecclesia;
1262 2300 1568 2372 respuendo
1627 2300 1957 2368 apostolica?

358 2393 663 2448 auctoritati
690 2402 796 2446 tam
817 2401 1141 2462 arroganter
1180 2400 1400 2462 tamque
1425 2391 1778 2461 pertinaciter
1803 2393 1934 2446 obe-

359 2486 477 2539 dire
519 2483 893 2539 recusaverint
914 2523 929 2548 ,
959 2492 1015 2537 et
1041 2484 1352 2554 episcopum
1374 2499 1559 2550 suum,
1585 2483 1934 2554 quemadmo-

357 2577 482 2631 dum
519 2575 784 2642 diximus,
835 2589 1006 2644 usque
1049 2577 1114 2629 ad
1160 2574 1284 2628 vitae
1323 2573 1560 2639 exitum,
1608 2590 1712 2628 non
1763 2575 1934 2628 solum

359 2667 757 2738 persuadendo,
799 2679 984 2719 verum
1011 2665 1174 2719 etiam
1204 2663 1470 2719 violenter
1500 2663 1840 2735 instigando,
1882 2665 1934 2717 in

359 2772 453 2811 sua
499 2756 860 2812 inobedientia
912 2755 1210 2824 perdurare
1246 2753 1640 2824 compulerint,
1689 2756 1938 2824 quamvis

360 2848 543 2904 ﬁdeles
563 2848 867 2913 videantur,
897 2848 1140 2902 inﬁdeles
1171 2857 1350 2902 tamen
1383 2854 1437 2902 et
1457 2847 1609 2916 quasi
1647 2847 1940 2903 idololatrze

358 2955 478 2995 esse
499 2939 911 2994 convincuntur.
937 2937 1243 3007 Perpendat
1265 2937 1428 3008 igitur
1458 2945 1638 2992 vestra
1669 2938 1933 2992 discretio

362 3043 540 3087 utrum
570 3030 800 3087 inﬁdelis
826 3039 920 3086 aut
955 3029 1263 3094 idololatra,
1310 3029 1483 3084 donec
1523 3030 1591 3084 ab
1626 3029 1938 3087 inﬁdelitate

361 3125 442 3180 vel
497 3124 799 3180 idololatria
847 3123 1163 3194 resipiscat,
1216 3125 1271 3177 in
1316 3123 1628 3192 episc0pum
1681 3125 1939 3179 canonice

360 3217 529 3286 possit
545 3225 636 3270 aut
652 3217 845 3270 debeat
867 3213 988 3285 eligi
1006 3213 1086 3270 vel
1102 3213 1434 3268 consecrari.
1450 3211 1755 3282 Perpendat
1774 3213 1939 3268 etiam

359 3319 542 3364 utrum
574 3309 616 3363 si
668 3309 771 3364 hoc
810 3309 926 3363 ﬁeri
965 3307 1319 3378 prohibemur
1363 3307 1589 3377 privatis
1634 3305 1842 3377 legibus
1887 3317 1943 3362 et

359 3400 512 3454 novis
541 3399 956 3464 traditionibus,
989 3397 1442 3466 quemadmodum
1479 3397 1687 3461 dicitis,
1729 3408 1941 3456 veteres

361 3493 680 3547 traditiones
707 3500 763 3548 et
787 3489 1204 3546 consuetudines
1231 3490 1300 3546 de
1327 3491 1726 3559 metropolitani
1753 3507 1940 3548 consc-

361 3585 602 3640 cratione
644 3598 922 3639 removere
955 3583 1379 3646 contendamus,
1422 3581 1507 3636 vel
1542 3583 1596 3637 in
1645 3583 1749 3638 hoc
1797 3583 1940 3640 facto

362 3675 770 3745 improperastis
797 3672 1024 3728 culicem
1063 3671 1305 3728 celantes
1329 3671 1595 3727 camelum
1623 3672 1935 3743 glutiamus.

363 3767 676 3838 Legationis
724 3776 904 3821 autem
937 3773 1139 3820 nostrae
1189 3762 1470 3834 privilegio
1517 3779 1618 3818 nec
1656 3765 1828 3834 ipsum
1875 3767 1942 3820 de

361 3874 470 3928 quo
527 3859 736 3930 agimus
789 3857 870 3911 vel
927 3855 1224 3928 quemlibet
1279 3855 1447 3910 alium
1499 3855 1731 3910 electum
1786 3857 1940 3912 nobis

363 3948 677 4018 praesentari
710 3947 1108 4010 contendimus,
1146 3945 1240 4000 sed
1272 3944 1564 3999 secundum
1591 3945 1939 4013 apostolicam

366 4039 711 4092 traditionem
741 4036 1059 4092 electionem
1082 4044 1138 4090 et
1163 4051 1358 4090 nomen
1387 4035 1545 4090 electi
1584 4037 1650 4090 ad
1693 4037 1940 4090 notitiam

362 4139 602 4186 nostram
630 4127 819 4184 referri
847 4128 1114 4193 volumus,
1147 4138 1204 4182 ut
1231 4143 1352 4182 eam
1373 4127 1644 4198 cognitam
1670 4130 1938 4198 approbe-

363 4240 502 4279 mus.
553 4224 610 4278 Si
657 4239 782 4278 vero
822 4222 944 4292 jure
983 4222 1246 4292 primatus
1286 4220 1660 4292 Lugdunensis
1692 4221 1942 4277 Ecclesia:

362 4316 658 4387 privilegiis
686 4325 742 4370 et
778 4314 1102 4370 auctoritate
1131 4313 1309 4367 domui
1341 4314 1510 4368 nostri
1541 4329 1692 4382 papae
1731 4311 1939 4368 Urbani

2041 465 2236 519 stitura
2265 465 2671 534 episcopaluum
2719 459 2801 515 vel
2833 460 3060 514 aliarum
3091 458 3413 527 dignitatum
3443 456 3619 512 cccle-

2042 557 2411 620 siasticarum,
2438 570 2599 624 quam
2619 569 2772 625 reges
2792 554 2918 610 olim
2946 551 3272 606 mutationes
3293 558 3624 619 usurparunt

2040 661 2096 706 et
2125 653 2302 705 adhuc
2330 665 2596 720 usurpare
2625 648 2986 712 contendunt,
3033 645 3308 701 contraire
3345 643 3506 698 vultis
3537 642 3622 697 vel

2041 745 2467 800 contracundum
2519 759 2638 798 esse
2667 743 2990 805 decernitis,
3037 757 3134 796 vos
3160 741 3424 795 videritis.
3459 739 3615 806 Quod

2039 838 2288 893 videlicet
2315 854 2436 892 cum
2465 853 2572 892 non
2600 836 2772 892 solum
2800 835 2960 890 modo
2980 850 3166 888 verum
3192 835 3354 888 etiam
3382 843 3625 902 tempore

2037 930 2210 984 beata:
2231 929 2505 983 memoria:
2529 927 2772 999 Gregorii
2803 941 2954 997 papae
2978 934 3087 979 tam
3115 925 3346 979 ﬁrmiter
3375 925 3619 994 promul-

2039 1029 2220 1090 gatum
2252 1020 2494 1075 videritis
2517 1020 2600 1074 vel
2629 1018 2927 1080 audieritis,
2960 1016 3006 1070 si
3038 1015 3164 1085 quid
3199 1015 3506 1068 addendum
3536 1014 3619 1067 vel

2041 1113 2359 1166 demendum
2385 1111 2468 1166 vel
2495 1111 2562 1166 ad
2597 1120 2806 1180 tempus
2840 1108 3326 1169 intermittendum,
3367 1122 3433 1162 ne
3465 1107 3625 1176 spiri-

2041 1203 2203 1257 tualia
2228 1203 2310 1258 vel
2338 1202 2654 1272 temporalia
2676 1200 2956 1256 commoda
2986 1199 3398 1268 impedirentur,
3426 1214 3624 1266 cogno-

2039 1297 2230 1358 vistis,
2280 1313 2384 1349 non
2417 1297 2570 1366 quasi
2613 1294 2918 1348 insidiando
2947 1293 3030 1348 vel
3083 1292 3435 1362 redarguendi
3467 1309 3623 1348 occa-

2037 1389 2244 1444 sionem
2274 1389 2549 1444 haberetis
2573 1389 2824 1450 reticere,
2861 1386 2956 1440 sed
2989 1383 3159 1455 magis
3185 1383 3316 1453 ipsis
3343 1384 3490 1440 velut
3523 1401 3620 1454 pa-

2041 1479 2215 1534 tribus
2237 1481 2408 1534 bonus
2437 1495 2500 1532 ac
2521 1478 2758 1548 prudens
2791 1477 2932 1532 ﬁlius
2957 1476 3312 1531 reverentiam
3334 1490 3622 1546 suggerere

2037 1579 2091 1623 et
2109 1570 2358 1626 intimare
2379 1569 2668 1625 deberetis.
2698 1569 2806 1623 Nos
2828 1583 2957 1622 vero
2980 1569 3149 1636 ipsam
3173 1567 3618 1623 constitutionem

2037 1661 2352 1715 canonicam
2384 1671 2438 1716 et
2469 1662 2761 1716 secundum
2794 1661 3048 1728 antiquas
3077 1659 3278 1730 legales
3305 1669 3619 1716 sanctorum

2039 1763 2251 1816 patrum
2295 1753 2715 1807 consuetudines
2765 1753 2959 1806 factam
3003 1751 3248 1806 videntes
3291 1762 3348 1806 et
3401 1768 3623 1807 servare

2039 1840 2280 1896 volumus
2311 1851 2366 1895 et
2392 1840 2714 1895 servandum
2757 1841 3008 1894 omnibus
3051 1857 3214 1910 super
3243 1843 3444 1910 quibus
3479 1842 3622 1912 lega-

2037 1933 2201 1988 tionis
2257 1932 2432 1989 oﬁicio
2487 1933 2763 2002 fungimur
2816 1933 3180 2002 praecipimus.
3237 1933 3459 1990 Dixistis
3525 1953 3622 1989 nos

2038 2025 2394 2080 Puteacenses
2424 2042 2452 2079 a
2494 2024 2645 2079 vobis
2685 2031 2742 2078 et
2787 2025 3125 2093 coepiscopis
3169 2024 3364 2080 vestris
3401 2037 3624 2095 preptcr

2038 2118 2275 2186 praedam
2318 2119 2368 2172 in
2401 2135 2497 2173 vos
2527 2128 2581 2174 et
2628 2119 2679 2172 in
2709 2118 3098 2173 Garuotensem
3141 2116 3439 2172 Ecclesiam
3472 2133 3623 2172 com-

2039 2209 2292 2261 munione
2347 2210 2588 2278 privatos
2639 2209 2792 2264 vobis
2842 2207 3208 2264 nescientibus
3254 2209 3620 2264 communioni

2040 2301 2354 2356 reddidisse.
2390 2302 2541 2368 Quod
2576 2319 2700 2358 cum
2735 2318 2833 2357 nec
2869 2303 3110 2356 videritis
3155 2317 3254 2356 nec
3301 2303 3616 2367 audieritis,

2042 2407 2214 2462 neque
2269 2409 2368 2448 nos
2418 2394 2707 2450 fecerimus
2765 2394 2925 2458 talia,
2997 2410 3333 2464 nequaquam
3388 2395 3625 2462 obiicere

2039 2485 2328 2541 deberetis.
2381 2486 2488 2542 Nos
2538 2499 2715 2543 tamen
2748 2488 2945 2542 bonum
2982 2488 3248 2557 proman
3300 2488 3621 2558 reddcptes,

2039 2588 2093 2630 et
2134 2577 2272 2632 hanc
2305 2579 2691 2632 contumeliam
2743 2579 2858 2634 sive
2888 2579 3316 2632 criminationem
3367 2578 3622 2634 dissimu-

2043 2671 2214 2726 lantes
2234 2710 2248 2733 ,
2299 2671 2720 2727 Puteaeensibus
2749 2673 3046 2742 capellanis
3074 2682 3129 2727 et
3153 2672 3368 2728 clericis
3414 2675 3624 2729 litteras

2040 2759 2360 2826 direximus,
2389 2771 2443 2815 et
2465 2762 2705 2816 divinum
2729 2762 2986 2826 cilicium,
3017 2771 3244 2832 excepto
3271 2764 3622 2832 parvulorum

2041 2851 2366 2921 baptismate
2396 2861 2450 2907 et
2495 2853 2832 2909 inﬁrmorum
2880 2854 3218 2918 visit‘atione,
3271 2854 3466 2910 ibidem
3508 2855 3621 2910 ﬁeri

2040 2945 2434 3012 prohilmimus.
2469 2946 2734 3012 Quoniam
2782 2955 3021 3001 nostram
3067 2947 3505 3016 redargutionem
3557 2950 3623 3003 de

2042 3037 2449 3091 consecratione
2473 3036 2782 3092 Sanctionis
2814 3039 3029 3109 gravius
3049 3039 3197 3109 justo
3217 3039 3434 3104 tulistis,
3466 3052 3624 3110 prout

2042 3128 2219 3181 exitus
2275 3129 2450 3183 divina
2508 3129 2710 3186 virtute
2762 3131 3038 3200 probabit,
3084 3131 3469 3198 omnipotentis
3526 3131 3622 3187 Dei

2041 3220 2382 3275 clementiam
2419 3220 2767 3277 obsecramus
2809 3231 2867 3274 ut
2914 3223 3078 3276 animi
3137 3224 3299 3276 vestri
3339 3232 3517 3279 motus
3567 3225 3621 3279 in

2042 3328 2139 3366 nos
2165 3313 2466 3369 innneritos
2497 3323 2798 3384 temperare
2826 3316 3090 3384 dignetur.

2769 3426 2906 3482 XIX.

2043 3520 2123 3570 Ad
2171 3520 2614 3590 m'cliicpiscopum
2663 3520 3042 3590 Senonensem,

2677 3591 2824 3645 Petri
2851 3589 2980 3645 Viri.

2559 3685 2734 3751 (Ante
2783 3699 2872 3737 an.
2907 3684 3097 3756 1099.)

2605 3775 2854 3847 [ΒΑιυῑη
2885 3776 3037 3846 ibid.]

2115 3865 2264 3921 lluco
2313 3867 2686 3935 Lugdunensis
2732 3867 2986 3920 Ecclcsim
3042 3882 3259 3934 servus,
3313 3872 3620 3939 apostolicze

2041 3957 2184 4010 sedis
2222 3957 2454 4028 legatus,
2496 3958 2798 4012 venerabili
2824 3957 2974 4010 fratri
3021 3969 3074 4012 ct
3103 3961 3422 4030 coepiscopo
3454 3963 3619 4016 DA”!-

2043 4063 2213 4102 ueu'ro
2237 4048 2536 4102 Senonensi
2585 4049 3019 4117 metropolitano,
3053 4047 3278 4102 salutem
3324 4060 3380 4104 et
3413 4055 3619 4105 servire

2043 4138 2267 4192 Domino
2299 4141 2348 4193 in
2381 4141 2594 4194 timore.

2116 4229 2217 4282 l’ro
2242 4228 2595 4296 quorumdam
2628 4227 2912 4282 adversum
2941 4243 3034 4281 vos
3075 4228 3430 4298 querimoniis
3457 4230 3620 4285 abba-

2044 4329 2155 4373 tum
2203 4327 2506 4373 vestrorum
2537 4319 2733 4388 smpius
2762 4333 2859 4373 nos
2892 4319 3041 4373 vobis
3064 4320 3344 4388 scripsisse
3373 4323 3622 4376 memini-

3085 3538 3178 3589 pro
3225 3523 3408 3576 abbate
3437 3522 3620 3580 Sancti

362 4426 426 4464 ac
465 4409 915 4477 przedcccssorum
959 4404 1076 4475 ejus
1105 4404 1300 4458 ﬁrmati
1347 4421 1377 4458 a
1425 4405 1720 4460 Senonensi
1765 4407 1937 4459 electo
1970 4423 2014 4480 ι)
2043 4423 2193 4472 mus;
2223 4408 2315 4461 scd
2346 4408 2486 4476 qmid
2515 4408 2566 4461 in
2599 4407 2744 4462 nullo
2777 4407 2914 4478 apud
2939 4424 3036 4462 vos
3077 4409 3483 4477 profecerimus,
3517 4427 3620 4467 nec

361 4499 720 4554 obedientiam
749 4507 803 4552 et
849 4495 1240 4566 subiectionem
1285 4495 1499 4564 primati
1547 4497 1781 4551 debitam
1815 4509 1938 4550 ante

363 4593 824 4646 consecrationem
847 4591 1128 4660 exigimus,
1158 4603 1254 4658 per
1278 4588 1379 4642 hoc
1395 4597 1702 4643 sanctorum
1723 4598 1936 4658 patrum

363 4683 680 4738 traditiones
711 4699 806 4737 nos
836 4681 1139 4735 rescindere
1168 4677 1250 4732 vel
1286 4679 1390 4743 illi,
1433 4679 1478 4733 si
1518 4680 1790 4749 professus
1820 4679 1934 4732 fue-

367 4775 464 4833 rit,
513 4771 749 4836 ofﬁcere,
776 4771 928 4840 quasi
975 4771 1075 4824 hac
1103 4769 1436 4837 professione
1476 4769 1937 4824 consecrationem

365 4878 710 4931 comparasse
737 4861 1002 4924 videatur,
1032 4874 1371 4929 nequaquam
1396 4859 1792 4930 cognoscimus,
1817 4875 1936 4912 cum

366 4950 683 5020 episcopalis
729 4951 958 5021 dignitas
1003 4950 1158 5006 bonis
1212 4949 1422 5005 meritis
1457 4959 1511 5004 et
1557 4951 1821 5004 fructibus
1871 4968 1938 5006 ex

367 5043 670 5098 obedientia
699 5045 1091 5113 prodeuntibus
1121 5042 1332 5113 acquiri
1365 5043 1584 5106 debeat,
1635 5053 1688 5096 et
1719 5042 1770 5096 in
1805 5059 1937 5096 exa-

369 5134 664 5188 minatione
705 5133 1056 5189 consecrandi
1084 5133 1272 5196 electi,
1323 5139 1500 5185 utrum
1549 5129 1805 5186 Romana:
1838 5133 1936 5186 Ec-

369 5225 544 5280 clesire
587 5225 844 5280 obediens
873 5241 993 5280 esse
1034 5224 1162 5278 velit
1207 5231 1333 5278 ante
1363 5222 1825 5278 consecrationem
1855 5237 1940 5283 re-

369 5319 634 5388 quiratur.
674 5317 769 5374 His
798 5318 980 5388 itaque
1031 5316 1155 5372 freti
1201 5314 1498 5370 rationibus
1530 5352 1545 5380 ,
1588 5315 1730 5384 quod
1763 5315 1828 5369 de
1874 5329 1940 5369 eo

372 5411 522 5466 vobis
581 5411 665 5467 vel
721 5408 1266 5481 comprovincialihus
1330 5405 1524 5460 vestris
1587 5406 1939 5476 prmccpimus

373 5501 660 5557 imntutare
702 5503 972 5558 nolumus.
1025 5500 1083 5556 Si
1125 5508 1302 5554 autem
1342 5497 1597 5552 domuum
1643 5512 1838 5568 papam
1873 5499 1941 5554 de

374 5595 660 5648 traditione
705 5595 1206 5665 probatissimorum
1242 5591 1462 5648 Patrum
1517 5591 1936 5661 prrecedentium

371 5685 571 5757 aliquid
591 5687 906 5744 diminuisse
936 5687 1015 5743 vel
1057 5687 1370 5744 immutasse
1400 5695 1492 5741 aut
1518 5685 1809 5742 novitatem
1837 5685 1936 5740 ali-

767 5783 1036 5844 Parum.
1082 5781 1317 5842 CLV".

2039 4507 2233 4551 vestrae
2261 4495 2590 4568 dignationis
2623 4514 2875 4567 responsa
2909 4498 3084 4567 aliqua
3112 4500 3485 4566 habuerimus,
3511 4517 3616 4556 non

2040 4588 2259 4641 minima
2287 4589 2645 4644 adn'tiratione
2673 4600 2972 4658 stupemus.
2997 4589 3141 4644 Sane
3166 4591 3209 4644 si
3234 4607 3329 4646 vos
3363 4593 3619 4648 Romanae

2041 4678 2290 4732 Ecclesia:
2321 4679 2528 4750 legatus
2563 4680 2786 4744 essetis,
2840 4681 2980 4734 sicut
3033 4689 3276 4735 nostrum
3324 4681 3620 4739 salubriter

2037 4780 2181 4825 esset
2212 4772 2364 4824 vobis
2393 4771 2644 4835 obedire,
2679 4772 2752 4825 ita
2782 4783 2961 4826 vestra
2992 4773 3387 4844 magniﬁcentia
3413 4789 3480 4828 ex
3523 4791 3619 4828 an-

2039 4861 2292 4916 ctoritate
2340 4871 2534 4915 nostra!
2564 4877 2727 4932 super
2765 4879 2860 4916 vos
2901 4863 3187 4932 legationis
3228 4864 3480 4932 parvitati
3523 4881 3620 4919 no-

2039 4960 2166 5003 stra:
2184 4952 2696 5007 deberctobaudire.
2726 4953 2864 5009 Ecce
2892 4955 3073 5009 itidem
3101 4955 3425 5010 venerabilis
3446 4959 3616 5011 nostri

2040 5042 2226 5097 fratris
2257 5045 2466 5100 abbatis
2496 5046 2680 5100 Sancti
2727 5046 2871 5100 Petri
2907 5046 3020 5101 Vivi
3069 5049 3436 5117 querimonias
3466 5051 3618 5104 vobis

2043 5149 2405 5189 recensemus.
2459 5137 2718 5203 anritur
2757 5138 2902 5192 enim
2954 5139 3054 5193 sub
3107 5141 3394 5196 occasione
3425 5141 3618 5196 debilis

2041 5221 2316 5292 cujusdam
2349 5227 2648 5295 presbyteri
2674 5236 2724 5279 et
2750 5224 3018 5293 justitiam
3049 5228 3397 5284 reclamantis
3426 5245 3619 5299 quam-

2041 5317 2166 5370 dam
2199 5330 2349 5369 suam
2376 5333 2405 5370 a
2427 5317 2610 5372 divino
2637 5308 2810 5372 oﬁicio
2828 5331 2923 5386 per
2953 5335 3049 5372 vos
3068 5334 3282 5373 cessare
3309 5319 3614 5385 ecclesiam,

2041 5411 2252 5467 cuidam
2293 5410 2456 5465 etiam
2487 5408 2796 5480 presbytero
2822 5410 3076 5464 defuncto
3117 5410 3259 5464 mdia
3302 5409 3459 5478 culpa
3490 5413 3614 5465 dum

2041 5502 2214 5557 adhuc
2249 5501 2454 5556 viveret
2475 5509 2679 5564 notato,
2713 5502 2848 5555 bene
2869 5509 2923 5554 et
2952 5501 3228 5570 sapienter
3259 5510 3485 5567 testato,
3528 5517 3616 5557 se-

2041 5595 2309 5665 pulturam
2337 5603 2605 5662 negatam,
2641 5593 2770 5664 ipsis
2799 5608 3010 5663 quoque
3035 5594 3122 5661 qui
3155 5593 3404 5647 emndem
3449 5593 3536 5661 pie
3562 5603 3620 5648 et

2042 5686 2276 5744 ofﬁciose
2318 5686 2644 5756 sepelierunt
2691 5685 3124 5742 communionem
3165 5685 3408 5742 ecclesia:
3450 5686 3620 5741 inter-

3180 5779 3252 5838 1'1
