4106 6356
483 352 594 416 1323

1413 349 1712 407 HUGONIS
1755 343 2236 404 LUGDUNENSIS
2275 339 2814 398 ARCHIEPISCOPI.

3647 315 3752 388 52's

487 477 711 532 dictam.
741 470 1052 527 Mandamus
1078 470 1241 539 igitur
1267 475 1323 522 et
1360 467 1500 522 sicut
1543 466 1766 520 fratrem
1807 463 2066 518 attentius
2095 468 2142 524 Α
2170 460 2324 514 fratri
2385 459 2638 512 Rossaro
2692 457 3112 525 Lingonensrum
3152 449 3434 521 episcopo,
3502 447 3754 503 salutem.

487 577 895 621 commonemus
925 571 980 614 ut
1006 558 1309 614 intermissa
1337 565 1542 622 vestra,
1574 557 1617 610 si
1647 565 1750 624 qua
1775 565 1878 618 est,
1910 553 2068 621 justi-

488 655 589 718 tia,
611 651 788 707 abbati
817 660 872 703 et
899 638 1142 703 ecclesiis
1162 646 1274 701 suis
1301 661 1488 714 pacem
1512 643 1862 707 conservetis,
1894 640 2072 696 taliter

491 738 984 798 excommuniealos
1015 730 1285 791 salubrius
1313 735 1629 799 absolvatis,
1661 745 1714 788 et
1757 734 1810 786 in
1839 731 2068 788 concilio

487 833 628 902 quod
657 831 890 886 secunda
939 835 1062 897 post
1104 837 1325 882 octavas
1352 825 1702 880 Peutecostes
1743 823 1875 878 feria
1917 823 2070 892 adju-

485 933 643 978 vante
675 922 905 977 Domino
937 919 1126 976 Treeis
1164 917 1492 974 celebraturi
1542 931 1728 972 sumus
1766 916 1832 970 de
1877 915 2070 970 vestris

485 1015 689 1083 pariter
719 1029 782 1067 ac
812 1012 1052 1083 ejusdem
1082 1011 1294 1066 abbatis
1322 1009 1678 1079 querimoniis
1715 1008 1980 1079 justitiam
2015 1015 2070 1061 et

485 1107 765 1176 accipiatis
805 1115 860 1160 et
905 1105 1224 1160 exhibeatis.
1274 1103 1581 1158 Verendum
1631 1100 1873 1171 profecto
1918 1101 2070 1154 vobis

485 1207 590 1263 est,
619 1198 663 1253 si
693 1197 848 1251 aliter
866 1195 1105 1266 egeritis,
1136 1209 1202 1249 ne
1229 1202 1284 1249 et
1309 1196 1482 1249 sacris
1505 1193 1735 1248 obvietis
1760 1191 2068 1246 cauouibus

484 1299 540 1344 et
583 1289 764 1344 domni
812 1303 963 1357 papte
996 1285 1422 1356 indignationem
1453 1283 1797 1353 aliquatenus
1831 1283 2072 1336 incurra-

487 1383 588 1444 tis,
631 1397 661 1434 a
690 1381 844 1448 cujus
896 1377 1224 1432 liberalitate
1249 1376 1587 1447 privilegium
1615 1375 1754 1428 idem
1782 1373 1948 1428 abbas
1973 1389 2072 1426 nu-

488 1476 721 1543 perrime
762 1478 1072 1540 acceperat,
1121 1478 1176 1524 et
1227 1471 1326 1524 ltae
1373 1483 1589 1537 quoque
1618 1467 1736 1522 vice
1768 1475 1952 1520 nostra
1989 1464 2070 1518 vi-

486 1567 720 1622 deamini
747 1565 1139 1633 contempsisse
1163 1562 1442 1616 mandata.

1215 1652 1336 1709 XX.

489 1751 570 1806 Ad
600 1749 940 1821 Haganonem
977 1745 1300 1821 Edaensent
1347 1745 1670 1821 episcopum,
1703 1758 1797 1812 pro
1845 1741 2070 1812 Hngone

1066 1816 1499 1870 Flaminiacensi.

1070 1908 1247 1980 (Anno
1275 1906 1465 1976 1097.)

496 2005 626 2062 Vide
673 2005 986 2076 Patrologia:
1034 2013 1162 2076 tom.
1215 2001 1379 2076 CLX,
1423 2001 1524 2076 col.
1564 2000 1697 2064 555,
1751 2001 1806 2056 in
1852 1998 2072 2071 Hugone

1075 2072 1484 2126 b‘laviniacenai.

1209 2161 1356 2218 XXI.

492 2265 570 2317 Ad
602 2261 870 2317 Urbanum
905 2274 1112 2330 papam.
1154 2256 1338 2330 e-_De
1385 2254 1604 2330 Roberto
1645 2254 1828 2308 abbate
1863 2253 1926 2309 S.
1969 2254 2072 2309 Ile-

1043 2329 1186 2397 migii
1221 2325 1502 2397 Bernensis.

1089 2396 1268 2469 (Auno
1304 2396 1485 2468 1197.)

501 2495 629 2548 Vide
657 2492 974 2563 Patrologia:
1011 2501 1142 2563 tom.
1183 2487 1339 2563 XLC,
1365 2487 1480 2563 _col.
1531 2487 1701 2563 1452,
1732 2489 1787 2542 in
1814 2486 2070 2542 Chronico

579 2567 587 2587 ‘
877 2559 893 2563 ⁷
913 2562 974 2617 8.
999 2559 1223 2614 Huberti
1257 2559 1658 2628 Andaginensis.

1199 2651 1363 2706 XXII.

498 2745 732 2817 Epistola
767 2743 1220 2817 Hugonislegati,
1245 2743 1312 2795 ad
1335 2741 1617 2817 Robertnm
1654 2741 1891 2817 abbatem
1916 2740 2073 2796 Moli-

635 2833 904 2879 smensem,
930 2815 1130 2870 ordinis
1161 2813 1519 2867 Cisterciensis
1548 2814 1916 2868 institutorem.

912 2945 916 2949 ι
985 2905 1152 2976 (Intra
1185 2919 1272 2958 an.
1302 2903 1579 2972 I097—98.)

588 3001 761 3055 Lanae
803 2997 1054 3051 Biblioth.
1083 3011 1344 3118 ηοιῢιτεε.
1371 3008 1430 3135 Ill,
1464 2991 1587 3057 (540,
1620 2993 1670 3046 in
1704 2991 2002 3062 Originibus

1204 3082 1245 3117 ts
1271 3081 1368 3118 ere.

1204 3081 1368 3118 tsterc.

564 3163 736 3228 lineo,
779 3157 1151 3230 Lugdunensis
1192 3157 1629 3226 archiepiscopus
1671 3165 1725 3210 et
1767 3155 2073 3226 apostollcm
2100 3172 2141 3230 (ς

495 3252 637 3307 sedis
658 3250 884 3320 legatus.
917 3245 1174 3300 Ronearo
1209 3241 1535 3296 lllolismeusi
1561 3242 1767 3306 abbati,
1798 3254 1848 3296 et
1883 3242 2070 3296 fratri-

497 3345 594 3397 bus
620 3355 740 3396 cum
769 3353 834 3394 eo
862 3336 1157 3392 secundum
1181 3332 1444 3403 Regulam
1467 3332 1639 3386 sancti
1662 3331 1940 3387 Benedicti
1963 3331 2072 3386 Deo

495 3437 698 3492 servire
723 3431 1084 3502 cupientibus.

565 3526 760 3581 Notum
780 3526 852 3580 sit
871 3521 1120 3577 omnibus
1145 3519 1210 3572 de
1239 3527 1440 3572 sanctae
1470 3517 1659 3572 matris
1680 3513 1932 3570 Ecclesia:
1950 3528 2075 3584 pro-

497 3619 640 3674 fectu
671 3613 1050 3687 gaudentibus,
1082 3625 1178 3665 vos
1203 3619 1258 3662 et
1277 3608 1538 3678 quosdam
1570 3607 1708 3662 tilios
1731 3615 1942 3662 vestros
1963 3605 2075 3660 Μοδ

495 3708 769 3765 tistnensis
798 3703 1030 3760 ctenobii
1054 3703 1251 3756 fratres
1279 3699 1520 3770 Lugduni
1550 3699 1602 3752 in
1633 3709 1816 3753 nostra
1846 3711 2076 3766 przesen-

496 3804 567 3860 tia
597 3797 854 3865 astitisse,
899 3810 965 3850 ac
1004 3793 1220 3864 Regulae
1249 3791 1388 3846 beati
1422 3791 1716 3856 Benedicti,
1762 3804 1923 3858 quam
1953 3784 2076 3843 illuc

497 3909 666 3962 usque
709 3889 885 3961 tepide
914 3903 979 3944 ac
1025 3885 1358 3957 negligenter
1403 3883 1456 3937 in
1510 3883 1697 3938 eodem
1750 3880 2076 3936 monasterio

499 3984 818 4050 tenueratis,
853 3979 1057 4035 arctius
1090 3978 1346 4046 deinceps
1375 3985 1538 4045 atque
1569 3973 1860 4045 perfectius
1905 3971 2073 4026 iulia:-

497 4091 619 4132 rere
637 4074 769 4130 velle
789 4070 1061 4144 professos
1078 4069 1263 4124 fuisse.
1289 4066 1442 4134 Quod
1461 4066 1585 4135 quia
1604 4066 1655 4118 in
1682 4065 1798 4118 loco
1820 4065 2077 4134 praedicto

498 4169 742 4240 pluribus
767 4162 1183 4236 impedientibus
1205 4160 1382 4216 causis
1409 4166 1622 4214 constat
1652 4155 1945 4226 adimplere
1969 4169 2076 4210 non

491 4275 678 4331 posse,
706 4273 806 4314 nos
829 4256 1110 4325 utriusque
1132 4252 1302 4322 partis
1331 4250 1491 4306 saluti
1515 4247 1766 4302 videlicet
1788 4247 1912 4301 inde
1933 4260 2079 4299 rece-

501 4352 740 4408 dentium
769 4360 932 4418 atque
959 4345 1067 4400 illic
1093 4341 1486 4397 remanentium
1518 4338 1887 4408 providentes,
1915 4335 1967 4389 in
1995 4335 2076 4388 lo-

501 4459 625 4500 cum
658 4441 843 4506 alium,
870 4454 1030 4510 quem
1063 4435 1214 4491 vobis
1237 4433 1417 4489 divina
1450 4431 1668 4501 largitas
1696 4427 2075 4499 designaverit,

506 4549 602 4589 vos
641 4531 935 4593 declinare,
989 4526 1170 4596 ibique
1198 4523 1468 4580 salubrius
1516 4529 1676 4588 atque
1703 4516 1937 4588 quietius
1973 4513 2070 4568 Do-

505 4629 652 4682 mino
685 4621 935 4680 famulari
965 4616 1095 4673 utile
1117 4614 1368 4670 duximus
1415 4611 1548 4666 fore.
1595 4608 1761 4663 Vobis
1797 4621 1928 4674 ergo
1955 4613 2081 4659 tunc

509 4716 858 4786 praesentibus
899 4709 1133 4766 Roberto
1169 4703 1372 4766 abbati,
1416 4699 1784 4768 fratribusque
1808 4695 2081 4759 Alberico,

509 4808 705 4873 Odoni,
733 4804 950 4868 Joauni,
981 4797 1277 4869 Stephano,
1317 4791 1538 4848 Letaldo
1561 4797 1612 4843 ct
1643 4787 1824 4848 Petro,
1851 4787 1943 4840 sed
1970 4801 2084 4838 om-

512 4901 671 4955 nibus
698 4913 834 4968 quos
883 4891 1204 4964 regulariter
1249 4895 1305 4941 et.
1341 4881 1611 4940 communi
1661 4877 1885 4935 consilio
1931 4875 2086 4930 vobis

511 4990 722 5044 sociare
760 4983 1124 5046 decreveritis,
1175 4980 1279 5034 hoc
1325 4983 1568 5030 sanctum
1613 4971 1942 5042 propositum
1970 4981 2086 5021 ser—

513 5097 668 5144 vare,
727 5088 784 5135 et
826 5089 953 5132 tunc
976 5073 1346 5130 consuluimus
1373 5078 1426 5125 et
1456 5076 1514 5122 ut
1547 5067 1598 5121 in
1625 5081 1691 5120 eo
1731 5061 2085 5133 perseveretis

514 5172 890 5247 praecipimus,
955 5177 1010 5222 et
1061 5165 1383 5220 auctoritate
1434 5156 1725 5230 apostolica
1777 5169 1871 5224 per
1927 5151 2085 5223 sigilli

515 5265 683 5322 nostri
720 5259 1126 5332 impressionem
1157 5256 1210 5310 in
1234 5260 1547 5325 perpetuum
1576 5247 1978 5304 conﬁrmamus.

1215 5346 1397 5400 XXIII.

513 5450 787 5510 Decretum
835 5443 1072 5515 Magonis
1109 5437 1356 5515 legatiude
1396 5445 1502 5515 toto
1540 5433 1740 5515 negotio
1784 5425 2086 5486 Moliamen-

909 5507 1045 5568 stunt
1075 5507 1223 5581 atque
1254 5507 1688 5562 (.‘isterciensium.

1008 5609 1172 5680 (Intra
1199 5622 1288 5660 an.
1323 5601 1598 5671 1097-98.)

1035 5701 1232 5775 [LABBE
1258 5698 1343 5752 ubi
1370 5693 1580 5775 διῳναά

591 5799 757 5864 liceo,
814 5773 1184 5868 Lugdunensis
1225 5773 1478 5848 Ecclesia:
1522 5799 1711 5841 servus
1771 5777 2090 5838 charissima

760 5879 775 5928 1

2238 551 2376 618 Quid
2400 551 2466 606 de
2497 551 2711 620 negotio
2735 544 3098 601 Molismensis
3125 541 3382 597 Ecclesia:
3401 541 3459 594 in
3487 539 3759 610 colloquio

2171 643 2310 713 apud
2351 652 2566 713 portum
2593 639 2808 696 Ansillae
2831 652 3008 707 nuper
3037 636 3224 690 habito
3251 632 3621 688 delinierimus
3646 632 3759 685 fra-

2171 734 2408 789 ternitati
2434 741 2624 788 vestrae
2650 730 2931 785 notil‘tcare
2953 725 3318 781 necessarium
3347 723 3623 779 duximus.
3653 721 3760 777 Vc-

2171 836 2366 882 nerunt
2395 835 2520 879 ante
2546 835 2645 878 nos
2684 823 2810 876 illuc
2847 836 2969 876 cum
3003 818 3197 872 litteris
3219 815 3417 870 vestris
3445 814 3760 870 Molismen-

2170 935 2257 974 ses
2287 918 2537 973 monachi
2571 916 2674 970 loci
2708 915 2790 970 sui
2817 912 3205 968 desolationem
3229 918 3391 978 atque
3425 907 3758 963 destructio—

2173 1026 2295 1066 nem
2324 1027 2483 1082 quam
2515 1025 2610 1080 per
2644 1007 2995 1063 remotionem
3022 1003 3244 1058 lloherti
3272 1002 3484 1056 abbatis
3511 1002 3760 1056 incurre-

2173 1112 2294 1158 rant
2331 1101 2698 1163 ostendentes,
2751 1099 3035 1168 ipsumque
3084 1095 3187 1151 sibi
3239 1093 3388 1148 reddi
3436 1094 3490 1148 in
3548 1101 3760 1162 patrem

2172 1209 2499 1264 magnopere
2522 1190 2876 1262 postulantes.
2909 1188 3065 1244 Nullo
3084 1189 3242 1244 modo
3273 1187 3416 1244 enim
3441 1186 3600 1240 aliter
3626 1201 3757 1256 spe-

2176 1288 2371 1340 rabant
2401 1295 2587 1354 pacem
2611 1290 2667 1336 et
2690 1282 2927 1350 quietem
2957 1279 3282 1334 Molismensi
3312 1277 3568 1334 Ecclesia:
3599 1283 3763 1346 posse

2172 1376 2384 1430 restitui
2403 1375 2483 1429 vel
2504 1374 2785 1429 monastici
2804 1374 3010 1428 ordinis
3024 1373 3260 1442 vigorem
3277 1371 3328 1426 in
3345 1371 3637 1441 pristinum
3654 1379 3762 1424 stas

2179 1477 2291 1521 tum
2317 1467 2424 1521 illic
2444 1465 2707 1520 revocari.
2721 1465 2908 1520 Adfuit
2923 1463 3086 1517 etiam
3104 1463 3174 1516 ibi
3193 1463 3244 1516 in
3271 1463 3555 1534 praesentia
3569 1471 3760 1518 nostra

2173 1558 2340 1612 frater
2376 1557 2699 1625 Gaufridus,
2730 1572 2890 1627 quem
2918 1557 3092 1612 eidem
3121 1555 3379 1611 Ecclesia:
3411 1558 3462 1610 itt
3503 1556 3758 1610 abbatem

2171 1651 2540 1715 ordinavistis,
2555 1651 2742 1705 dicens
2757 1665 2816 1705 se
2832 1649 3059 1704 libenter
3077 1648 3177 1718 ipsi
3199 1647 3434 1704 [loberto
3453 1645 3759 1702 velutPatri

2173 1759 2270 1798 suo
2295 1743 2468 1797 locum
2497 1743 2776 1807 daturum,
2805 1741 2849 1796 si
2883 1740 3039 1795 nobis
3071 1740 3324 1809 placeret,
3353 1748 3548 1793 utcum
3575 1738 3760 1794 Molis-

2175 1834 2340 1887 mensi
2358 1832 2612 1887 Ecclesia:
2640 1832 3064 1888 remitteremus.
3089 1831 3288 1884 Audita
3320 1831 3482 1899 igitur
3503 1840 3678 1884 vestra
3699 1840 3758 1884 et

2173 1926 2410 1996 ipsorum
2428 1925 2846 1980 Molismensium
2860 1922 3364 1994 petitione,relcCtis
3375 1923 3536 1976 etiam
3553 1922 3756 1977 domini

2173 2035 2322 2088 paptn
2351 2019 2544 2073 litteris
2571 2033 2734 2087 super
2757 2017 2860 2072 hoc
2890 2016 3105 2085 negotio
3128 2016 3284 2069 nobis
3315 2015 3558 2079 directis,
3585 2023 3757 2070 totum

2172 2110 2510 2178 dispositioni
2541 2119 2594 2163 et
2620 2109 2844 2163 arbitrio
2868 2117 3054 2163 nostro
3089 2107 3501 2170 committentis,
3536 2107 3754 2161 tandem

2173 2202 2464 2256 multorum
2507 2202 2746 2254 virorum
2776 2199 3172 2268 religiosorum,
3223 2207 3333 2254 tam
3375 2199 3756 2269 episcoporum

2173 2310 2334 2364 quam
2367 2295 2594 2348 aliorum
2633 2294 2722 2362 qui
2755 2293 3033 2347 nobiscum
3066 2293 3294 2345 aderant
3318 2290 3544 2345 concilio
3565 2289 3750 2359 preci-

2172 2387 2272 2443 bus
2288 2387 2482 2442 vestris
2502 2395 2555 2440 et
2578 2401 2766 2440 eorum
2791 2400 2890 2454 aeq
2903 2385 3206 2438 uiesccntes
3225 2382 3540 2437 Molismensi
3562 2381 3755 2436 Eccle-

2173 2481 2266 2537 sive
2305 2480 2477 2550 ipsum
2530 2478 2814 2532 restituere
2858 2477 3217 2543 decrevimus,
3275 2477 3347 2530 ita
3393 2475 3645 2529 videlicet
3690 2485 3755 2529 ut

2173 2571 2484 2641 priusquam
2517 2568 2640 2623 illuc
2680 2568 2862 2622 redeat
2907 2566 3222 2622 Cabilonem
3252 2568 3471 2621 veniens
3503 2565 3556 2619 itt
3589 2581 3754 2619 manu

2173 2661 2357 2714 fratris
2402 2659 2570 2714 nostri
2623 2657 2998 2713 Cabilonensis
3043 2657 3280 2726 episcopi
3326 2656 3408 2710 cui
3451 2657 3752 2710 secundmn

2172 2751 2622 2807 consuetudinem
2682 2759 3000 2803 caeterorum
3057 2749 3312 2802 abbatum
3361 2747 3754 2817 professionem

2172 2844 2322 2909 fecit,
2356 2845 2560 2913 virgam
2587 2850 2640 2896 et
2665 2856 2851 2896 curam
2877 2840 3105 2895 abbatize
3129 2842 3334 2903 reddat,
3371 2850 3534 2908 atque
3567 2854 3755 2894 mona-

2173 2937 2306 2992 cltos
2336 2932 2470 2988 Novi
2505 2931 2838 2997 monasterii,
2885 2932 2975 3002 qui
3011 2932 3060 2985 ei
3104 2932 3243 2987 sicut
3283 2948 3380 2986 suo
3411 2931 3592 2987 abbati
3622 2946 3756 3001 ριὀο

2173 3028 2459 3082 fessionem
2488 3025 2746 3091 fecerant,
2775 3034 2828 3080 et
2863 3024 3224 3080 obedientiam
3265 3025 3650 3094 promiserant,
3683 3023 3757 3077 ab

2176 3118 2287 3187 ipsa
2335 3116 2668 3186 professione
2700 3123 2755 3168 et
2790 3114 3096 3168 obedientia
3127 3112 3330 3167 liberos
3378 3121 3434 3166 et
3477 3111 3756 3166 absolutos

2175 3207 2435 3270 dimittat,
2471 3220 2532 3258 ac
2558 3204 2635 3257 sic
2665 3203 2732 3257 ab
2765 3204 2882 3273 ipso
2906 3203 3159 3273 episcopo
3189 3202 3561 3272 professionis,
3589 3217 3754 3271 quant

2175 3297 2223 3352 ei
2249 3306 2302 3350 et
2326 3294 2668 3350 Cabilonensi
2709 3294 2965 3349 Ecclesia:
2991 3292 3142 3357 fecit,
3177 3294 3572 3348 absolutionem
3607 3295 3758 3348 acci-

2175 3389 2306 3460 piat.
2341 3388 2597 3443 Dedimus
2627 3387 2788 3441 etiam
2813 3386 3083 3441 licentiam
3113 3401 3236 3440 cum
3267 3401 3332 3440 eo
3359 3385 3615 3441 redeundi
3639 3384 3755 3440 Mo-

2176 3481 2394 3536 lismum
2429 3479 2678 3534 omnibus
2713 3477 2818 3532 illis
2848 3478 2914 3532 de
2957 3475 3216 3532 fratribus
3255 3473 3388 3531 Novi
3437 3477 3755 3532 monasterii

2176 3573 2266 3643 qui
2309 3588 2431 3627 eum
2457 3571 2625 3626 secuti
2663 3571 2864 3624 fuerint
2899 3569 3118 3638 quando
3162 3585 3193 3623 a
3235 3567 3384 3624 Novo
3424 3570 3755 3624 monasterio

2177 3664 2489 3726 recesserit,
2519 3661 2608 3716 tali
2649 3661 2958 3716 conditione
2982 3671 3041 3714 ut
3063 3660 3282 3714 decreto
3311 3671 3503 3714 neuter
3531 3669 3755 3714 neutros

2177 3749 2468 3806 sollicitare
2493 3747 2579 3802 vel
2625 3746 2865 3816 recipere
2906 3754 3254 3815 praesumant,
3306 3745 3410 3799 nisi
3457 3746 3754 3800 secundum

2177 3845 2319 3914 quod
2351 3845 2539 3898 beatus
2577 3839 2900 3896 Benedictus
2929 3839 3226 3894 monachos
3259 3837 3394 3894 Novi
3437 3839 3755 3894 monasterii

2179 3937 2423 4007 pra-cipit
2462 3933 2816 4004 recipiendos.
2863 3934 3149 4001 Postquam
3196 3932 3312 3986 haec
3338 3932 3645 4000 supradicta
3677 3931 3758 3987 fe-

2179 4031 2315 4084 cerit
2331 4027 2654 4082 remittimus
2674 4041 2795 4079 eum
2820 4024 3092 4078 dilectioni
3116 4032 3332 4086 vestrm,
3352 4031 3412 4077 ut
3426 4021 3758 4078 Molismensi

2177 4123 2431 4178 Ecclesiae
2459 4120 2608 4174 illum
2642 4117 2694 4172 in
2719 4118 2968 4173 abbatem
3011 4117 3330 4180 restituatis,
3372 4116 3444 4170 ita
3491 4125 3671 4170 tamen
3698 4123 3760 4170 ut

2178 4217 2224 4270 si
2254 4216 2506 4283 deinceps
2543 4211 2787 4266 eamdem
2824 4210 3116 4264 Ecclesiam
3153 4209 3311 4264 solita
3356 4209 3570 4263 levitate
3598 4209 3759 4263 dese—

2181 4307 2371 4374 ruerit,
2420 4304 2596 4359 nullus
2644 4304 2693 4357 ei
2745 4301 3105 4357 substituatnr
3135 4305 3346 4356 vivente
3377 4301 3635 4357 Gaufrido
3664 4303 3762 4354 ab-

2180 4398 2322 4461 bate,
2355 4396 2559 4464 absque
2586 4403 2768 4448 vestro
2796 4402 2850 4447 et
2887 4403 3093 4458 nostro,
3132 4390 3481 4460 ejusdemque
3511 4389 3760 4446 Gaufridi

2107 4519 2153 4578 Β
2183 4504 2422 4543 assensu.
2456 4487 2585 4554 Quae
2611 4487 2792 4540 omnia
2818 4484 3113 4555 apostolica
3144 4483 3468 4538 auctoritate
3495 4490 3613 4536 rata
3639 4497 3764 4536 esse

2184 4581 2545 4652 pnecipimus.
2587 4578 2663 4633 De
2697 4577 2903 4647 capella
2929 4587 3108 4631 autem
3137 4576 3378 4645 prtedicti
3409 4575 3621 4629 abbatis
3650 4573 3760 4626 Ilo-

2183 4670 2322 4724 berti
2346 4681 2400 4724 et
2427 4670 2492 4723 de
2522 4668 2730 4722 caeteris
2764 4667 2924 4722 rebus
2951 4682 3084 4736 quas
3111 4683 3140 4719 a
3165 4665 3492 4720 Molismensi
3516 4662 3764 4718 Ecclesia

2185 4761 2443 4816 recedens
2485 4773 2664 4814 secum
2711 4767 2765 4812 et
2813 4773 2938 4812 cum
2985 4757 3065 4811 eis
3110 4755 3452 4810 Cabilonensi
3506 4755 3766 4824 episcopo

2187 4863 2346 4920 atque
2380 4849 2528 4904 Novo
2567 4849 2895 4903 monasterio
2925 4862 2982 4902 se
3022 4846 3273 4911 reddidit,
3303 4845 3355 4898 id
3384 4844 3674 4898 statuimus
3706 4852 3766 4896 ut

2185 4943 2363 4998 omnia
2399 4939 2653 4994 fratribus
2691 4938 2824 4993 Novi
2857 4936 3170 4992 monasterii
3204 4935 3350 4990 salva
3383 4944 3761 5004 permaneant,

2187 5047 2381 5107 przeter
2415 5032 2742 5087 Breviarium
2772 5031 3041 5100 quoddam
3075 5029 3218 5099 quod
3247 5042 3414 5097 usque
3445 5026 3512 5080 ad
3557 5023 3765 5080 festivi—

2190 5137 2350 5182 tatem
2378 5127 2547 5178 sancti
2579 5121 2799 5176 Joannis
2826 5120 3076 5189 Baptista:
3115 5119 3385 5173 retineant
3422 5125 3480 5169 ut
3506 5111 3766 5168 transcri-

2187 5221 2318 5276 bant
2347 5231 2570 5270 assensu
2598 5211 3039 5267 Molismensium.
3074 5209 3211 5264 Eluic
3244 5219 3420 5263 autem
3463 5204 3765 5261 definitioni

2189 5310 2800 5380 interfueruntepiscopi
2827 5306 3169 5376 Nortgaudus
3185 5302 3468 5365 aeduensis,
3493 5298 3767 5355 Galterius

2188 5405 2582 5470 Cabilonensis,
2608 5403 2884 5456 Beraudus
2908 5398 3240 5459 blaticensis,
3271 5395 3495 5451 Pontius
3523 5391 3768 5446 Belicen-

2190 5497 2282 5559 sis,
2315 5505 2371 5549 et
2395 5495 2617 5549 abbates
2641 5492 2832 5547 Petrus
2863 5487 3304 5552 Trenoreiensis,
3335 5483 3559 5540 Jacento
3587 5481 3768 5535 Divio-

2191 5587 2394 5650 nensis,
2421 5584 2808 5640 Gaucerannus
2836 5580 3256 5638 Athanacensis.
3299 5577 3494 5632 Petrus
3528 5587 3764 5645 quoque,

2191 5679 2389 5734 domini
2421 5693 2570 5748 papa:
2609 5676 2961 5745 camerarius,
3003 5674 3267 5745 multique
3303 5670 3393 5728 alii
3419 5669 3521 5726 viri
3554 5663 3770 5724 honesti

2191 5779 2246 5826 et
2266 5769 2389 5826 boni
2423 5768 2732 5826 testimonii.
