3926 6448
244 402 336 459 523

876 506 1059 565 XXIV.

239 598 1773 796 “lii?”fligiii:.iz’if’ﬁiiii?iiiﬁ‘iiiiﬁ’i'ﬁiii’m:

299 762 401 796 mea
437 751 509 796 at.

299 751 509 801 mandat.

675 825 850 897 (Intra
888 841 978 881 an.
1025 826 1264 883 1097—98.
1287 827 1307 896 )

655 917 874 989 [Lssss,
909 919 1038 974 ibid.
1076 935 1128 989 p.
1161 918 1311 990 6&5]

285 1008 725 1070 Reverentissimo
774 1007 921 1061 Patri
975 1016 1030 1062 et
1085 1008 1303 1063 domino
1360 1022 1458 1062 suo
1508 1006 1766 1064 Ptscnsu

224 1104 566 1179 papae,ﬂuco,
602 1100 976 1172 Lugdunensis
1007 1100 1264 1158 Ecclesia:
1288 1116 1501 1168 servus,
1524 1117 1620 1174 per
1648 1118 1769 1159 om-

223 1198 298 1254 nia
320 1195 562 1266 seipsum.

279 1289 481 1344 Fratres
518 1285 607 1342 isti
634 1286 977 1358 praesentium
1008 1284 1178 1356 geruli
1209 1285 1276 1341 ad
1306 1287 1648 1357 paternitatis
1678 1302 1774 1345 ve-

221 1390 331 1436 strae
351 1378 718 1435 celsitudinem
750 1377 1031 1435 tendentes
1067 1392 1164 1448 per
1188 1392 1287 1432 nos
1310 1377 1598 1433 transitum
1628 1378 1772 1435 lece-

221 1478 346 1526 runt.
389 1468 454 1523 Et
479 1468 606 1538 quin
639 1466 777 1523 infra
817 1468 1155 1538 provinciam
1196 1478 1472 1535 nostram,
1520 1468 1773 1527 videlicet

220 1562 264 1616 in
293 1561 589 1632 episcopatu
637 1558 1018 1626 Cabilonensi,
1056 1559 1492 1630 permansionem
1534 1560 1767 1628 habent,

218 1653 510 1709 humilitatis
531 1662 730 1707 nostra:
754 1651 948 1707 litteris
972 1653 1111 1725 apud
1129 1652 1506 1709 celsitudinem
1533 1665 1771 1712 vestram

218 1761 269 1801 se
299 1743 659 1799 commendari
705 1743 981 1813 petierunt
1012 1762 1026 1797 :
1060 1742 1247 1800 sciatis
1296 1753 1477 1800 autem
1523 1754 1651 1802 tunc
1678 1761 1772 1801 eos

219 1836 275 1890 de
300 1838 520 1905 quodam
562 1834 685 1890 loco
710 1835 800 1904 qui
840 1832 1051 1890 Novum
1096 1835 1487 1892 monasterium
1527 1846 1770 1902 vocatur,

219 1928 276 1982 ad
321 1938 468 1997 quem
515 1926 582 1982 de
632 1926 962 1982 Molismensi
999 1927 1238 1984 Ecclesia
1274 1944 1398 1986 cum
1434 1927 1630 1984 abbate
1674 1944 1775 1985 suo

218 2026 450 2073 exeuntes
504 2020 729 2088 propter
763 2017 1051 2073 arctiorem
1097 2027 1152 2074 et
1200 2021 1551 2075 secretiorem
1600 2019 1768 2075 vitam

219 2109 483 2164 secundum
513 2109 778 2180 [tegulam
794 2110 964 2165 sancti
984 2110 1256 2168 Benedicti
1286 2124 1450 2184 quam
1474 2126 1774 2184 proposueo

218 2212 325 2257 rant
348 2202 627 2257 tenendam
657 2202 1012 2258 habitandum
1041 2217 1327 2271 venerunt,
1358 2205 1621 2276 depositis
1642 2221 1778 2277 quo-

218 2294 437 2349 rumdam
464 2296 924 2352 monasteriorum
953 2297 1460 2364 consuetudinibus,
1487 2298 1773 2355 imbecilli-

220 2395 361 2440 tatem
396 2402 542 2441 suam
572 2390 642 2443 ad
685 2397 894 2444 tantum
928 2390 1137 2459 pondus
1174 2390 1548 2446 sustinendum
1596 2395 1770 2463 impa-

219 2491 323 2532 rem
344 2476 656 2546 judiraules.
704 2480 857 2537 Unde
885 2479 1245 2538 Molismensis
1277 2481 1527 2538 Ecclesia:
1554 2483 1772 2547 fratres,

218 2579 267 2623 et
302 2570 497 2639 quidam
529 2571 623 2625 alii
653 2572 970 2641 adjacentes
1006 2573 1255 2630 monachi
1298 2588 1392 2629 eos
1430 2572 1692 2631 infestare
1721 2585 1777 2631 et

220 2663 492 2732 inquietare
532 2680 643 2720 non
676 2666 964 2731 desinunt,
998 2666 1329 2722 aestimantes
1369 2681 1429 2722 se
1464 2667 1685 2724 viliores
1722 2678 1778 2724 et

219 2756 553 2825 despectiores
583 2757 779 2812 haberi
810 2758 950 2828 apud
978 2758 1252 2823 saeculum,
1288 2760 1335 2813 si
1364 2759 1452 2814 isti
1483 2761 1639 2831 quasi
1668 2762 1777 2817 sin-

220 2845 410 2913 gulares
459 2856 513 2903 et
552 2849 681 2903 novi
718 2847 963 2903 monachi
994 2848 1137 2905 inter
1162 2862 1255 2905 eos
1283 2850 1529 2906 habitare
1556 2852 1778 2908 videan-

220 2946 327 3003 tur;
366 2950 696 3011 quapropter
736 2940 1290 2997 desiderantissimam
1339 2942 1496 2999 nobis
1534 2944 1776 3015 paterni-

222 3027 363 3084 tatem
390 3040 623 3086 vestram
652 3032 933 3088 humiliter
955 3044 1009 3089 et
1032 3050 1157 3089 cum
1181 3034 1378 3091 ﬁducia
1401 3036 1777 3106 dsprecamur,

221 3132 273 3176 ut
314 3122 500 3179 l'ratres
548 3125 693 3180 istos
744 3134 908 3179 totam
957 3136 1106 3197 spem
1151 3143 1304 3183 suam
1337 3129 1388 3183 in
1421 3129 1611 3196 vobis,
1657 3138 1779 3199 post

221 3205 367 3268 Deum
393 3228 687 3283 ponentes,
720 3227 777 3271 et
801 3217 1001 3274 ideirco
1026 3219 1094 3274 ad
1126 3220 1463 3291 apostolatus
1490 3222 1656 3278 vestri
1683 3237 1783 3278 au-

222 3308 505 3365 ctoritatem
553 3310 961 3380 confugientes,
1022 3312 1263 3384 benigne
1286 3322 1385 3385 pro
1406 3329 1556 3371 more
1597 3325 1783 3372 vestro

222 3400 510 3467 respiciatis.
545 3409 603 3456 et
629 3415 731 3457 eos
757 3414 821 3457 ac
851 3401 1027 3458 locum
1054 3405 1294 3474 ipsorum
1326 3404 1397 3460 ab
1422 3405 1524 3462 hac
1554 3406 1781 3463 infesta-

222 3480 348 3547 tioae
369 3502 420 3548 et
447 3493 830 3564 inquietudine
861 3493 1140 3552 liberando
1162 3538 1178 3562 ,
1215 3498 1561 3554 auctoritatis
1586 3509 1781 3556 vestrae

221 3581 474 3654 privilegio
505 3584 773 3639 muniatis
793 3626 808 3650 ,
846 3593 1028 3655 utpote
1055 3600 1321 3658 pauperes
1349 3587 1551 3645 Christi
1579 3589 1780 3644 nullam

220 3686 386 3731 contra
426 3692 555 3734 suos
591 3676 826 3733 aemulos
854 3679 1059 3733 divitiis
1096 3679 1181 3734 vel
1224 3680 1461 3749 potentia
1514 3681 1782 3736 defensio-

222 3779 326 3819 nem
353 3778 624 3836 parantes,
649 3768 752 3825 sed
776 3768 828 3823 in
856 3768 969 3825 sola
1000 3768 1097 3825 Dei
1122 3770 1293 3825 nostri
1323 3769 1608 3825 clementia
1631 3786 1780 3841 spem

219 3852 476 3916 habentes.

790 3952 1197 4012 XXV—XXVI.

221 4040 436 4115 [lagonis
495 4053 566 4102 ad
629 4045 700 4105 S.
755 4047 1056 4130 Anselmum
1118 4045 1547 4101 Cantuarieusem
1607 4046 1783 4099 archi-

832 4134 1146 4188 episcopum.

221 4206 368 4277 (Vide
399 4210 541 4267 inter
566 4208 831 4282 epistolas
870 4209 928 4264 S.
964 4208 1237 4272 Auselmi,
1278 4222 1402 4278 epp.
1449 4206 1518 4261 6i
1561 4216 1614 4262 et
1654 4205 1779 4273 1‘34,

506 4305 636 4360 libri
667 4320 763 4372 ut,
795 4301 1113 4370 Patrologia:
1141 4310 1272 4354 tom.
1294 4297 1495 4368 CLIX.)

886 4392 1098 4450 XXVII.

1335 390 1695 449 EPISTOLIE
1730 390 1819 447 ET
1855 390 2270 448 PRIVILEGIA.

1789 512 1835 567 Α
1860 511 2077 567 domino
2107 511 2166 566 P.
2197 526 2295 581 pro
2321 511 2570 566 Artensis
2600 509 2852 566 Ecclesia:
2889 511 3313 566 commutatione
3345 526 3447 565 nos

3344 387 3447 447 tati

1873 606 2092 659 daturos
2124 597 2279 659 vobis
2318 603 2605 659 ecclesiam
2644 602 2711 657 de
2744 601 2945 657 Sancto
2981 601 3288 669 Germano,
3335 616 3457 672 qua:

1872 694 1975 749 sita
2006 704 2091 749 est
2125 695 2267 750 inter
2305 694 2589 750 ecclesiam
2620 693 2687 750 de
2717 694 2933 765 Capella
2969 703 3023 748 et
3062 693 3348 749 ecclesiam
3388 694 3456 749 dc

1872 783 2112 840 Marlico.
2138 779 2308 853 Quam
2340 784 2752 855 promissionem
2785 798 2927 840 nunc
2954 784 3297 855 perlicit-mes
3326 800 3457 841 eon-

1872 876 2114 930 cedimus
2160 876 2315 931 vobis
2359 887 2415 931 et
2466 875 2712 931 ecclesiae
2756 871 3031 932 Cluniensi
3087 877 3455 947 supradictam

1869 967 2154 1023 ecclesiam
2196 964 2382 1022 Sancti
2418 967 2675 1022 Germani
2717 965 2840 1036 jure
2875 978 3137 1039 perpetuo
3176 969 3458 1039 possideo.

1870 1058 1993 1113 dam
2014 1099 2029 1125 ,
2060 1042 2369 1114 'retinentes
2398 1054 2451 1114 in
2494 1074 2559 1115 ea
2602 1059 2889 1132 synodales
2917 1074 3113 1115 census
3138 1069 3193 1116 et
3229 1074 3454 1117 censum

1870 1148 2034 1205 alium
2061 1162 2221 1222 quem
2265 1142 2440 1208 b'eatze
2480 1152 2755 1207 memoria:
2794 1151 3026 1207 domnus
3066 1151 3330 1209 Gibuinus
3366 1140 3458 1208 are

1870 1242 2247 1313 chiepiscopus
2279 1246 2333 1299 in
2374 1241 2463 1299 illa
2495 1244 2792 1314 imposuit,
2834 1245 3199 1299 obedientiam
3238 1261 3457 1317 quoque

1868 1343 1925 1390 et
1955 1329 2314 1391 reverentiam
2339 1334 2700 1406 episcopalem
2730 1336 2870 1391 sicut
2895 1334 2950 1390 in
2981 1337 3195 1392 caeteris
3214 1337 3458 1392 ccclesiis

1869 1442 2007 1496 quas
2046 1427 2206 1483 beato
2230 1427 2392 1483 Petro
2435 1427 2825 1484 concessimus.
2878 1426 3106 1498 Signum
3151 1425 3325 1483 Girini
3360 1428 3459 1481 de-

1870 1518 2010 1573 cani.
2045 1510 2103 1573 S.
2132 1516 2387 1574 Teotardi
2422 1513 2736 1574 camerarii.
2774 1516 2833 1572 S.
2859 1512 3035 1573 Girini
3077 1517 3362 1588 capellani.
3398 1518 3458 1571 S.

1870 1608 2201 1665 Gauscerani
2233 1610 2493 1667 cantoris.
2535 1608 2595 1666 S.
2623 1609 2844 1665 Arualdi
2877 1610 3142 1680 magistri.
3186 1608 3245 1664 S.
3275 1606 3460 1665 Godu-

1871 1700 1957 1756 nis
1984 1702 2231 1757 canonici
2260 1710 2316 1758 et
2340 1702 2818 1774 archipresbyteri.

1943 1790 2136 1845 Actum
2157 1791 2400 1862 Lugduni
2423 1806 2565 1847 anno
2586 1788 3456 1851 IncarnationisDominiCteI106.

1803 1860 1847 1920 Β
1878 1885 2172 1943 indictione
2202 1860 2321 1942 ιιιι.

2555 1977 2788 2034 XXVIII.

1876 2070 2033 2157 Ruga
2081 2070 2443 2157 Lugdunensis
2499 2074 2916 2157 ryﬂrieyiscopqs
2976 2088 3153 2154 coram
3205 2074 3461 2157 episcopis

1946 2136 2454 2212 Gratianopolitano,
2503 2136 2684 2197 Diensl
2726 2154 2772 2197 ct
2821 2136 3164 2212 'Llngouensi,
3197 2136 3460 2208 componit

1945 2211 2264 2268 discordiam
2302 2215 2439 2267 inter
2474 2215 2754 2267 monachos
2790 2212 2973 2268 Sancti
3015 2211 3235 2282 Bcuigni
3276 2213 3460 2270 υἱιοὲοέ

1947 2284 2120 2340 nenst's
2150 2296 2197 2339 et
2241 2284 2457 2339 clericos
2485 2283 2792 2339 Bisuutiaas
2822 2300 2915 2338 oro
2950 2283 3179 2338 ecclesiis
3214 2282 3462 2341 Salinen-

1946 2356 2111 2410 sibus.

2298 2496 2301 2503 .
2457 2447 2643 2518 (Anno
2673 2444 2869 2515 IlOti.)

2090 2541 2363 2613 [Ριειιιυω.
2398 2540 2718 2610 Burguudiw
2744 2540 2960 2604 chartw,
2982 2555 3035 2609 p.
3067 2537 3229 2610 209.]

1950 2632 2101 2690 [loco
2130 2631 2504 2703 Lugdunensis
2533 2631 2993 2702 archiepiscopus,
3018 2640 3221 2688 sancta:
3250 2641 3463 2702 aposto-

1878 2725 1994 2779 licae
2026 2725 2170 2780 sedis
2198 2724 2425 2794 legatus.

1947 2814 2209 2871 Omnibus
2241 2814 2486 2869 ﬁdelibus
2510 2823 2693 2869 notum
2722 2828 2843 2870 esse
2872 2815 3120 2870 volumus
3147 2814 3289 2885 quod
3321 2824 3460 2870 tem-

1877 2922 2009 2980 pore
2050 2906 2232 2963 domni
2275 2906 2553 2963 Paschalis
2596 2907 2637 2961 Il
2678 2923 2830 2978 papa:
2859 2916 2914 2963 et
2956 2915 3227 2978 praecepto
3270 2907 3462 2978 ipsius,

1877 3002 2192 3057 Bisuntinos
2217 3000 2467 3068 clericos,
2499 3009 2553 3055 et
2584 3000 2833 3056 abbatem
2867 3000 3242 3056 Divionensem
3272 2992 3464 3055 laren-

1881 3106 2058 3150 touem
2088 3095 2154 3148 ad
2183 3092 2539 3148 deliniendam
2581 3093 3005 3148 controversiam
3041 3107 3162 3163 quae
3200 3092 3341 3147 inter
3370 3106 3466 3148 eos

1805 3211 1848 3269 C
1878 3198 1996 3242 erat
2023 3187 2089 3242 de
2114 3185 2337 3242 ecclesia
2365 3185 2579 3241 Sancta:
2606 3184 2787 3240 Maria:
2817 3184 3109 3251 Salinensi,
3142 3185 3464 3256 Lugdunum

1883 3277 2174 3332 convenire
2215 3274 2443 3331 fecimus
2468 3293 2483 3328 :
2507 3289 2736 3345 quorum
2776 3275 3080 3331 actionibus
3109 3283 3163 3331 et
3190 3277 3467 3346 responsis

1884 3368 2102 3434 auditis,
2124 3368 2295 3423 visum
2318 3376 2401 3422 est
2427 3367 2601 3431 nobis,
2625 3376 2682 3423 et
2702 3368 2792 3437 qui
2817 3367 3098 3422 nobiscum
3125 3377 3282 3424 erant
3305 3383 3465 3423 vene-

1884 3462 2146 3518 rabilibus
2166 3462 2453 3533 episcopis,
2471 3461 2678 3532 llugoni
2704 3461 2912 3517 scilicet
2931 3460 3462 3531 Gratianopolitano,

1882 3553 2100 3609 Irmioni
2132 3552 2335 3620 Diensi,
2365 3562 2421 3608 et
2445 3551 2684 3609 Roberto
2721 3549 3046 3623 Lingonensi
3065 3592 3080 3617 ,
3108 3560 3169 3607 ut
3193 3552 3464 3608 amieabili

1883 3660 2043 3720 pacto
2080 3649 2260 3720 potius
2300 3664 2462 3722 quam
2504 3648 2742 3719 iudiciali
2773 3649 3065 3718 sententia,
3087 3663 3276 3705 eorum
3312 3648 3464 3703 litem

1884 3742 2180 3798 liniremus.
2232 3741 2500 3798 Convenit
2545 3742 2711 3813 igitur
2755 3741 2896 3796 inter
2955 3755 3052 3797 eos
3098 3749 3160 3795 ut
3214 3739 3465 3795 monachi

1882 3833 2233 3889 Divionenses
2262 3848 2452 3888 omnes
2478 3833 2729 3902 querelas
2759 3847 2897 3903 quas
2936 3834 3196 3888 adversus
3239 3830 3467 3887 clericos

1882 3923 2191 3980 Bisuntinos
2219 3933 2311 3978 aut
2340 3924 2543 3993 scripto
2562 3965 2577 3991 ,
2610 3934 2703 3979 aut
2727 3924 2844 3979 sine
2870 3924 3096 3995 scripto,
3127 3924 3180 3978 in
3211 3923 3465 3980 Salinen-

1882 4014 2033 4069 sibus
2051 4013 2295 4069 ecclesiis
2313 4015 2512 4071 habere
2527 4014 2867 4079 videbantur,
2879 4030 2978 4085 per
2993 4030 3211 4070 manum
3223 4025 3465 4072 nostram

1884 4104 1993 4159 illis
2025 4103 2240 4161 clericis
2264 4106 2485 4160 omnino
2512 4105 2796 4176 wirpireut
2818 4113 2874 4159 et
2897 4105 3253 4172 dimitterent,
3282 4116 3335 4162 et
3365 4106 3465 4161 Ec-

1883 4194 2062 4251 clesite
2108 4194 2325 4262 quidem
2370 4193 2666 4250 Bisuntinae
2708 4194 2931 4260 clerici,
2963 4210 3157 4251 omnes
3204 4195 3466 4251 ecclesias

1885 4285 2193 4342 Saliuenses
2229 4285 2350 4342 sine
2391 4286 2536 4341 omni
2587 4286 2926 4342 Diviouensis
2961 4285 3214 4342 Ecclesiae
3242 4286 3466 4356 querela

1879 4377 2002 4450 jure
2031 4388 2289 4450 perpetuo
2312 4379 2685 4449 possiderent;
2728 4377 2912 4434 clerici
2959 4394 3087 4434 vero
3129 4378 3465 4434 Divionensi-

219 4484 420 4546 bonum,
469 4490 722 4561 ιιαθοηερ
766 4485 1137 4561 ανερξερίε-ερρί
1185 4483 1543 4561 ιιιαςιηηεηειε
1594 4484 1659 4536 de
1694 4498 1783 4535 ρο.
1812 4556 1847 4561 _
1884 4473 1985 4527 bus
2009 4472 2290 4528 monachis
2318 4471 2699 4535 concederent,
2728 4480 2994 4542 quatenus
3021 4469 3074 4525 in
3109 4480 3252 4526 terra
3284 4468 3466 4525 Divin-

658 4560 817 4613 clesia
845 4553 1028 4612 Sancti
1065 4553 1331 4608 Germani.

815 4649 1000 4720 (Auno
1026 4647 1208 4716 1106.)

613 4745 865 4817 [Βλιιηη
899 4739 1120 4795 Misccll.
1152 4738 1244 4805 III,
1276 4738 1390 4809 62.]

280 4839 737 4895 heverentissimo
762 4833 909 4890 Patri
931 4831 1148 4886 domino
1174 4829 1381 4887 [lucem
1412 4829 1784 4884 Cluuiensium

222 4931 385 4986 abbati
413 4942 469 4986 et
495 4932 596 4987 toti
630 4921 1327 4999 congregationiCluniensi
1358 4919 1432 4975 illi
1460 4921 1784 4987 commissae,

221 5022 354 5082 liceo
379 5023 760 5097 Lugdunensis
788 5019 1045 5075 Ecclesia:
1070 5031 1281 5080 servus,
1312 5013 1564 5070 salutem.

282 5115 487 5173 Scimus
523 5131 629 5171 nos
660 5124 849 5185 rogatu
879 5110 1059 5168 domni
1092 5108 1154 5164 P.
1186 5108 1386 5163 domini
1420 5122 1570 5177 papae
1604 5120 1786 5161 came-

222 5211 338 5266 rarii
374 5210 665 5267 ecclesiam
706 5209 990 5261 Artensem
1028 5203 1181 5258 vobis
1214 5210 1271 5257 et
1301 5200 1554 5256 Ecclesiae
1594 5207 1790 5253 vestra:

222 5302 336 5358 olim
357 5304 594 5359 dedisse.
626 5300 745 5369 Qua
770 5300 837 5354 de
858 5312 1022 5353 causa
1055 5296 1149 5351 lilii
1177 5295 1348 5351 nostri
1372 5292 1615 5348 canonici
1646 5290 1789 5361 Lug-

224 5394 466 5451 dunensis
505 5390 771 5448 Ecclesiae
810 5388 1012 5443 turbati
1046 5395 1328 5456 creperum
1371 5384 1633 5437 instanter
1660 5396 1785 5451 pre-

228 5485 331 5539 cari
378 5482 727 5540 clementiam
776 5490 1017 5536 nostram
1064 5491 1133 5532 ne
1184 5475 1459 5547 prmiatam
1506 5473 1787 5528 ecclesiam

228 5577 498 5633 Artensem
548 5585 862 5647 pateremur
906 5570 1084 5640 aliqua
1133 5566 1421 5624 occasione
1468 5564 1691 5620 alienari
1735 5573 1791 5619 et

226 5670 455 5736 separari
494 5669 568 5724 ab
613 5664 842 5723 ecclesia
875 5662 1060 5719 Sancti
1099 5658 1356 5731 Stephani
1386 5657 1787 5728 Lugdunensis,

223 5760 351 5829 juris
390 5761 545 5830 cuius
591 5756 665 5813 ab
694 5756 930 5826 antiquis
969 5754 1298 5826 temporibus
1324 5750 1517 5806 fuerat.
1553 5749 1789 5816 Quorum

227 5851 551 5911 clamoribus
592 5864 659 5906 ac
698 5847 945 5920 precibus
983 5845 1104 5903 ﬂexi
1128 5843 1473 5918 promisimus
1498 5841 1609 5914 jam
1649 5841 1791 5899 dicto

1805 4556 1860 4616 Ι)
1887 4565 2069 4621 uensis
2094 4564 2370 4627 Ecclesiae,
2394 4564 2448 4618 in
2471 4563 2652 4632 aliquo
2674 4563 3010 4619 convenienti
3039 4563 3181 4629 loco,
3203 4561 3464 4633 capellam

1884 4666 2095 4726 septem
2146 4664 2447 4711 statuarum
2490 4656 2543 4709 in
2585 4654 2937 4725 longitudine,
2967 4664 3189 4724 excepta
3229 4654 3462 4716 obsidia.

1885 4749 1953 4804 ad
2003 4764 2167 4803 unum
2208 4756 2415 4802 tantum
2458 4746 2631 4801 altare
2667 4755 3029 4816 competente,
3057 4756 3112 4800 et
3138 4754 3373 4815 quatuor
3409 4746 3463 4800 in

1885 4837 2170 4893 latitudine
2217 4840 2271 4892 in
2322 4835 2521 4893 Salinis
2568 4836 2838 4891 aediﬁcare
2885 4835 3064 4891 liceat.
3123 4834 3463 4890 Cimiterium

1886 4938 2067 4983 autem
2096 4940 2163 4983 es
2192 4927 2339 4982 omni
2376 4936 2529 4997 parte
2566 4927 2709 4983 circa
2744 4926 2914 4996 ipsam
2958 4925 3219 4996 capellam
3257 4936 3465 4997 septem

1888 5028 2187 5075 statuarum
2216 5018 2495 5084 similiter,
2532 5018 2599 5073 ad
2635 5018 3003 5089 sepeliendum
3040 5027 3246 5074 tantum
3277 5034 3465 5074 mona-

1888 5111 2041 5175 chos,
2056 5111 2192 5167 alias
2215 5124 2342 5169 vero
2361 5126 2619 5182 personas
2642 5111 2712 5167 ibi
2737 5125 2845 5166 non
2867 5110 3148 5182 sepeliant.
3173 5110 3468 5167 Parochia-

1886 5218 1987 5259 nos
2011 5212 2192 5258 autem
2225 5201 2556 5265 Salinenses,
2580 5217 2682 5257 nec
2710 5202 2879 5267 vivos,
2903 5216 3004 5258 nec
3026 5210 3272 5259 mortuos
3298 5200 3466 5257 susci-

1888 5295 2057 5366 piant.
2097 5293 2249 5361 Quod
2279 5294 2324 5349 si
2357 5293 2551 5364 aliquis
2595 5292 3047 5365 parochianorum
3077 5290 3461 5353 Salinensium,

1891 5386 1945 5440 in
1993 5384 2326 5455 argritudiuis
2369 5384 2509 5440 lecto
2547 5386 2785 5455 positus,
2831 5385 3127 5439 monachus
3174 5397 3272 5451 pro
3318 5388 3462 5433 metu

1890 5478 2082 5532 mortis
2131 5475 2265 5531 ellici
2313 5476 2572 5541 voluerit,
2619 5491 2759 5540 non,
2804 5475 2906 5530 nisi
2953 5476 3270 5542 presbytero
3309 5468 3465 5537 cujus

1890 5568 2253 5641 parochianus
2278 5577 2380 5635 est,
2404 5577 2696 5631 annuente,
2716 5580 2841 5621 eum
2871 5562 3189 5632 suscipiant.
3221 5560 3460 5616 Conces-

1892 5670 2078 5717 serunt
2105 5660 2268 5715 etiam
2293 5659 2474 5716 clerici
2517 5659 2648 5729 ipsis
2679 5655 2981 5718 monachis,
3011 5653 3272 5708 decimam
3301 5650 3463 5704 unius

1894 5761 2100 5806 tantum
2135 5752 2305 5804 vinea:
2326 5749 2463 5818 ejus,
2493 5763 2653 5818 quam
2676 5761 2741 5799 ex
2770 5745 2855 5799 his
2881 5757 3014 5813 quos
3042 5754 3107 5795 eo
3138 5749 3378 5809 tempore
3407 5739 3459 5792 iu

1892 5841 2221 5899 dominicatu
2266 5840 2500 5907 tenebat,
2530 5852 2696 5906 usque
2744 5835 2811 5891 ad
2858 5831 3160 5899 proximum
3202 5829 3464 5888 Ρεηιρυοι
