4106 6356
418 417 520 472 527
1267 398 1540 457 PETRUS
1574 392 1909 452 ALPHONSI
1942 391 2033 447 EX
2071 385 2316 444 JUDJEO
2354 373 2812 439 CllRlSTlANUS
3569 353 3670 420 528

420 542 538 587 sten
567 531 898 602 petissunum
923 526 1197 598 elegerint,
1219 536 1275 580 et
1293 525 1504 580 clericis
1529 530 1711 575 notum
1738 518 1983 573 fecerint.
2018 522 2066 578 Α
2101 525 2229 564 nere
2259 527 2270 561 :
2297 507 2555 574 reliquam
2589 510 2792 571 partem
2819 493 3070 549 Artaldns
3100 502 3262 545 senex
3291 486 3390 602 ‘qui
3416 485 3537 554 jure
3563 486 3674 536 hae-

2303 601 2308 602 ,
2745 590 2776 602 ιι
2850 588 2863 602 ι
2898 594 2935 602 ν.
3011 585 3024 602 I
3067 583 3132 602 419.
3169 581 3282 602 _2_.2
3314 581 3414 602 2-,...
3446 578 3496 602 2..
3533 577 3668 602 ιι-κέ-

421 623 678 678 Promisit
722 631 899 676 autem
949 620 1116 673 abbas
1142 626 1196 672 et
1225 616 1474 671 monachi
1501 615 1616 678 sui,
1650 627 1746 682 per
1772 625 1991 664 manum

421 723 660 770 nostram
679 751 693 776 ,
722 712 862 780 quod
900 718 1005 763 tam
1035 709 1087 762 in
1117 709 1200 762 his
1228 723 1391 778 quam
1423 706 1474 760 in
1504 704 1621 758 aliis
1652 717 1772 773 qua:
1804 701 1870 756 ad
1899 700 1991 753 Bi-

419 803 692 857 suntinam
738 797 1012 854 dimcesim
1055 797 1346 866 pertinent,
1374 792 1631 847 Ecclesiae
1673 790 1990 854 Bisuntinar,

420 893 570 949 salvo
618 890 809 946 ordine
859 888 1294 952 suo,obediant,
1323 895 1379 940 et
1426 885 1716 939 canonicos
1766 881 1993 946 bannos,

411 992 580 1051 atque
609 977 1194 1035 excommunicationes
1222 973 1612 1043 archiepiscopi
1640 980 1697 1026 et
1723 969 1996 1026 ministro-

423 1091 538 1129 rum
575 1075 691 1144 ejus
719 1073 1002 1142 diligenter
1041 1073 1351 1126 observent.
1394 1069 1696 1123 Statuimus
1731 1065 1911 1134 igitur,
1943 1070 2000 1117 et

417 1166 712 1236 apostolica
756 1167 1079 1220 auctoritate
1149 1163 1459 1230 ﬁrmamus,
1512 1171 1570 1215 ut
1606 1160 1845 1216 deﬁnitio
1895 1158 1998 1212 ista

419 1258 672 1326 utrinque
715 1257 1033 1311 inconcussa
1072 1266 1336 1317 servetur.
1390 1254 1446 1310 Si
1515 1258 1636 1324 quis
1672 1269 1799 1307 vero
1840 1251 1999 1319 hujus

424 1359 619 1403 nostra:
643 1349 968 1404 deﬁnitionis
997 1349 1233 1404 scienter
1261 1356 1554 1403 temerator
1579 1346 1870 1410 exstiterit,
1897 1344 2000 1399 nisi

421 1441 562 1495 infra
576 1441 928 1510 quadraginta
945 1440 1058 1494 dies
1071 1449 1192 1508 post
1211 1437 1682 1494 commonitionem
1697 1434 1997 1504 resipuerit,

425 1543 480 1585 ct
509 1531 555 1586 ei
587 1532 672 1586 cui
716 1531 963 1600 injuriam
1009 1530 1254 1583 intulerit
1299 1527 1570 1582 amicabili
1605 1525 2002 1595 compositione

427 1628 520 1672 aut
538 1617 740 1686 judicio
767 1617 1096 1684 competenti
1141 1614 1489 1679 satisfecerit,
1523 1613 1661 1667 liesae
1696 1611 2004 1681 apostolica:

429 1708 727 1780 majestatis
756 1722 880 1760 reus
910 1707 1194 1760 habeatur.

496 1801 691 1855 Actum
734 1797 974 1868 Lugduni
1016 1795 1256 1866 publice,
1287 1810 1428 1850 anno
1477 1793 1869 1848 incarnationis
1901 1791 2004 1846 Do-

2095 601 2350 658 rcditario
2382 611 2533 652 suam
2568 609 2690 648 esse
2727 588 2962 651 dicebat,
2993 583 3139 639 dedit
3164 579 3414 636 similiter
3446 578 3498 631 in
3531 577 3682 645 capi-

2097 693 2207 749 tulo
2237 688 2545 746 Saviniensi
2567 698 2748 739 coram
2780 679 2972 734 abbate
2999 685 3053 730 et
3079 672 3357 729 fratribus.
3386 665 3678 723 Wilelmus

2095 786 2163 839 dc
2190 782 2468 838 Malboson
2499 777 2663 831 etiam
2700 771 2844 842 quod
2880 769 2934 824 in
2981 768 3094 837 ipsa
3128 762 3361 820 ecclesia
3405 757 3684 829 quaerebat

2097 876 2216 930 sine
2251 873 2357 928 ullo
2387 876 2599 926 retentu
2629 863 2774 920 dedit
2797 870 2959 930 atque
2986 857 3239 924 wirpivit.
3274 850 3599 908 Amblardus
3627 857 3684 902 et

2098 963 2458 1035 Theotyriuus
2503 957 2708 1014 Portati
2749 964 2805 1010 et
2871 951 2996 1007 Bosi
3042 948 3186 1020 quod
3231 945 3340 1001 illic
3384 943 3485 998 visi
3525 949 3688 996 erant

2099 1033 2336 1122 habere,
2368 1069 2438 1108 ex
2475 1060 2584 1106 toto
2632 1049 2845 1104 dedere.
2890 1043 2993 1111 Qui
3039 1043 3154 1096 haec
3191 1037 3332 1094 dona
3381 1033 3684 1105 infregerit,

2099 1148 2212 1203 sive
2238 1143 2599 1201 calumniatus
2629 1138 2810 1201 fuerit,
2844 1134 3134 1190 anathema
3157 1129 3248 1186 sit.
3271 1128 3467 1182 Amen.

2751 1258 2757 1264 -
2800 1223 2972 1298 ΠΧ.

2103 1368 2294 1426 Charta
2312 1365 2608 1420 donationis
2629 1361 2693 1414 ab
2706 1358 3089 1424 archiepiscopo
3163 1369 3326 1426 agone
3343 1350 3679 1426 (κειράμεηεὶ

2173 1420 2394 1493 Albana.»
2442 1431 2733 1490 Savini‘ensi
2771 1430 2834 1482 de
2873 1420 3070 1496 capella
3109 1425 3172 1482 S.
3197 1420 3358 1478 Ῥεινὶ
3393 1423 3458 1475 de
3484 1420 3676 1476 Camo-

2171 1519 2336 1578 pseto.

2106 1601 2205 1672 (De
2233 1617 2298 1655 LA
2323 1598 2505 1662 Mune,
2531 1594 2687 1659 ibid.,
2708 1608 2780 1717 ei}
2805 1588 3133 1729 (ltllailélill)al‘l0
3165 1584 3408 1656 ejusdem
3438 1583 3686 1649 abbatiae,

2779 1679 2810 1718 ο
2839 1701 2851 1714 .
2991 1687 3004 1713 -.

2779 1679 2851 1718 0|.
2884 1679 3004 1715 121.

2176 1780 2416 1842 Domnus
2450 1781 2602 1852 [iugo
2626 1776 3001 1848 Lugdunensis
3033 1773 3474 1843 archiepiscopus
3516 1767 3692 1822 ecrleo

428 1892 564 1946 nica:
611 1889 766 1955 1196,
805 1860 976 1959 pridie
1016 1860 1138 1941 kal.
1183 1886 1405 1956 Aprilis,
1433 1885 1670 1941 Sabbato
1721 1886 1773 1938 in
1825 1884 1996 1939 Albis.
2031 1870 2076 1930 Β
2103 1882 2237 1938 siam
2267 1877 2450 1933 Sancti
2478 1871 2778 1936 Laurentii,
2801 1878 2854 1924 et
2888 1866 3148 1937 capellam
3188 1863 3376 1918 Sancti
3410 1861 3551 1915 Petri
3587 1860 3689 1913 Ca-

432 1981 602 2050 llujus
632 1995 761 2034 vero
787 1979 1114 2034 deﬁnitionis
1157 1985 1322 2032 testes
1348 1985 1473 2030 sunt
1515 1976 1601 2029 isti
1629 1993 1641 2028 :
1667 1973 1724 2029 S.
1771 1974 2011 2044 llngonis

429 2071 914 2140 Gratianopolitani
963 2068 1229 2139 episcopi;
1265 2068 1323 2121 S.
1363 2066 1614 2121 lrmionis
1655 2066 1865 2120 Dieusis
1897 2066 2012 2135 epi-

433 2165 610 2236 scopi;
645 2163 703 2219 S.
738 2163 1091 2234 Lingonensis
1111 2159 1378 2229 episcopi;
1410 2159 1468 2212 S.
1504 2159 1762 2213 Rostauni
1792 2157 2012 2228 Lngdu-

435 2256 616 2312 nensis
653 2254 1016 2308 archidiaconi
1043 2293 1056 2311 .
1096 2252 1152 2306 S.
1190 2249 1481 2305 Theotardi
1515 2248 1890 2315 Lugdunensis
1917 2264 2011 2302 ca-

437 2351 678 2416 merarii,
715 2350 774 2404 S.
801 2349 1087 2403 Joceranni
1120 2347 1492 2417 Lugdunensis
1529 2345 1788 2407 cantoris,
1824 2342 1882 2397 S.
1907 2342 2016 2398 Go-

437 2445 593 2499 donis
617 2441 860 2498 canonici
885 2448 939 2495 et
963 2441 1438 2511 archipresbyteri,
1469 2437 1529 2492 S.
1554 2436 1798 2491 Mainerii
1825 2436 2016 2490 decani

440 2533 728 2599 Bisuntini,
759 2533 818 2588 S.
851 2531 1110 2602 Ilugonis.
1141 2533 1197 2586 S.
1241 2530 1518 2601 Stephani,
1553 2529 1612 2582 S.
1644 2527 1898 2582 Willelmi
1929 2543 2017 2580 ar-

441 2625 764 2690 chidiaconi,
793 2624 854 2679 S.
887 2624 1145 2693 Stephani
1174 2624 1431 2686 cantoris,
1458 2624 1514 2677 S.
1538 2621 1778 2692 llugouis
1807 2621 2013 2675 archid.

443 2719 501 2770 ὃ.
531 2715 837 2772 Jarentonis
865 2715 1094 2779 abbatis,
1114 2714 1172 2770 S.
1203 2713 1419 2769 Joﬁ'redi
1453 2713 1667 2782 prioris,
1690 2712 1748 2765 S.
1779 2710 2018 2782 Hugonis

445 2809 730 2874 monachi,
763 2809 822 2863 S.
875 2809 1097 2862 alterius
1151 2807 1388 2876 llugonis
1431 2807 1500 2860 dc
1551 2805 1711 2859 Berth
1748 2805 2016 2868 monachi,

445 2902 505 2957 S.
531 2900 732 2957 Odonis
753 2899 1022 2962 monachi,
1048 2897 1106 2952 S.
1132 2896 1355 2950 Eurardi
1389 2894 1666 2949 monachi.

1145 3008 1332 3064 XXIX.

449 3133 642 3186 CImrta
663 3128 960 3184 donationis
987 3125 1215 3181 ecclesia:
1245 3124 1425 3180 Sancti
1445 3123 1671 3178 Joannis
1693 3121 1757 3175 de
1789 3120 2025 3176 Bruilloo‘

519 3204 582 3255 lis
606 3202 667 3256 ab
694 3193 914 3269 Hugone
943 3197 1325 3266 archiepiscopo
1359 3194 1721 3264 Lugdunensis
1752 3191 1998 3246 Ecclesia.-

519 3273 742 3326 abbalia.’
769 3269 1082 3326 S’avinirnsi.

451 3363 549 3432 (De
578 3379 641 3419 ω
659 3362 837 3424 illunc,
869 3359 1009 3432 Hist.
1035 3359 1228 3432 egenis.
1249 3358 1312 3411 de
1340 3355 1596 3432 Lyon,_p._
1616 3351 1740 3432 590,
1772 3369 1835 3408 ex
1869 3353 2026 3407 char-

821 3431 1020 3486 tulario
1049 3428 1343 3491 Saviniac.,
1377 3425 1469 3481 fol.
1500 3425 1648 3494 120.)

524 3527 970 3594 archiepiscopus
992 3521 1144 3592 l-lugo
1170 3518 1544 3591 Lugdunensis
1571 3511 1773 3572 San'cto
1797 3515 2025 3570 Martino

453 3617 753 3671 Saviniensi
784 3625 838 3669 et
861 3616 1060 3669 domno
1085 3613 1244 3667 lterio
1273 3611 1451 3665 abbati
1491 3609 1726 3665 secundo
1752 3617 1808 3663 et
1837 3623 2026 3662 mona-

455 3708 574 3762 chis
599 3707 669 3760 ibi
701 3705 810 3759 Deo
839 3703 1202 3759 servientibus
1243 3701 1528 3756 ecclesiam
1577 3699 1762 3756 Sancti
1801 3697 2026 3754 Joannis

454 3798 522 3850 de
551 3793 818 3848 Bruillolis
846 3794 1066 3848 donavit
1093 3802 1254 3862 atque
1282 3791 1516 3847 laudavit
1543 3793 1643 3847 sub
1673 3789 2022 3846 testibushis:

455 3887 646 3942 Girino
682 3885 866 3950 Calvo,
893 3883 1080 3940 Glrino
1112 3883 1412 3954 capellano,
1442 3883 1680 3938 Berardo
1718 3881 1891 3947 Ursel,
1921 3881 2026 3936 Ca-

459 3980 630 4043 tardo,
654 3978 943 4044 Bostanno,
963 3977 1138 4032 Ferlo.
1159 3978 1460 4032 Willelmus
1481 3976 1796 4048 d‘Algerolis
1815 3989 2028 4045 quoque

457 4080 511 4126 et
558 4071 729 4126 frater
774 4069 891 4139 ejus
930 4070 1156 4127 Pontius
1203 4086 1301 4141 pro
1345 4087 1405 4126 se
1449 4072 1670 4141 suisque
1714 4070 2028 4142 parentibus

457 4172 668 4232 partem
703 4178 864 4232 quam
903 4161 958 4217 in
983 4163 1087 4220 hac
1115 4164 1342 4220 ecclesia
1389 4163 1738 4235 possidebant
1769 4161 2032 4217 dederunt

461 4254 661 4311 Sancto
687 4255 934 4321 Martino,
958 4267 1015 4313 et
1037 4267 1333 4314 memorato
1353 4257 1531 4312 abbati
1559 4257 1676 4312 sine
1701 4255 1879 4324 aliquo
1910 4269 2031 4308 mu-

2112 1967 2338 2039 mopseti
2383 1981 2504 2020 cum
2553 1960 2778 2018 decimis
2827 1968 2883 2014 et
2937 1973 3124 2012 eorum
3178 1952 3514 2025 appendiciis
3547 1951 3695 2034 dedit

2113 2027 2274 2136 atque
2304 2062 2538 2117 laudavit
2573 2059 2775 2114 Sancto
2809 2053 3038 2109 Martino
3066 2049 3391 2112 Savinicnsi,
3420 2054 3476 2101 et
3509 2027 3693 2099 abbati

2112 2159 2272 2214 lterio
2319 2155 2576 2220 secundo,
2608 2148 2994 2216 munachisque
3032 2144 3161 2199 inibi
3215 2142 3324 2196 Deo
3374 2138 3688 2193 famulanti-

2114 2254 2232 2306 bus.

2191 2345 2413 2414 Signum
2451 2341 2696 2412 Wigonis
2735 2336 2944 2394 abbatis
2988 2331 3171 2388 fratris
3205 2328 3338 2396 ejus,
3365 2324 3577 2380 Arberti
3605 2337 3695 2376 ar-

2117 2432 2416 2488 chidiaconi
2439 2472 2453 2496 ,
2483 2431 2655 2486 Girini
2684 2424 2863 2492 Calvi,
2892 2423 3065 2482 Girini
3095 2418 3378 2491 capellani,
3409 2416 3694 2476 Bostanni,

2119 2523 2330 2579 Arberti
2357 2519 2838 2592 archipresbyteri.

2809 2606 2998 2665 XXXI.

2119 2723 2313 2779 Charta
2365 2723 2664 2778 donationis
2719 2720 2951 2776 ecclesia:
2999 2717 3063 2770 de
3108 2713 3434 2768 Bessennaco
3481 2709 3706 2763 abbatim

2191 2795 2551 2850 Saviniarcnsi
2601 2795 2664 2847 ab
2731 2791 2954 2860 [fugane
3025 2785 3274 2840 Ecclesia:
3341 2780 3705 2852 Lugdunensis

2192 2865 2595 2934 archiepiscoyo.

2122 2978 2224 3052 (De
2259 2994 2323 3031 LA
2354 2976 2510 3034 Mune
2547 2975 2698 3040 ibid.,
2726 2989 2793 3029 ex
2828 2967 3158 3098 cliartqlario
3189 2964 3418 3020 abbatia:
3450 2960 3703 3018 Savinia-

2791 3056 2992 3098 census.

2791 3056 2992 3098 CGIISIS.

2198 3155 2635 3227 Lugdunensium
2683 3151 3121 3222 archiepiscopus
3165 3145 3344 3216 lingu,
3377 3144 3484 3197 Deo
3536 3142 3706 3210 inspi-

2005 3233 2019 3257 ’
2050 3223 2097 3286 C
2128 3257 2304 3312 rante,
2335 3245 2619 3301 ecclesiam
2651 3242 2716 3297 de
2757 3242 3093 3296 Besscnnacu
3131 3238 3280 3292 dedit
3320 3234 3521 3289 Sancto
3566 3231 3710 3287 illar-

2131 3345 2246 3397 tino
2296 3337 2668 3396 Saviniacensi
2711 3345 2765 3391 et
2803 3334 2982 3389 abbati
3027 3333 3188 3386 lterio
3232 3327 3489 3391 secundo,
3518 3342 3706 3380 mona-

2129 3435 2348 3503 ehisque
2389 3431 2582 3485 ibidem
2624 3428 2960 3497 degentibus.
3008 3425 3144 3478 lluic
3182 3421 3422 3476 ecclesia:
3463 3418 3714 3472 domina-

2129 3522 2495 3594 banturWigo
2519 3522 2750 3589 Longus,
2771 3519 3093 3573 Amblaralus
3114 3525 3169 3568 ct
3189 3513 3493 3567 Willelmus
3517 3509 3716 3563 fratres

2132 3619 2302 3681 illius,
2322 3616 2412 3686 qui
2435 3625 2532 3686 pro
2553 3629 2648 3668 sua
2676 3625 3003 3679 Suorumquc
3031 3618 3315 3676 parentum
3345 3603 3716 3672 redemptione

2132 3709 2337 3777 absque
2367 3705 2474 3760 ullo
2521 3717 2746 3758 munere
2777 3701 2835 3754 S.
2869 3699 3100 3753 Mat-Iino
3131 3695 3501 3752 Saviuiacensi
3531 3709 3596 3748 ex
3633 3693 3716 3744 in—

2133 3805 2284 3863 tegro
2329 3795 2594 3849 dederunt
2633 3801 2794 3859 atque
2842 3789 3230 3852 laudaveruut,
3275 3794 3410 3840 teste
3439 3781 3718 3837 Barnuino

2131 3885 2600 3954 archipresbytero
2645 3891 2700 3934 et
2753 3879 2974 3948 llugone
3019 3879 3086 3932 de
3133 3876 3377 3946 Lasney;
3407 3873 3716 3944 Stephanus

2133 3978 2371 4047 Nigellus
2403 3987 2609 4046 partem
2651 3989 2810 4042 quant
2850 3975 2917 4025 ab
2953 3986 3122 4025 uxore
3164 3975 3450 4037 acceperat
3479 3967 3626 4020 dedit
3662 3966 3714 4017 in

2133 4072 2280 4125 obitu
2327 4084 2424 4124 suo
2475 4069 2675 4120 Sancto
2705 4064 2969 4127 Mat-tino;
3008 4061 3235 4116 testibus
3279 4059 3404 4112 ﬁliis
3449 4057 3566 4125 ejus
3591 4055 3716 4108 Wi-

2135 4161 2297 4222 lelmo
2332 4167 2386 4213 et
2426 4157 2731 4227 Stephano,
2764 4170 2971 4210 necnon
3022 4152 3301 4222 Stephano
3347 4149 3632 4208 Willencu.
3666 4157 3720 4202 et

2141 4253 2308 4308 fratre
2336 4253 2454 4322 ejus
2482 4249 2723 4320 Hugone.

1772 4555 1941 4598 ANNO
1984 4553 2211 4596 DOMINI
2246 4551 2399 4597 MCVI

795 4717 1846 5018 .PETBUS
2001 4701 3384 4982 ALPHONSI'.

1327 5047 1488 5135 EX
1555 5042 1984 5134 JUD/EO
2041 4965 2872 5170 "CHRISTIANUS

708 5307 1332 5440 lNOTlTIA
1446 5301 2216 5418 HISTORICA
2298 5299 2479 5412 ET
2567 5207 3440 5412 LITTERARlA

1241 5524 1586 5596 (Bibliotheca
1618 5522 1855 5594 Iuspana
1885 5530 2039 5577 vetus
2061 5561 2077 5585 ,
2107 5530 2328 5576 auctore
2353 5519 2414 5573 D.
2445 5518 2703 5584 Antonio,
2733 5516 2818 5584 lll,
2857 5516 2949 5589 16)

550 5691 785 5762 Moyses,
839 5689 1092 5744 lleorzeus
1143 5694 1358 5740 natione
1405 5693 1688 5762 sectaque,
1741 5684 1818 5762 ab_
1860 5696 1945 5762 ean
1976 5680 2042 5734 ad

479 5749 945 5815 Chrisiianismnm
971 5773 1261 5812 conversus
1287 5772 1429 5810 anno
1454 5749 1611 5816 1106,
1656 5755 1706 5806 in
1738 5751 1871 5805 urbe
1905 5749 2044 5805 Osca

482 5831 626 5900 regni
669 5831 968 5899 Arrtgmtiw,
1010 5844 1071 5883 ac
1115 5827 1327 5883 Parcus
1371 5828 1636 5881 ALPIIONSI
1679 5831 2042 5891 nuncupatus,

2150 5693 2215 5734 eo
2241 5679 2384 5749 quod
2417 5678 2470 5731 in
2501 5677 2639 5749 festo
2668 5675 2768 5730 SS.
2802 5672 3174 5749 apostolorum
3199 5669 3343 5724 Petri
3368 5676 3430 5749 et
3455 5663 3726 5749 Pauli_sa-_-

2152 5736 2490 5802 ero'tinctus
2532 5748 2750 5800 lavacro
2785 5736 3109 5814 Al'phonsum
3149 5736 3632 5814 Aragtrnite__simu_l
3661 5747 3725 5814 et

2151 5818 2393 5875 Castella:
2423 5828 2582 5887 atque
2615 5806 2862 5890 Legionis
2900 5829 3112 5886 regem,
3145 5806 3298 5881 cujus
3329 5809 3570 5865 medicus
3599 5806 3726 5873 fuit,

3831 4631 3856 4658 II

3897 4843 3904 4852 ο

3817 4943 3836 4962 Ι

3559 4597 3564 4604 ο

3407 4779 3414 4786 ⁰
3435 4791 3438 4794 .
3491 4779 3500 4792 Φ

3607 4811 3624 4818 δ
3651 4817 3656 4820 ,
3693 4813 3696 4816 .

3577 4873 3594 4878 _
3653 4859 3660 4870 ι

3747 4907 3772 4918 ο

3905 4983 4056 5046 ,1,
