4106 6356
399 380 502 436 537

1874 379 2166 437 DIALOGI.

3551 388 3652 444 538
3664 383 3670 390 ’

401 506 552 559 Tunc
610 503 764 558 nobis
810 502 1214 573 prophetiarum
1261 502 1495 558 claustra
1547 511 1871 571 patuerunt,
1922 513 1978 557 et
2005 512 2051 566 Α
2079 503 2338 558 stolarum
2365 503 2507 557 Petri
2533 513 2587 558 et
2613 504 2783 559 Pauli.
2810 504 2963 560 Unde
2995 507 3123 561 mihi
3151 508 3221 562 ob
3253 508 3652 566 venerationem

399 611 585 649 earum
619 611 816 649 arcana
846 594 1076 648 revelata
1102 602 1249 657 sunt,
1286 603 1336 648 et
1365 593 1704 647 admovimus
1733 595 1973 647 animum

401 688 466 740 ad
497 687 898 756 percipiendum
927 702 1114 741 verum
1151 701 1335 740 earum
1369 685 1721 752 intellectum,
1747 685 1976 739 morati-

400 792 505 845 que
529 791 713 830 sumus
737 791 897 845 super
923 776 1094 844 ipsum
1119 775 1535 846 explanandnm.
1571 775 1722 830 Unde
1747 791 1977 844 perpen-

401 869 596 934 dimus,
627 877 682 922 et
710 869 852 938 quod
902 869 955 922 in
1001 868 1080 922 eis
1121 867 1544 936 intelligendum,
1577 875 1631 920 et
1661 867 1804 935 quod
1851 866 1975 921 inde

399 967 481 1012 est
523 959 886 1022 credendum,
917 957 1172 1012 videlicet
1219 957 1361 1026 quod
1416 971 1554 1008 unus
1601 956 1670 1010 sit
1724 955 1887 1018 Deus,
1920 955 1974 1009 in

399 1069 748 1124 personarum
780 1053 1066 1119 Trinitate,
1095 1066 1214 1122 qua:
1261 1066 1360 1106 nec
1409 1049 1520 1104 ullo
1553 1065 1612 1104 se
1659 1049 1973 1119 praecedunt

402 1155 674 1215 tempore,
726 1160 824 1200 nec
865 1144 1044 1215 aliqua
1089 1159 1120 1199 a
1165 1159 1223 1199 se
1269 1152 1622 1211 segregantur
1675 1143 1964 1207 divisione,

401 1254 533 1308 quas
557 1237 850 1294 Christiani
883 1237 1116 1301 Patrem,
1144 1246 1199 1290 et
1230 1235 1443 1295 Filium.
1471 1246 1524 1290 et
1557 1235 1818 1305 Spiritum
1844 1251 1974 1289 san-

401 1340 542 1384 ctum
590 1328 891 1393 nominant,
923 1337 977 1382 et
1030 1327 1172 1396 quod
1225 1327 1378 1380 beata
1436 1325 1602 1378 Maria
1653 1325 1718 1379 de
1765 1324 1974 1394 Spiritu

400 1428 588 1474 sancto
617 1417 949 1487 concipiens,
977 1415 1094 1472 sine
1123 1417 1264 1470 virili
1289 1415 1673 1471 commistione
1698 1413 1972 1468 Christmn

400 1507 627 1576 peperit,
650 1520 846 1576 corpus
871 1520 1134 1576 generans
1161 1506 1480 1569 animatum,
1508 1505 1649 1573 quod
1674 1505 1974 1574 incompre-

402 1598 682 1654 henslbilis
724 1598 940 1654 deitatis
983 1607 1128 1653 esset
1171 1598 1558 1654 habitaculum.
1599 1597 1748 1653 Unus
1793 1599 1974 1668 itaque

399 1690 646 1744 Christus
671 1690 840 1744 tribus
862 1688 1131 1760 perfectus
1154 1689 1490 1754 substantiis,
1519 1705 1746 1760 corpore
1768 1690 1976 1746 scilicet

400 1780 578 1835 anima
631 1789 687 1835 et
737 1780 968 1846 deitate,
1005 1781 1145 1858 idem
1190 1790 1244 1834 et
1293 1781 1434 1834 Deus
1474 1789 1529 1834 et
1578 1781 1740 1836 homo
1787 1791 1890 1846 est,
1919 1791 1976 1837 et

398 1873 542 1941 quod
587 1887 710 1928 eum
756 1871 925 1928 ιιι(ιωί
957 1873 1342 1927 crucifixcrunt
1365 1914 1381 1939 ,
1416 1887 1512 1927 sua
1546 1873 1894 1942 dispositione
1921 1884 1975 1928 et

400 1965 698 2030 veluntate,
730 1976 788 2018 ut
819 1967 960 2020 sicut
989 1974 1106 2021 erat
1133 1974 1345 2020 creator
1369 2006 1383 2030 ,
1414 1964 1567 2020 ﬁeret
1587 1973 1642 2019 ct
1667 1965 1974 2036 redemptor

401 2054 572 2109 totius
603 2064 802 2110 sanctae
835 2054 1089 2108 Ecclesize
1111 2096 1125 2117 .
1159 2053 1395 2109 fidelium
1429 2055 1636 2110 scilicet
1665 2056 1974 2126 praeceden-

401 2144 531 2197 tium
555 2154 611 2198 et
632 2143 987 2213 sequentium,
1013 2157 1364 2216 mortuusque
1385 2160 1611 2215 corpore
1636 2153 1692 2200 et
1713 2145 1970 2216 sepultus,

397 2247 452 2292 et
481 2237 639 2292 tertia
667 2237 753 2292 die
780 2238 1077 2292 resurrexit
1102 2254 1130 2291 a
1165 2239 1423 2305 mortuis,
1452 2239 1696 2294 ascendit
1723 2240 1887 2294 etiam
1919 2240 1972 2294 in

399 2330 622 2394 ccelnm,
653 2340 707 2384 et
734 2330 804 2384 ibi
837 2331 997 2385 simul
1024 2341 1108 2386 est
1142 2347 1264 2386 cum
1294 2331 1473 2397 Patre,
1504 2341 1764 2387 venturus
1793 2333 1846 2387 in
1887 2333 1976 2389 die

393 2420 621 2491 jadicii,
646 2421 889 2490 judicare
937 2424 1086 2478 vivos
1135 2434 1189 2480 et
1229 2437 1492 2492 mortuos,
1529 2427 1668 2482 sicut
1701 2429 1975 2499 propheta:

400 2513 562 2568 locuti
605 2522 750 2577 sunt,
779 2522 833 2568 et
882 2512 1120 2568 futurmn
1177 2517 1564 2586 praedixerunt.
1617 2518 1748 2573 Cum
1795 2520 1975 2589 itaque

399 2603 594 2657 divina:
618 2603 978 2659 miserationis
1006 2605 1265 2661 instinctu
1288 2609 1355 2662 ad
1386 2619 1492 2662 tam
1516 2609 1783 2664 excelsum
1817 2608 1975 2676 hujus

398 2693 522 2748 fidei
561 2695 786 2765 gradum
835 2697 1222 2766 pervenissem,
1253 2699 1377 2754 exui
1428 2700 1646 2768 pallium
1697 2699 1969 2767 falsitatis,

397 2795 454 2839 et
480 2787 708 2842 nudatus
752 2802 870 2842 sum
918 2789 1098 2844 tunica
1138 2790 1468 2862 iniquitatis,
1501 2801 1557 2846 et
1584 2792 1889 2863 baptizatus
1916 2793 1967 2848 in

399 2878 523 2932 sede
548 2877 802 2934 Oscensis
829 2879 1087 2945 civitatis,
1120 2881 1172 2936 in
1203 2883 1420 2938 nomine
1447 2884 1647 2948 Patris,
1668 2893 1721 2939 et
1750 2884 1895 2948 Filii,
1918 2893 1971 2940 et

401 2966 634 3036 Spiritus
664 2968 857 3036 sancti,
885 2971 1202 3040 purificatus
1249 2974 1500 3030 manibus
1550 2975 1809 3044 Stephani
1859 2976 1972 3046 glo-

401 3059 528 3114 riosi
559 3069 614 3114 et
653 3061 876 3134 legitimi
929 3065 1170 3134 ejusdem
1219 3065 1456 3121 civitatis
1502 3066 1765 3138 episcopi.
1825 3067 1968 3122 Hora

2078 602 2132 648 et
2161 595 2475 649 memoriam
2507 594 2745 662 eiusdem
2772 597 3020 659 apostoli,
3049 614 3241 652 nomen
3273 600 3412 667 quod
3439 609 3524 653 est
3553 601 3652 654 Pe-

2078 697 2215 752 trus,
2251 687 2504 757 imposui.
2552 686 2673 740 Fuit
2713 698 2892 742 autem
2946 699 3101 757 pater
3155 705 3306 744 mens
3353 692 3656 760 spiritualis

2076 777 2378 841 ALFUNSUS,
2407 777 2674 849 gloriosus
2709 777 2975 846 Hispania:
3005 779 3320 848 imperator,
3349 781 3438 850 qui
3469 797 3553 834 me
3583 783 3652 836 de

2077 883 2232 922 sacro
2281 867 2431 922 fonte
2471 867 2746 936 suscepit,
2799 883 2966 936 quare
3015 882 3207 921 nomen
3254 867 3370 935 ejus
3419 869 3643 939 praefato

2075 958 2281 1012 nomini
2312 973 2430 1012 meo
2471 972 2760 1026 apponens,
2792 955 2983 1011 Petrus
3029 957 3235 1013 Alfunsi
3269 960 3397 1013 mihi
3445 975 3644 1014 nomen

2077 1047 2326 1116 imposui.
2370 1045 2610 1115 Cumque
2638 1055 2819 1099 notum
2850 1054 2993 1100 esset
3022 1045 3221 1100 Judmis
3243 1048 3332 1117 qui
3365 1063 3448 1102 me
3479 1058 3640 1102 antea

2074 1148 2356 1206 noverant,
2389 1149 2443 1193 et
2495 1137 2858 1207 probaverant
2885 1138 3113 1207 peritum
3158 1139 3210 1192 in
3238 1139 3390 1194 libris
3417 1144 3651 1210 prophe-

2075 1236 2250 1282 tarmn
2299 1237 2353 1282 et
2393 1228 2549 1282 dictis
2591 1227 2905 1292 doctorum,
2935 1236 3139 1296 partem
3189 1230 3352 1283 etiam
3388 1245 3492 1283 non
3530 1246 3651 1283 ma-

2075 1335 2232 1390 gnam
2258 1318 2454 1372 habere
2480 1319 2717 1372 omnium
2742 1317 3042 1372 liberalium
3067 1319 3286 1382 artium,
3305 1320 3446 1387 quod
3474 1319 3652 1389 legem

2074 1423 2128 1466 et
2156 1410 2312 1464 fidem
2363 1411 2689 1478 accepissem
2721 1409 3173 1473 Christianorum,
3201 1419 3255 1464 et
3299 1426 3436 1463 unus
3464 1426 3640 1464 essem

2074 1517 2281 1565 eorum,
2309 1503 2527 1573 quidam
2579 1518 2765 1556 eorum
2808 1500 3057 1555 arbitrati
3107 1510 3234 1554 sunt
3279 1517 3364 1556 me
3395 1502 3496 1555 hoc
3542 1517 3650 1555 non

2074 1593 2267 1649 fecisse
2287 1635 2302 1658 ,
2331 1595 2430 1648 nisi
2463 1595 2586 1664 quia
2617 1595 2753 1648 adeo
2789 1609 3003 1648 omnem
3033 1594 3343 1663 abjcceram
3389 1606 3624 1647 verecun

2074 1687 2216 1742 diam
2238 1726 2254 1752 ,
2291 1687 2432 1756 quod
2461 1696 2516 1740 et
2545 1687 2710 1741 Deum
2740 1696 2794 1740 et
2842 1686 3009 1756 legem
3059 1697 3514 1756 contempseram.
3550 1686 3650 1739 Alii

2073 1793 2201 1833 vero
2242 1789 2527 1849 propterea
2578 1795 2662 1832 me
2708 1777 2904 1832 fecisse
2952 1779 3225 1841 dicebant,
3258 1777 3400 1847 quod
3433 1793 3539 1831 non
3585 1789 3644 1830 ut

2008 1853 2050 1910 Β
2077 1875 2334 1935 decuerat
2373 1871 2755 1942 prophetarum
2795 1881 2849 1924 et
2878 1871 3008 1940 legis
3039 1871 3199 1924 verba
3248 1869 3629 1924 intellexissent

2074 1963 2180 2018 Alii
2209 1973 2386 2017 autem
2433 1978 2583 2016 vana:
2613 1962 2796 2032 glorim
2832 1962 3200 2031 imputabant,
3233 1971 3286 2016 et
3316 1978 3400 2016 me
3441 1961 3545 2015 hoc
3573 1961 3645 2014 fe-

2076 2056 2216 2111 cisse
2256 2054 2732 2110 calumniabantur
2767 2054 2835 2107 ob
2877 2053 3136 2106 honorem
3186 2053 3387 2117 saeculi,
3414 2068 3478 2106 eo
3507 2054 3649 2122 quod

2075 2147 2506 2202 Christianorum
2553 2156 2765 2215 gentem
2813 2146 3024 2201 cmteris
3072 2145 3322 2199 onmibns
3370 2160 3646 2214 superesse

2077 2238 2467 2308 conspicerem.
2498 2237 2648 2292 Hunc
2674 2237 2836 2308 igitur
2865 2237 3098 2291 libellum
3131 2238 3430 2306 composui.
3455 2248 3512 2291 ut
3534 2254 3653 2291 om-

2076 2343 2173 2383 nes
2226 2337 2281 2382 et
2329 2344 2502 2383 meam
2553 2338 2881 2397 cognoscant
2929 2330 3305 2392 intentionem,
3335 2339 3389 2382 et
3431 2331 3657 2384 audiant

2075 2419 2362 2482 rationem,
2393 2420 2445 2473 in
2473 2435 2578 2488 quo
2607 2419 2848 2473 omnimn
2878 2420 3103 2473 aliarum
3134 2420 3376 2489 gentium
3421 2421 3657 2476 creduli-

2077 2511 2204 2566 tatis
2227 2511 2646 2566 destructionem
2677 2513 2962 2580 prazposui,
2995 2512 3250 2580 posthaec
3279 2510 3652 2566 Christianam

2076 2604 2245 2672 legem
2295 2602 2545 2658 omnibus
2596 2603 3027 2671 przestantiorcm
3083 2618 3204 2656 esse
3250 2601 3515 2656 conclusi.
3570 2604 3652 2656 Ad

2074 2695 2323 2750 ultimum
2369 2693 2531 2750 etiam
2575 2709 2764 2750 omnes
2817 2695 3098 2765 cujuslibet
3143 2695 3467 2751 Christian:e
3519 2695 3655 2764 legis

2074 2786 2366 2841 adversarii
2389 2784 2716 2851 obiectiones
2740 2787 2912 2855 posui,
2939 2787 3247 2854 positasque
3276 2802 3373 2856 pro
3403 2803 3522 2842 meo
3566 2805 3655 2841 sa-

2075 2895 2202 2949 pere
2243 2895 2362 2934 cum
2411 2879 2612 2933 ratione
2643 2888 2697 2934 et
2745 2881 3068 2934 auctoritate
3115 2881 3377 2935 destrnxi.
3429 2881 3650 2934 Librum

2074 2979 2252 3025 autem
2290 2980 2459 3024 totum
2493 2971 2712 3025 distinxi
2742 2987 2839 3040 per
2869 2972 3163 3041 dialogum,
3191 2983 3249 3027 ut
3289 2973 3505 3027 lectoris
3537 2975 3656 3026 ani-

2073 3079 2193 3118 mus
2208 3064 2503 3134 promptior
2523 3063 2615 3118 fiat
2632 3064 2698 3118 ad
2723 3063 3142 3134 intelligendum.
3161 3063 3215 3118 In
3236 3065 3472 3118 tutandis
3491 3065 3652 3118 etiam

398 3150 560 3204 etiam
591 3153 949 3222 baptismatis,
990 3166 1184 3227 prmter
1234 3173 1296 3213 ea
1342 3174 1460 3228 qua:
1501 3161 1778 3230 prtemissa
1821 3171 1965 3227 sunt,
1997 3197 2041 3258 ο
2073 3155 2501 3211 Christianorum
2522 3157 3643 3227 rationibus,nomenquodmodoChristia-

399 3243 604 3298 credidi
652 3246 834 3304 beatos
875 3250 1166 3320 apostolos,
1195 3260 1249 3306 et
1283 3262 1523 3306 sanctam
1555 3251 1850 3307 Ecclesiam
1879 3270 1969 3309 ca-

401 3336 672 3392 tholicam.
725 3339 835 3395 Hoc
878 3350 1058 3396 autem
1108 3341 1308 3397 factum
1341 3353 1422 3397 est
1447 3360 1586 3397 anno
1618 3360 1647 3400 a
1679 3345 1966 3408 nativitate

402 3427 610 3484 Domini
641 3431 924 3486 millesimo
950 3433 1247 3487 centesimo
1276 3443 1447 3493 sexto.
1474 3435 1648 3489 anatis
1677 3451 1808 3490 mete
1829 3451 1969 3490 anno

2072 3263 2172 3301 nus
2198 3247 2552 3318 habeo,posui
2574 3249 2654 3301 :in
2678 3249 2978 3303 rationibus
2999 3264 3128 3302 vero
3150 3249 3440 3304 adversarii
3467 3249 3652 3303 confu.

2070 3340 2267 3405 tandis,
2296 3356 2488 3395 nomen
2515 3343 2658 3411 quod
2681 3341 3138 3409 autehaptismnm
3169 3341 3486 3402 habueram,
3504 3342 3554 3395 id
3573 3349 3656 3394 est

2069 3431 2307 3503 Moysen.
2341 3432 2558 3485 Librum
2591 3433 2752 3485 etiam
2787 3431 2840 3485 in
2875 3431 3059 3484 titulos
3083 3431 3361 3484 duodecim
3389 3431 3567 3497 divisi,
3597 3442 3654 3485 ut

399 3520 814 3593 quadragesimo
845 3533 1058 3592 quarto,
1087 3541 1271 3580 mense
1300 3524 1462 3589 Julio,
1494 3527 1579 3580 die
1611 3527 1806 3580 natalis
1843 3543 1968 3595 apo—
2069 3525 2208 3593 quod
2234 3525 2402 3580 lector
2428 3527 2654 3595 quisque
2683 3523 3151 3588 desiderat,citins
3177 3523 3229 3578 in
3255 3523 3359 3578 illis
3389 3523 3647 3577 inveniat.

413 3725 1654 3750 —————-——.——-—_———_—__—

1659 3729 3647 3759 ————_——_—_—_———————-———‘

983 3890 1563 4018 INCIPIT
1659 3889 2456 4022 DIALOGUS
2567 3896 3066 4093 PETRI.

531 4142 1356 4240 COGNOMENTO
1426 4143 2072 4271 ALPHONSI,
2112 4145 2280 4237 EX
2329 4142 2759 4238 JUDIEO
2831 4145 3524 4236 CHRISTIANI

2001 4350 2071 4392 IT

1511 4512 1962 4632 MOYSI
2038 4515 2538 4634 JUD/EI.

473 4820 706 4877 Penus.
743 4820 783 4872 Δ
815 4830 1001 4874 tenera
1048 4821 1208 4891 igitur
1258 4820 1506 4889 pueritia:
1550 4828 1709 4873 :etate
1751 4819 1966 4888 quidam
1995 4823 2048 4880 D
2075 4821 2183 4874 rari
2220 4821 2482 4876 sollicitus
2511 4821 2586 4874 fni
2611 4862 2625 4887 ,
2657 4821 2751 4876 sed
2784 4837 2936 4876 meus
2980 4821 3202 4878 aﬂ‘ectus
3245 4823 3421 4879 caruit
3461 4825 3655 4883 effectu

400 4915 536 4968 mihi
602 4913 1027 4983 perfectissimus
1089 4913 1394 4967 adhazserat
1449 4912 1674 4974 amicus,
1752 4913 1970 4966 nomine

400 5004 633 5075 Moyses,
662 5004 752 5072 qui
782 5004 1090 5073 a-primaava
1113 5013 1271 5058 aetate
1301 5018 1454 5057 meus
1482 5004 1763 5057 consocius
1795 5003 1970 5056 fuerat

398 5109 452 5150 et
481 5095 902 5164 condiscipulus.
951 5094 1031 5149 Ad
1070 5095 1216 5150 hunc
1242 5109 1364 5149 eum
1409 5093 1746 5162 pervenisset
1791 5107 1972 5147 sermo

399 5187 542 5255 quod
567 5201 668 5256 ego
705 5195 928 5256 paterna
964 5185 1082 5257 lege
1112 5186 1300 5242 relicta
1343 5185 1708 5241 Christianam
1739 5185 1970 5258 delegis-

400 5291 512 5332 sem
545 5277 733 5345 fidem,L
756 5277 940 5332 relicto
961 5292 1072 5332 suae
1098 5278 1349 5334 stationis
1379 5277 1516 5341 loco,
1542 5278 1606 5332 ad
1634 5294 1720 5333 me
1743 5277 1972 5334 festinus

401 5369 667 5438 pervenit,
698 5369 751 5424 in
798 5369 914 5439 ipso
958 5370 1191 5425 adventu
1231 5371 1519 5441 quemdam
1554 5370 1760 5424 vultum
1791 5371 1971 5427 ferens

401 5457 637 5513 hominis
660 5458 1006 5530 indignantis,
1033 5468 1085 5515 et
1113 5460 1398 5532 increpans
1423 5461 1682 5516 salutavit
1711 5476 1795 5516 me
1822 5477 1972 5518 more

402 5563 510 5603 non
535 5548 716 5616 amici,
744 5551 836 5606 sed
862 5551 1015 5620 quasi
1037 5550 1220 5619 alieni,
1247 5561 1303 5607 et
1323 5552 1403 5608 sic
1429 5567 1656 5608 exorsus
1684 5563 1806 5609 est:
1831 5553 1970 5622 Vah,

403 5637 565 5697 Petre
610 5639 852 5696 Alfunsi!
902 5641 1124 5698 Multum
1175 5642 1524 5714 pertransivit
1569 5645 1856 5716 temporis,
1907 5661 1975 5700 ex

407 5747 514 5802 quo
539 5735 607 5792 ad
636 5745 688 5792 te
717 5733 919 5804 venire,
952 5742 1002 5792 te
1027 5736 1228 5801 videre,
1259 5744 1438 5792 tecum
1469 5733 1615 5806 loqui
1643 5744 1695 5792 et
1731 5752 1973 5793 commo-

2075 4926 2246 4980 usque
2277 4913 2456 4978 modo,
2485 4929 2609 4967 cum
2658 4923 2710 4968 te
2755 4914 2878 4968 laeto
2925 4914 3017 4968 Dei
3065 4915 3239 4984 gratia
3278 4916 3434 4971 video
3483 4918 3654 4973 vultu.

2075 5003 2230 5058 Nunc
2275 5013 2418 5059 tuam
2450 5007 2604 5073 mihi,
2630 5022 2832 5076 quasso,
2862 5008 3158 5077 patefacias
3195 5009 3567 5066 intentionem.
3603 5023 3658 5066 et

2075 5110 2171 5164 per
2191 5110 2352 5164 quam
2381 5095 2462 5151 vel
2485 5099 2764 5167 antiquam
2795 5099 3120 5164 deserueris,
3149 5101 3231 5155 vel
3262 5117 3455 5156 novam
3486 5103 3654 5171 legem

2079 5185 2345 5255 delegeris
2373 5187 2578 5256 pandas
2619 5186 2901 5241 rationem.
2937 5187 3069 5242 Novi
3102 5189 3246 5244 enim
3277 5190 3413 5245 bene
3443 5191 3570 5245 olim
3602 5201 3657 5244 to

2077 5277 2256 5331 valere
2281 5277 2334 5330 in
2367 5277 2584 5348 scriptis
2623 5279 3030 5347 prophetarum,
3059 5291 3113 5334 et
3139 5281 3318 5335 verbis
3346 5293 3654 5335 nostrorum

2076 5369 2357 5424 doctorum
2381 5385 2407 5421 a
2433 5369 2658 5436 pueritia
2690 5385 2904 5438 quoque
2928 5387 3090 5441 super
3113 5386 3303 5426 omnes
3325 5386 3656 5440 cumqumvos

2076 5470 2198 5516 tuos
2237 5461 2373 5532 legis
2414 5461 2698 5516 relatorem
2740 5461 2930 5527 fuisse,
2961 5473 3014 5517 et
3055 5463 3099 5517 si
3145 5463 3265 5532 quis
3309 5463 3656 5518 adversarius

2074 5563 2243 5618 esset,
2273 5564 2325 5610 te
2354 5553 2429 5608 illi
2456 5554 2784 5609 defensionis
2811 5555 3056 5626 clypeum
3083 5553 3434 5625 opposuisse;
3456 5551 3657 5608 Judmis

2080 5647 2132 5700 in
2165 5646 2456 5717 synagogis
2483 5662 2549 5701 ne
2575 5663 2604 5699 a
2634 5663 2729 5701 sua
2775 5661 3008 5715 unquam
3038 5645 3140 5699 fide
3168 5645 3484 5700 recederent
3521 5661 3657 5715 prm-

2082 5737 2309 5803 dicassc,
2361 5738 2602 5794 conscios
2647 5737 2926 5803 docuisse,
2964 5736 3150 5792 doctos
3199 5738 3250 5792 in
3310 5733 3483 5805 majus
3529 5752 3656 5792 ore-
