3926 6450
483 422 587 479 539

1378 413 1580 471 PETRI
1617 408 1958 468 ALPHONSI
1997 409 2088 464 EX
2125 405 2368 465 JUDIEO
2400 406 2788 464 CllRlSTlANl
3599 413 3683 470 διο

483 537 718 592 vexisse.
753 536 892 592 Ecce
918 544 1095 588 autem
1120 531 1300 586 nescio
1325 547 1433 600 quo
1460 538 1619 600 pacto
1640 528 1795 582 video
1816 541 2056 581 commu-
2091 540 2135 595 Λ
2166 525 2359 592 phetas
2403 538 2501 593 pro
2536 523 2650 594 ejus
2681 524 2797 593 lege
2845 523 3210 578 conﬁrmanda
3259 525 3487 593 venisse;
3514 541 3608 584 non
3641 533 3684 586 in

483 637 678 693 tatum,
706 637 761 682 et
785 644 816 680 a
865 627 1054 681 semita
1108 624 1447 678 rectitudinis
1478 623 1791 684 alienatum,
1819 620 1963 689 quod
1999 630 2057 674 ut

484 735 605 775 meo
650 719 862 772 videtur
909 719 1120 781 animo,
1169 730 1356 771 errore
1399 716 1650 770 existimo
1695 713 1917 770 factum.
1959 716 2056 770 Cui

481 827 582 880 ego
608 829 622 865 :
651 811 987 865 Plebeiorum
1010 818 1065 866 et
1096 810 1465 881 imperitorum
1499 826 1616 865 mos
1639 819 1724 864 est
1754 811 2056 876 hominum,

482 913 542 956 ut
572 902 615 957 si
643 917 802 971 quem
847 902 1138 971 quidquam
1189 910 1378 956 contra
1427 917 1580 956 suam
1619 917 1781 966 agere
1826 901 2061 956 viderint

482 993 948 1057 consuetudinem,
978 992 1105 1047 licet
1135 993 1188 1048 id
1219 1004 1429 1048 rectum
1462 1005 1516 1048 et
1541 995 1900 1062 justissimmn
1937 1010 2061 1064 per-

484 1091 719 1147 maneat,
761 1082 973 1137 illorum
1007 1092 1188 1138 tamen
1238 1085 1597 1139 mstimatione
1627 1099 1790 1154 azque
1831 1083 2056 1153 judicio,

483 1175 760 1243 iiijustitire
793 1187 849 1231 et
893 1192 1091 1231 nomen
1122 1187 1176 1230 et
1204 1179 1418 1246 culpam
1453 1181 1663 1233 subeat.
1717 1179 1794 1233 Tu
1839 1195 1969 1233 vero
2005 1179 2063 1232 in

482 1269 834 1340 philosophiae
878 1273 1032 1324 cunis
1077 1270 1380 1336 enutritus,
1411 1271 1764 1340 philosophim
1806 1271 2062 1326 uberibus

485 1361 737 1428 Iactatus,
769 1379 872 1430 qua
925 1363 1103 1419 fronte
1144 1379 1230 1418 me
1271 1374 1424 1434 potes
1469 1364 1768 1433 inculpare,
1803 1363 1976 1419 donec
1999 1378 2062 1418 ea

483 1468 604 1521 quae
630 1454 872 1514 fecerim.
895 1454 1037 1523 justa
1065 1473 1132 1511 an
1159 1459 1355 1528 injusta
1386 1456 1561 1510 valeas
1587 1457 1849 1526 probare?

558 1546 788 1602 Mosts.
827 1533 1091 1614 Quoniam
1135 1550 1242 1604 duo
1286 1549 1558 1602 contraria
1609 1564 1730 1603 meo
1771 1557 2065 1603 occurrunt

486 1633 697 1689 animo:
723 1650 908 1699 unum,
939 1636 1062 1704 quia
1089 1637 1298 1688 aestimo
1327 1644 1378 1688 te
1407 1635 1724 1704 prudentem
1751 1635 1926 1688 virum
1957 1649 2063 1688 non

485 1727 727 1794 potuisse
777 1727 1028 1783 recedere
1075 1726 1141 1780 ab
1189 1742 1248 1780 ea
1295 1740 1457 1794 quam
1507 1727 1732 1780 tenebas
1781 1725 1930 1795 lege,
1962 1725 2064 1778 nisi

486 1819 629 1873 hanc
659 1835 819 1888 quam
850 1817 1132 1886 suscepisti
1177 1816 1446 1872 veraciter
1489 1815 1840 1885 cognovisses
1873 1815 2065 1869 melio-

2160 614 2343 683 aliquo
2372 614 2777 684 redarguenda?

2229 706 2463 762 Parnus.
2504 706 2570 761 Et
2598 707 2698 761 hoc
2727 707 2892 761 etiam
2920 706 3176 763 concedo.

2233 801 2462 856 Movses.
2503 799 2612 855 Nec
2641 815 2806 870 negas
2851 801 3049 872 legem,
3079 816 3240 870 quam
3279 801 3331 855 in
3363 804 3592 872 presenti
3615 803 3691 860 ιιι.

2160 891 2260 946 dari
2292 898 2493 958 tenent,
2519 899 2572 945 et
2593 906 2622 944 a
2648 889 2828 960 Moyse
2851 890 3109 959 scriptam
3130 900 3458 955 asseverant,
3483 894 3692 948 eamdem

2159 998 2258 1052 per
2281 983 2483 1046 omnia,
2504 982 2644 1036 sicut
2673 981 2882 1052 Moyses
2909 995 3029 1035 eam
3057 981 3294 1050 scripsit,
3319 995 3617 1050 permanere

2231 1072 2465 1128 Psraus.
2507 1073 2808 1140 Quomodo,
2843 1087 3046 1142 qumso,
3077 1087 3278 1142 negare
3304 1083 3506 1142 potero,
3534 1077 3697 1144 praeci-

2162 1182 2267 1236 pue
2300 1181 2422 1221 cum
2463 1166 2653 1221 eadem
2702 1167 2790 1220 lex
2817 1167 3020 1220 eisdem
3053 1154 3216 1237 Moysi
3252 1165 3446 1230 verbis,
3477 1180 3508 1220 a
3534 1168 3700 1224 nostris

2162 1259 2340 1324 olim,1
2367 1258 2562 1328 quibus
2607 1257 2767 1313 ﬁdem
2835 1258 3172 1323 adhibemus,
3216 1257 3517 1317 doctoribus
3556 1267 3700 1316 trans-

2164 1352 2290 1414 lata,
2319 1361 2371 1407 et
2400 1352 2540 1420 apud
2573 1367 2671 1406 nos
2706 1352 2908 1420 scripta
2963 1350 3247 1414 habeatur,
3280 1360 3471 1420 praeter
3516 1351 3565 1404 in
3602 1355 3702 1422 qui-

2163 1443 2390 1498 busdam
2432 1443 2589 1506 locis,
2622 1444 2711 1498 ubi
2740 1443 2868 1499 licet
2901 1451 3179 1498 mutentur
3215 1443 3403 1506 verba,
3430 1442 3601 1498 eadem
3637 1453 3704 1499 est

2167 1545 2347 1590 tamen
2377 1535 2684 1590 sententia?

2237 1623 2469 1680 Movsss.
2507 1626 2789 1693 Quomodo
2817 1626 2985 1696 igitur
3009 1635 3060 1680 te
3089 1627 3249 1680 video.
3271 1641 3390 1681 eam
3413 1641 3527 1682 esse
3552 1635 3700 1683 trans-

2167 1730 2436 1785 gressum,
2466 1726 2522 1770 et
2550 1717 2620 1771 ab
2653 1717 2820 1787 ipsius
2848 1718 3059 1772 semitis
3086 1718 3338 1771 devium?

2238 1807 2473 1863 Parens.
2515 1807 2631 1863 Non
2682 1819 2766 1864 est
2817 1811 2916 1873 ita,
2947 1811 3039 1864 sed
3077 1825 3219 1868 nunc
3260 1809 3566 1878 completam
3593 1810 3704 1880 ejus,

485 1923 635 1972 rem;
667 1885 916 1970 alterum,
962 1885 1088 1976 quia
1140 1905 1310 1976 legem
1357 1920 1517 1974 quam
1565 1913 1722 1959 teneo
1762 1920 1881 1974 ego,
1925 1912 1980 1958 et
2011 1913 2063 1958 tu
2098 1885 2141 1945 Β
2168 1905 2328 1965 prout
2375 1898 2573 1966 debeo,
2621 1899 2782 1953 ﬁdem
2837 1914 3124 1963 εοηεθτνοο
3165 1908 3220 1953 ει
3270 1914 3380 1969 ρετ.
3416 1899 3706 1954 feeliSSimaS

486 2001 773 2070 reliquisti,
805 2016 904 2071 pro
933 2001 1141 2054 meliori
1173 1999 1365 2061 habeo,
1400 1999 1518 2053 ideo
1546 2007 1601 2052 et
1626 1999 1769 2068 quod
1805 2008 1858 2052 tu
1893 1998 2070 2052 fecisti

485 2110 726 2149 errorem
781 2093 1022 2157 aestimo,
1055 2100 1111 2147 et
1168 2092 1251 2146 cui
1297 2090 1476 2159 potius
1527 2090 1668 2159 parti
1729 2091 2070 2158 acquiescam

485 2186 694 2256 ignoro.
735 2185 1095 2250 Quamobrem
1129 2194 1253 2254 peto
1282 2200 1310 2236 ει
1352 2192 1402 2236 te
1430 2193 1487 2236 ut
1519 2181 1676 2248 hujus
1713 2181 2072 2236 dubitationis

484 2277 798 2346 scrupulum
847 2276 915 2330 ab
963 2276 1143 2330 animo
1186 2291 1307 2329 meo
1353 2273 1614 2344 depellas,
1641 2285 1695 2328 et
1742 2284 1970 2343 uterque
2017 2273 2070 2327 in

484 2370 716 2422 alterna:
742 2368 966 2422 rationis
990 2383 1180 2437 campo
1211 2369 1596 2427 discurramus,
1621 2365 1792 2420 donec
1821 2365 1886 2417 ad
1915 2366 2073 2434 hujus

485 2461 566 2515 rei
607 2461 915 2528 indaginem
953 2460 1288 2530 perveniam,
1317 2470 1372 2513 et
1417 2475 1484 2513 an
1530 2460 1736 2528 justum
1765 2459 1836 2512 sit
1867 2455 2072 2511 factum

486 2565 636 2611 tuum
659 2595 677 2619 ,
711 2570 778 2608 an
810 2553 1069 2620 iujusmm
1098 2568 1426 2622 cognoscere
1453 2552 1680 2607 valeam.

557 2646 792 2702 Psrncs.
831 2643 1037 2697 Natura
1091 2643 1253 2698 habet
1305 2645 1407 2698 hoc
1465 2644 1734 2705 humana,
1774 2648 1834 2694 ut
1890 2641 2074 2695 animo

487 2753 706 2809 quoquo
746 2745 906 2807 pacto
949 2734 1296 2796 conturbato,
1332 2734 1385 2788 in
1427 2749 1556 2787 vero
1599 2731 1842 2800 falsoque
1870 2731 2075 2785 discer-

488 2831 666 2886 nendo
712 2826 1056 2883 discretionis
1103 2834 1288 2878 careat
1330 2823 1507 2878 oculo.
1553 2821 1707 2876 Nunc
1740 2822 1925 2888 itaque
1968 2820 2072 2874 nisi

488 2934 703 2973 oinnem
735 2934 762 2972 a
795 2927 1013 2988 pectore
1046 2926 1137 2970 tuo
1167 2915 1624 2984 perturbationem
1663 2913 1978 2975 dimoveris,
2012 2921 2074 2966 ut

490 3028 644 3068 more
673 3013 983 3081 sapientum
1014 3018 1069 3064 et
1097 3025 1217 3077 qute
1256 3009 1401 3078 justa
1434 3017 1559 3061 simt
1605 3004 1990 3066 collaudemus,
2019 3013 2074 3058 et

489 3121 610 3174 quae
662 3102 858 3172 injusta
908 3103 1028 3156 sine
1081 3101 1426 3155 contentione
1478 3099 1825 3168 rejiciamus,
1879 3106 2072 3150 nostro

489 3197 639 3266 operi
674 3197 830 3252 linem
859 3195 1164 3250 nullatenus
1195 3193 1516 3263 imposituri,
1548 3192 1602 3247 in
1649 3207 1875 3246 vacuum
1905 3191 2069 3244 verba
2099 3233 2144 3294 Ο

484 3291 831 3362 jactabimus.

562 3381 789 3438 Movsss.
827 3379 1138 3435 Pactionem
1169 3379 1329 3432 istam
1356 3377 1531 3431 libens
1559 3373 1815 3444 suscipio,
1849 3383 1902 3429 et
1933 3381 1994 3427 ut
2016 3381 2073 3428 tu

491 3475 736 3530 eamdem
766 3473 815 3527 in
849 3483 901 3528 te
925 3473 1190 3541 suscipias
1219 3487 1372 3541 rogo.

562 3565 799 3619 Parcus.
839 3565 950 3632 Ego
978 3572 1127 3618 certe
1152 3561 1306 3615 laetus
1339 3558 1640 3614 consentio.

564 3657 795 3712 Messes.
832 3657 946 3710 Hoc
992 3655 1154 3710 etiam
1209 3655 1252 3708 si
1302 3653 1477 3724 placet
1523 3651 1773 3720 imploro.
1826 3651 1978 3717 Quod
2030 3647 2072 3704 si

493 3749 731 3809 aliquam
757 3747 822 3801 de
850 3745 1150 3815 Scripturis
1176 3746 1554 3799 auctoritatem
1587 3743 1856 3809 attuleris,
1887 3758 2079 3797 secun-

493 3839 622 3892 dum
654 3837 934 3893 veritatem
978 3835 1298 3890 Hebraicam
1331 3836 1432 3890 hoc
1464 3834 1643 3888 facere
1669 3833 1825 3887 velis.
1853 3831 2004 3899 Quod
2031 3833 2074 3885 si

496 3932 653 3985 aliter
681 3930 866 3992 facias,
891 3943 976 3984 me
1006 3943 1112 3984 non
1137 3937 1480 3998 recepturum
1502 3942 1623 3980 esse
1656 3940 1937 3996 agnoscas.
1969 3923 2079 3979 Sed

495 4032 548 4076 et
586 4023 629 4076 si
659 4037 759 4091 ego
801 4021 1058 4093 aliquam,
1078 4019 1229 4089 juxta
1259 4019 1402 4090 quod
1430 4019 1574 4088 apud
1601 4033 1700 4071 nos
1730 4026 1832 4082 est,
1864 4016 1957 4070 tibi
1986 4016 2080 4070 ad-

495 4116 712 4184 ducam,
742 4127 791 4168 et
821 4125 878 4169 ut
897 4130 1016 4170 eam
1039 4114 1160 4170 volo
1190 4113 1512 4184 recipias,et
1535 4110 1676 4179 quod
1704 4125 1890 4165 verum
1913 4123 2080 4178 agno-

495 4211 660 4274 veris,
692 4209 1000 4267 nullatenus
1032 4207 1400 4264 contradicas.

567 4324 799 4380 Psrnus.
839 4325 905 4379 Et
926 4326 1029 4379 hoc
1051 4339 1150 4394 ego
1171 4332 1321 4378 certe
1342 4338 1448 4377 non
1467 4323 1701 4390 abuego,
1726 4330 1818 4374 tuo
1844 4333 2082 4389 namque

495 4413 664 4483 ipsius
693 4414 868 4485 gladio
896 4413 1143 4469 occidere
1173 4423 1226 4468 te
1259 4412 1488 4466 multum
1513 4412 1697 4481 cupio.

569 4525 802 4580 Movses.
841 4524 1111 4579 Praeterea
1156 4524 1200 4577 si
1235 4524 1359 4592 quid
1391 4521 1731 4576 interciderit
1769 4519 2078 4590 aliquando,

497 4619 642 4687 quod
675 4633 705 4670 a
735 4617 912 4686 legum
965 4615 1202 4670 alienum
1247 4614 1496 4668 videatur
1535 4611 1839 4682 propOsito,
1879 4626 1983 4664 non
2032 4620 2081 4665 te

498 4712 681 4780 pigeat
705 4721 910 4778 quaeso,
933 4707 1028 4761 sed
1052 4706 1117 4760 de
1139 4705 1349 4760 czeteris
1375 4704 1582 4758 artibus
1604 4718 1724 4758 cum
1749 4713 2083 4777 opportunus

501 4797 730 4868 exigerit
762 4796 932 4860 locus,
955 4795 1307 4864 interroganti
1338 4793 1668 4863 respondere
1696 4794 1928 4860 studeto,
1955 4809 2083 4849 con-

502 4891 772 4957 cedasque
823 4888 945 4942 volo
1003 4896 1062 4942 ut
1114 4897 1299 4941 mutua
1351 4887 1560 4942 ratione
1615 4887 1744 4941 mihi
1796 4885 2084 4956 aliquando

500 4981 867 5048 interrogare,
904 4978 1193 5048 aliquando
1221 4979 1381 5033 liceat
1414 4979 1761 5048 respondere,
1794 4979 2083 5049 aliquando

501 5070 666 5124 etiam
703 5069 1013 5136 adversari,
1041 5078 1202 5140 prout
1229 5084 1405 5123 sermo
1441 5069 1651 5124 dederit
1679 5070 1830 5125 mihi.

573 5182 811 5238 Peraus.
853 5181 1120 5239 Concedo.
1153 5182 1273 5238 Jam
1318 5184 1654 5254 interrogare
1685 5183 1777 5236 tibi
1808 5181 1985 5248 liceat,
2017 5181 2083 5236 de

500 5291 828 5346 quacunque
865 5291 921 5331 re
954 5278 1035 5332 vis
1065 5293 1281 5348 sapere,
1311 5286 1364 5332 et
1394 5277 1585 5346 quavis
1621 5276 1937 5330 intentione.

573 5391 805 5450 Movsss.
845 5392 1108 5448 Concedis
1136 5401 1189 5445 tu
1217 5391 1432 5461 Moysen
1459 5392 1624 5445 ﬁlium
1649 5391 1870 5445 Amram
1895 5405 2081 5444 verum

504 5485 822 5553 prophetam
857 5483 1140 5538 lsraelitici
1187 5484 1392 5553 populi,
1422 5491 1475 5537 et
1507 5497 1632 5534 vere
1659 5498 1686 5534 a
1719 5481 2082 5535 DeO‘missum

505 5576 672 5632 fuisse
718 5574 914 5648 (Exod.
961 5577 1066 5646 ιιι),
1098 5585 1153 5632 et
1184 5575 1440 5644 quidquid
1477 5589 1539 5628 ex
1572 5575 1662 5627 Dei
1711 5575 1928 5628 nomine
1957 5588 2080 5641 pro-

506 5668 808 5736 phetaverit
842 5668 1071 5722 ﬁdeliter
1099 5667 1415 5720 enuntiasse
1440 5675 1496 5720 et
1527 5665 1762 5720 dixisse?

581 5758 814 5819 Pernus.
851 5759 1101 5814 Concedo
1125 5759 1332 5827 utique.

583 5850 807 5906 Movsss.
848 5849 1109 5905 Conccdis
1136 5864 1349 5919 quoque
1377 5863 1562 5904 omnes
1583 5858 1700 5918 post
1727 5846 1938 5916 Moysen
1964 5862 2088 5916 pro-

2171 1985 2288 2056 ejus
2323 1989 2544 2044 semitas
2570 2001 2718 2044 recto
2747 2005 2934 2061 gressu
2964 1990 3222 2059 procedo.

2243 2078 2472 2134 MOYSES.
2511 2080 2589 2134 Ex
2618 2080 2796 2135 verbis
2819 2081 2926 2135 tuis
2953 2083 3112 2134 datur
3145 2079 3396 2149 intelligi,
3426 2096 3488 2136 ex
3520 2081 3636 2151 legis
3662 2089 3706 2134 et

2172 2170 2559 2239 prophetarum
2607 2173 2785 2226 verbis
2829 2183 2880 2227 te
2926 2183 3131 2227 rectmn
3181 2189 3401 2227 sensum
3443 2173 3707 2241 concipere.

2173 2260 2386 2316 Judzeos
2413 2273 2593 2316 autem
2615 2304 2629 2327 ,
2663 2262 2900 2331 ejusdem
2928 2264 3059 2335 legis
3085 2265 3346 2329 cultores,
3378 2266 3444 2319 ab
3467 2266 3571 2334 ejus
3595 2275 3709 2319 recta

2174 2351 2474 2407 intentione
2501 2354 2704 2407 alienos
2729 2355 2990 2420 existere;
3027 2356 3166 2410 unde
3188 2365 3249 2410 et
3278 2365 3368 2412 tuo
3386 2354 3578 2423 judicio
3601 2355 3713 2412 male

2174 2444 2425 2498 videntur
2458 2446 2776 2516 intelligere.

2250 2533 2483 2590 Perses.
2521 2536 2666 2592 Bene
2711 2538 3001 2594 verborum
3049 2555 3297 2595 meorum
3333 2555 3542 2598 sensum
3579 2556 3712 2611 pene:

2177 2627 2352 2682 lrasli.

2246 2717 2478 2774 Movses.
2517 2719 2628 2776 Fac
2680 2722 2844 2793 igitur
2887 2739 2974 2778 me
3019 2738 3353 2793 cognoscere
3399 2724 3452 2778 in
3500 2738 3595 2792 quo
3639 2723 3715 2776 tibi

2173 2811 2389 2866 videtur
2433 2813 2647 2869 Judaros
2695 2831 2906 2871 errasse
2957 2817 3010 2871 in
3058 2817 3191 2887 legis
3239 2817 3634 2887 explanatione,
3676 2825 3716 2868 te

2174 2919 2303 2959 vero
2328 2906 2517 2961 melius
2551 2906 2875 2977 intelligere.

2247 2995 2482 3050 Penus.
2524 2996 2802 3063 Quomodo
2854 2999 3012 3052 video
3041 3014 3134 3054 eos
3179 2998 3356 3058 solam
3392 2999 3522 3068 legis
3559 3010 3715 3066 super-

2175 3087 2352 3142 ﬁciem
2399 3091 2700 3156 attendere,
2745 3102 2801 3144 et
2847 3091 3080 3145 litteram
3114 3107 3223 3145 non
3257 3091 3612 3160 spiritualiter,
3643 3088 3718 3143 sed

2173 3179 2468 3234 carnaliter
2517 3195 2830 3249 exponere,
2882 3182 3022 3235 unde
3069 3182 3326 3236 maximo.
3375 3181 3574 3250 decepti
3619 3187 3719 3234 sunt

2175 3284 2384 3325 errore.

2245 3360 2470 3440 Movses.
2512 3362 2651 3430 Quid
2698 3363 2783 3418 his
2811 3365 2990 3420 verbis
3022 3366 3302 3436 significes
3327 3382 3434 3422 non
3463 3365 3585 3421 satis
3621 3380 3720 3434 per—

2175 3455 2373 3524 pendo,
2401 3457 2543 3510 unde
2572 3466 2631 3510 ut
2659 3458 2897 3524 apertius
2929 3458 3167 3527 loquaris
3199 3475 3394 3516 exoro.

2251 3545 2481 3606 PETRUS.
2538 3547 2654 3601 Non
2703 3548 3070 3604 reminisceris
3101 3551 3392 3608 doctorum
3422 3563 3721 3615 vestrorum,
3754 3575 3765 3589 -

2177 3635 2269 3706 qui
2295 3646 2528 3692 vestram
2567 3638 2894 3703 doctrinam,
2927 3641 3011 3695 cui
3050 3641 3135 3695 lex
3174 3652 3366 3699 vestra
3409 3653 3536 3711 tota,
3561 3659 3723 3700 secun—

2179 3727 2304 3782 dum
2351 3743 2476 3790 vos,
2508 3730 2802 3795 aunititur,
2831 3732 3194 3803 scripserunt,
3231 3739 3510 3806 quomodo
3548 3752 3725 3793 asseve-

2181 3827 2304 3870 rant
2332 3818 2493 3872 Deum
2522 3834 2718 3889 corpus
2738 3830 2792 3876 et
2816 3821 3045 3876 formam
3086 3824 3314 3893 habere,
3345 3837 3400 3883 et
3427 3827 3539 3896 cjus
3570 3826 3724 3883 inclia-

2179 3908 2277 3963 bili
2313 3909 2578 3978 majestati
2616 3912 2738 3967 talia
2767 3915 3039 3985 applicant
3076 3932 3196 3986 quae.
3227 3935 3336 3974 nec
3375 3921 3479 3975 ulla
3510 3929 3727 3976 constant

2181 4001 2426 4055 ratione?
2455 4002 2594 4068 Quin
2641 4013 2697 4058 et
2730 4006 2800 4060 de
2841 4021 2906 4061 eo
2943 4007 3076 4062 tales
3123 4010 3405 4078 protulere
3444 4011 3724 4072 sententias,

2181 4106 2301 4160 quae
2340 4106 2446 4146 non
2498 4093 2641 4148 aliud
2693 4094 2793 4149 nisi
2841 4096 3003 4151 verba
3056 4098 3315 4155 videntur
3361 4101 3648 4172 jocantium
3685 4100 3726 4152 iu

2183 4184 2383 4239 scholis
2414 4200 2728 4255 puerorum,
2756 4188 2842 4242 vel
2867 4189 3108 4244 nentium
3146 4191 3196 4246 in
3215 4193 3434 4262 plateis,
3463 4193 3725 4258 mulierum.

2183 4277 2335 4344 ltem,
2367 4279 2660 4335 secundum
2679 4281 2846 4335 vestri
2871 4281 3175 4338 intellectus
3197 4287 3556 4354 capacitatem
3586 4284 3726 4352 legem

2183 4371 2566 4440 explanantes,
2598 4387 2695 4427 vos
2724 4373 3094 4442 captivitatem
3127 4378 3366 4445 speratis
3410 4390 3647 4432 evasuros
3675 4387 3727 4428 eo

2184 4463 2344 4518 modo
2375 4478 2481 4534 quo
2510 4463 2624 4518 ﬁeri
2667 4465 2874 4534 nequit.
2907 4464 3040 4520 Item
3069 4467 3121 4520 in
3149 4469 3484 4535 captivitatis
3510 4467 3728 4522 evasiooc

2116 4556 2419 4635 Dsperatis
2466 4570 2564 4610 vos
2611 4557 2746 4610 adeo
2797 4555 3110 4611 inusitatum
3155 4558 3271 4618 ﬁeri
3324 4559 3728 4619 miraculum,ut

2185 4659 2393 4703 vestros
2420 4649 2642 4703 suscitet
2675 4658 2938 4717 mortuos,
2968 4650 3058 4720 qui
3089 4659 3263 4706 terras
3308 4653 3487 4707 demto
3527 4662 3579 4705 ut
3609 4649 3730 4720 prius

2185 4739 2450 4810 incipiant
2480 4740 2800 4794 inhabitare.
2831 4739 2962 4794 ltem
2992 4757 3086 4797 vos
3111 4743 3162 4796 in
3192 4745 3509 4814 captivitate
3532 4743 3730 4796 existen-

2187 4838 2298 4896 tes,
2333 4830 2399 4884 de
2439 4829 2691 4884 omnibus
2725 4829 2859 4900 legis
2893 4834 3211 4902 praeceptis,
3261 4836 3428 4889 etiam
3467 4832 3729 4890 secundum

2183 4932 2416 4977 vestram
2465 4922 2936 4992 explanationem,
2969 4924 3102 4979 nihil
3147 4925 3252 4980 nisi
3306 4927 3584 4981 minimum
3625 4920 3730 4991 quid

2183 5025 2445 5069 contueor
2466 5030 2646 5085 agere.
2675 5015 2911 5086 ldipsum
2938 5025 3119 5071 autem
3149 5019 3293 5087 quod
3326 5019 3491 5090 agitis
3519 5017 3620 5071 Deo
3644 5013 3738 5085 plao,

2184 5123 2308 5162 cere
2327 5148 2341 5174 ,
2367 5118 2422 5162 et
2445 5108 2777 5178 acceptabile
2806 5109 3056 5175 creditis,
3086 5111 3151 5164 de
3174 5127 3240 5165 eo
3267 5113 3415 5181 quod
3443 5106 3732 5181 praetermit-

2186 5200 2334 5263 titis,
2379 5215 2502 5254 eum
2550 5215 2892 5270 nequaquam
2936 5217 3033 5257 vos
3070 5201 3420 5270 culpaturum
3470 5197 3729 5260 conﬁditis.

2184 5293 2474 5362 omniaque
2501 5294 2802 5362 complesse
2825 5295 2981 5349 vobis
3006 5295 3284 5362 videmini,
3314 5295 3463 5365 quod
3486 5294 3730 5348 evidenter

2183 5384 2390 5438 obtinet
2439 5384 2729 5438 maximum
2794 5385 2971 5440 locum
3013 5387 3238 5440 erroris.
3293 5386 3436 5440 Sunt
3482 5384 3616 5440 enim
3656 5378 3729 5434 alii

2183 5475 2463 5546 perplures
2514 5490 2759 5538 errores,
2801 5476 2852 5529 in
2918 5491 3054 5547 quos
3102 5492 3202 5536 vos,
3259 5476 3602 5545 conjecerunt
3641 5482 3728 5524 non

2185 5583 2331 5623 sanae
2359 5568 2491 5639 legis
2523 5569 2949 5638 explanationes.

2259 5663 2486 5718 Movsss.
2529 5663 2699 5718 Nimis
2744 5663 3009 5733 profunde
3070 5663 3130 5724 in
3177 5674 3422 5720 nostram
3488 5651 3730 5716 inveheris

2187 5752 2485 5819 infamiam,
2511 5761 2565 5808 et
2613 5754 2694 5809 vis
2739 5754 3048 5824 opprimere
3091 5766 3300 5826 gentem
3349 5751 3643 5808 Judaicam.
3679 5742 3731 5797 Et

2189 5847 2348 5903 verba
2401 5847 2614 5916 quidem
2666 5856 2788 5903 sunt
2837 5862 3005 5919 pauca
3050 5858 3104 5906 et
3153 5849 3320 5911 levia,
3369 5847 3464 5903 sed
3491 5852 3572 5900 est
3597 5837 3742 5896 ineia
