3926 6442
186 441 269 496 5.“
1619 422 1724 476 DIA
1733 421 1908 478 LOGI.

3271 427 3376 481 519

187 550 332 606 multa
361 553 410 602 et
437 541 608 614 gravis
639 541 922 596 sententia.
960 539 1022 594 Et
1049 539 1092 594 si
1127 539 1225 594 sub
1272 555 1378 595 uno
1421 547 1586 595 totam
1614 555 1706 595 ve-
1737 547 1780 601 Α
1813 541 1884 596 ita
1916 550 2098 611 postea
2122 544 2320 599 factum
2345 585 2359 608 ,
2390 544 2512 599 licet
2542 543 2818 614 Scriptura
2863 551 3096 608 tacente,
3131 558 3238 597 non
3270 545 3373 598 du-

181 643 328 701 limus
365 633 668 692 concludere
715 633 972 686 rationem
1017 630 1240 698 judicio,
1293 630 1567 700 multaque
1609 632 1707 686 sub

181 746 276 786 uno
314 724 754 795 comprehendere
803 721 976 784 titulo,
1007 737 1129 776 cum
1178 721 1386 792 singula
1435 721 1707 775 elucidare

176 822 458 879 debeamus,
499 814 746 868 omnibus
793 812 1079 866 indiscrete
1115 813 1433 872 commistis,
1460 811 1706 866 obscuri-

177 920 318 965 tatem
345 905 634 960 inferimus.
669 902 821 957 Unde
844 904 886 957 si
921 903 1118 956 bonum
1145 902 1237 956 tibi
1268 902 1499 965 videtur,
1523 903 1705 972 singu-

174 1002 229 1056 lis
258 997 466 1053 rationis
511 995 790 1049 sententiis
832 993 1070 1062 singulos
1120 994 1452 1047 ascribamus
1496 994 1701 1056 titulos,

172 1104 237 1155 ιιι,
263 1104 571 1158 unoquoque
598 1088 798 1140 alterna
827 1086 1095 1140 sermonis
1122 1086 1332 1139 ratione
1355 1086 1701 1146 discusso,ad

169 1184 308 1238 alium
351 1179 633 1234 ordinatim
678 1177 1036 1240 accedamus,
1083 1183 1140 1228 ιιι
1186 1176 1264 1230 sic
1307 1176 1492 1244 operi:
1520 1185 1704 1228 nostro

170 1287 431 1342 congrut-m
463 1270 746 1335 terminum
779 1269 1139 1335 imponamus.

227 1365 438 1418 PETBUS.
477 1361 626 1428 Quod
650 1377 677 1413 a
702 1369 756 1415 te
787 1361 922 1414 bene
949 1361 1150 1413 dictum
1178 1368 1259 1413 est
1291 1357 1620 1426 perficiatur,
1649 1363 1703 1409 et

169 1457 288 1526 quod
310 1455 462 1523 digne
481 1452 718 1508 consulis
740 1451 1094 1520 compleatur.
1125 1450 1360 1520 Singulis
1384 1449 1564 1517 itaque
1585 1464 1703 1500 sen-

171 1546 326 1600 tentiis
354 1544 520 1598 titulis
571 1545 679 1598 suis
722 1543 982 1613 appositis
1004 1584 1017 1605 ,
1051 1544 1116 1602 de
1141 1559 1248 1612 quo
1277 1543 1426 1614 prius
1469 1539 1701 1596 volueris

167 1651 338 1704 quare,
369 1633 620 1704 quoniam
646 1643 864 1702 paratus
895 1647 1014 1685 smn
1047 1632 1393 1700 respondere.

615 1745 910 1801 TITL‘LUS
950 1744 1224 1812 ramus.

165 1844 373 1898 Ostendit
408 1841 766 1913 ᾳιιοάηλιιάριὶ
816 1842 965 1913 verba
1003 1839 1368 1913 prophetarum
1410 1837 1698 1892 carnaliter

436 1912 754 1980 intelligunt,
779 1922 823 1964 ct
848 1928 906 1964 ea
940 1910 1072 1978 [also
1102 1919 1381 1978 exponunt.

219 2005 428 2058 Marses.
476 2002 718 2055 Primum
767 2001 843 2054 sic
895 2000 1240 2054 instituamus
1296 1999 1549 2062 titulum,
1603 2000 1694 2068 qui

159 2095 400 2150 contineat
426 2095 682 2156 rationes,
703 2093 897 2163 quibus
925 2093 976 2146 in
1002 2108 1100 2146 nos
1127 2101 1182 2145 et
1209 2093 1260 2144 in
1294 2101 1511 2145 nostros
1544 2092 1696 2144 inve-

160 2187 283 2242 heris
306 2187 547 2239 doctores
567 2228 582 2252 ,
609 2185 750 2254 quod
781 2185 888 2238 Deo
918 2184 1125 2238 scilicet
1163 2199 1360 2253 corpus
1386 2193 1440 2238 et
1465 2183 1693 2238 formam

159 2279 464 2342 ascribiinus,
511 2287 568 2332 et
610 2277 726 2345 ejus
780 2287 984 2330 naturze
1029 2275 1152 2328 talia
1197 2276 1534 2338 aduotamus,
1577 2290 1696 2344 qnze

160 2368 353 2420 rationis
379 2368 579 2421 veritas
607 2367 880 2420 abhorret.
912 2365 1060 2418 Hanc
1086 2366 1248 2433 igitur
1274 2381 1384 2418 rem
1414 2366 1696 2434 diligenter

157 2463 492 2525 discutiamus,
541 2462 715 2517 donec
762 2463 827 2515 ad
875 2461 990 2532 ejus
1036 2461 1342 2531 indaginem
1393 2461 1599 2515 ratione
1641 2469 1696 2515 et

157 2563 438 2621 argumento
463 2554 863 2621 perveniamus.

213 2643 423 2698 I‘sraus.
467 2643 681 2697 Dictum
709 2643 971 2696 collaudo.

213 2735 418 2788 Morsss.
461 2734 516 2788 ln
545 2735 740 2802 primis
777 2735 957 2805 itaque
990 2733 1118 2787 mihi
1153 2733 1273 2786 volo
1295 2732 1566 2795 ostendas,
1603 2731 1692 2785 ubi

159 2827 375 2881 doctores
423 2829 600 2882 nostri
658 2828 822 2881 Deum
864 2843 1062 2897 corpus
1103 2836 1158 2880 et
1209 2827 1435 2880 formam
1490 2827 1696 2880 habere

157 2921 386 2983 dixerunt,
410 2930 461 2974 et
482 2923 757 2989 quomodo
783 2936 942 2986 super
969 2921 1070 2974 hac
1095 2935 1151 2974 re
1180 2920 1344 2974 locuti
1377 2920 1617 2974 fuerunt.

212 3010 419 3064 PETRDS.
461 3009 515 3064 Si
546 3025 714 3064 nosse
739 3010 892 3077 cupis
914 3009 1001 3062 ubi
1031 3011 1288 3078 scriptum
1317 3009 1407 3073 sit,
1443 3009 1492 3061 in
1520 3009 1690 3077 prima

153 3113 277 3171 parte
303 3112 488 3158 vestra:
527 3103 823 3166 doctrinae,
857 3100 1010 3170 cujus
1048 3101 1370 3155 vocabulum
1401 3110 1484 3154 est
1524 3101 1691 3154 liene-

154 3195 394 3251 dictiones.
419 3196 474 3250 Si
507 3196 678 3264 igitur
700 3195 778 3248 vis
801 3195 938 3248 scire
959 3194 1227 3264 quomodo
1253 3193 1505 3246 dixerunt
1526 3191 1688 3244 Deum
1721 3220 1764 3281 ο

153 3286 317 3342 habere
355 3297 515 3358 caput
540 3298 602 3344 et
636 3288 878 3350 brachia,
919 3296 972 3340 et
1003 3287 1055 3340 in
1086 3285 1306 3341 czesaric
1336 3285 1568 3354 pixidem
1598 3299 1688 3354 ge-

153 3386 271 3432 stare
308 3378 519 3448 ligatam
553 3379 814 3448 corrigia,
850 3377 1121 3447 ipsiusque
1157 3377 1402 3446 corrigiae
1431 3377 1626 3431 nodum
1657 3391 1687 3428 a

151 3477 327 3534 postera
373 3470 571 3540 capitis
621 3480 771 3540 parte
813 3471 913 3524 sub
953 3469 1175 3523 cerebro
1226 3470 1520 3533 firmatum,
1549 3468 1688 3520 intra

150 3559 346 3625 pixidem
375 3576 503 3614 vero
529 3570 768 3631 quatuor
796 3575 916 3614 esse
943 3560 1198 3624 cartulas,
1226 3558 1532 3613 Jndreorum
1569 3559 1688 3610 lati-

151 3649 226 3704 des
261 3654 616 3715 continentes,
650 3655 702 3706 in
749 3669 958 3707 summo
1002 3664 1179 3707 autem
1227 3652 1428 3706 sinistri
1478 3652 1686 3706 brachii

150 3754 324 3810 gestare
349 3746 505 3800 aliam
537 3747 801 3815 pixidem,
827 3745 985 3798 simili
1012 3745 1168 3799 modo
1195 3744 1422 3812 corrigia
1451 3743 1686 3811 ligatam,

149 3834 463 3906 chartamqae
495 3837 568 3891 ibi
604 3851 722 3891 esse
753 3837 1114 3890 continentem
1143 3850 1330 3888 omnes
1361 3834 1542 3886 laudes
1571 3848 1690 3901 quze

146 3923 188 3977 in
207 3927 458 3994 praedictis
481 3937 726 3998 quatuor
750 3929 964 3995 scriptae
991 3927 1260 3980 dicuntur.
1291 3923 1551 3979 Concedis
1575 3924 1688 3978 haec

141 4017 290 4072 omnia
319 4019 368 4074 in
398 4035 462 4076 eo
506 4035 680 4090 quem
721 4019 828 4074 dixi
861 4019 978 4074 ioco
1018 4019 1120 4073 hoc
1153 4017 1313 4072 modo
1361 4017 1561 4085 scripta
1594 4016 1690 4070 ha-

141 4107 233 4162 beri
246 4109 264 4164 3

198 4199 406 4258 Marses.
447 4203 668 4272 Negare
693 4201 836 4270 quod
865 4209 947 4255 est
975 4200 1194 4254 evidens
1223 4213 1449 4267 nequeo.

194 4290 406 4350 Ριτιιυε.
451 4295 639 4364 Quam
673 4309 833 4364 super
863 4295 963 4348 hac
1011 4308 1088 4359 re,
1117 4307 1318 4362 quaeso,
1352 4291 1551 4345 habent
1593 4304 1689 4343 au-

142 4387 444 4442 claritatem?

197 4477 404 4534 Marses.
445 4481 533 4534 De-
561 4479 740 4548 pixide
778 4493 936 4548 quam
969 4485 1142 4547 gestat
1185 4476 1237 4531 in
1269 4475 1509 4542 caesarie,
1541 4485 1594 4530 et
1622 4476 1688 4530 de

142 4568 257 4620 nodo
292 4571 574 4637 corrigim,
606 4569 980 4622 auctoritatem
1028 4567 1128 4620 sibi
1184 4567 1483 4628 attrahunt,
1511 4565 1579 4618 ab
1624 4581 1688 4619 co
1721 4565 1764 4620 ι)

143 4657 236 4713 loco
257 4660 338 4714 ubi
368 4661 635 4715 Dominus
673 4659 749 4713 ait
779 4660 843 4712 ad
879 4658 1089 4728 Moysen
1118 4673 1131 4710 :
1166 4657 1372 4711 Videbis
1401 4660 1688 4726 posteriora

141 4764 253 4810 mea,
286 4753 441 4820 {acies
472 4752 618 4806 enim
661 4767 774 4804 mea
806 4767 908 4802 non
947 4751 1202 4802 videbitur
1238 4748 1434 4818 (Exod.
1468 4750 1682 4818 χχχιιι).

140 4838 264 4895 Tunc
308 4843 450 4896 enim
497 4841 714 4912 Moyses
758 4843 955 4894 nodum
991 4841 1238 4908 corrigiae
1283 4841 1437 4894 vidit.
1478 4840 1685 4896 Nodum

140 4939 289 4984 autem
317 4933 492 5000 ipsum
545 4929 770 4998 alicujus
818 4931 1012 4999 pixidis
1039 4946 1160 4984 esse
1188 4932 1548 4984 necessarium
1580 4941 1682 4984 est.

138 5015 200 5069 De
229 5035 283 5074 ea
312 5032 493 5076 autem
535 5036 695 5089 quam
736 5029 909 5090 gestat
942 5020 992 5072 in
1027 5020 1252 5074 brachio
1280 5019 1682 5084 auctoritatem,

137 5110 381 5184 profertur
420 5113 492 5168 ab
559 5113 694 5166 Isaia
750 5113 962 5166 dicente
1007 5129 1020 5164 :
1059 5111 1272 5164 Jurnvit
1321 5111 1576 5164 Dominus
1630 5113 1685 5165 in

134 5201 295 5258 dextra
317 5224 437 5271 sua,
473 5217 523 5261 et
551 5207 604 5260 in
637 5206 850 5259 brachio
885 5205 1211 5273 fortitudinis
1235 5221 1341 5256 sua:
1369 5203 1501 5269 (Isa.
1529 5206 1680 5272 uti).

137 5295 222 5349 Per
254 5298 534 5353 brachium
562 5299 706 5352 enin:
762 5296 1094 5350 fortitudinis
1125 5295 1235 5348 vult
1286 5294 1505 5363 in:elligi
1553 5294 1686 5348 sini-

132 5393 278 5440 stram
301 5431 316 5453 ,
348 5390 401 5442 in
429 5404 536 5458 qua
566 5389 653 5442 illa
691 5387 886 5455 pixidis
917 5387 1085 5440 virtus
1111 5386 1436 5439 continetur.

190 5477 414 5536 Penus.
453 5481 534 5534 Ad
565 5480 877 5534 memoriam
923 5494 1006 5533 me
1036 5477 1316 5532 reduxisti.
1351 5474 1684 5529 Reminiscor

131 5567 257 5621 enim
282 5585 362 5624 me
394 5571 511 5638 jam
542 5569 685 5623 hunc
713 5568 1002 5637 perlegisse
1033 5567 1206 5621 locum
1228 5607 1241 5628 ,
1271 5566 1361 5619 sed
1389 5565 1684 5618 auctoritas

132 5660 230 5712 inec
257 5661 462 5715 nullum
499 5661 588 5714 tibi
614 5659 825 5714 confert
853 5659 1230 5728 patrocinium.
1261 5659 1394 5712 Cum
1424 5656 1566 5710 enim
1593 5656 1678 5712 lex

130 5753 392 5816 perhibeat
422 5755 589 5808 Deum
619 5753 785 5822 Moysi
816 5753 1012 5807 dixisse
1037 5769 1050 5805 :
1081 5752 1377 5805 Postcriora
1402 5767 1515 5803 mea
1540 5751 1680 5803 vide-

134 5846 215 5907 bis,
246 5847 578 5916 etquoniam
623 5845 792 5901 Deum
833 5846 1043 5900 mentiri
1089 5861 1193 5900 non
1244 5859 1400 5914 posse
1451 5850 1677 5904 constat,

1808 639 2064 705 bitemus,
2091 654 2359 708 nusquam
2387 646 2563 691 tamen
2589 639 2671 692 lex
2706 639 2945 694 meminit
2991 638 3131 707 quod
3162 637 3377 708 Moyses

1807 730 1859 783 in
1891 727 2005 797 ejus
2041 730 2436 800 posterioribus
2469 729 2667 798 aliquid
2694 732 2906 785 viderit.
2939 731 3184 796 Qualiter
3213 731 3378 800 igitur

1805 835 1926 874 eum
1953 823 2196 892 corrigiae
2222 823 2439 883 nodum,
2465 821 2604 889 quod
2636 823 2751 875 sine
2796 823 2906 875 risu
2939 823 3023 874 vix
3058 822 3161 875 dici
3194 831 3376 891 potest

1807 912 2003 966 vidisse
2024 914 2239 967 dicitis?
2265 914 2416 975 item,
2448 928 2566 964 cum
2599 926 2696 979 per
2736 912 3030 980 posteriora
3064 927 3166 964 non
3201 915 3372 964 solum

1804 1005 2006 1070 cervix,
2039 1004 2130 1057 sed
2162 1004 2322 1057 etiam
2353 1001 2604 1072 qnzelibet
2623 1002 2864 1069 corporis
2893 1017 3016 1070 pars
3045 1003 3378 1054 convenien-

1805 1095 1911 1149 tius
1942 1095 2162 1164 intelligi
2203 1095 2393 1164 possit,
2429 1094 2529 1146 hoc
2552 1093 2693 1160 quod
2732 1107 2824 1145 vos
2845 1093 3113 1146 cervicem
3139 1108 3259 1145 cum
3295 1094 3374 1145 vi-

1803 1187 1946 1240 disse
1972 1187 2232 1247 asseritis,
2265 1201 2370 1238 non
2403 1183 2609 1238 ratione
2638 1183 2720 1237 vel
2749 1183 2882 1252 legis
2912 1184 3252 1249 auctoritate,
3286 1185 3377 1238 sed

1802 1274 1912 1328 sola
1944 1275 2184 1342 probatis
2208 1273 2506 1326 voluntate.

1874 1365 2103 1418 Morses.
2146 1364 2324 1417 Nostri
2362 1364 2612 1417 doctores
2642 1376 2738 1431 per
2774 1361 3070 1430 posteriora
3101 1362 3375 1416 cervicem

1801 1457 1996 1512 debere
2024 1455 2242 1526 intelligi
2273 1455 2476 1508 dicunt.

1872 1547 2104 1602 PETBUS.
2157 1547 2462 1600 Secundum
2513 1555 2708 1600 vestra:
2758 1544 2932 1598 stultze
2977 1545 3374 1611 explanationis

1799 1640 2015 1700 seriem,
2044 1653 2163 1707 qua:
2188 1645 2242 1690 et
2259 1637 2551 1704 Scriptura:
2571 1646 2627 1690 et
2649 1636 2874 1690 rationis
2895 1633 3171 1702 jnvamine
3199 1644 3370 1700 caret,

1799 1731 2047 1803 progredi
2101 1729 2248 1784 libet.
2301 1728 2434 1782 Nam
2475 1738 2533 1782 ut
2565 1729 2731 1783 Deum
2778 1729 3069 1792 cervicem,
3100 1728 3243 1798 quod
3283 1743 3374 1782 sa-

1801 1823 1964 1893 pienti
2017 1820 2166 1875 nefas
2205 1829 2259 1873 et
2306 1821 2553 1883 videtur,
2585 1829 2638 1874 et
2678 1829 2784 1884 est,
2812 1819 3010 1874 habere
3055 1819 3366 1880 concedam,

1802 1917 1974 1984 potuit
1997 1925 2174 1967 tamen
2207 1913 2322 1966 fieri
2370 1921 2427 1965 ut
2458 1911 2669 1982 Moyses
2697 1912 2828 1965 nihil
2858 1914 2908 1965 in
2936 1927 3000 1965 eo
3029 1923 3225 1980 praeter
3251 1926 3372 1964 cer-

1799 2007 1968 2060 vicem
2000 2004 2212 2058 viderit.
2249 2004 2354 2058 Aut
2399 2004 2443 2057 si
2479 2004 2605 2074 quid
2651 2005 2792 2057 aliud
2844 2005 3042 2061 vidisse
3073 2005 3366 2074 fingamus,

1796 2097 1969 2167 potuit
2009 2095 2192 2149 videre
2239 2095 2433 2164 pileum
2481 2096 2593 2148 sive
2632 2095 2874 2162 corrigi-.1:
2931 2096 3161 2160 nodum,
3217 2095 3360 2149 illius

1796 2190 2001 2244 scilicet
2045 2204 2259 2242 corome
2291 2204 2450 2257 quam
2494 2203 2591 2241 vos
2621 2188 2802 2241 dicitis
2847 2189 3113 2258 angelum,
3148 2190 3367 2244 nomine

1794 2280 2073 2344 Mitraton,
2103 2280 2325 2350 singulis
2352 2279 2542 2334 diebus
2569 2281 2730 2348 capiti
2762 2281 2852 2334 Dei
2888 2282 3184 2349 imponere.

1865 2372 2094 2432 Moyses.
2137 2371 2390 2424 Doctores
2429 2371 2614 2438 utique
2646 2371 2837 2435 nostri,
2877 2371 3005 2424 illud
3046 2373 3185 2438 quod
3235 2371 3368 2424 vidit

1793 2465 2037 2532 corrigim
2076 2463 2270 2516 nodum
2308 2462 2642 2516 contendunt
2679 2462 2844 2517 fuisse
2875 2482 2887 2516 :
2927 2464 3154 2532 ideoque
3200 2466 3364 2517 Deum

1795 2557 1958 2628 Moysi
1988 2555 2251 2608 cervicem
2281 2562 2535 2608 astruunt
2555 2553 2876 2619 ostendisse,
2902 2564 2960 2606 ut
2985 2554 3132 2606 illum
3159 2554 3366 2607 videret

1795 2647 1991 2705 nodum
2019 2646 2286 2713 corrigiae.

1864 2738 2098 2792 PETRUS.
2142 2738 2214 2790 Ita
2255 2752 2377 2791 esse
2423 2745 2481 2790 nt
2511 2737 2710 2790 asseris
2740 2736 2807 2790 ad
2837 2736 2910 2789 tui
2940 2735 3364 2790 destructionem

1795 2833 2170 2891 concedamus.
2205 2829 2338 2882 Nam
2378 2836 2436 2882 ut
2472 2828 2686 2898 Moysen
2740 2828 2888 2880 illum
2917 2841 3134 2882 corona
3165 2828 3364 2880 nodum

1795 2925 1990 2978 vidisse
2021 2923 2367 2983 mentiamur,
2393 2937 2514 2976 cum
2540 2922 2655 2992 ejus
2679 2921 2870 2976 faciem
2895 2921 3198 2976 nullatenus
3219 2923 3366 2975 vide-

1795 3017 1884 3080 rit,
1917 3016 2056 3069 unde
2100 3016 2264 3068 Deum
2307 3015 2541 3083 pixidem
2583 3015 2634 3068 in
2675 3014 2934 3068 anteriori
2980 3014 3174 3083 capitis
3213 3023 3366 3083 parte

1795 3119 2005 3180 gestare
2031 3110 2308 3178 probavit?

1866 3221 2092 3276 Marses.
2134 3220 2410 3288 Quomodo
2437 3220 2646 3291 Moyses
2678 3218 2929 3272 nodatam
2958 3217 3247 3288 corrigiam
3285 3219 3364 3271 vi-

1791 3317 1886 3380 dit,
1912 3316 2145 3385 pixidem
2173 3330 2291 3383 qua:
2322 3314 2408 3367 illa
2457 3313 2734 3382 ligaretur,
2763 3312 2816 3365 in
2858 3311 3038 3380 capite
3077 3311 3167 3364 Dei
3202 3310 3366 3365 fuisse

1790 3411 2037 3464 doctores
2068 3407 2470 3462 intellexerunt.

1859 3523 2098 3578 PETRUS.
2140 3521 2254 3576 Non
2284 3520 2507 3574 omnino
2529 3534 2694 3574 sanus
2723 3526 2807 3573 est
2831 3517 2920 3572 hic
2949 3516 3273 3576 intellectus,
3307 3525 3367 3570 ιιι

1791 3618 1958 3672 Deum
2005 3615 2207 3684 aliquid
2261 3623 2474 3683 gestare
2518 3611 2792 3676 dicamus;
2821 3610 2996 3679 patuit
3045 3618 3222 3662 tamen
3274 3607 3364 3660 illa

1789 3707 2018 3776 corrigia
2045 3705 2198 3774 ligari
2221 3703 2545 3780 cymbalum,
2571 3713 2663 3757 aut
2685 3701 3101 3756 tintinnabulum
3125 3699 3363 3769 aliquod,

1790 3805 1881 3851 aut
1905 3810 2112 3866 gemma
2143 3793 2346 3864 quaevis
2373 3792 2628 3860 pretiosa,
2661 3800 2754 3844 aut
2782 3789 2984 3859 aliquid
3022 3788 3354 3858 hujusmodi.

1788 3888 2169 3942 Verumtamen
2195 3893 2252 3936 ιιι
2273 3883 2452 3938 munia
2479 3882 2575 3934 tibi
2599 3881 2861 3934 fatuitatis
2879 3879 3058 3934 tollam
3080 3893 3362 3948 reSpousa,

1789 3979 1891 4033 hoc
1914 3986 1974 4032 nt
1991 3977 2075 4031 vis
2098 3985 2152 4030 et
2174 3975 2312 4028 dicis
2337 3989 2456 4028 esse
2481 3971 2794 4028 concedam.
2823 3971 2928 4025 Sed
2953 3970 3053 4033 hoc
3079 3985 3364 4034 concesso,

1788 4071 1949 4133 unde,
1981 4082 2183 4138 quaeso,
2218 4065 2425 4137 Moyses
2456 4064 2758 4133 intelligere
2781 4062 2996 4116 chartas
3023 4062 3196 4130 potuit
3223 4062 3363 4114 intus

1788 4160 2074 4222 contineri,
2104 4157 2299 4211 nedum
2327 4157 2494 4210 scisse
2532 4170 2655 4211 eum
2681 4155 2835 4208 dicas
2861 4153 2986 4221 quid
3020 4153 3070 4206 in
3105 4152 3184 4205 eis
3221 4153 3362 4206 scri-

1788 4267 1938 4328 ptum
1970 4252 2296 4310 haberetur?
2326 4250 2432 4304 Sed
2461 4258 2516 4304 et
2539 4248 2680 4317 quod
2709 4262 2872 4316 super
2902 4248 3016 4303 haec
3039 4245 3219 4299 omnia
3264 4246 3363 4298 ad-

1789 4347 2075 4403 miratione
2114 4343 2486 4414 dignissimum
2514 4349 2618 4402 est,
2652 4339 2793 4409 quod
2839 4339 2891 4392 in
2933 4337 3021 4391 illa
3059 4337 3268 4403 charta,
3303 4346 3362 4391 ιιι

1788 4436 2046 4500 creditis,
2073 4433 2206 4488 nihil
2236 4432 2381 4486 aliud
2426 4430 2687 4498 scriptum
2725 4439 2834 4490 est,
2869 4428 2970 4482 nisi
3006 4442 3194 4482 versus
3225 4443 3361 4496 quos

1790 4528 2000 4599 Moyses
2047 4525 2202 4596 longe
2249 4532 2370 4594 post
2407 4522 2649 4576 moriens
2695 4520 3045 4576 lsraeliticum
3084 4519 3358 4588 populum,

1790 4619 2050 4683 docendo,
2079 4632 2144 4672 ex
2188 4615 2480 4684 semetipso
2509 4629 2632 4670 eum
2678 4613 2904 4668 laudans
2939 4611 3127 4673 edidit,
3158 4620 3213 4663 et
3241 4619 3364 4678 post

1790 4709 1956 4763 multa
1993 4721 2257 4766 annorum
2289 4703 2581 4764 curricula,
2609 4701 2863 4756 Salomon
2906 4701 3074 4755 Deum
3125 4699 3362 4753 adorans

1789 4800 2089 4868 composuit
2133 4798 2199 4852 de
2238 4811 2424 4850 eorum
2474 4795 2659 4857 laude;
2695 4793 2836 4847 nulla
2885 4801 2970 4846 est
3002 4792 3139 4845 ratio
3192 4806 3361 4861 quare

1787 4895 1842 4948 in
1871 4893 1962 4946 Dei
1991 4891 2168 4960 capite
2200 4889 2458 4959 scriptum
2490 4903 2611 4942 esse
2641 4886 2833 4940 debeat
2856 4885 3025 4939 credi.

1858 5002 2087 5058 Movscs.
2125 4999 2276 5067 Quod
2305 4999 2478 5054 oculis
2503 4998 2714 5052 carneis
2739 4996 2946 5066 Moyses
2970 5011 3074 5049 non
3107 4995 3265 5061 vidit,
3298 5009 3364 5050 ex

1786 5093 1957 5148 sancti
1990 5093 2220 5162 Spiritus
2250 5090 2577 5144 revelatione
2623 5090 2897 5158 cognovit.
2939 5087 3012 5140 De
3043 5090 3362 5141 chartarum

1785 5196 1964 5241 autem
1991 5183 2272 5253 scripturis
2303 5181 2465 5246 nulla,
2485 5180 2676 5244 fateor,
2696 5188 2787 5247 est
2819 5178 2948 5232 mihi
2982 5180 3142 5232 ratio.

1855 5299 2090 5353 Penus.
2129 5296 2310 5351 Gloria
2340 5295 2467 5348 Deo.
2501 5291 2619 5347 Jam
2648 5293 2919 5363 paulisper
2938 5291 3181 5345 stultitiae
3203 5305 3357 5344 cares

1783 5405 2060 5461 responso.
2095 5387 2227 5442 Item
2261 5387 2303 5439 si
2340 5384 2702 5439 concedamus
2731 5382 2950 5451 Moysen
2985 5380 3174 5434 borum
3205 5394 3354 5446 quae-

1784 5483 1904 5536 dam
1933 5479 2152 5540 vidisse,
2183 5475 2422 5545 quzedam
2473 5482 2663 5527 sancto
2708 5471 2986 5525 revelante
3021 5468 3228 5536 Spiritu
3260 5483 3356 5520 co-

1783 5570 2054 5642 gnovisse,
2085 5583 2206 5622 cum
2257 5581 2355 5619 nec
2401 5564 2516 5632 ipse
2562 5561 2774 5631 Moyses
2815 5574 3039 5627 usquam
3093 5559 3352 5624 scriptum

1783 5661 2082 5728 reliquerit,
2119 5671 2219 5712 nec
2263 5656 2403 5711 ullus
2448 5664 2569 5725 post
2617 5669 2740 5707 eum
2785 5651 3044 5720 propheta
3095 5649 3350 5717 prodidit,

1783 5753 1923 5806 unde
1953 5750 2153 5808 vestris
2183 5749 2493 5806 doctoribus
2539 5756 2647 5800 tam
2699 5750 2920 5800 secreta:
2971 5740 3049 5794 rei
3095 5756 3350 5799 arcanum

1782 5844 1988 5911 patuit?
