3926 6462
543 400 651 456 5ιῖ

1468 393 1674 450 PETRI
1712 391 2052 455 ALPHONSI
2095 392 2185 448 EX
2221 388 2465 447 JUDEO
2500 387 2893 447 CHRISTIANI

3646 396 3734 459 5M

617 519 849 574 Mersus.
888 515 993 570 Per
1019 522 1258 569 veterum
1301 526 1670 577 successores,
1699 509 1768 564 ad
1811 518 2122 565 nostrorum
2158 517 2196 568 Α
2228 503 2404 559 locum
2430 503 2599 569 illum,
2629 503 2717 558 ubi
2746 503 2896 573 prius
2927 500 3081 557 stella
3140 510 3389 572 apparet,
3417 519 3510 563 nec
3532 509 3737 565 occiden-

544 611 762 665 tandem
788 608 1067 660 doctorum
1099 602 1345 672 pervenit
1376 602 1645 656 notitiam.

616 697 850 750 Ρετιιυε.
886 692 1020 748 Cum
1065 692 1131 745 ad
1175 700 1282 743 tam
1323 689 1714 744 irrationabilis
1758 688 2123 753 conclusionis

544 785 822 853 diﬂ‘ugium
877 792 1118 838 vestrum
1170 782 1348 836 deviet
1393 790 1795 851 argumentum,
1847 797 1945 851 per
1985 782 2122 835 anti-

541 893 770 947 quorum
801 876 1174 932 successiones
1202 890 1362 930 omne
1390 875 1483 929 tibi
1509 874 1693 930 licebit
1724 875 1942 930 ﬁrmare
1972 890 2124 929 men-

542 968 775 1021 dacium.
824 967 919 1021 Est
961 976 1141 1022 tamen
1180 966 1336 1020 valde
1384 967 1598 1035 indigne
1649 964 1964 1027 ferendum,
1995 965 2125 1034 quia

542 1058 743 1112 vestris
794 1056 1110 1112 doctoribus
1140 1058 1413 1127 apponitis
1440 1056 1586 1125 quod
1628 1055 1727 1126 ipsi
1770 1055 1996 1109 forsitan
2026 1070 2123 1113 n0-

540 1150 677 1215 lunt,
711 1166 836 1205 cunt
882 1151 980 1220 ipsi
1022 1152 1128 1204 hoc
1159 1166 1218 1203 se
1246 1166 1355 1205 non
1382 1166 1412 1203 a
1444 1159 1687 1203 veterum
1723 1146 1991 1203 relatione
2023 1164 2123 1218 per

541 1240 763 1313 Moysen
794 1241 1046 1296 habuisse
1088 1250 1374 1306 testentur,
1404 1240 1500 1296 sed
1526 1239 1626 1312 ipsi
1656 1240 1712 1294 in
1737 1255 1994 1296 versuum
2026 1254 2123 1296 ex-

542 1333 854 1402 planatione
885 1334 1011 1387 talia
1046 1341 1505 1388 commentemur.

615 1420 844 1477 Marses.
876 1422 1145 1493 Respondi
1169 1438 1273 1477 non
1301 1422 1511 1489 ratione
1542 1422 1698 1489 recti,
1716 1421 1810 1478 sed
1838 1422 2124 1479 occasione

543 1512 774 1583 dill‘ugii.

615 1602 851 1660 PETRUS.
887 1603 1183 1660 Veritatem
1227 1604 1408 1673 itaque
1437 1613 1684 1659 tenentes
1720 1603 2008 1658 vanitatem
2043 1603 2122 1656 vi-

546 1706 744 1765 temus,
781 1698 1037 1768 quoniam
1067 1698 1372 1753 iurationis
1396 1698 1620 1753 exordio
1645 1698 1725 1752 sic
1757 1705 2121 1766 utet-questa-

544 1791 766 1846 tuinttts.

612 1880 843 1936 Movsss.
878 1880 1106 1951 Dignum
1123 1879 1312 1950 judico

614 1992 852 2049 Peritos.
898 1992 1014 2057 Dic,
1056 2007 1261 2063 quaeso,
1296 1991 1440 2046 nosti
1469 2000 1669 2061 quanta
1727 1991 1828 2046 ista
1883 1991 2126 2047 narratio

542 2087 857 2142 verilicctur
882 2086 1111 2151 ratione,
1142 2094 1338 2154 preter
1392 2085 1495 2139 hoc
1524 2085 1685 2140 etiam
1720 2084 1860 2153 quod
1886 2084 1997 2153 jatn
2029 2083 2127 2136 du-

544 2179 672 2233 dum
708 2177 855 2233 nulla
882 2186 1095 2233 constat
1129 2177 1485 2232 auctoritate?

616 2290 845 2346 Movsss.
893 2290 1065 2345 Video
1110 2291 1323 2360 quidem
1383 2290 1436 2344 in
1480 2299 1710 2358 utroque
1780 2289 2126 2342 auctoritatis

544 2382 989 2437 destructionem.
1018 2380 1171 2436 Nunc
1205 2392 1387 2436 autem
1416 2390 1523 2435 ate
1560 2382 1718 2449 exigo
1748 2389 1805 2433 ut
1853 2381 1904 2433 id
1939 2389 2123 2434 osten-

542 2473 644 2528 das
671 2488 768 2543 per
798 2481 1003 2527 natura:
1030 2473 1314 2527 rationem.

615 2590 850 2645 Pan-nus.
881 2588 989 2644 Vos
1020 2588 1186 2643 Deum
1231 2596 1413 2658 caput,
1447 2587 1667 2642 brachia
1717 2593 1773 2641 et
1805 2594 1971 2640 totam
2004 2599 2124 2639 cor-

543 2683 692 2751 poris
714 2681 943 2735 l‘ormatn
974 2680 1174 2734 habere
1199 2678 1545 2733 contenditis.
1573 2677 1728 2745 Quod
1774 2678 1819 2732 si
1868 2678 1971 2732 hoc
2017 2684 2122 2741 est,

544 2775 711 2846 igitur
740 2775 905 2829 Deum
932 2772 1282 2844 longitudinis
1337 2782 1393 2827 et
1435 2770 1737 2825 altitudinis
1764 2769 2126 2825 dimensioni-

542 2867 646 2923 bus
669 2875 918 2922 constare
945 2880 1166 2921 necesse
1190 2873 1272 2920 est
1315 2862 1616 2917 (tueamini.
1660 2861 1717 2917 Si
1749 2876 1878 2917 vero
1907 2862 1992 2917 his
2026 2862 2125 2916 tri-

542 2958 645 3014 bus
674 2957 1099 3012 dimensiouibus
1142 2955 1430 3019 clauditur,
1490 2970 1584 3009 sex
1639 2970 1833 3025 nempe
1881 2954 2126 3025 corporis

543 3050 792 3122 partibus
823 3048 1166 3114 terminatur,
1190 3049 1337 3117 quod
1393 3054 1479 3101 est
1506 3046 1915 3111 inconveniens,
1946 3055 2006 3100 ut
2027 3061 2125 3100 suo

542 3142 859 3198 ostendetur
879 3141 932 3195 in
962 3139 1099 3196 loco.
1133 3140 1207 3195 De
1236 3140 1469 3209 corrigia
1493 3149 1674 3193 autem
1700 3154 1860 3207 quant
1899 3153 2022 3193 euut
2068 3139 2120 3193 itt

544 3235 725 3304 capite
748 3234 951 3289 habere
979 3233 1179 3298 dicitis,
1203 3234 1311 3286 duo
1364 3230 1459 3286 tibi
1506 3245 1770 3301 propono.
1822 3229 1936 3284 Tua
1977 3231 2122 3286 enim

542 3326 800 3397 corrigia,
836 3334 930 3379 aut
951 3318 1127 3379 est'tle
1155 3324 1292 3394 ipso,
1318 3333 1411 3376 aut
1432 3322 1668 3377 aliunde.
1694 3322 1750 3378 Si
1779 3324 1845 3378 de
1876 3324 1991 3391 ipso
2018 3333 2121 3387 est,

539 3418 650 3487 jam
681 3421 823 3474 Deus
848 3434 877 3473 a
902 3433 962 3473 se
1007 3418 1213 3472 divisus
1246 3425 1360 3482 cst;
1393 3416 1438 3471 si
1464 3430 1593 3470 vero
1622 3415 1838 3471 aliunde
1867 3425 1970 3481 est,
2029 3424 2125 3469 aut

543 3508 788 3574 Creator,
820 3517 913 3562 aut
941 3516 1188 3562 creatura
1218 3517 1319 3563 est.
1354 3507 1410 3559 Si
1439 3522 1567 3575 ergo
1585 3506 1810 3561 Creator
1848 3517 1951 3569 est,
1991 3521 2123 3576 ergo

545 3600 651 3654 duo
673 3609 798 3654 sunt
820 3609 1131 3663 creatures;
1188 3598 1233 3653 si
1296 3609 1549 3652 creatura
1597 3607 1702 3660 est,
1727 3596 1840 3666 jam
1873 3599 2120 3668 quredam

548 3699 798 3745 creatura
827 3691 1000 3760 major
1049 3699 1134 3745 est
1167 3691 1395 3761 quadam
1442 3700 1597 3765 parte
1647 3691 1940 3755 Creatoris,
1966 3692 2113 3761 quod

546 3782 930 3837 inconveniens
979 3794 1083 3837 est.
1114 3783 1268 3845 Item,
1295 3798 1509 3851 quwro:
1542 3781 1654 3837 lloc
1685 3784 1828 3853 quod
1860 3783 1910 3836 in
1951 3784 2128 3852 capite

545 3874 632 3930 vel
655 3874 878 3930 brachio
898 3883 1099 3945 gestat,
1127 3885 1306 3929 ntrtun
1336 3876 1660 3931 necessitate
1690 3876 1893 3945 aliqua,
1920 3892 1987 3929 an
2011 3878 2128 3932 sine

548 3967 869 4023 necessitate
919 3966 1046 4022 illud
1087 3968 1308 4038 gestet?
1332 3966 1388 4022 Si
1430 3968 1759 4022 necessitate
1789 3978 1984 4037 gesmt,
2015 3970 2125 4037 jam

551 4059 781 4115 Creator
829 4060 1034 4131 indiget
1070 4071 1344 4126 creatura,
1379 4060 1521 4130 quod
1548 4060 1694 4113 aliud
1742 4072 1824 4114 est
1867 4060 2127 4117 inconve-

545 4152 723 4207 niens.
762 4150 921 4208 Nunc
959 4152 1141 4222 itaque
1192 4161 1379 4222 aperte
1428 4161 1582 4221 potes
1614 4166 1943 4222 cegnoscere
1986 4151 2127 4219 quod

547 4244 645 4299 tibi
671 4243 886 4300 oetendi
915 4260 978 4299 ea
1003 4260 1110 4315 qua
1140 4244 1455 4315 postulabas
1479 4244 1710 4307 ratione,
1746 4244 1957 4298 scilicet
1988 4242 2126 4312 quod

547 4338 615 4393 de
646 4338 880 4408 corrigia
912 4338 1156 4405 creditis,
1190 4354 1357 4409 quam
1389 4338 1462 4393 sit
1491 4338 1619 4393 vile.

619 4430 856 4487 Movses.
884 4430 1091 4487 Teneo.

2229 607 2362 660 tem,
2391 596 2493 649 nisi
2522 596 2610 649 tibi
2637 604 2823 649 nostro
2850 593 3186 649 subtrahitur
3209 596 3467 661 aspectui.

2298 686 2525 741 Mersus.
2558 686 2710 741 Nunc
2755 685 2978 748 obsecro
3020 693 3079 738 ut
3122 685 3351 741 orientis
3401 698 3456 741 et
3495 690 3740 749 occidenti!

2224 781 2359 837 mihi
2404 789 2612 835 certum
2661 779 2835 834 locum
2861 777 3138 845 ostendas,
3168 787 3224 833 et
3254 777 3413 849 hujus
3442 779 3509 835 rei
3537 782 3741 839 notitiam

2224 870 2496 926 subtiliter
2518 870 2801 925 discutias.

2296 965 2527 1020 PETRUS.
2560 963 3017 1032 Quemadmodum
3049 977 3161 1019 rem
3202 963 3360 1018 istam
3412 962 3500 1018 tibi
3527 965 3743 1023 subtiliter

2224 1056 2511 1109 monstrari
2544 1053 2836 1123 rogasti,te
2857 1068 3069 1123 quoque
3092 1053 3219 1107 illud
3247 1053 3431 1108 subtili
3452 1054 3584 1111 decet
3607 1059 3736 1111 oculo

2226 1148 2444 1203 intueri.
2472 1146 2624 1213 Quod
2650 1146 2751 1201 hoc
2778 1145 2935 1205 modo
2962 1145 3264 1199 considera.
3295 1144 3353 1198 lu
3382 1160 3665 1216 quocunque
3681 1150 3748 1206 vis

2224 1242 2341 1297 loco
2369 1242 2623 1303 consiste,
2653 1250 2705 1295 et
2738 1242 2806 1295 ab
2830 1241 3018 1301 eodem
3050 1240 3249 1295 lineam
3272 1250 3472 1294 rectam
3499 1243 3557 1295 ad
3583 1243 3739 1297 orien-

2226 1336 2295 1389 tis
2319 1335 2492 1404 dirige
2514 1344 2742 1402 partem.
2767 1334 2897 1400 Quae
2922 1348 3042 1385 runt
3077 1333 3392 1402 pervenerit
3418 1332 3481 1386 ad
3510 1335 3659 1389 locum
3682 1336 3748 1389 ul-

2226 1437 2309 1479 tra
2336 1440 2497 1495 quem
2543 1426 2716 1479 visunt
2776 1426 2997 1480 tendere
3037 1427 3251 1496 nequis.
3281 1425 3459 1479 locttnt
3486 1426 3634 1496 ipsum
3674 1428 3751 1484 tibi

2222 1517 2487 1571 orientem
2511 1532 2630 1572 esse
2646 1532 2927 1588 cognosce.
2954 1518 3161 1577 Eodem,
3177 1519 3337 1572 modo
3360 1519 3402 1572 si
3427 1517 3491 1572 ab
3513 1534 3577 1574 eo
3598 1520 3647 1573 iu
3665 1535 3751 1588 quo

2223 1608 2473 1661 consistis
2505 1606 2625 1662 loco
2654 1607 2849 1662 lineam
2881 1619 3082 1662 rei-tant
3114 1608 3167 1662 itt
3199 1609 3531 1663 occidentem
3568 1610 3748 1683 direxe-

2227 1702 2322 1767 ris,
2356 1717 2477 1754 cum
2524 1702 2592 1755 ad
2641 1702 2806 1756 talem
2845 1702 3155 1771 pervenerit
3184 1702 3385 1764 locmn,
3410 1701 3497 1769 qtti
3526 1702 3642 1756 visui
3680 1713 3751 1757 tuo

2225 1793 2515 1848 terminum
2571 1802 2754 1864 ponat,
2798 1794 2891 1849 tibi
2962 1794 3136 1865 ipsum
3202 1793 3495 1849 occidentis
3532 1795 3752 1855 constitue

2159 1854 2203 1908 Β
2228 1884 2425 1940 locum.

2298 1974 2529 2033 Movsss.
2556 1973 2709 2030 Nunc
2734 1975 2921 2033 horam
2953 1974 3094 2032 recti
3130 1984 3301 2042 ortus,
3332 1985 3389 2032 et
3432 1977 3606 2057 horam
3645 1979 3759 2034 recti.

2225 2083 2454 2126 occasus
2483 2068 2616 2124 mihi
2651 2068 2943 2124 monstrari
2968 2069 3238 2124 desidero.

2299 2162 2536 2219 Penus.
2570 2162 2837 2223 Nascentc
2859 2164 3012 2219 stella
3054 2165 3366 2236 prmdictam
3399 2165 3584 2221 lineam
3617 2181 3757 2235 usque

2226 2253 2292 2306 ad
2335 2253 2508 2321 ipsum
2536 2252 2707 2308 stella:
2734 2252 2908 2307 locum
2936 2255 3215 2323 protende,
3244 2265 3295 2309 et
3331 2256 3384 2308 in
3418 2266 3596 2309 centro
3621 2255 3757 2323 ipsius

2226 2346 2394 2400 stella:
2426 2346 2620 2401 lineam
2655 2348 2777 2415 lige,
2811 2347 2884 2399 ita
2909 2355 2965 2400 ut
2996 2347 3171 2401 Inedia
3199 2362 3365 2417 super
3405 2357 3593 2401 terram
3624 2362 3757 2417 appa-

2228 2446 2365 2501 reat,
2394 2448 2445 2492 et
2476 2440 2652 2492 Inedia
2701 2436 2879 2492 adhuc
2904 2437 3070 2493 lateat
3097 2438 3379 2508 ipsamque
3421 2438 3597 2493 ltorant
3622 2437 3757 2506 ipsius

2227 2531 2396 2586 stella:
2422 2541 2602 2588 ortum
2621 2530 2790 2586 dices.
2812 2531 2945 2586 Cum
2981 2546 3110 2601 ergo
3138 2530 3217 2585 sol
3242 2530 3330 2584 tali
3353 2531 3511 2585 modo
3535 2530 3647 2583 oriri
3674 2544 3760 2583 co:-

2226 2623 2369 2693 perit
2418 2637 2579 2692 super
2615 2632 2836 2687 terram,
2870 2623 2958 2678 illa
3008 2624 3140 2678 liora
3185 2626 3326 2694 apud
3373 2624 3659 2703 astrologos
3694 2634 3759 2677 est

2227 2730 2390 2770 verus
2415 2725 2569 2771 ortus
2606 2715 2731 2770 diei.
2769 2715 2967 2773 Eodem
3019 2719 3178 2772 modo
3226 2718 3269 2771 si
3317 2719 3589 2772 occidente
3633 2718 3758 2772 stella

2225 2806 2507 2877 pmfatam
2554 2806 2754 2860 lineam
2786 2822 2957 2876 usque
3001 2809 3066 2861 ad
3107 2823 3225 2862 eam
3271 2809 3565 2864 occidentis
3589 2820 3758 2879 partem

2227 2898 2462 2967 dirigens
2479 2899 2842 2953 summitatem
2869 2900 3022 2953 linea:
3046 2898 3097 2952 in
3112 2899 3279 2960 stella:
3304 2900 3486 2955 lixeris
3508 2913 3692 2962 centro,
3705 2900 3758 2951 ita

2227 2999 2287 3044 ut
2317 2990 2489 3044 media
2521 3006 2686 3060 super
2714 3002 2936 3055 terram,
2957 3000 3013 3046 et
3036 2992 3205 3045 media
3228 2994 3329 3046 sub
3357 3003 3497 3047 terra
3520 2994 3760 3055 consistat,

2228 3078 2373 3135 illam
2399 3079 2588 3134 horam
2641 3094 2764 3134 esse
2795 3096 3050 3135 occasum
3084 3082 3250 3136 dices.
3284 3083 3524 3153 Cumque
3571 3083 3646 3137 sol
3691 3085 3760 3136 tali

2227 3173 2387 3227 modo
2410 3171 2695 3237 occiderit,
2742 3172 2830 3226 illa
2873 3172 3006 3235 hora
3035 3174 3171 3244 apud
3198 3176 3497 3245 astrologos
3522 3192 3668 3231 verus
3701 3186 3764 3230 est

2224 3277 2452 3324 occasus
2483 3263 2610 3324 diei,
2636 3274 2690 3317 et
2714 3264 2924 3317 initium
2958 3265 3155 3318 ttoetis.

2298 3356 2532 3413 Morses.
2566 3357 2644 3411 Ex
2677 3358 2887 3412 ratione
2916 3367 3003 3411 tua
3043 3357 3164 3412 talis
3203 3359 3452 3428 procedit
3501 3358 3765 3419 conclusio,

2226 3451 2371 3521 quod
2418 3466 2542 3506 cum
2582 3464 2709 3521 pars
2732 3450 3016 3505 orientalis
3054 3450 3203 3505 orbis
3228 3452 3416 3506 eadem
3442 3450 3765 3513 sitomnibus,

2226 3542 2377 3598 locus
2405 3552 2584 3598 tamen
2630 3542 2859 3596 orientis
2890 3557 2992 3596 non
3028 3541 3167 3596 idem
3198 3552 3285 3601 est
3318 3542 3586 3597 omnibus.
3612 3540 3769 3597 Itidem

2226 3648 2464 3702 quoque,
2494 3650 2614 3687 t'ttttl
2657 3631 3011 3689 occidentalis
3046 3646 3152 3685 non
3212 3630 3353 3685 idem
3405 3640 3490 3686 est
3534 3631 3767 3687 omnibus.

2227 3738 2332 3778 nec
2357 3724 2550 3777 eadem
2582 3722 2711 3778 hora
2753 3732 2925 3787 ortus,
2982 3736 3103 3790 quae
3150 3731 3233 3777 est
3283 3722 3441 3778 nobis
3495 3732 3546 3777 et
3596 3722 3769 3777 caeteris

2228 3814 2502 3885 gentibus,
2530 3830 2627 3869 nec
2650 3816 2836 3869 eadem
2863 3814 2995 3869 hora
3017 3829 3244 3868 occasus
3273 3823 3355 3868 cst
3390 3815 3545 3870 nobis
3568 3823 3620 3868 et
3642 3827 3769 3867 caete-

2228 3907 2305 3960 ris
2360 3906 2631 3976 gentibus,
2690 3905 2783 3960 sed
2837 3904 3133 3959 secundum
3188 3905 3511 3960 varietatem
3566 3903 3768 3957 locorum

2231 4007 2388 4051 terra:
2420 3998 2471 4050 in
2507 3996 2856 4067 longitudine,
2912 3996 3160 4055 variatur
3187 3996 3336 4051 locus
3373 3997 3598 4052 orientis
3622 4007 3672 4052 et
3697 4011 3771 4049 oc-

2229 4085 2481 4152 cidentis,
2504 4096 2559 4140 et
2581 4086 2710 4140 hora
2737 4094 2893 4143 ortus,
2915 4095 2970 4141 et
2998 4099 3241 4141 occasus.

2302 4178 2538 4235 Peritos.
2568 4178 2747 4235 Lmtor
2784 4192 2841 4237 te
2866 4181 2944 4235 rei
2970 4195 3167 4250 capere
3194 4180 3499 4236 veritatem.

2302 4273 2532 4331 Movsas.
2577 4274 2789 4339 Adhuc,
2823 4290 3027 4345 quaeso,
3072 4275 3315 4345 apertius
3366 4275 3611 4345 loquere,
3636 4284 3685 4330 ct
3703 4289 3773 4346 per

2232 4363 2467 4433 aliquam
2503 4363 2914 4421 similitudinem
2952 4379 3066 4420 rem
3108 4372 3215 4418 tam
3250 4364 3505 4420 subtilem
3527 4365 3744 4420 ostende.

2302 4454 2543 4511 Peritos.
2580 4452 2987 4509 Constituamus
3015 4468 3147 4525 ergo
3187 4454 3357 4508 solem
3388 4454 3441 4508 in
3471 4455 3641 4525 primo
3663 4453 3773 4507 arie-

619 4545 854 4602 Ps'rnus.
880 4544 1079 4600 lterum
1104 4547 1273 4600 vestri
1304 4545 1554 4600 doctores
1582 4544 1636 4600 in
1659 4544 2029 4600 doctrinarum
2056 4544 2123 4611 liv
2155 4549 2203 4609 D
2230 4543 2300 4598 tis
2324 4545 2492 4615 gradu
2520 4553 2571 4599 et
2597 4545 2647 4598 in
2678 4545 2855 4614 primo
2879 4554 3083 4615 puncto
3108 4544 3330 4616 gradus,
3349 4553 3403 4599 et
3421 4545 3660 4599 dicamus
3678 4543 3774 4613 quia

546 4636 649 4690 bro
683 4644 939 4691 asserunt
978 4636 1121 4706 quod
1172 4635 1312 4690 Deus
1361 4637 1416 4692 in
1452 4636 1736 4691 occidente
1765 4648 1848 4691 est
1900 4646 2131 4705 tantum,

548 4729 877 4784 auctoritate
946 4728 1134 4783 Esdrat
1187 4728 1317 4783 illud
1388 4731 1809 4797 conlirmantes,
1856 4730 2129 4785 dicentis:

551 4817 833 4874 Exercitus
849 4820 965 4874 caeli
990 4819 1249 4887 supplicat
1274 4820 1368 4873 tibi
1389 4818 1477 4892 (II
1505 4820 1707 4875 Eadm:
1731 4823 1827 4893 ut).
1851 4821 2137 4890 Exponen-

552 4922 634 4965 tcs
659 4911 762 4965 hoc
794 4911 958 4978 quod,
992 4925 1116 4965 cum
1143 4927 1331 4967 omnes
1355 4911 1523 4966 stella-
1544 4912 1595 4967 iu
1626 4912 1963 4967 occidentem
1992 4912 2137 4965 dccié

553 4998 711 5064 dunt,
745 5006 875 5052 tunc
900 4999 1172 5053 exercitus
1191 5000 1315 5055 εαξιί
1339 5000 1607 5071 supplicat
1634 5001 1762 5068 Deo,
1790 5009 1845 5055 et
1874 5000 2134 5070 quoniam

553 5091 670 5146 haec
731 5090 1008 5145 stellarum
1062 5091 1381 5164 supplicatio
1442 5095 1501 5148 lit
1548 5094 1601 5148 in
1662 5093 1967 5161 occidente,
2014 5093 2137 5147 ideo

553 5180 725 5237 Deum
763 5182 819 5236 in
865 5184 1149 5238 occidente
1204 5194 1452 5240 asserunt
1483 5200 1623 5240 esse.
1649 5184 1775 5240 Haec
1821 5200 1983 5254 quam
2013 5185 2134 5240 dico

550 5282 639 5329 est
666 5288 852 5329 eorum
882 5276 1173 5330 sententia.
1207 5275 1308 5342 Qui
1339 5292 1647 5346 quanquam
1701 5292 1731 5331 a
1776 5276 1870 5330 Dei
1897 5286 2025 5330 sunt
2046 5291 2138 5330 co-

553 5363 811 5433 gnomine
858 5365 1041 5428 alieni,
1065 5366 1110 5421 si
1151 5368 1334 5420 mundi
1375 5368 1567 5423 saltem
1595 5367 1849 5439 lligurum
1875 5382 2137 5436 agnosce-

555 5463 836 5522 rent,_,r.on
866 5457 933 5512 de
957 5457 1069 5511 Deo
1093 5467 1205 5511 tam
1235 5458 1450 5527 indigna
1490 5458 1777 5512 sentirent.

627 5545 859 5601 Ilovsss.
893 5548 1021 5603 Volo
1050 5547 1179 5601 mihi
1202 5547 1441 5611 ostendi,
1472 5547 1517 5601 si
1552 5548 1749 5616 placet,
1782 5545 2053 5616 quomodo
2073 5562 2140 5601 ex

557 5638 662 5693 ltoc
682 5640 853 5694 verbo
874 5639 1046 5709 possit
1083 5637 1362 5708 perpendi,
1394 5639 1536 5706 quod
1566 5638 1665 5708 ipsi
1694 5638 1924 5707 ligarant
1956 5637 2139 5695 mundi

562 5745 670 5785 non
699 5730 1037 5798 agnoverint.

632 5820 865 5874 Penus.
896 5819 1163 5886 Quoniam
1191 5834 1286 5875 nos
1310 5820 1574 5879 orientem
1622 5838 1729 5878 non
1759 5821 2008 5888 dicimus,
2036 5820 2141 5878 nisi

2236 4635 2402 4705 cmpit
2445 4635 2605 4690 modo
2653 4635 2788 4690 oriri
2845 4635 3052 4689 civitati
3104 4636 3273 4701 Aren,
3327 4652 3450 4706 qua:
3496 4638 3601 4692 sita
3634 4646 3706 4692 est
3736 4636 3779 4687 in

2236 4727 2413 4797 primo
2466 4735 2671 4796 septem
2723 4725 3000 4785 climatum
3045 4736 3224 4795 terrm,
3257 4728 3465 4784 habens
3521 4728 3774 4797 nonaginta

2236 4816 2432 4884 gradus
2452 4817 2521 4869 ad
2541 4816 2823 4880 orientem,
2848 4826 2905 4871 et
2939 4817 3162 4873 totidem
3213 4818 3282 4871 ad
3321 4820 3680 4882 occidentem,
3702 4817 3776 4871 ba-

2237 4908 2369 4961 bens
2393 4906 2559 4961 etiam
2586 4907 2876 4977 nonaginta
2898 4908 3102 4975 gradus
3123 4906 3190 4962 ad
3219 4908 3398 4979 polum
3425 4910 3776 4979 aquilonalem,

2239 4996 2572 5066 totidemque
2620 4995 2685 5050 ad
2712 4996 3028 5053 australem.
3062 4997 3199 5056 Cum
3226 4999 3378 5065 huic,
3411 5001 3653 5071 inquam,
3679 4998 3779 5053 civi-

2239 5090 2336 5143 tati
2369 5088 2448 5142 sol
2474 5088 2706 5157 cmperit
2730 5084 2888 5155 oriri,
2911 5102 3159 5159 quaenam
3190 5092 3323 5145 hora
3374 5093 3481 5145 erit
3504 5091 3577 5147 illi
3607 5088 3778 5146 civitati

2241 5196 2362 5251 quae
2401 5182 2681 5252 sexaginta
2706 5181 2965 5252 gradibus
2990 5182 3157 5238 distat
3179 5183 3248 5238 ab
3270 5183 3555 5240 occidente
3582 5180 3780 5239 civitatis

2237 5274 2421 5329 Aren?

2310 5362 2539 5417 hlovsss.
2564 5360 2874 5417 Secundum
2929 5362 3073 5435 quod
3127 5362 3179 5415 in
3238 5363 3634 5434 astrologorum
3661 5361 3782 5416 libris

2239 5458 2416 5527 reperi
2444 5458 2729 5525 scriptum,
2755 5458 2873 5514 duo:
2893 5457 3068 5515 adhuc
3116 5458 3261 5515 hora:
3292 5458 3359 5510 de
3381 5458 3693 5525 prteccdenti
3715 5470 3780 5507 rc-

2241 5555 2461 5602 manent
2480 5557 2657 5601 nocte.

2311 5636 2549 5692 ιἐτιιυε.
2583 5637 2717 5692 Cum
2752 5638 2915 5708 igitur
2934 5637 3140 5693 civitati
3166 5636 3311 5691 Areu
3349 5637 3433 5692 sol
3468 5635 3773 5699 occubuerit,

2244 5745 2364 5800 quae
2394 5731 2523 5785 hora
2550 5731 2821 5801 praedictae
2853 5733 2955 5785 erit
2980 5730 3222 5785 civitati?

2243 5834 2259 5891 ἱ,
2317 5820 2548 5877 Messes.
2577 5821 2703 5877 Duae
2731 5820 2979 5877 similiter
3009 5828 3288 5878 remanent
3310 5818 3461 5877 hora:
3490 5820 3554 5877 de
3584 5819 3683 5875 die.
