3926 6468
196 422 283 491 545

1628 425 1921 482 DIALOGI.

3276 431 3381 486 ἲὶέϐ

168 596 171 603 .
255 550 599 604 Parnasum
623 542 802 595 autem
848 540 923 592 sol
976 539 1048 593 illi
1106 538 1237 592 oriri
1286 538 1513 609 cmpertt
1555 541 1697 607 urbi,
1730 549 1775 604 Α
1806 544 2133 609 civitatibus,
2179 540 2337 616 prout
2387 561 2488 599 una
2521 550 2732 616 .otstat‘;
2775 543 2843 598 ab
2892 543 2996 598 alia
3045 544 3097 598 in
3140 543 3377 613 longitu-

191 650 333 711 quota
346 638 442 706 jam
476 636 596 689 liora
619 642 701 688 est
730 634 868 687 Aren
896 631 1137 687 civitati?

255 733 455 787 Movsss.
481 726 692 780 Duabus
716 727 1021 789 transactis,
1061 725 1215 780 tertia
1245 724 1465 779 inchoat
1497 724 1653 779 hora.

248 823 456 877 Psraus.
487 818 722 885 Cumque
768 815 840 869 illi
887 817 1003 871 urbi
1044 818 1124 871 sol
1179 815 1703 884 occubuerit,quota

188 920 296 973 liora
328 912 423 967 erit
442 910 580 963 Aren
601 906 841 962 civitati?

240 1005 445 1059 Morsss.
478 1000 600 1054 Dum
627 998 738 1068 jam
762 998 828 1052 de
852 1002 1009 1053 nocte
1036 997 1320 1068 completa:
1343 1002 1474 1052 sunt
1501 997 1669 1051 horae.

243 1095 450 1148 Psraus.
485 1090 539 1144 Si
566 1091 727 1160 igitur
753 1089 896 1143 liluiu
921 1100 1129 1144 rectum
1158 1090 1224 1144 ab
1246 1089 1393 1145 Aren
1418 1088 1706 1159 pertrahas

181 1189 386 1249 civitate,
406 1193 456 1238 et
473 1184 727 1253 perducas
748 1182 1112 1237 summitatem
1143 1197 1302 1237 unam
1327 1182 1393 1236 ad
1414 1181 1702 1244 orientem,

179 1293 222 1336 et
251 1280 391 1333 aliam
412 1277 474 1329 ad
497 1275 846 1339 occidentem,
871 1283 925 1329 et
962 1274 1123 1330 simili
1174 1276 1337 1329 modo
1386 1274 1439 1328 in
1493 1273 1593 1327 alia
1632 1271 1708 1325 la-

180 1373 273 1427 cias
300 1368 525 1431 civitate,
545 1365 827 1437 proferens
848 1367 916 1420 ab
952 1382 1014 1421 ea
1042 1376 1246 1422 rectam
1285 1366 1518 1429 lineam,
1553 1363 1707 1431 cujus

178 1476 260 1513 una
292 1457 560 1512 summitas
584 1454 649 1509 ad
678 1456 967 1520 orientem,
990 1465 1047 1511 et
1081 1455 1186 1510 alia
1219 1455 1492 1526 pertingat
1516 1455 1581 1509 ad
1611 1470 1706 1508 oc-

177 1550 584 1611 eidcntem,num,
610 1561 827 1614 quasso,
858 1547 1140 1616 utriusque
1180 1546 1332 1600 linea:
1364 1545 1581 1601 termini
1630 1547 1698 1601 ab

175 1642 348 1698 utravis
382 1648 529 1710 parte
562 1638 790 1693 insimul
816 1647 1070 1708 poterunt
1099 1639 1425 1694 convenire?

231 1731 435 1784 Morsss.
465 1728 700 1792 Minime,
730 1729 824 1782 sed
853 1738 1056 1797 quanto
1084 1728 1153 1782 ab
1178 1728 1405 1782 invicem
1434 1726 1565 1798 ipsm
1629 1725 1707 1781 di-

174 1822 561 1884 stantcivitales,
581 1829 729 1873 tanto
755 1820 1017 1873 linearum
1041 1820 1092 1874 in
1113 1829 1338 1887 utraque
1358 1827 1510 1888 parte
1538 1818 1705 1873 dista~

175 1917 283 1967 buut
307 1913 652 1976 summitates,
689 1912 910 1980 triginta
943 1911 1148 1965 scilicet
1169 1911 1386 1981 gradus.

227 2006 437 2062 Pramus.
493 2004 647 2059 Nunc
700 2004 1042 2073 apertissime
1118 2002 1210 2057 tibi
1266 2011 1415 2072 patet
1450 2002 1703 2071 quoniam

172 2096 265 2150 loca
297 2095 506 2150 orientis
536 2105 590 2149 et
616 2095 933 2154 occidentis,
964 2103 1019 2147 et
1046 2093 1195 2147 horae
1230 2103 1384 2147 ortus
1406 2101 1463 2146 et
1482 2108 1706 2148 occasus

172 2203 257 2240 nou
278 2186 451 2241 eadem
478 2196 608 2240 sunt
638 2187 913 2251 omnibus,
956 2184 1051 2239 sed
1101 2184 1382 2251 variantur
1411 2199 1509 2254 pro
1542 2184 1706 2238 variis

172 2290 300 2333 terra:
325 2275 764 2348 longitudinibus.

225 2370 429 2425 Marses.
461 2370 603 2423 Bene
632 2368 846 2423 tandem
876 2367 1144 2439 intelligo.

227 2485 429 2541 Persas.
442 2483 572 2538 Item
590 2499 715 2538 cum
738 2483 817 2538 sol
836 2484 976 2537 Aren
991 2484 1163 2538 oritur
1183 2482 1410 2547 civitati,
1426 2483 1504 2537 sic
1518 2483 1701 2537 eadem

170 2578 275 2630 hora
312 2577 442 2644 apud
497 2576 727 2631 alteram
791 2591 953 2645 quam
1019 2576 1254 2631 diximus
1302 2576 1576 2630 civitatem
1637 2576 1706 2629 ab

168 2665 369 2735 ejusdem
394 2666 637 2721 civitatis
652 2666 863 2721 oriente
888 2666 940 2719 in
970 2665 1211 2734 ejusdem
1259 2665 1593 2720 occidentem
1642 2665 1707 2718 li-

168 2771 294 2810 neam
340 2757 652 2828 protendas,
700 2772 820 2827 quae
863 2756 987 2811 εωιί
1035 2767 1234 2828 puncta
1280 2756 1560 2828 utriusque
1589 2756 1704 2827 ejus

167 2848 447 2902 summitatis
478 2862 746 2903 cacumen
784 2848 1107 2918 continget?

220 2957 423 3014 ilorsss.
442 2958 532 3014 llla
555 2961 781 3030 quidem
799 2960 1083 3016 summitas
1102 2975 1220 3031 qua:
1244 2960 1416 3031 vergit
1432 2961 1498 3015 ad
1517 2961 1702 3016 orien-

167 3058 271 3112 tem.
312 3052 535 3119 primnm
577 3060 850 3123 punctum
884 3053 1039 3123 primi
1068 3053 1265 3123 gradus
1296 3052 1530 3107 Piscium
1559 3053 1703 3108 obti-

169 3144 306 3207 nebit,
343 3143 426 3198 illa
476 3160 620 3198 vero
672 3159 792 3213 quae
834 3145 1039 3199 directa
1087 3152 1171 3199 est
1223 3146 1289 3199 ad
1343 3146 1700 3213 occidentem,

165 3232 355 3299 primum
377 3245 639 3303 punctum
672 3236 830 3305 primi
858 3237 1064 3304 gradus
1081 3235 1320 3307 Virginis
1349 3238 1631 3306 percutiet.

220 3327 428 3382 Parrus.
466 3328 688 3383 ltursus
725 3329 769 3383 si
794 3329 908 3384 sole
931 3329 1075 3383 Areu
1100 3329 1303 3383 civitati
1327 3331 1700 3395 occumbente,

164 3418 277 3484 apud
297 3419 509 3474 alteram
546 3421 829 3475 civitatem
855 3420 1051 3475 lineam
1074 3437 1141 3475 eo
1163 3436 1270 3491 quo
1291 3421 1526 3475 diximus
1546 3422 1704 3475 modo

164 3510 407 3565 adcmlum
450 3528 635 3583 usque
682 3513 934 3582 utrinque
961 3513 1266 3576 tendamus,
1297 3521 1524 3583 utraque
1556 3529 1707 3568 sum-

167 3602 297 3657 mitas
320 3606 432 3675 ejus
454 3622 595 3676 quas
621 3605 739 3660 cmli
772 3616 951 3674 partes
977 3605 1288 3675 continget?

1729 3261 1776 3322 Ο

219 3716 419 3775 Marses.
456 3719 591 3787 Quae
622 3719 686 3772 ad
707 3719 974 3774 orientem
1009 3720 1269 3786 tenditur,
1297 3722 1475 3789 primo
1504 3729 1705 3789 puncto

166 3810 296 3877 primi
316 3812 512 3881 gradus
538 3811 814 3881 Virginis;
836 3826 955 3879 qua:
984 3826 1112 3865 vero
1134 3810 1201 3864 ad
1228 3810 1565 3865 occidentem
1592 3810 1705 3880 pri-

162 3918 232 3953 mo
244 3913 423 3972 puncto
447 3904 611 3972 primi
645 3905 845 3973 gradus
867 3901 1099 3956 Piscium
1128 3901 1388 3956 occurrit.

217 4013 654 4072 Psrautherum
674 4024 855 4070 autem
879 4016 923 4070 si
938 4014 1051 4071 sole
1073 4014 1191 4069 urbi
1216 4013 1288 4067 illi
1308 4013 1516 4068 oriente
1538 4012 1707 4067 lineas

162 4112 273 4176 apud
294 4112 425 4167 Arcu
464 4113 750 4167 civitatem
791 4109 858 4163 ad
899 4109 1137 4179 ejusdem
1164 4107 1449 4168 orientem,
1476 4115 1529 4160 et
1557 4107 1707 4161 occi-

162 4201 343 4254 dentem
371 4204 661 4257 tendentes
683 4214 854 4269 usque
876 4199 941 4253 ad
974 4199 1145 4268 ipsum
1195 4195 1392 4251 coelum
1420 4195 1703 4260 ducamus,
1748 4238 1751 4245 .

160 4300 354 4361 utraque
374 4294 668 4349 summitas
697 4305 859 4361 quam
884 4288 1005 4344 coeli
1030 4298 1235 4359 partem
1262 4284 1569 4356 continget?

217 4384 429 4440 Movsss.
482 4386 620 4452 Qum
649 4384 916 4439 orientem
954 4378 1251 4449 continget,
1275 4378 1506 4448 primam
1534 4374 1706 4446 parti-

159 4475 306 4529 culam
327 4475 482 4546 primi
514 4474 724 4546 gradus
746 4471 913 4526 Tauri
943 4470 1249 4540 percutiet;
1277 4484 1397 4539 qua:
1420 4482 1546 4523 vero
1564 4467 1709 4522 occi-

1810 634 1953 689 dine.

1882 730 2118 787 Movszs.
2151 732 2356 787 Cuncta
2382 743 2626 804 patenter
2654 731 2910 802 intelligo.

1878 823 2116 879 Pramus.
2153 822 2263 878 Nec
2306 823 2399 877 illa
2456 823 2575 879 cmli
2626 822 2916 892 particula,
2956 835 3076 890 qum
3120 818 3283 875 hodie
3323 818 3382 873 in

1808 920 1930 967 Ortu
1961 913 2092 968 solis
2146 915 2339 981 quovis
2369 923 2634 967 terrarqu
2658 913 2776 965 loco
2802 910 2853 965 in
2900 910 3111 965 oriente
3132 919 3382 981 apparet,

1808 1013 1889 1057 est
1913 1005 2104 1060 eadem
2136 1021 2255 1074 qua:
2306 1020 2431 1059 cras
2475 1004 2664 1059 eadem
2696 1003 2829 1057 hora
2858 1004 3048 1058 eodem
3077 1012 3234 1059 terra:
3260 1004 3382 1059 loco

1807 1094 1860 1147 in
1884 1094 2071 1148 eodem
2095 1094 2391 1165 apparebit.

1878 1185 2109 1241 Movsss.
2153 1187 2219 1239 Et
2249 1188 2349 1242 hoc
2377 1186 2556 1240 lucide
2576 1192 2744 1256 patet.

1879 1277 2115 1334 Psrnus.
2148 1279 2275 1334 ilzec
2305 1280 2568 1349 graduum
2597 1279 2648 1332 in
2681 1277 2819 1333 cosio
2857 1276 3090 1332 variatio
3112 1279 3381 1351 contingit

1807 1372 2046 1441 quotidie
2095 1372 2234 1427 sicut
2264 1373 2378 1442 ipsc
2404 1371 2483 1426 sol
2509 1387 2605 1441 per
2643 1370 2860 1426 eosdem
2903 1369 3107 1439 gradus
3137 1370 3383 1425 variatur

1807 1462 2045 1517 assidue.

1878 1551 2108 1607 Movsus.
2140 1550 2293 1618 Quod
2321 1559 2457 1605 ratio
2479 1549 2715 1606 ostendit
2745 1564 2947 1620 negare
2974 1566 3079 1606 non
3104 1553 3283 1607 valeo.

1876 1641 2114 1697 Psrnus.
2144 1640 2593 1711 Quandoquidem
2643 1640 2717 1695 ita
2758 1655 2902 1705 esse,
2940 1647 3000 1694 ut
3025 1639 3259 1694 diximus
3284 1654 3382 1693 ne-

1808 1735 2046 1790 cessaria
2067 1742 2284 1789 constat
2309 1733 2540 1797 ratione,
2564 1740 2620 1788 et
2676 1731 2729 1786 in
2768 1731 2936 1787 totius
2982 1740 3143 1787 terra:
3206 1733 3385 1801 spatio

1811 1845 1917 1884 non
1955 1839 2082 1883 sun:
2119 1828 2238 1882 loca
2264 1827 2493 1882 orientis
2523 1835 2580 1882 et
2635 1826 2934 1882 occidentis
2989 1824 3241 1896 mqualia,
3284 1837 3387 1879 nec

1741 1918 1784 1977 B
1816 1919 1960 1973 horae
1990 1926 2142 1972 ortus
2167 1925 2223 1971 et
2246 1932 2471 1972 occasus
2494 1916 2717 1971 eadem.
2762 1915 2912 1971 Unde
2936 1916 3249 1970 necessario
3293 1928 3383 1968 se-

1807 2008 1996 2078 quitur
2018 2006 2205 2062 stellas
2226 2022 2345 2077 qua:
2376 2005 2695 2076 quibusdam
2738 2005 3014 2069 occidunt,
3045 2004 3165 2060 aliis
3190 2003 3383 2059 eadem

1810 2098 1945 2151 hora
1981 2097 2140 2160 oriri,
2172 2111 2273 2151 nec
2295 2095 2349 2149 in
2386 2104 2495 2150 tota
2511 2095 2635 2151 εωιί
2664 2096 2872 2166 sphaera
2895 2104 3079 2149 certus
3098 2104 3179 2148 est
3200 2094 3385 2149 orien-

1811 2191 1882 2245 tis
1910 2199 1961 2245 et
1987 2190 2289 2245 occidentis
2340 2188 2513 2254 locus,
2559 2189 2653 2244 sed
2710 2187 2951 2257 quotidie
3000 2187 3243 2242 variatur
3285 2201 3388 2256 per

1806 2282 1987 2336 varios
2010 2282 2232 2352 gradus,
2258 2280 2430 2335 multo
2455 2282 2632 2335 minus
2660 2280 2808 2335 credi
2846 2278 3007 2334 debet
3054 2279 3281 2333 orientis
3327 2290 3385 2333 et

1805 2375 2105 2429 occidentis
2119 2374 2479 2428 mutationem
2502 2374 2811 2427 cmlestibus
2826 2374 3071 2429 accidere
3091 2372 3382 2436 creaturis,

1812 2468 2009 2537 quibus
2036 2467 2182 2521 nulla
2213 2482 2450 2536 unquam
2476 2465 2759 2521 intervenit
2785 2467 3109 2531 obscuritas,
3127 2466 3219 2520 sed
3243 2480 3384 2519 sem—

1808 2560 2014 2629 piterna
2048 2559 2407 2613 indelicieutis
2436 2558 2654 2613 luminis
2700 2558 2923 2613 irradiat
2963 2558 3215 2627 claritas,
3243 2558 3387 2612 sicut

1808 2651 1974 2705 ltavid
2000 2652 2263 2721 propheta
2289 2651 2421 2705 dicit
2452 2669 2465 2705 :
2498 2650 2635 2717 Quia
2658 2650 2880 2704 tenebrm
2904 2666 3005 2704 non
3026 2652 3385 2705 obscurabun-

1807 2753 1895 2797 tur
1921 2761 1952 2797 a
1978 2753 2048 2809 te,
2075 2754 2121 2796 et
2146 2760 2249 2797 nox
2285 2744 2418 2797 sicut
2464 2744 2574 2796 dies
2610 2740 2994 2795 illuminabitur
3022 2755 3042 2793 :
3068 2742 3204 2797 sicut
3248 2752 3387 2796 tene-

1805 2836 1915 2889 brae
1941 2835 2055 2905 ejus
2078 2836 2152 2888 ita
2182 2844 2231 2888 et
2256 2834 2429 2888 lumen
2460 2834 2572 2903 ejus
2597 2831 2765 2903 (Psal.
2796 2832 3055 2904 XXXVJII);
3081 2844 3136 2888 et
3164 2832 3381 2888 Daniel:

1805 2926 1945 2998 Ipse,
1979 2927 2172 2997 inquit,
2196 2926 2387 2981 revelat
2422 2926 2688 2996 profunda
2729 2937 2775 2979 et
2802 2927 3129 2990 abscondita,
3170 2937 3217 2979 et
3244 2927 3385 2979 novit

1802 3018 2109 3075 in'tenebris
2133 3020 2436 3086 constituta,
2461 3029 2507 3072 et
2540 3019 2634 3071 tua:
2656 3034 2771 3071 cum
2794 3035 2852 3072 eo
2871 3035 3075 3088 semper
3096 3020 3192 3073 erit
3216 3018 3381 3089 (Dan.

1805 3110 1889 3181 ιι).
1922 3109 2056 3168 Cum
2076 3110 2238 3164 etiam
2269 3108 2410 3163 nulla
2436 3109 2486 3162 in
2513 3108 2653 3162 cmlo
2676 3123 2955 3172 ascensus,
2981 3107 3066 3163 vel
3089 3108 3384 3163 descensus

1804 3202 1977 3272 possit
2017 3216 2135 3256 esse
2161 3200 2612 3262 localismutatio,
2651 3199 2992 3271 apertissime
3025 3200 3187 3270 igitur
3211 3200 3383 3255 cuivis

1805 3293 2141 3362 patet,quod
2191 3291 2243 3344 in
2290 3289 2429 3346 cmlo
2480 3306 2580 3344 nec
2610 3290 2792 3346 oriens
2820 3291 2910 3355 sit,
2964 3305 3063 3344 nec
3101 3291 3380 3345 occidens.

1805 3382 1921 3450 Quo
1952 3384 2195 3451 probato,
2236 3380 2453 3435 fatuitas
2501 3380 2721 3435 evidens
2774 3389 2857 3435 est
2904 3380 3216 3444 dit-entiam,
3240 3381 3382 3451 quod

1807 3473 1900 3528 Dei
1941 3473 2090 3528 locus
2112 3472 2367 3527 occidens
2392 3482 2475 3527 est
2496 3472 2587 3526 ubi
2634 3471 2802 3526 stellae
2828 3470 3132 3540 supplicant
3163 3472 3291 3526 Deo.

1876 3566 2108 3621 Movsss.
2144 3565 2295 3621 Licet
2335 3565 2639 3621 manifestis
2680 3564 2945 3635 refragari
2973 3579 3239 3635 nequeam
3295 3583 3383 3620 ra-

1808 3656 2063 3724 tionibus,
2089 3656 2215 3712 volo
2253 3664 2430 3711 tamen
2480 3655 2636 3720 mihi,
2676 3654 2722 3709 si
2770 3653 2964 3725 placet,
3008 3655 3218 3709 ostendi
3249 3670 3383 3725 quo.

1806 3748 1965 3802 modo
2008 3746 2229 3818 probari
2287 3747 2515 3817 possint,
2562 3746 2645 3802 vel
2699 3746 2949 3815 cognosci
3018 3744 3385 3816 longitudines

1806 3839 2119 3894 distantium
2144 3839 2211 3893 ab
2229 3839 2454 3893 invicem
2481 3839 2783 3901 civitatum,
2803 3846 2860 3891 ut
2877 3836 3066 3893 melius
3090 3852 3386 3908 cognosca-

1806 3947 1928 3987 mus
1977 3931 2326 3986 diversitates
2376 3930 2631 3985 horarum
2674 3929 2864 3985 eodem
2920 3937 3161 4000 tempore
3221 3945 3385 4000 super

1808 4023 2023 4078 easdem
2051 4022 2443 4093 apparentium.
2545 4005 2553 4014 ’

1876 4116 2110 4170 Ρετιιυε.
2140 4113 2542 4168 Constituamus
2564 4127 2692 4183 ergo
2713 4112 2879 4167 solem
2909 4113 2962 4167 in
2984 4113 3160 4181 primo
3181 4113 3386 4167 Arietis

1808 4214 2028 4276 puncto,
2059 4213 2115 4258 et
2158 4204 2379 4272 incipiat
2424 4202 2536 4255 ﬁeri
2565 4202 2781 4272 eclipsis
2808 4202 2936 4256 solis
2965 4203 3105 4272 apud
3136 4202 3279 4257 Aren
3307 4205 3387 4258 ci-

1807 4296 2049 4358 vitatem,
2077 4294 2251 4364 primo
2267 4301 2465 4362 puncto
2492 4293 2736 4361 septimm
2762 4292 2866 4347 diei
2895 4293 3042 4346 hora:
3067 4293 3173 4347 erit
3199 4292 3386 4362 utique

1808 4379 1994 4433 eadem
2041 4379 2175 4432 hora
2227 4378 2433 4447 primus
2468 4376 2670 4431 Cancri
2704 4378 2905 4448 gradus
2935 4378 2986 4431 iu
3017 4378 3184 4447 ipsius
3238 4379 3383 4433 Aren

1808 4471 2034 4524 oriente.
2067 4467 2220 4535 Quod
2252 4468 2296 4522 si
2328 4477 2455 4523 tunc
2504 4483 2665 4523 nosse
2719 4469 2997 4523 desideras
3052 4479 3216 4540 quota
3247 4471 3383 4525 hora

160 4564 340 4619 dentem
414 4568 601 4636 primo
658 4570 860 4634 puncto
932 4559 1096 4632 primi
1146 4559 1346 4629 gradus
1394 4557 1708 4629 Scorpionis
1739 4598 1783 4653 D
1814 4563 1927 4618 ﬁeri
1956 4560 2180 4631 incipiat
2206 4562 2393 4615 eadem
2419 4558 2655 4631 eclipsis,
2686 4561 2825 4630 apud
2849 4561 3007 4616 aliam
3029 4578 3194 4632 quam
3249 4577 3388 4633 pra!-

157 4669 392 4712 occurret.

215 4746 434 4805 Psrnus.
477 4748 537 4804 Si
571 4755 758 4802 autem
788 4745 903 4801 sole
925 4744 1047 4800 urbi
1087 4743 1171 4823 illi“
1196 4743 1549 4799 occumbente
1570 4757 1708 4812 prae-

157 4838 325 4895 dictam
354 4842 563 4897 lineam
596 4842 740 4895 Aren
767 4839 1005 4895 civitatis
1027 4837 1282 4907 prmdicto
1309 4837 1468 4891 modo
1492 4837 1559 4889 ad
1585 4835 1705 4889 (δειξιί

157 4936 374 4989 cardines
401 4929 695 4995 ducamus,
742 4946 880 5002 quas
915 4931 1159 5001 ejusdem
1203 4929 1328 4984 (ια)ιί
1362 4938 1540 4999 partes
1568 4943 1709 4983 sum-

156 5023 294 5079 mitas
312 5041 547 5096 qua-que
583 5025 730 5079 conti
739 5031 865 5093 uget
881 5022 905 5075 ?

210 5115 426 5174 Morsss.
475 5117 723 5174 Orientis
753 5114 1040 5171 summitas
1077 5114 1287 5168 initium
1316 5113 1473 5184 primi
1511 5113 1709 5183 gradus

158 5201 483 5278 Scorpionis,
516 5205 822 5262 occidentis
867 5220 996 5260 vero
1049 5205 1260 5258 initium
1308 5205 1467 5275 primi
1512 5205 1709 5275 gradus

151 5293 295 5349 't‘auri
315 5302 628 5368 continget.

210 5386 437 5446 Ρετιωε.
467 5388 630 5444 Nunc
651 5401 982 5459 cognoscere
1010 5396 1185 5457 potes,
1201 5385 1327 5455 quia
1343 5386 1544 5456 gradus
1569 5385 1707 5454 signi

149 5482 227 5547 qui
251 5492 330 5536 est
357 5484 411 5537 in
440 5482 662 5537 oriente
682 5480 797 5536 sole
819 5480 964 5551 Aren
995 5478 1202 5533 civitati
1227 5486 1524 5547 apparente
1546 5517 1562 5542 ,
1599 5492 1709 5532 non

149 5581 223 5625 est
248 5572 385 5627 idem
415 5589 546 5628 cum
578 5587 642 5628 eo
672 5573 764 5642 qui
790 5569 983 5626 eadem
1028 5570 1158 5623 hora
1187 5567 1280 5622 alii
1301 5567 1509 5621 civitati
1541 5582 1708 5637 appa-

149 5672 239 5716 ret.
268 5663 540 5719 Similiter
593 5662 792 5735 gradus
825 5661 917 5731 qui
965 5669 1047 5714 est
1096 5660 1149 5713 in
1188 5656 1467 5714 occidente
1506 5657 1617 5711 sole
1658 5659 1710 5712 in

147 5754 277 5806 Aren
300 5754 684 5817 occumbente,
715 5768 824 5807 non
851 5760 932 5805 est
958 5748 1246 5820 idemzcum
1270 5762 1335 5802 eo
1381 5747 1471 5818 qui
1522 5747 1709 5801 eadem

148 5847 265 5903 hora
291 5850 379 5904 alii
411 5858 641 5919 apparet
668 5847 896 5903 civitati.
942 5846 1141 5918 Sicque
1172 5844 1425 5902 omnibus
1450 5843 1713 5914 contingit
1758 5923 1777 5928 _

1808 4655 2045 4711 diximus
2096 4655 2396 4720 civitatem,
2453 4653 2497 4707 si
2549 4652 2835 4723 diligenter
2890 4654 3163 4723 inspicias,
3210 4654 3386 4724 primo

1806 4749 2007 4817 quinta:
2030 4747 2176 4801 horae
2202 4755 2408 4816 puncto
2437 4744 2679 4800 invenies
2702 4760 2820 4800 eam
2875 4745 3072 4801 ibidem
3106 4746 3220 4801 lieri
3248 4747 3383 4802 inci-

1805 4850 1954 4905 pere,
1987 4835 2286 4905 eodetnqne
2313 4844 2589 4888 momento
2616 4835 2894 4903 apparebit
2950 4834 3179 4905 primum
3204 4834 3386 4891 Gemi-

1808 4943 1998 4982 norum
2027 4937 2284 4994 punctum
2316 4926 2369 4980 in
2399 4912 2539 4980 illius
2558 4925 2796 4981 civitatis
2840 4926 3073 4989 oriente,
3106 4929 3250 4982 unde
3303 4928 3387 4982 in-

1809 5020 2116 5074 dubitanter
2144 5028 2293 5088 patet
2345 5018 2562 5088 triginta
2624 5017 2976 5087 longitudinis
3017 5019 3216 5088 gradus
3245 5021 3387 5074 inter

1808 5122 2092 5179 utramque
2136 5126 2258 5165 esse
2286 5110 2583 5165 civitatem.
2633 5109 2700 5164 Et
2739 5110 2842 5164 hoc
2876 5110 3094 5181 quidem
3123 5112 3279 5165 modo
3316 5111 3387 5164 ab

1809 5204 2099 5275 astrologis
2124 5204 2401 5259 invenitur
2420 5211 2622 5274 quanta
2650 5203 2793 5257 inter
2823 5204 2957 5258 duas
2982 5203 3233 5259 civitates
3289 5202 3384 5256 ιιι-

1809 5296 2003 5352 bentur
2030 5295 2327 5366 longitudo.

1879 5387 2110 5443 Marses.
2132 5385 2337 5457 Magna:
2355 5384 2613 5441 caecitatis
2640 5383 2883 5441 velamen
2923 5385 2989 5439 de
3020 5392 3234 5453 pectore
3263 5398 3384 5437 meo

1810 5482 2068 5547 educens,
2123 5479 2365 5534 veritatis
2410 5478 2688 5533 lucernam
2740 5477 3044 5533 clarissime
3107 5474 3377 5540 infudisti,

1810 5588 1980 5645 quare
2018 5573 2174 5643 digna
2205 5587 2235 5626 a
2264 5570 2373 5626 Deo
2392 5578 2772 5641 compensetur
2796 5568 3083 5624 retributio
3110 5565 3226 5621 tibi.
3274 5566 3382 5621 Sed

1813 5665 2068 5737 quoniam
2095 5663 2342 5733 superius
2364 5662 2565 5718 dixisse
2590 5671 2642 5716 te
2670 5659 2887 5715 memini
2935 5659 3076 5712 Aren
3104 5656 3380 5712 civitatem

1815 5756 1867 5809 in
1901 5753 2078 5810 medio
2110 5752 2235 5809 coeli
2264 5751 2643 5821 bemispbrerio
2670 5749 2852 5812 sitam,
2891 5748 2966 5801 ita
2995 5755 3052 5799 ut
3102 5744 3382 5816 aequaliter

1814 5844 1883 5899 ab
1903 5832 2151 5901 omnibus
2181 5840 2425 5933 partibus
2450 5839 2632 5906 distet,
2663 5848 2717 5896 et
2759 5838 2810 5895 in
2851 5836 3025 5906 primo
3055 5845 3260 5926 septem
3283 5836 3380 5891 cli-
