3926 6448
559 375 665 429 547

564 603 688 643 nem
713 587 1046 642 lucidissime
1071 584 1469 648 ostendens,ita
1500 600 1586 640 me
1611 587 1781 642 facias
1814 588 2140 658 intelligere,

562 690 620 734 ut
648 679 837 733 videar
862 679 990 732 mihi
1024 679 1074 730 in
1101 677 1288 731 eadem
1319 677 1452 731 urbe
1476 679 1795 732 consistere.
1838 678 1971 732 Cum
1998 679 2142 732 enim

561 776 711 830 dicas
739 776 882 828 Aren
910 773 962 826 in
1019 773 1198 827 medio
1229 781 1388 826 terra:
1441 773 1692 842 positam,
1724 773 2036 842 signiﬁcare
2064 773 2145 826 vi—

559 867 707 920 deris
757 866 926 936 ipsius
967 875 1125 920 terrm
1156 865 1499 934 superliciem
1552 881 1669 920 esse
1703 865 1940 934 planam,
1967 882 2031 918 ex
2059 882 2145 919 ra-

560 959 706 1012 tione
745 973 875 1012 vero
906 959 1134 1013 orientis
1169 968 1223 1013 et
1289 959 1592 1012 occidentis
1629 959 1904 1029 prannissa
1934 959 2144 1030 signiﬁ-

556 1066 782 1106 caveras
838 1064 1038 1106 terram
1095 1051 1485 1105 rotunditatem
1543 1050 1745 1106 habere
1799 1053 2142 1122 spltmricam.

555 1143 729 1198 Omne
759 1155 938 1198 autem
974 1144 1263 1199 rotumlmn
1301 1144 1566 1213 principio
1602 1155 1751 1198 caret
1784 1160 1849 1200 ac
1887 1146 2016 1209 line,
2049 1143 2145 1199 sed

554 1237 865 1305 ubicunque
891 1236 1215 1306 principium
1248 1237 1446 1305 quaeris
1475 1237 1557 1291 vel
1585 1237 1899 1304 terminum,
1944 1238 2142 1292 ibidem

555 1327 745 1398 procul
773 1327 938 1381 dubio
967 1327 1211 1381 invenies
1232 1338 1287 1382 et
1322 1328 1578 1382 medium.

627 1442 1176 1498 Peraus.Considera
1201 1445 1365 1515 igitur
1388 1447 1534 1500 Aren
1569 1446 1618 1500 in
1646 1446 1736 1500 tali
1761 1446 1879 1502 loco
1912 1449 2142 1517 sphazra:

557 1537 835 1590 terrestris
857 1551 999 1598 esse,
1032 1544 1092 1588 ut
1141 1546 1195 1589 et
1239 1537 1307 1590 ab
1356 1537 1649 1606 aquilonali
1700 1549 1756 1592 et
1803 1538 1871 1593 ab
1923 1539 2144 1592 australi

554 1627 838 1697 aequaliter
878 1627 1000 1698 polo
1029 1629 1188 1682 distet
1230 1637 1480 1699 utroque,
1506 1639 1561 1686 et
1623 1643 1720 1698 per
1767 1632 2002 1686 medium
2027 1631 2144 1700 ejus

555 1717 830 1787 quotidie.
864 1728 1147 1772 transeant
1201 1718 1309 1772 duo
1367 1719 1538 1788 prima
1588 1731 1782 1790 puncta
1841 1721 2042 1776 Arietis
2087 1730 2142 1775 et

554 1809 752 1865 Librae.
784 1810 1190 1879 llabebitigitur
1212 1810 1279 1864 ad
1305 1821 1595 1881 utrumque
1616 1814 1820 1883 polum,
1842 1815 2135 1884 nonaginta
2177 1848 2219 1903 Β

554 1903 777 1971 gradus,
806 1903 1020 1972 eritque
1042 1905 1113 1956 ita
1145 1904 1286 1958 Aren
1311 1903 1362 1957 in
1393 1905 1564 1972 prima
1590 1906 1926 1976 parte.primi
1950 1906 2139 1961 clima-

555 1996 646 2058 tis,
681 2005 945 2066 quantum
978 1997 1045 2052 ad
1078 1997 1494 2067 longitudinem.

625 2110 856 2166 Movses.
889 2111 966 2166 Ex
1000 2109 1180 2166 verbis
1212 2111 1317 2166 tuis
1349 2109 1624 2181 colligitur
1649 2112 1793 2180 quod
1851 2117 1958 2168 tota
2014 2130 2141 2184 pars

556 2212 714 2259 terra}
742 2205 1052 2260 habitabilis
1071 2206 1122 2258 in
1143 2220 1250 2260 una
1283 2216 1488 2260 tantum
1521 2217 1673 2276 parte
1696 2205 1979 2262 consistat.
2008 2203 2140 2264 Volo

553 2295 740 2368 itaque
771 2313 930 2353 nosse
960 2315 1207 2368 quamam
1236 2300 1306 2354 sit
1338 2298 1450 2354 illa.

624 2411 860 2468 Pcrnvs.
885 2413 930 2466 A
957 2414 1134 2467 medio
1160 2422 1317 2468 terra:
1347 2415 1412 2468 ad
1443 2424 1653 2484 partem
1691 2417 2101 2487 septentrionis.

627 2528 854 2582 Morscs.
905 2527 1245 2583 Geometrica
1293 2528 1463 2597 ﬁgura
1512 2529 1616 2584 hoc
1665 2529 1794 2584 mihi
1847 2531 2137 2585 monetrari

551 2601 842 2672 visibiliter
863 2619 1017 2688 cupio
1041 2618 1295 2686 quoniam
1327 2619 1392 2672 de
1419 2620 1521 2674 hac
1569 2636 1626 2673 re
1650 2620 1896 2676 diversas
1949 2634 2140 2690 gentes

551 2725 617 2764 ex
664 2709 924 2763 librorum
971 2710 1189 2780 scriptis
1238 2710 1451 2765 diversa
1504 2712 1741 2766 sensisse
1788 2727 1894 2766 non
1929 2713 2136 2768 dubito.

549 2802 798 2871 Quinque
826 2803 988 2856 etiam
1018 2819 1277 2856 zonarum
1310 2803 1600 2872 partitione
1627 2805 1875 2858 dividunt
1910 2815 2136 2872 terram,

549 2909 780 2963 quarum
815 2893 1045 2947 mediam
1065 2894 1195 2948 solis
1220 2894 1401 2947 calore
1431 2905 1801 2962 pernstam,et
1833 2896 1952 2950 ideo
1986 2897 2139 2950 inha-

549 2983 824 3038 bitabilem
855 2984 1061 3047 dicunt,
1091 2985 1225 3038 duas
1275 2999 1490 3053 quoque
1518 2994 1789 3038 extremas
1837 3001 1866 3038 a
1912 2985 2024 3040 sole
2055 3002 2140 3042 re-

549 3077 885 3131 motissitnas
919 3092 1029 3144 pra:
1060 3076 1277 3146 frigoris
1317 3075 1682 3129 immensitate
1712 3076 1960 3130 similiter
1981 3078 2138 3131 inha-

1481 371 1682 430 PETRI
1721 373 2060 432 ALPHONSI
2101 373 2188 430 ex
2227 372 2468 432 marco
2505 359 2895 431 cuiusnam
3683 395 3770 454 διε

562 503 768 550 matum
798 509 917 550 esse
941 493 1197 565 positam,
1223 491 1343 546 volo
1371 502 1428 546 ut
1459 492 1618 561 hujus
1643 494 1779 548 sitos
1821 494 2138 565 descriptio-
2168 498 2219 556 Α

2384 598 3696 960 ﬂiam

2665 930 2910 960 una...“
2938 933 3080 960 tm...
3112 914 3452 960 inhabitabilis

2665 930 2912 980 Medietas
2938 933 3080 975 terrae
3112 914 3452 971 inhabitabilis

2646 1006 2750 1044 om
2773 992 2923 1042 nimio
2946 988 3131 1038 calore.

2683 1177 2903 1227 Primum
2927 1171 3070 1218 clima
3094 1162 3394 1217 habitabile.
3681 1161 3729 1227 ρ

2682 1222 2966 1288 ἑέἐυηὰωη
2993 1232 3138 1279 clima
3689 1222 3738 1288 ρ

2680 1273 2906 1366 iertium
2931 1295 3091 1366 clima.
3692 1273 3741 1366 ἓ

2672 1365 2911 1428 Quartum
2943 1358 3105 1428 clima.
3690 1355 3740 1428 Ξ

2683 1414 2918 1487 Quintum
2940 1419 3110 1487 clima.
3685 1414 3737 1487 ἓ

3671 1470 3732 1571 Ξ

2367 1103 2426 1156 0

2348 1157 2414 1206 π

2341 1212 2400 1245 N

2332 1251 2394 1298 Η

2330 1303 2388 1350 7!

2331 1360 2388 1398 Ὦ

2324 1072 2426 1245 [eo
2683 1177 2903 1227 Primum
2927 1171 3070 1242 clima
3094 1162 3394 1217 habitabile.
3681 1072 3759 1340 οὶ

2330 1251 2394 1346 5
3689 1222 3741 1348 ε

2331 1337 2388 1398 '73
2672 1339 2911 1424 Quartum
2943 1358 3105 1405 clima.
3693 1355 3740 1406 ε

2683 1427 2918 1487 Quintum
2946 1419 3110 1466 clima.
3685 1414 3737 1468 τε,

2677 1490 2885 1560 Sextum
2907 1482 3068 1552 clima.
3671 1470 3732 1571 ἔ

2673 1551 2950 1601 Septimum
2973 1545 3118 1592 clima

2522 1997 2526 2000 ’
2746 1959 3260 2062 δΕΡΤΕΝτωΟ
3371 1995 3374 1998 ’

2677 1482 2885 1536 ε’ρχωῐη
2907 1482 3068 1532 clima.

2673 1551 2950 1601 Septimum
2973 1544 3118 1592 clima

2673 1551 2950 1601 Septimum
2973 1545 3118 1592 clima

2307 1545 2412 1776 \
3637 1727 3671 1776 ,

3260 1908 3558 2070 /

2746 1959 3260 2062 iEPTENTMQ

2396 2162 2700 2216 Extremitas
2721 2171 3130 2232 septentrionalis
3154 2171 3442 2222 inhabitalis
3470 2172 3641 2237 frigore

2243 2337 2557 2401 ostendens,
2593 2354 2714 2393 meo
2766 2339 3077 2396 satisfecisti
3111 2343 3402 2399 desiderio.
3451 2345 3595 2418 Rogo
3633 2349 3776 2420 itaque

2242 2429 2371 2482 mihi
2413 2431 2686 2495 ostemlas,
2735 2449 2903 2502 qu-tre
2969 2435 3053 2490 vel
3096 2435 3183 2489 illa
3209 2452 3337 2506 pars
3370 2447 3531 2494 terra:
3573 2457 3678 2509 qua:
3715 2453 3778 2497 cst

2243 2521 2381 2574 ultra
2419 2525 2562 2578 Aren
2593 2526 2659 2579 ad
2710 2527 2990 2581 meridiem
3040 2543 3145 2582 non
3200 2528 3488 2598 incolatur,
3521 2543 3665 2602 prout
3701 2537 3775 2589 ista

2240 2628 2361 2683 qua:
2383 2625 2466 2669 est
2505 2617 2642 2670 citra
2674 2618 2740 2672 ad
2768 2623 3216 2691 septentrionem,
3262 2633 3321 2677 ut
3346 2625 3444 2679 ista
3479 2626 3615 2680 Aren
3642 2627 3698 2682 sit
3738 2629 3775 2680 iu

2242 2707 2425 2761 medio
2450 2709 2760 2765 habitabilis
2793 2714 3050 2781 regionis,
3084 2717 3165 2770 vel
3210 2733 3380 2785 quare
3410 2734 3534 2786 pars
3575 2719 3654 2773 illa
3686 2735 3776 2789 qua

2239 2809 2323 2852 est
2358 2801 2516 2861 ultra,
2549 2817 2652 2855 non
2702 2813 2784 2857 est
2835 2805 3168 2868 habitabilis,
3208 2817 3262 2861 et
3288 2808 3377 2861 illa
3407 2824 3528 2878 qua:
3549 2811 3670 2865 citra
3713 2820 3776 2866 est

2241 2907 2430 2947 versus
2461 2895 2775 2964 aquilonem
2806 2896 3201 2953 inhabitabilis.

2307 3004 2542 3060 Pzrnus.
2571 3006 2837 3073 Quoniam
2861 3019 3106 3064 centrum
3133 3011 3324 3066 circuli
3356 3028 3488 3067 sons
3536 3024 3614 3068 est
3657 3023 3774 3068 extra

2239 3109 2484 3154 centrum
2517 3103 2704 3156 circuli
2744 3104 2927 3170 teme!
2961 3121 2990 3158 a
3027 3109 3416 3175 septentrionis
3450 3119 3619 3178 [κη-ιθ,
3669 3109 3777 3163 unde

547 3166 799 3221 bitabiles
829 3167 1080 3236 probant,
1108 3166 1242 3220 duas
1271 3176 1448 3219 autem
1485 3166 1854 3220 mediasiilius
1877 3168 2058 3222 calore
2081 3177 2133 3222 et
2160 3201 2204 3262 ρ
2238 3206 2359 3245 cum
2408 3189 2486 3245 sol
2536 3193 2600 3244 ad
2649 3208 2742 3247 sex
2807 3166 3121 3250 mer—idiamé
3204 3195 3374 3266 plaga}
3444 3166 3622 3268 gigna;
3688 3213 3778 3265 qum

547 3257 762 3310 illarum
795 3257 993 3328 frigore
1026 3266 1372 3327 temperatas,
1403 3255 1546 3312 solas
1568 3256 1912 3326 ibabitabiles
1953 3259 2131 3328 perhi-

545 3350 676 3405 bent
705 3365 852 3405 esse.

615 3467 854 3522 PETRUS.
893 3465 1088 3536 Opinio
1133 3468 1234 3522 ista
1284 3467 1433 3521 visus
1481 3467 1660 3523 obstat
1707 3467 1943 3523 elIectni.
1993 3471 2127 3525 Visu

545 3560 689 3615 enim
728 3561 1024 3628 probamus
1051 3559 1196 3612 Aren
1228 3560 1280 3612 in
1315 3560 1490 3613 medio
1523 3571 1680 3616 terra:
1727 3563 1912 3629 sitam,
1947 3575 2000 3618 et
2026 3565 2130 3618 ini-

546 3652 680 3705 tium
735 3651 939 3706 Arietis
991 3661 1046 3706 et
1076 3651 1251 3705 Librae
1309 3668 1472 3721 super
1510 3669 1626 3708 eam
1679 3665 1822 3710 recta
1879 3656 2128 3728 progredi

547 3745 716 3808 linea,
758 3759 1049 3813 acremque
1085 3744 1156 3798 ibi
1193 3746 1702 3814 temperatissimuut
1735 3763 1878 3815 esse,
1912 3749 2047 3803 adeo
2073 3758 2130 3803 ut

544 3835 710 3898 veris,
739 3837 975 3901 :estatis,
1004 3837 1270 3903 autumni,
1303 3847 1360 3892 et
1410 3837 1626 3904 hiemis,
1657 3855 1873 3911 seraper
1903 3843 1974 3896 ibi
2015 3842 2130 3899 fere

546 3938 759 3998 tempus
791 3929 861 3982 sit
914 3930 1142 3998 aequale,
1196 3930 1266 3984 ibi
1325 3931 1638 3988 aromaticze
1676 3934 1886 4002 species
1915 3935 2127 4004 pulchri

546 4021 746 4075 coloris
778 4031 832 4076 et
857 4021 1091 4076 mellillui
1137 4032 1436 4078 nascuntur
1469 4024 1698 4095 saporis.
1723 4025 1962 4097 Corpora
1991 4043 2126 4097 quo-

544 4130 652 4184 quc
681 4114 960 4169 hominum
990 4132 1095 4170 non
1125 4115 1412 4172 macilenta
1439 4117 1511 4172 ibi
1538 4126 1663 4172 sunt
1693 4119 1854 4174 nimis
1889 4131 1980 4173 aut
2010 4121 2130 4190 pitt-

545 4209 694 4279 guia,
723 4211 815 4264 sed
843 4210 1132 4264 mediocris
1170 4211 1318 4265 succi
1353 4211 1680 4269 discretione
1721 4215 1939 4267 decora.
1970 4211 2128 4267 Tem-

540 4304 688 4371 poris
745 4319 961 4372 quoque
1028 4303 1318 4372 temperies
1375 4303 1656 4359 hominum
1716 4320 1941 4373 corpora
2023 4303 2124 4359 sibi

540 4415 778 4453 consona
811 4399 1006 4462 reddit,
1047 4407 1102 4454 et
1127 4414 1351 4467 pecora,
1376 4400 1499 4468 quia
1524 4397 1779 4456 ineﬁ'abili
1807 4400 2009 4468 pollent
2042 4417 2127 4454 sa-

543 4491 748 4559 pientia
779 4498 834 4543 et
862 4490 1092 4543 naturali
1139 4489 1374 4558 justilia.
1434 4491 1715 4556 Quomodo
1764 4491 1930 4560 igitur
1978 4493 2129 4561 quis-

541 4600 704 4652 quam
727 4582 907 4637 diccrc
931 4592 1220 4653 praesumat
1268 4583 1446 4636 locum
1484 4599 1647 4653 super
1678 4599 1834 4652 quem
1869 4583 1946 4637 sol
1982 4595 2124 4639 rccta

541 4677 786 4746 pneterit
834 4675 973 4728 linea
1033 4672 1442 4728 inbabitabilem
1506 4673 1666 4728 esse?
1718 4671 1906 4728 Pelius
1957 4683 2126 4728 totum

541 4775 704 4820 terra:
737 4765 1032 4820 habitabile
1063 4765 1294 4835 spatium
1344 4765 1528 4819 existit
1558 4765 1875 4819 continuum
1918 4782 1946 4819 a
1984 4781 2125 4836 prac-

541 4857 685 4912 dicto
715 4857 832 4911 loco
869 4871 1038 4926 usque
1069 4857 1135 4910 ad
1186 4854 1664 4925 septentrionalem
1717 4856 1957 4926 globum,
1985 4857 2128 4926 quod

543 4951 750 5018 antiqui
805 4951 856 5003 in
905 4959 1110 5019 septem
1140 4950 1446 5003 diviserunt
1477 4955 1680 5017 partes,
1719 4964 1854 5017 quas
1913 4960 2122 5019 septem

543 5041 761 5096 climata
815 5049 1170 5102 vocaverunt,
1229 5037 1526 5093 secumlum
1585 5054 1866 5093 numerum
1909 5051 2121 5108 septem

541 5133 898 5202 planetarum.
952 5130 1194 5185 Primum
1248 5145 1313 5184 ex
1360 5131 1463 5183 illis
1502 5138 1586 5183 est
1645 5129 1695 5184 in
1745 5131 1919 5184 media
1949 5130 2116 5193 linea,

542 5231 634 5284 ubi
663 5229 808 5282 Aren
848 5227 1041 5282 civitas
1067 5235 1153 5280 est
1193 5222 1434 5290 condita,
1464 5225 1753 5293 septimum
1810 5234 1990 5278 autem
2020 5240 2099 5294 ,se

539 5322 922 5395 ptentrionalis
963 5320 1112 5375 orbis
1166 5327 1313 5372 tenet
1367 5329 1694 5379 extremum,
1747 5316 1954 5386 reliqua
1996 5332 2124 5369 vero

539 5416 779 5472 medium
809 5416 1090 5470 continent
1115 5409 1379 5480 spacioni.
1409 5407 1595 5464 Nullus
1635 5419 1718 5464 est
1750 5404 2122 5464 inhabitabilis

539 5506 713 5569 locus,
736 5505 838 5559 nisi
868 5505 958 5559 tibi
988 5502 1071 5558 vel
1096 5500 1387 5555 multarum
1417 5515 1704 5555 arenarum
1737 5501 1956 5555 siccitas
2001 5515 2124 5554 cum

540 5615 682 5670 aqua
711 5597 943 5660 modica,
974 5594 1058 5648 vel
1085 5591 1346 5646 montium
1385 5594 1651 5663 asperitas
1681 5593 1848 5646 aratri
1883 5608 1988 5645 non
2031 5606 2128 5660 pa.

543 5695 677 5748 titur
700 5707 886 5748 onera.
906 5689 1030 5744 llccc
1058 5683 1238 5742 omnia
1268 5694 1450 5740 autem
1481 5684 1652 5740 oculis
1679 5681 1920 5760 subjecta
1954 5680 2124 5758 ﬁgura

545 5792 883 5846 demonstrat
909 5804 922 5839 ξ

2237 3290 2363 3333 sunt
2388 3296 2416 3334 a
2442 3281 2604 3336 Libra
2630 3284 2695 3336 ad
2714 3283 2949 3338 Arietem
2973 3284 3335 3349 descenderit,
3359 3288 3484 3356 quia
3512 3299 3630 3344 tunc
3657 3297 3777 3344 terra:

2241 3373 2464 3444 propior
2487 3384 2589 3434 est.
2620 3375 2904 3429 vicinitate
2951 3377 3152 3431 caloris
3180 3387 3380 3432 terram
3410 3395 3658 3440 exurens,
3683 3394 3771 3432 ont-

2233 3467 2380 3520 nium
2418 3482 2598 3520 rerum
2622 3467 2966 3522 infecundam
2997 3479 3051 3524 et
3072 3471 3294 3525 omnino
3323 3472 3564 3527 sterilem
3608 3473 3773 3537 reddit,

2233 3557 2462 3626 ideoque
2490 3557 2856 3614 inhabitabilis
2883 3559 3091 3616 existit.
3114 3562 3158 3614 A
3193 3562 3369 3630 primo
3395 3563 3558 3632 igitur
3586 3562 3772 3616 climate

2234 3663 2402 3718 usque
2425 3647 2490 3701 ad
2518 3651 2940 3718 septentrionem
2973 3652 3264 3705 habitabile
3290 3654 3554 3707 remansit
3581 3653 3772 3722 spatium

2233 3741 2540 3795 climatibus
2577 3749 2782 3810 septem
2838 3743 3178 3797 distinctum.
3223 3743 3495 3813 Quidquid
3552 3754 3712 3799 autem
3751 3763 3772 3794 ει

2233 3833 2466 3903 septimo
2495 3825 2735 3900 climate,
2769 3849 2892 3888 cum
2931 3833 3007 3887 sol
3060 3834 3187 3889 inde
3229 3835 3297 3888 ad
3353 3850 3449 3890 sex
3504 3836 3776 3890 meridianas

2231 3927 2402 3996 partis
2427 3927 2578 3997 signa
2610 3923 2864 3990 declinat,
2899 3927 3062 3982 totius
3108 3927 3305 3981 caloris
3355 3943 3552 3995 expers
3571 3935 3774 3980 remanet

2233 4017 2579 4088 abundatque
2602 4017 2879 4083 imbrium,
2905 4015 3128 4072 nubium
3174 4026 3229 4074 et
3265 4017 3484 4088 frigoris
3527 4015 3774 4086 superﬂui-

2235 4116 2364 4174 tate,
2399 4112 2539 4165 unde
2597 4120 2652 4164 et
2705 4109 2884 4164 omnis
2943 4109 3193 4163 animalis
3244 4119 3398 4164 caret
3457 4106 3771 4163 habitatione.

2231 4201 2512 4269 Quomodo
2537 4210 2718 4254 autem
2749 4209 2994 4256 centrum
3020 4201 3209 4256 circuli
3235 4201 3366 4256 solis
3393 4211 3546 4256 extra
3565 4211 3771 4255 centrum

2231 4293 2419 4349 circuli
2452 4305 2610 4348 terra:
2647 4294 2739 4359 sit,
2791 4309 2821 4348 a
2864 4304 3016 4364 parte
3061 4295 3475 4364 septentrioztis,
3506 4293 3668 4350 oculis
3702 4305 3773 4345 suo

2231 4383 2403 4454 bjccta
2445 4397 2630 4458 aperte
2657 4388 2995 4442 demonstrat
3019 4387 3348 4457 descriptio:

2795 4583 3228 4696 βωδῇ,

2374 4583 3459 5154 $3.,
3557 4940 3651 5090 .\

2378 5123 2530 5372 ἐξ
2705 5179 2946 5256 centra;
2998 5215 3039 5258 o
3061 5061 3664 5830 tum?

2393 5347 2481 5472 ,ᾗ
2991 5331 3040 5378 o
3583 5329 3642 5379 to

2633 5703 2892 5857 Φ
3099 5791 3186 5860 Ν
3326 5698 3404 5762 0⁸
