4106 6356
333 339 436 396 55.9
1819 348 2114 406 DIALOGL
3476 359 3582 415 560

401 455 630 511 Movses.
667 453 800 510 Rem
833 456 1090 512 hactenus
1131 456 1429 526 ignoratam
1477 460 1649 523 brevi,
1679 461 1772 516 sed
1818 463 1898 516 lu-
1924 469 1976 526 Α
2003 472 2180 517 autem
2211 461 2339 517 nulli
2367 463 2620 518 convenit
2643 463 2744 528 rei,
2777 464 2877 520 nisi
2909 479 3028 536 quae
3059 481 3123 519 ex
3155 475 3389 535 quatuor
3418 485 3579 524 com-

331 533 542 600 culenta
559 545 713 610 mihi,
732 547 938 616 gratias
954 561 1071 616 ago,
1088 548 1466 603 demonstrasti
1492 550 1720 616 ratione,
1739 553 1900 607 satis-

333 653 436 706 que
457 638 559 692 illis
577 655 889 708 responsum
915 653 1034 694 esse
1055 639 1232 706 video,
1263 641 1353 710 qui
1378 641 1536 696 aliter
1562 643 1900 713 aliquatenus

331 730 398 785 de
427 741 584 784 terra:
614 731 852 784 sentiunt
884 731 1168 785 divisione.

395 819 613 875 Paraus
671 820 896 890 Expleta
938 820 1030 875 Dei
1083 833 1215 876 nutu
1246 826 1498 892 praesenti
1526 839 1797 892 sermone,
1829 827 1898 883 ad

327 911 662 982 propositum
693 911 825 965 libet
855 912 1050 967 redire.

401 1005 628 1059 Movses.
660 1005 887 1074 Dignum
926 1021 1144 1061 censeo.

397 1097 634 1153 Parcus.
659 1088 848 1154 'Vestri
879 1097 1130 1153 ductores
1161 1098 1214 1154 in
1254 1100 1512 1156 doctrina:
1541 1102 1678 1158 libro
1705 1105 1898 1172 tertio,
1941 1147 1946 1150 -

329 1188 498 1243 Deum
528 1189 581 1243 in
616 1190 732 1246 loco
758 1206 876 1245 esse
901 1201 1147 1246 asserunt
1172 1208 1267 1248 sex
1298 1195 1545 1264 partibus
1587 1197 1896 1266 terminato,

329 1281 655 1337 afﬁrmantes
705 1282 1019 1336 testimonio
1063 1282 1165 1337 hoc
1220 1283 1454 1339 Danielis
1487 1287 1577 1354 qui
1605 1287 1718 1340 ait:
1765 1287 1898 1341 Cum

325 1373 596 1443 egrederer
617 1389 731 1428 ecce
755 1374 993 1443 princeps
1017 1371 1314 1428 Graecorum
1344 1377 1606 1444 ingressus
1627 1387 1700 1430 est
1732 1378 1894 1448 (Dan.

328 1465 408 1533 x).
461 1465 786 1536 Concipiunt
835 1467 977 1521 enim
1026 1483 1092 1522 ex
1132 1467 1233 1520 hoc
1258 1467 1382 1536 quia
1421 1467 1472 1520 in
1519 1467 1639 1523 loco
1681 1471 1769 1523 tali
1815 1478 1899 1526 est

328 1559 496 1631 Deus,
529 1561 615 1614 ubi
656 1559 909 1614 introitus
953 1559 1022 1614 sit
1064 1568 1120 1614 et
1165 1559 1360 1614 exitus.
1393 1559 1544 1627 Quod
1583 1561 1628 1615 si
1663 1562 1735 1616 ita
1791 1573 1894 1628 est,

326 1661 472 1720 patet
521 1666 650 1722 ergo
707 1651 832 1720 quia
893 1652 944 1706 in
1009 1651 1128 1706 loco
1188 1653 1448 1706 consistat
1498 1667 1590 1708 sex
1650 1653 1897 1722 partibus

328 1743 633 1797 terminato.
679 1741 736 1798 Si
767 1758 894 1798 vero
936 1743 1224 1797 terminato
1260 1743 1724 1799 circumscribitur
1757 1744 1892 1808 loco,

2003 555 2222 622 ponitur
2244 554 2548 610 elementis.
2583 555 2724 611 Deus
2754 566 2937 612 autem
2970 558 3166 615 talibus
3193 560 3577 631 nonsubjacet

1999 643 2359 700 lineamentis.

2071 735 2300 791 Movses.
2343 737 2568 791 Veritati
2601 739 2976 794 contradicere
3007 755 3236 810 nequeo.

2068 825 2304 882 Ps'raus.
2335 826 2450 882 Non
2477 827 2655 882 minus
2680 829 2787 904 hoc
2812 830 2976 882 etiam
3010 831 3137 884 illud
3175 832 3576 888 abborrendum

1999 925 2081 972 est
2102 919 2243 986 quod
2270 917 2454 972 dicunt
2475 935 2596 972 eum
2625 920 2691 972 de
2721 919 2810 971 tali
2837 935 2895 973 re
2926 920 3108 988 irasci,
3152 923 3218 977 de
3251 939 3353 992 qua
3383 940 3439 979 se
3473 942 3578 981 non

1998 1010 2171 1078 possit
2193 1009 2398 1065 ulcisci.
2430 1009 2581 1077 Quod
2614 1011 2656 1065 si
2685 1019 2886 1080 posset,
2916 1011 2996 1065 ira
3023 1014 3264 1080 profecto
3292 1014 3408 1084 ejus
3433 1020 3582 1086 quie-

1998 1109 2198 1156 sceret.
2229 1101 2398 1155 Aiunt
2423 1113 2683 1172 praeterea
2715 1103 2856 1171 quod
2883 1103 3049 1171 ipsius
3085 1103 3229 1159 hora:
3259 1121 3363 1175 qua
3392 1108 3581 1163 irasci—

1998 1199 2086 1246 tur
2138 1201 2394 1260 punctum
2450 1208 2607 1246 nemo
2658 1193 2866 1247 noverit
2916 1209 3176 1263 unquam,
3214 1197 3314 1251 nisi
3360 1198 3576 1254 Balaam

1999 1267 2143 1338 filius
2168 1283 2325 1338 Beor.
2358 1283 2414 1336 In
2451 1284 2552 1338 hoc
2575 1294 2756 1338 autem
2785 1285 2951 1340 verbo
2976 1287 3128 1341 vobis
3161 1289 3291 1356 ipsis
3320 1293 3578 1346 contrarii

1997 1375 2151 1438 estis,
2181 1389 2304 1428 cum
2330 1388 2396 1428 ex
2429 1391 2533 1428 una
2574 1385 2729 1444 parte
2761 1375 2972 1446 Moyses
2999 1393 3120 1430 eum
3154 1389 3308 1433 vocet
3350 1382 3577 1437 ariolum

1998 1464 2190 1533 (Num.
2222 1463 2384 1536 xxii),
2414 1481 2514 1521 vos
2539 1467 2701 1520 etiam
2745 1469 2950 1524 vocetis
2983 1469 3248 1538 iniqumn,
3298 1486 3364 1527 ex
3410 1475 3578 1530 altera

1995 1570 2127 1610 vero
2152 1552 2305 1624 parte
2328 1559 2452 1610 eum
2472 1557 2874 1626 prudentiorem
2899 1559 3078 1630 Moyse
3103 1576 3225 1616 esse
3241 1563 3578 1633 significetis,

1995 1649 2120 1717 quia
2170 1657 2422 1718 punctum
2472 1651 2618 1705 horae
2664 1652 2874 1706 noverit
2922 1655 3066 1722 quod
3123 1654 3342 1724 Moysen
3397 1658 3575 1714 latuit.

1999 1737 2259 1808 Licetque
2289 1741 2392 1794 hoc
2425 1755 2616 1820 magna
2645 1741 2848 1796 dictum
2873 1743 2944 1797 sit
2967 1745 3346 1812 admiratione,
3372 1749 3580 1804 vilescit

330 1843 456 1888 tunc
500 1833 695 1902 aliquis
746 1833 894 1888 locus
944 1849 1144 1889 vacuus
1175 1843 1259 1888 est
1287 1849 1317 1888 ει
1349 1835 1476 1889 Deo.
1515 1834 1668 1902 Quod
1711 1835 1757 1889 si
1788 1846 1890 1902 est,
1927 1815 1970 1875 Β
2000 1837 2175 1883 tamen
2210 1829 2430 1899 majoris
2474 1815 2742 1886 fatuitatis
2788 1820 3213 1904 comparatione,
3264 1853 3370 1907 qua
3397 1839 3579 1894 dicitis

325 1925 598 1994 quomodo
621 1925 723 1979 scit
746 1925 876 1994 quid
917 1923 977 1979 ﬁt
1002 1925 1054 1978 in
1085 1925 1191 1980 alio
1219 1924 1336 1980 loco
1391 1926 1478 1981 ubi
1504 1925 1619 1996 ipse
1653 1941 1760 1982 non
1790 1937 1894 1994 est,

324 2025 422 2070 aut
445 2019 710 2085 quomodo
735 2025 990 2086 operatur
1017 2016 1068 2070 in
1109 2017 1211 2072 eo?

397 2107 626 2162 Movses.
659 2107 840 2162 Potest
867 2108 1062 2177 quippe
1082 2108 1401 2176 sapientiam
1431 2108 1588 2162 talem
1619 2117 1674 2163 et
1711 2109 1896 2164 volun-

324 2209 491 2255 tatem
529 2202 746 2266 habere,
785 2209 842 2253 ut
870 2201 1010 2270 quod
1042 2200 1168 2255 alibi
1205 2209 1289 2256 est
1332 2210 1386 2256 et
1429 2216 1527 2273 per
1575 2201 1895 2272 sapientiam

325 2294 490 2357 norit,
520 2300 576 2347 et
612 2307 708 2362 per
733 2291 1062 2346 voluntatem
1088 2301 1362 2361 operetur.

397 2385 630 2438 ιἐτιιυε.
666 2380 798 2436 Volo
825 2381 990 2452 igitur
1023 2382 1149 2435 mihi
1191 2381 1540 2450 respondeas,
1587 2391 1767 2436 utrum
1806 2381 1893 2437 illa

323 2476 587 2546 sapientia
612 2484 775 2544 atque
805 2473 1052 2528 voluntas
1083 2474 1191 2528 sint
1217 2475 1269 2527 in
1291 2490 1353 2528 eo
1376 2482 1430 2528 et
1455 2489 1576 2528 cum
1614 2474 1729 2543 ipso
1754 2489 1896 2529 sem-

324 2584 448 2640 per,
485 2582 552 2621 an
605 2577 758 2622 extra
807 2564 977 2630 illum,
1026 2575 1080 2620 et
1124 2566 1203 2620 sic
1248 2580 1460 2635 quoque
1492 2567 1609 2620 sine
1663 2567 1794 2636 ipso.
1835 2565 1893 2622 Si

323 2661 468 2716 enim
497 2659 645 2714 dicas
668 2659 810 2728 quod
837 2658 888 2711 in
911 2673 977 2712 eo
1002 2658 1126 2722 sint,
1161 2667 1213 2712 et
1242 2674 1346 2712 non
1371 2668 1524 2712 extra
1552 2659 1723 2726 illum,
1751 2661 1892 2716 idem

322 2752 391 2806 de
420 2751 500 2806 eis
522 2750 799 2821 proveniet
823 2750 966 2818 quod
1003 2750 1066 2804 de
1092 2750 1225 2819 ipso,
1257 2750 1380 2818 quia
1407 2765 1510 2804 non
1537 2751 1591 2805 in
1618 2753 1762 2806 omni
1790 2753 1895 2808 erit

326 2843 463 2898 loco.
507 2842 788 2909 Quomodo
810 2856 939 2911 ergo
965 2841 1104 2897 scire
1140 2851 1316 2911 potest
1362 2842 1491 2911 quid
1524 2841 1648 2896 alibi
1690 2843 1760 2897 sit
1801 2851 1895 2898 aut

325 2934 573 3002 operari?
618 2932 672 2986 Si
716 2947 838 2987 vero
876 2933 1024 2987 dicas
1057 2946 1207 2988 extra
1245 2935 1392 2987 illum
1435 2948 1555 2988 esse
1598 2943 1653 2988 et
1678 2949 1893 2990 omnem

325 3022 500 3078 locum
534 3023 778 3091 implere,
823 3032 948 3078 tunc
993 3023 1060 3077 ab
1102 3024 1191 3078 illo
1233 3034 1358 3079 sunt
1407 3025 1650 3080 diversae.
1705 3026 1895 3081 Sciunt

325 3114 468 3167 enim
495 3113 696 3184 aliquid
738 3115 880 3182 quod
913 3116 1086 3170 nescit
1119 3117 1251 3184 ipse,
1284 3126 1339 3170 et
1366 3128 1664 3186 operantur
1709 3133 1804 3188 per
1833 3134 1892 3174 se

323 3205 466 3274 quod
499 3221 600 3259 non
638 3216 892 3274 operatur
928 3207 1059 3276 ipse.
1096 3207 1264 3277 igitur
1307 3209 1434 3278 ipsa:
1475 3210 1790 3275 creatrices,
1839 3220 1896 3266 et

321 3308 430 3348 non
454 3293 654 3364 indiget
680 3295 909 3350 mundus
941 3295 1070 3351 Deo.

395 3385 624 3441 Movses.
657 3385 888 3442 Possunt
917 3388 1132 3456 quidem
1161 3390 1214 3442 in
1243 3404 1308 3444 eo
1337 3405 1478 3455 esse,
1511 3398 1565 3444 et
1595 3389 1648 3444 in
1679 3405 1894 3446 omnem

323 3477 502 3533 locum
527 3479 744 3533 sciendo
769 3489 825 3534 et
852 3481 1127 3549 operando
1177 3483 1432 3546 emicare,
1475 3490 1531 3534 ut
1573 3482 1651 3535 sol
1691 3497 1812 3536 cum
1843 3487 1894 3536 in

324 3585 430 3625 uno
465 3570 726 3625 consistat
751 3570 888 3636 loco,
922 3573 1100 3627 radios
1137 3581 1314 3627 tamen
1347 3588 1730 3644 usquequaque
1755 3575 1900 3629 cale-

322 3657 573 3714 faciendo
595 3659 865 3726 diffundit,
896 3670 952 3716 et.
983 3662 1356 3716 illuminando.

395 3751 626 3808 Penus.
653 3752 708 3807 Si
735 3753 806 3806 ita
827 3764 931 3818 est,
957 3753 1201 3824 sequitur
1227 3755 1505 3826 ergoquod
1525 3755 1611 3810 illa
1633 3755 1896 3826 sapientia

321 3852 486 3912 atque
536 3843 784 3899 voluntas
840 3861 947 3899 non
997 3845 1278 3914 aequaliter
1330 3847 1526 3916 ubique
1571 3847 1894 3902 consistant.

321 3931 588 4002 Quidquid
617 3936 762 3989 enim
795 3935 866 3990 ita
906 3933 1246 4000 difiunditnr,
1282 3952 1387 3991 non
1429 3936 1670 3992 eamdem
1702 3939 1807 3990 vim
1841 3937 1896 3992 in

321 4025 510 4079 ultimo
538 4041 699 4095 quam
732 4028 784 4081 iu
831 4043 930 4083 suo
981 4028 1142 4082 habet
1175 4027 1462 4099 principio,
1497 4029 1639 4098 quod
1678 4028 1898 4084 minime

321 4117 582 4171 convenit
630 4117 760 4172 Deo.
816 4116 1082 4184 Quoniam
1119 4119 1334 4187 quidem
1381 4127 1558 4172 autem
1608 4119 1896 4174 terminum

323 4208 434 4264 Deo
467 4210 743 4280 imponere
771 4212 1001 4275 audetis,
1056 4212 1262 4265 utinam
1310 4211 1390 4267 vel
1432 4212 1682 4282 simplum
1712 4213 1898 4270 crede-

324 4302 536 4356 retiset
564 4316 669 4355 non
696 4315 957 4372 corporea
984 4303 1031 4356 ei
1059 4302 1356 4357 accidentia
1389 4303 1764 4358 ascriberetis!

392 4395 622 4452 Movses.
655 4396 932 4464 Quomodo
963 4414 1058 4452 nos
1083 4400 1184 4453 hoc
1205 4401 1428 4464 credere
1451 4399 1618 4454 dicis?

1997 1921 2194 1992 gallum
2254 1923 2570 1977 irrationale
2630 1923 2831 1977 animal
2884 1925 3053 1994 ipsius
3101 1927 3248 1981 borze
3316 1941 3576 1998 punctum

1996 2015 2238 2082 quotidie
2301 2015 2463 2070 scire.
2512 2014 2845 2071 Concedisne
2913 2017 3030 2071 haec
3091 2018 3274 2073 omnia
3344 2031 3438 2076 eos
3504 2024 3577 2076 ita

1997 2105 2236 2161 dixisse?

2068 2197 2298 2253 Movsss.
2331 2199 2444 2253 Etsi
2476 2200 2634 2254 velim
2666 2215 2863 2272 negare
2889 2218 3122 2272 nequeo.

2064 2290 2299 2345 Pernus.
2335 2290 2442 2346 Nec
2474 2293 2575 2348 hoc
2615 2293 2810 2349 sufficit
2846 2295 2926 2350 eis
2976 2297 3040 2352 de
3085 2288 3192 2352 Deo
3231 2297 3432 2366 dicere,
3479 2302 3574 2357 sed

1995 2396 2118 2436 eum
2151 2381 2314 2435 etiam
2344 2384 2583 2452 quotidie
2612 2385 2778 2441 semel
2807 2387 2858 2440 in
2893 2387 2980 2442 die
3022 2388 3254 2458 plorare,
3286 2401 3340 2444 et
3364 2393 3432 2446 ab
3455 2391 3574 2461 ejus

1993 2472 2164 2552 oculis
2193 2473 2327 2528 duas
2354 2477 2683 2544 prodeuntes
2731 2479 2998 2549 lacrymas
3044 2481 3094 2533 in
3144 2497 3394 2552 magnum
3427 2500 3574 2540 mare

1994 2549 2184 2618 dicunt
2225 2567 2534 2633 concidere,
2588 2578 2644 2621 et
2687 2553 2782 2623 itas
2813 2569 3074 2640 fulgorem
3126 2587 3247 2626 esse
3305 2572 3574 2630 afﬁrmant

1994 2651 2144 2706 illum
2165 2655 2254 2722 qui
2290 2665 2528 2725 tempore
2561 2667 2824 2711 nocturno
2847 2659 2912 2712 de
2933 2659 3100 2714 stellis
3125 2660 3335 2715 videtur
3355 2665 3570 2718 cadere.

1995 2741 2121 2796 1132c
2148 2753 2328 2796 autem
2362 2747 2522 2810 ratio,
2547 2746 2714 2800 Deum
2740 2763 2806 2800 ex
2832 2759 3064 2817 quatuor
3090 2749 3371 2806 elementis
3394 2765 3574 2808 osten-

1994 2832 2072 2887 dit
2120 2836 2476 2904 compositum
2536 2853 2676 2892 esse.
2722 2836 2906 2905 Neque
2944 2840 3088 2892 enim
3134 2840 3269 2894 fiunt
3323 2842 3574 2914 laerymm

1994 2918 2098 2971 nisi
2157 2935 2222 2972 ex
2281 2921 2617 2977 litltliitlitaiis
2687 2924 3012 2979 abundantia
3062 2928 3438 2984 descendentis
3506 2931 3575 2986 de

1995 3010 2194 3079 capite.
2231 3010 2286 3064 Si
2321 3027 2448 3067 vero
2494 3013 2566 3067 ita
2595 3023 2700 3078 est,
2728 3029 2858 3084 ergo
2884 3016 3150 3072 elementa
3181 3030 3305 3074 sunt
3341 3019 3434 3075 Dei
3461 3037 3574 3075 ma-

1997 3101 2152 3153 teria.
2197 3097 2386 3155 Omnis
2409 3103 2588 3157 autem
2620 3106 2846 3158 materia
2877 3093 3028 3176 prior
3053 3117 3135 3162 est
3178 3119 3233 3162 et
3275 3110 3575 3180 simplicior

1997 3191 2191 3248 forma.
2236 3191 2375 3265 Ergo
2414 3205 2469 3250 et
2491 3197 2602 3251 bare
2631 3197 2809 3266 priora
2835 3210 2887 3253 et
2911 3201 3259 3268 simplicioria
3289 3189 3396 3256 Deo
3423 3215 3566 3263 sunt,

1996 3286 2138 3353 Quod
2172 3283 2322 3341 nefas
2355 3297 2438 3342 est
2467 3289 2708 3344 credere.
2750 3290 2932 3360 Itaque
2973 3293 3016 3345 si
3057 3294 3196 3347 Deus
3241 3295 3360 3348 talis
3392 3307 3476 3349 est
3514 3305 3575 3349 ut

1997 3374 2181 3430 dicitis
2218 3389 2358 3440 esse,
2399 3393 2522 3432 cum
2571 3394 2671 3433 nec
2721 3380 2843 3434 cibo
2897 3377 3110 3434 fruatur
3163 3398 3264 3437 nec
3312 3393 3463 3452 potu,
3519 3395 3574 3438 et

1996 3467 2239 3535 quotidie
2281 3467 2414 3522 duas
2439 3483 2506 3522 ex
2535 3484 2596 3524 se
2645 3471 2858 3525 emittat
2882 3471 3170 3542 lacrymas,
3222 3489 3442 3529 necesse
3491 3485 3574 3530 est

1996 3573 2118 3613 eum
2145 3559 2478 3627 decrescere,
2511 3561 2615 3616 nisi
2647 3555 2788 3617 forte
2815 3564 2880 3616 de
2923 3565 3080 3633 aquis
3111 3552 3231 3633 (inae
3253 3579 3414 3632 super
3433 3561 3573 3618 coelo

1997 3660 2121 3704 sunt
2153 3651 2355 3721 jugiter
2384 3651 2552 3706 bibat.
2583 3643 2661 3706 Ex
2689 3655 2868 3709 verbis
2920 3671 3137 3724 quoque
3181 3670 3374 3710 eorum
3424 3657 3576 3712 colli-

1997 3742 2142 3812 gitur
2163 3743 2287 3811 quia
2317 3743 2562 3812 ignorent
2589 3745 2716 3814 quid
2748 3740 2837 3799 ille
2866 3746 2934 3800 sit
2965 3745 3162 3816 fulgor.

2068 3830 2296 3886 Mox-ses.
2327 3821 2467 3898 Quid
2509 3842 2564 3886 tu
2597 3835 2663 3890 de
2707 3834 2798 3889 illo
2838 3835 3042 3892 sentias
3073 3831 3281 3909 fulgore
3323 3836 3572 3898 desidero

1997 3935 2176 3974 nosse.

2067 4011 2303 4068 Pernus.
2331 4011 2606 4068 Fumosus
2637 4013 2858 4082 quidam
2885 4030 3055 4085 vapor
3083 4017 3149 4071 de
3179 4026 3318 4072 terra
3344 4035 3572 4073 consur-

1997 4108 2075 4181 git
2101 4108 2326 4162 nimium
2359 4108 2557 4172 siccus,
2589 4109 2732 4164 unde
2777 4118 2832 4164 et
2883 4099 3058 4163 locum
3093 4111 3314 4165 nubium
3358 4111 3571 4178 transit,

1997 4201 2319 4272 perveniens
2341 4201 2408 4254 ad
2439 4188 2612 4254 locum
2642 4201 2730 4254 ubi
2759 4217 2864 4254 non
2893 4193 3094 4256 multus
3133 4211 3215 4256 est
3243 4197 3406 4264 caior,
3440 4219 3573 4272 quo-

1998 4295 2140 4348 niam
2172 4301 2416 4347 remotus
2447 4301 2532 4345 est
2559 4309 2586 4342 a
2614 4301 2760 4344 motu
2795 4283 3141 4346 firmamenti.
3170 4290 3288 4358 Quo
3315 4308 3436 4346 cum
3461 4310 3575 4362 per-

1995 4387 2227 4448 venerit,
2255 4391 2309 4438 οι
2351 4385 2461 4454 jam
2510 4384 2709 4438 multus
2755 4384 2808 4437 in
2850 4379 2968 4438 loco
3014 4401 3121 4438 uno
3160 4384 3372 4450 coierit,
3409 4379 3574 4454 ipsius

393 4487 626 4543 pgnas.
696 4489 881 4543 Dicitis
926 4490 1188 4560 siquidem
1236 4505 1358 4544 eum
1427 4491 1650 4561 singulis
1708 4491 1896 4547 diebus
1928 4499 1972 4558 ο
2003 4477 2100 4530 loci
2128 4477 2308 4530 calore
2338 4478 2460 4531 licet
2490 4477 2684 4547 exiguo
2716 4475 2972 4546 paulatim
3024 4487 3318 4541 crematur,
3362 4486 3416 4530 et
3456 4492 3577 4531 cre-

322 4581 489 4634 semel
529 4579 582 4633 in
610 4580 698 4635 die
742 4582 926 4645 irasci,
975 4580 1260 4637 afferentes
1297 4582 1349 4636 in
1381 4583 1612 4636 medium
1658 4583 1896 4637 testimo-

323 4673 470 4724 nium
497 4671 688 4736 David,
714 4672 942 4726 dicentis
965 4690 978 4725 :
1011 4670 1188 4726 Fortis
1206 4673 1450 4726 irascitur
1468 4673 1699 4742 quotidie
1720 4671 1892 4740 (Paul.

324 4763 442 4830 vn).
493 4761 674 4817 Prima
722 4765 882 4818 etiam
923 4765 1054 4819 hora
1101 4765 1203 4820 diei
1249 4780 1371 4820 eum
1424 4766 1580 4818 irasci
1629 4766 1895 4830 asseritis,

325 4867 542 4908 causam
597 4853 755 4923 hujus
803 4855 896 4908 irae
924 4869 1045 4909 esse
1075 4855 1338 4920 dicentes,
1383 4857 1524 4924 quod
1556 4855 1608 4908 in
1638 4855 1725 4909 illa
1765 4855 1895 4910 liora

327 4960 484 5015 reges
507 4945 804 5015 iniquitatis
852 4955 1222 5016 exsurgentes,
1253 4946 1556 5000 diademata
1596 4945 1698 5000 sibi
1728 4947 1898 5016 impo-

327 5047 482 5102 nunt,
515 5049 570 5092 et
597 5037 763 5092 solem
797 5039 1042 5093 adorant.
1089 5039 1320 5094 Videsne
1343 5053 1504 5107 quam
1535 5037 1798 5093 absurdus
1825 5039 1898 5092 sit

325 5141 505 5182 sermo
533 5129 633 5182 iste
660 5138 714 5182 et
734 5130 985 5197 quoniam
1013 5127 1142 5182 fatui
1165 5127 1378 5198 sintqui
1404 5127 1517 5181 haec
1539 5126 1894 5194 protulerunt,

327 5230 449 5269 cum
497 5216 589 5271 ira:
639 5218 1022 5272 discretionem
1072 5232 1292 5288 prorsus
1341 5217 1612 5286 ignorent,
1641 5231 1802 5285 quam
1850 5217 1895 5272 si

323 5316 571 5372 nossent,
603 5323 709 5362 non
739 5308 840 5362 hoc
869 5309 933 5362 de
960 5306 1068 5360 Deo
1096 5307 1384 5361 sentirent.

398 5396 630 5453 Movsss.
657 5399 792 5466 Quid
821 5397 983 5469 igitur
1009 5396 1144 5451 iram
1179 5411 1367 5452 censes
1392 5395 1542 5452 esse?
1565 5443 1580 5461 ,

397 5487 630 5544 Paraus.
675 5489 756 5542 lra
781 5496 864 5542 est
891 5487 1104 5557 quando
1131 5486 1314 5541 audito
1337 5486 1516 5554 aliquo
1537 5486 1680 5556 quod
1713 5486 1896 5556 displi-

326 5589 448 5634 ceat
475 5580 636 5635 verbo
663 5579 842 5635 colera
869 5580 1054 5644 rubea,
1093 5578 1147 5633 id
1187 5587 1289 5643 est,
1325 5577 1395 5630 fel
1432 5577 1622 5644 fervet,
1652 5591 1707 5633 et
1735 5595 1896 5648 super

325 5671 573 5740 bepatem
604 5670 942 5736 diffunditur,
975 5679 1030 5724 et
1061 5667 1304 5740 sanguini
1337 5668 1740 5724 commiscetur.
1768 5671 1895 5726 lude

325 5763 592 5833 siquidem
631 5764 792 5819 homo
819 5761 1058 5828 calescit,
1099 5770 1151 5816 et
1199 5759 1251 5814 in
1301 5757 1436 5814 faeie
1483 5759 1746 5829 pallescit.
1779 5761 1892 5818 Hoc

2000 4576 2175 4621 matus
2198 4569 2491 4632 evanescit,
2518 4578 2572 4622 et
2600 4569 2655 4623 id
2687 4577 2772 4623 est
2807 4569 2950 4638 quod
2978 4583 3074 4638 per
3112 4583 3291 4624 aerem
3320 4569 3575 4625 discursi-

1999 4667 2114 4711 tare
2145 4658 2406 4711 videmus.

2067 4747 2298 4802 Movses.
2345 4747 2610 4814 Quoniam
2638 4763 2737 4818 per
2767 4759 2818 4804 te
2860 4766 2966 4804 non
3017 4747 3324 4806 intermisse
3367 4751 3577 4806 doctior

1997 4839 2088 4903 fio,
2135 4855 2240 4894 non
2278 4841 2551 4896 immerito
2597 4842 2717 4896 sine
2758 4842 3160 4898 intermissione
3199 4845 3406 4914 gratias
3449 4860 3572 4914 ago.

2067 4931 2300 4988 Persas.
2341 4933 2521 4989 Fletus
2565 4949 2780 5003 quoque
2825 4938 2993 5005 ipsius
3015 4952 3175 5006 quem
3223 4938 3333 4992 Deo
3361 4937 3576 5008 indigne

1997 5023 2298 5090 ascribunt,
2326 5013 2632 5080 Judieorum
2667 5027 3036 5095 captivitatem
3083 5043 3302 5082 causam
3351 5044 3470 5084 esse
3498 5030 3577 5083 di-

1997 5125 2157 5180 cunt;
2192 5119 2321 5187 quin
2353 5119 2513 5172 etiam
2545 5127 2764 5188 propter
2806 5117 3048 5171 dolorem
3085 5132 3208 5172 eum
3253 5128 3338 5173 ter
3381 5121 3434 5174 in
3488 5121 3577 5174 die

1997 5217 2055 5261 ut
2078 5207 2283 5262 leOnem
2315 5212 2494 5279 rugire
2524 5217 2796 5275 asserunt,
2828 5219 2881 5262 et
2908 5220 3132 5278 propter
3156 5209 3207 5264 id
3238 5211 3434 5266 coelum
3463 5209 3578 5279 pul-

1996 5315 2120 5354 sare
2165 5300 2390 5369 pedibus
2432 5316 2584 5356 more
2631 5301 2956 5356 calcantium
3004 5302 3056 5356 in
3102 5303 3378 5368 torculari,
3424 5317 3576 5356 more

1995 5392 2159 5446 etiam
2202 5389 2466 5446 columbae
2515 5393 2805 5462 quemdam
2841 5395 3047 5449 susurri
3077 5395 3313 5448 sonitum
3342 5393 3494 5457 dare,
3517 5401 3574 5446 et

1995 5496 2209 5552 quaque
2234 5482 2352 5538 vice
2392 5495 2551 5553 caput
2596 5499 2833 5549 movere,
2863 5494 2918 5538 et
2946 5485 3177 5540 dolentis
3207 5485 3388 5539 dicere
3418 5499 3570 5538 voce:

1996 5569 2109 5629 Ileu
2141 5575 2294 5640 mihi,
2335 5575 2435 5630 lieu
2465 5576 2628 5630 mihi!
2681 5587 2740 5632 ut
2768 5577 2896 5646 quid
2933 5576 3150 5630 domum
3184 5591 3356 5630 meam
3389 5577 3442 5631 in
3473 5577 3569 5631 de-

1995 5678 2196 5722 sertum
2225 5667 2429 5740 redegi,
2471 5677 2527 5724 et
2567 5670 2822 5740 templum
2850 5684 3028 5724 meum
3060 5667 3314 5733 cremavi,
3347 5678 3400 5723 et
3433 5669 3572 5725 filios

1997 5774 2144 5816 meos
2172 5759 2224 5813 in
2269 5768 2457 5830 gentes
2512 5760 2798 5815 transtuli?
2843 5759 2953 5815 lieu
2999 5759 3136 5831 patri
3171 5759 3262 5829 qui
3296 5759 3571 5817 transtulit
