4142 6360
528 330 628 386 551

1459 327 1660 382 PETRI
1699 324 2040 382 ALPllONSl
2079 325 2170 380 EX
2204 321 2450 381 JUDIEO
2488 323 2874 380 CHRISTIANI

3695 328 3801 384 552

531 447 672 501 ﬁlios
737 453 897 502 suos!
966 459 1018 503 et
1072 451 1175 504 heu
1233 451 1356 504 ﬁliis
1393 453 1483 519 qui
1552 449 1799 504 translati
1859 457 1988 502 sunt
2046 448 2114 502 de
2140 455 2187 510 Λ
2217 445 2320 498 alia
2347 461 2468 516 qua:
2501 459 2822 499 enumerare
2859 445 3071 513 longum
3103 453 3187 498 est
3214 444 3473 499 miracula
3502 445 3649 501 fecit.
3683 447 3801 503 Non

528 553 715 594 mensa
759 541 927 610 patris
967 543 1082 594 sui!
1137 541 1331 596 Dicunt
1357 545 1520 596 etiam
1553 542 1697 612 quod
1738 541 1958 610 quidam
2007 540 2106 594 do-

529 638 738 684 ctorum
778 641 1081 686 vestrorum
1124 633 1267 686 hanc
1297 633 1534 687 audierit
1561 648 1751 687 vocem
1781 633 1835 686 in
1873 633 2109 700 quodam

529 722 651 776 loco
679 737 916 776 ruinoso.
953 722 1223 778 Praeterea
1260 725 1404 794 quod
1457 734 1712 794 tanquam
1759 724 2112 793 parturientis

530 813 764 868 invicem
812 814 1031 872 collidat
1078 817 1264 885 pedes,
1297 825 1351 871 et
1381 832 1533 871 more
1583 816 1816 871 dolentis
1865 816 2113 872 manibus

527 905 768 972 plaudat,
801 916 856 960 et
893 908 1020 976 quia
1052 908 1299 977 quotidie
1319 918 1460 972 orat,
1491 917 1550 962 ut
1592 909 1962 963 misericordia
1996 907 2114 977 ejus

527 999 598 1055 sit
631 1014 795 1070 super
825 1001 959 1055 iram
994 1000 1132 1070 ejus,
1165 1012 1222 1058 et
1253 1012 1314 1056 ut
1343 1013 1432 1057 eat
1467 1004 1519 1058 in
1547 1003 1743 1074 populo
1787 1019 1886 1058 suo
1923 1005 1975 1058 in
2006 1004 2116 1058 -mi-

527 1092 846 1148 sericordia.
905 1094 1024 1159 Dic,
1063 1111 1095 1148 o
1127 1094 1358 1166 Moyses,
1400 1112 1526 1150 cum
1578 1096 1719 1150 Deus
1759 1104 1899 1161 oret,
1929 1111 2112 1166 quem,

527 1197 734 1250 quazso,
779 1184 1005 1239 adorat?
1048 1185 1120 1240 Se
1163 1187 1339 1256 ipsum
1389 1204 1456 1241 an
1509 1187 1712 1242 alium?
1739 1188 1796 1242 Si
1841 1189 2028 1252 alium,
2070 1188 2116 1243 is

528 1288 689 1340 quem
721 1275 913 1331 adorat
939 1278 1208 1346 potentior
1227 1288 1310 1332 est
1339 1294 1421 1333 eo.
1460 1277 1514 1333 Si
1537 1280 1770 1349 seipsum
1799 1280 1989 1333 adorat
2023 1289 2117 1332 aut

529 1373 725 1432 potens
761 1373 845 1420 est
874 1365 991 1437 ejus
1021 1380 1242 1437 propter
1266 1369 1407 1438 quod
1438 1378 1576 1429 orat,
1612 1378 1706 1422 aut
1737 1369 2024 1439 impotens.
2057 1367 2116 1424 Si

531 1459 802 1540 impotens
823 1468 924 1525 est,
963 1460 1167 1516 frustra
1193 1478 1251 1517 se
1282 1463 1493 1526 adorat,
1521 1463 1567 1517 si
1597 1479 1726 1517 vero
1757 1473 1975 1533 potens,
2025 1476 2118 1521 aut

528 1549 646 1603 vult
683 1551 734 1604 id
787 1566 885 1621 pro
923 1567 1030 1621 quo
1077 1562 1220 1618 orat,
1264 1563 1358 1608 aut
1389 1571 1494 1608 non
1552 1553 1684 1608 vult.
1734 1555 1790 1610 Si
1833 1571 1937 1610 non
1983 1557 2114 1623 vult,

530 1655 630 1710 pro
656 1641 789 1696 nihil
815 1653 954 1696 orat.
983 1642 1040 1697 Si
1071 1652 1249 1698 autem
1280 1645 1414 1709 vult,
1442 1661 1547 1700 non
1573 1655 1656 1699 est
1680 1661 1904 1701 necesse
1935 1662 2112 1702 orare.

535 1731 694 1787 Vides
723 1731 908 1802 igitur,
947 1749 978 1787 ο
1005 1733 1240 1805 Moyses,
1272 1750 1435 1804 quam
1482 1735 1703 1789 omnino
1733 1737 1802 1790 sit
1835 1751 1969 1806 gens
2003 1738 2116 1793 hazc

2209 552 2338 607 ergo
2361 537 2541 591 dicere
2565 537 2788 606 potestis
2815 537 2957 604 quod
2987 536 3226 606 antiquis
3251 536 3439 591 diebus
3467 547 3660 606 potens
3693 555 3802 593 non

2209 628 2394 683 luerit.
2443 627 2498 683 Si
2553 637 2734 682 autem
2783 643 2906 681 eum
2954 635 3225 697 potentem
3266 627 3485 696 quidem
3524 628 3714 694 fuisse,
3743 639 3806 685 ut

2209 735 2422 788 (equum
2449 729 2553 783 est,
2583 717 2921 782 concedatis,
2948 717 3042 772 sed
3071 716 3298 772 aliorum
3324 718 3628 772 interventu
3658 720 3805 775 acci-

2211 809 2486 874 dentium,
2558 823 2683 862 eum
2735 807 3088 878 ilnpotentem
3145 806 3350 863 factum
3419 809 3637 875 dicatis,
3677 821 3807 881 post

2212 914 2441 970 quorum
2480 898 2790 953 abscessum
2822 914 2945 953 eum
2985 913 3146 967 posse
3167 912 3325 953 suum
3355 909 3804 968 recuperaturum

2212 991 2474 1055 credatis,
2505 990 2740 1046 alterum
2787 990 2982 1046 horum
3014 1006 3233 1046 necesse
3260 1002 3347 1047 est
3375 991 3678 1057 fateamini;
3713 993 3805 1048 illa

2214 1081 2514 1136 accidentia
2551 1090 2644 1136 aut
2683 1097 2750 1137 ex
2796 1095 2861 1137 eo
2883 1091 2939 1136 ει
2980 1080 3032 1136 in
3065 1096 3131 1138 eo
3173 1081 3372 1150 fuisse,
3412 1092 3472 1138 ut
3514 1084 3806 1141 inﬁrmitas

2215 1173 2470 1228 accidens
2510 1173 2738 1239 homini,
2771 1173 2948 1230 donec
2977 1150 3338 1237 convalescat,
3370 1176 3438 1229 ab
3481 1174 3678 1232 effectu
3715 1192 3808 1233 co-

2216 1265 2368 1320 hibet
2393 1265 2706 1331 voluntatis;
2746 1273 2842 1320 aut
2866 1264 2918 1320 ei
2947 1265 3016 1321 ab
3045 1264 3150 1321 alio
3178 1280 3301 1321 esse
3327 1265 3498 1330 illata,
3546 1277 3607 1322 ut
3633 1270 3806 1340 capti-

2215 1357 2358 1412 vitas
2390 1356 2616 1412 cuilibet
2661 1373 2688 1411 a
2717 1372 2844 1428 rege
2894 1357 3041 1412 illata
3079 1373 3191 1429 sua;
3223 1357 3514 1412 voluntatis
3543 1373 3666 1414 eum
3711 1375 3810 1429 po-

2219 1455 2414 1501 testate
2441 1446 2638 1516 privat,
2679 1427 2853 1502 donec
2903 1427 3520 1502 libertate'succedente
3563 1427 3806 1504 recedat.

2219 1539 2372 1606 Quod
2415 1539 2458 1593 si
2496 1554 2565 1593 ex
2601 1554 2666 1593 eo
2696 1548 2752 1593 et
2793 1539 2848 1592 in
2896 1553 2961 1593 co
3013 1537 3178 1592 fuisse
3208 1537 3422 1606 dicatis,
3464 1537 3634 1594 Deum
3676 1553 3810 1611 ergo

2219 1644 2416 1700 corpus
2449 1629 2652 1684 habere
2681 1628 2886 1695 dicitis,
2925 1629 3068 1699 quod
3097 1629 3501 1684 contrariorum
3541 1630 3802 1700 suscepti-

2219 1718 2326 1772 bile
2353 1718 2445 1783 sit,
2473 1717 2616 1787 quod
2644 1718 2710 1774 de
2751 1718 2860 1774 Deo
2891 1717 3096 1773 sentire
3137 1733 3244 1772 non
3285 1717 3560 1772 convenit.
3595 1718 3650 1772 Si
3679 1733 3808 1774 vero

530 1824 702 1878 aliena
736 1839 765 1878 a
791 1825 1101 1894 cognitione
1127 1826 1342 1880 divina?
1373 1826 1427 1881 Si
1461 1843 1591 1881 vero
1620 1844 1806 1882 verum
1835 1841 1917 1885 est
1949 1832 2110 1886 Deum

2219 1809 2269 1863 ei
2301 1808 2370 1862 ab
2399 1808 2507 1863 alio
2532 1809 2679 1863 illata
2711 1809 2916 1874 dicitis,
2951 1808 3104 1862 illum
3140 1807 3234 1878 qui
3269 1807 3450 1862 intulit
3476 1809 3586 1864 Deo
3614 1818 3808 1879 poten-

530 1929 628 1984 pro
657 1915 807 1970 vobis
837 1915 1072 1986 plorare,
1107 1926 1165 1970 ut
1186 1917 1396 1972 leonem
1431 1918 1635 1988 rugire,
1667 1919 1862 1974 cwlum
1892 1921 2118 1990 pedibus

530 2006 767 2076 pulsare,
814 2022 966 2061 more
1013 2007 1278 2062 columbae
1328 2025 1566 2080 gemere,
1598 2022 1760 2082 caput
1800 2029 2033 2080 movere,
2067 2023 2121 2070 ct

527 2114 638 2168 prm
667 2099 835 2154 nimio
862 2099 1048 2154 dolore
1079 2101 1181 2154 heu
1213 2102 1344 2155 mihi
1375 2102 1634 2170 clamare,
1678 2104 1852 2173 ipsum
1883 2117 2116 2175 prteter-

529 2209 592 2246 ea
623 2208 734 2262 pra:
788 2192 972 2248 dolore
1026 2194 1190 2263 pedes
1221 2194 1495 2257 collidere,
1553 2197 1802 2252 inanibus
1838 2199 2114 2266 plaudere,

529 2291 584 2336 et
611 2283 850 2352 quotidie
888 2291 946 2335 ut
993 2282 1157 2336 vestri
1210 2283 1535 2338 misereatur
1580 2300 1758 2349 orare,
1796 2289 1924 2357 quid
1985 2304 2115 2358 ergo

528 2385 764 2430 vestram
800 2389 869 2429 ne
899 2374 1204 2430 liberemini
1257 2378 1483 2447 impedit
1530 2379 1939 2449 captivitatem?
1967 2384 2049 2436 An
2083 2400 2114 2437 a

530 2465 707 2531 vobis,
744 2482 812 2520 an
843 2467 910 2520 ab
939 2467 1054 2537 ipso
1079 2469 1334 2537 procedit'
1371 2469 1487 2525 lucc
1527 2473 1711 2526 mora?
1744 2473 1835 2528 Sic
1877 2475 2019 2529 enim
2047 2475 2114 2531 ab

531 2558 647 2626 ipso
689 2573 810 2612 eum
861 2558 926 2612 ad
973 2558 1345 2630 eomplendam
1373 2561 1700 2618 voluntatem
1743 2579 1896 2618 suam
1935 2565 2113 2621 minus

529 2663 648 2702 esse
670 2656 950 2725 potentem.
972 2650 1258 2705 ostenditis
1284 2666 1406 2705 cum
1437 2651 1640 2722 aliquid
1668 2652 1936 2708 volentem
1965 2669 2114 2708 com-

529 2743 677 2812 plere
702 2757 802 2796 nec
825 2741 1119 2806 valentem,
1142 2744 1336 2812 puerili
1359 2760 1508 2800 more
1523 2760 1646 2799 eum
1673 2745 1885 2814 plorare
1915 2746 2113 2800 astrui-

530 2836 620 2890 tis.
656 2835 712 2889 Si
762 2835 924 2903 igitur
967 2850 1109 2890 nunc
1150 2836 1417 2905 impotens
1461 2847 1567 2905 est,
1599 2838 1764 2893 dicite
1819 2849 2001 2893 utrum
2054 2839 2109 2895 in

530 2927 710 2981 futuro
739 2936 1063 2997 potestatem
1098 2927 1378 2982 habiturus
1406 2929 1476 2984 sit
1505 2945 1572 2983 an
1607 2932 1754 2985 non?
1785 2933 1838 2986 Si
1868 2949 2108 3004 unquam

527 3015 810 3069 habiturus
830 3025 934 3082 est,
969 3017 1133 3086 igitur
1161 3026 1214 3070 et
1243 3026 1419 3072 vester
1447 3027 1500 3074 et
1533 3019 1677 3075 illius
1701 3021 1855 3076 dolor
1883 3023 1988 3078 ﬁne
2017 3039 2108 3078 ca-

529 3108 687 3172 rebit,
721 3117 1008 3177 vestraque
1041 3108 1219 3163 oratio
1269 3118 1350 3164 est
1376 3127 1568 3177 vacua,
1593 3123 1648 3167 et
1675 3130 1798 3183 spes
1844 3115 2011 3172 nulla.
2047 3117 2102 3171 Si

2225 1901 2417 1957 tiorem
2458 1917 2578 1957 esse
2604 1901 2912 1966 ostenditis,
2952 1901 3097 1971 quod
3136 1915 3244 1956 non
3289 1900 3472 1956 minus
3501 1908 3586 1956 est
3624 1900 3807 1956 incon-

2221 1994 2462 2048 veniens.
2496 1993 2553 2048 Si
2585 2003 2768 2049 autem
2801 2009 2896 2048 vos
2936 1994 3082 2064 ipsos
3111 2002 3306 2048 vestra:
3333 2006 3454 2048 esse
3478 1992 3808 2063 captivitatis

2220 2099 2436 2139 causam
2485 2084 2704 2151 dicatis,
2757 2083 2913 2154 quasi
2960 2083 3154 2138 melius
3207 2084 3368 2138 modo
3400 2083 3454 2137 in
3495 2084 3807 2154 captivitate

2218 2191 2378 2244 quam
2433 2175 2561 2230 olim
2599 2177 2654 2231 in
2714 2175 2966 2232 libertate
3013 2191 3108 2232 vos
3146 2175 3390 2231 habeatis
3441 2175 3615 2230 cuivis
3658 2186 3807 2246 patet

2216 2282 2334 2321 esse
2360 2267 2731 2330 mendacium,
2764 2267 2891 2335 quia
2923 2282 3201 2336 nunquam
3233 2267 3523 2336 captivitas
3561 2267 3805 2322 libertati

2215 2369 2298 2414 est
2320 2358 2720 2428 comparabilis.
2751 2358 2807 2413 Si
2837 2374 2969 2414 vero
2992 2374 3096 2412 non
3123 2359 3223 2413 hac
3246 2359 3542 2415 intentione
3561 2369 3804 2416 vestram

2215 2447 2519 2504 libertatem
2554 2447 2924 2512 remoramini,
2956 2447 3050 2502 sed
3078 2463 3144 2503 eo
3170 2447 3384 2502 volente
3418 2463 3514 2503 vos
3540 2447 3806 2512 liberare,

2216 2554 2313 2594 vos
2341 2554 2438 2610 per
2460 2539 2812 2610 pertinaciam
2841 2537 2956 2606 ejus
2985 2539 3251 2594 voluntati
3279 2540 3561 2601 obsistitis,
3597 2539 3808 2595 scilicet

2215 2645 2273 2688 ut
2300 2636 2426 2705 quia
2457 2635 2548 2690 ille
2572 2649 2668 2689 vos
2696 2635 2746 2688 in
2766 2633 3137 2703 captivitatem
3160 2632 3416 2702 conjecit,
3439 2648 3538 2689 vos
3562 2643 3804 2689 econtra-

2213 2726 2294 2779 rio
2319 2725 2437 2796 plus
2466 2741 2627 2796 quam
2660 2725 2774 2796 ipse
2796 2724 2924 2780 velit
2948 2723 3004 2779 in
3049 2725 3164 2795 ipsa
3191 2726 3509 2796 captivitate
3543 2725 3804 2796 perdure-

2214 2816 2298 2880 tis,
2327 2817 2550 2872 deberet
2600 2817 2786 2887 utique
2822 2824 3019 2872 vestra:
3063 2815 3382 2872 satisfacere
3412 2817 3701 2883 voluntati,
3742 2827 3805 2872 ct

2211 2924 2319 2962 non
2370 2911 2602 2978 seipsum
2631 2910 2848 2965 assidue
2887 2920 3039 2965 tanto
3073 2925 3310 2966 mmrore
3349 2910 3678 2982 deprimere,
3710 2920 3807 2965 ant

2208 3017 2305 3056 vos
2333 3002 2380 3058 ei
2424 3017 2647 3070 parcere
2696 3004 2914 3060 deceret
2955 3019 3056 3059 nec
3114 3013 3321 3057 tantum
3363 3003 3545 3059 facere
3589 3003 3800 3059 contri-

2207 3094 2361 3148 stari.
2383 3093 2486 3149 Sed
2509 3095 2612 3150 hoc
2635 3104 2784 3151 stare
2815 3095 3120 3150 nullatenus
3146 3105 3343 3165 potest,
3368 3113 3490 3151 eum
3513 3111 3637 3151 eum
3659 3111 3801 3166 quo-

526 3213 658 3252 vero
684 3213 840 3268 posse
880 3198 1162 3253 habiturus
1183 3208 1287 3263 est,
1331 3208 1426 3255 aut
1454 3200 1580 3256 illud
1613 3182 1850 3258 nondum
1897 3205 2105 3274 habuit,

2212 3184 2338 3239 tidie
2379 3194 2436 3239 ut
2474 3201 2571 3241 vos
2612 3187 2678 3242 de
2709 3187 3024 3256 captivitate
3049 3187 3455 3257 eripiatorctis.
3483 3187 3592 3244 Oro
3622 3188 3805 3259 itaque

527 3291 622 3346 sed
652 3290 706 3345 in
737 3293 957 3359 praeﬁxo
984 3299 1038 3346 ει
1077 3301 1229 3346 εει·ιο
1254 3293 1536 3350 habiturus
1563 3305 1647 3349 est
1679 3305 1920 3365 tempore
1941 3300 2105 3366 quod,

527 3393 650 3437 cum
689 3381 927 3446 habebit,
960 3396 1054 3436 vos
1079 3381 1146 3436 de
1190 3384 1508 3452 captivitate
1553 3383 1823 3453 liberabit,
1871 3399 1964 3440 aut
1995 3387 2109 3456 jam

528 3475 740 3539 habuit,
795 3475 890 3529 sed
945 3474 1302 3542 quorumdam
1363 3475 1672 3531 interventu
1749 3479 2108 3535 accidentium

526 3565 730 3630 amisit,
762 3564 962 3633 quibus
995 3563 1192 3618 iterum
1229 3563 1554 3634 quandoque
1598 3568 1846 3633 remotis,
1895 3578 1950 3624 et
1981 3570 2108 3624 illud

525 3665 877 3724 recuperatus
924 3663 1027 3718 est,
1068 3663 1124 3706 et
1179 3655 1245 3708 de
1295 3656 1609 3725 captivitate
1649 3673 1744 3712 vos
1781 3659 1994 3714 educet.
2051 3660 2108 3715 Si

525 3763 656 3802 vero
678 3748 961 3802 habiturus
988 3754 1071 3801 est
1103 3754 1342 3816 tempore
1358 3759 1529 3812 certo,
1557 3759 1726 3803 restat
1755 3750 1905 3805 vobis
1931 3752 2110 3808 dicere

525 3839 655 3909 quid
692 3839 764 3894 sit
792 3841 933 3908 quod
966 3838 1127 3893 modo
1175 3853 1296 3891 enm
1343 3839 1591 3908 prohibet
1625 3840 1847 3902 habere,
1900 3841 2109 3897 scilicet

523 3939 706 3984 utrum
737 3930 839 3984 hoc
867 3929 1124 4000 paucitati
1156 3927 1432 3998 imputctis
1459 3945 1724 3984 annorum
1750 3931 1886 4001 ejus,
1919 3949 1987 3988 an
2015 3933 2109 3988 de-

523 4021 720 4076 bilitati
767 4020 1158 4082 membrorum,
1196 4035 1266 4073 an
1304 4019 1582 4074 obstaculo
1623 4019 1910 4086 cujuslibet
1943 4023 2042 4088 rei,
2075 4039 2104 4076 a

523 4128 629 4180 qua
667 4121 897 4181 nequeat
930 4109 1170 4167 defendi.
1225 4109 1334 4164 Hoc
1380 4120 1561 4165 autem
1617 4112 1840 4168 credere
1876 4114 1942 4168 de
1999 4117 2106 4171 Deo

524 4203 676 4258 nefas
697 4212 801 4258 est.
825 4201 1078 4274 Legimus
1121 4201 1265 4256 enim
1291 4203 1343 4255 in
1373 4201 1670 4270 Seripturis
1693 4205 1885 4270 sacris,
1910 4206 2106 4276 quibus

523 4313 622 4352 vos
663 4297 945 4351 nobiscum
985 4295 1142 4349 ﬁdem
1179 4292 1470 4357 adhibetis,
1504 4293 1670 4347 Deum
1704 4295 1941 4364 antiquis
1973 4306 2106 4351 tem-

522 4390 744 4460 poribus
806 4387 1010 4455 majora
1067 4385 1328 4440 miracula
1372 4384 1568 4439 fecisse
1613 4401 1772 4454 quam
1819 4387 1862 4441 si
1909 4403 2002 4442 vos
2038 4389 2104 4442 de

521 4478 837 4548 captivitate
862 4476 1138 4536 liberaret,
1169 4474 1334 4528 veluti
1365 4489 1487 4528 cum
1519 4474 1703 4528 decem
1736 4475 1906 4546 plagis
1934 4477 2103 4550 [Εεγ-

523 4578 672 4639 ptum
697 4566 963 4638 percussit
990 4565 1186 4635 (Exod.
1222 4581 1318 4628 vn,
1338 4569 1469 4635 vni),
1503 4573 1556 4618 et
1581 4564 1705 4618 inde
1730 4582 1824 4622 vos
1853 4567 1903 4622 in
1949 4587 2109 4624 manu

522 4661 696 4716 valida
759 4659 970 4724 eduxit,
1012 4666 1066 4712 et
1114 4657 1359 4711 Rubrum
1416 4671 1566 4711 mare
1616 4657 1817 4721 divisit,
1871 4659 1921 4712 in
1970 4663 2111 4730 quod

523 4754 858 4808 Pharaonem
889 4768 1012 4807 cum
1055 4751 1298 4804 exercitu
1331 4767 1426 4804 suo
1455 4751 1713 4804 demersit
1747 4749 1946 4820 (Exod.
1975 4761 2107 4824 xxv).

525 4860 718 4896 manna
761 4858 974 4912 quoque
1020 4853 1075 4895 et
1124 4841 1490 4894 coturnieibns
1535 4842 1602 4896 de
1647 4841 1786 4897 caalo
1817 4843 1866 4896 in
1897 4845 2110 4899 deserto

523 4935 673 5002 pavit
699 4933 850 5003 (Paul
878 4949 1078 4999 uxvn;
1109 4930 1286 4987 Exod.
1307 4948 1416 4995 xvi;
1453 4931 1615 4987 Num.
1633 4932 1734 5005 xi),
1754 4951 1922 5004 aquas
1944 4937 2108 4992 etiam

522 5022 779 5079 Jordanis
811 5024 863 5078 in
903 5024 1022 5078 loco
1049 5041 1158 5078 uno
1193 5024 1392 5077 montis
1425 5023 1596 5076 instar
1621 5027 1900 5080 constituit
1925 5027 2108 5096 (Josue

522 5114 634 5186 ιιι),
655 5113 822 5168 solem
845 5123 897 5168 et
925 5113 1107 5166 lunam
1134 5112 1296 5168 Josue
1321 5111 1570 5182 precibus
1595 5112 1708 5166 ﬁxit
1729 5114 1911 5184 (Iosue
1937 5120 2012 5180 κ),
2043 5119 2108 5174 de

521 5207 766 5263 exercitu
819 5205 1191 5260 Scnnacherib
1242 5214 1460 5260 centum
1535 5205 1807 5274 octoginta
1870 5210 2108 5279 quinque

520 5300 686 5356 millia
716 5309 874 5355 nocte
915 5315 1020 5353 una
1064 5297 1240 5353 occidi
1295 5298 1423 5354 fecit
1477 5294 1582 5369 (IV
1612 5296 1739 5368 Reg.
1772 5316 1896 5365 XIX;
1936 5300 2102 5356 Eccli.

519 5393 734 5466 ιιινιιι).
782 5393 839 5448 In
885 5393 1075 5448 diebus
1117 5390 1364 5446 Ezechiae
1403 5388 1570 5445 solem
1599 5390 1854 5460 gradibus
1880 5393 2106 5462 quindeo

519 5489 628 5542 cim
678 5486 879 5544 reverti
923 5486 1182 5559 praecepit
1229 5483 1337 5558 (IV
1383 5483 1512 5554 Reg.
1549 5481 1664 5549 xx).
1713 5481 1992 5539 Daniclem
2039 5485 2106 5541 de

521 5581 642 5635 lacu
693 5580 906 5636 leonum
949 5579 1200 5636 liberavit
1228 5581 1392 5651 (Dan.
1425 5575 1561 5642 xvi).
1598 5574 1884 5639 Ananiam,
1915 5575 2108 5633 Misae-

522 5672 628 5725 lem
676 5683 730 5728 et
758 5673 1008 5728 Azariam
1042 5674 1108 5730 de
1138 5673 1257 5744 igne
1295 5669 1456 5741 (Dan.
1491 5666 1598 5738 ιιι),
1627 5674 1684 5721 et
1712 5681 1808 5722 vos
1837 5667 1904 5723 de
1930 5667 2105 5738 Baby-

526 5761 664 5818 lonis
703 5765 1016 5834 captivitate
1068 5765 1310 5822 liberavit
1351 5761 1402 5832 (I
1439 5760 1624 5814 Eadm
1665 5759 1782 5829 vn),
1834 5770 1888 5817 ct
1935 5761 2101 5816 multa

2214 3284 2289 3340 te,
2325 3276 2557 3347 Moyses,
2591 3289 2650 3332 ut
2672 3287 2837 3334 tantae
2869 3277 3223 3334 circuitionis
3251 3278 3509 3348 ambages
3529 3295 3559 3332 a
3583 3289 3804 3350 pectore

2212 3383 2332 3423 meo
2362 3369 2639 3425 excludas.

2283 3459 2515 3515 Marses.
2549 3460 2691 3515 Nihil
2731 3461 2922 3516 borum
2954 3477 3073 3532 qua:
3107 3471 3160 3516 tu
3187 3461 3518 3516 enumerasti
3551 3471 3799 3517 nostram

2213 3551 2435 3622 impedit
2459 3553 2852 3622 captivitatem,
2898 3555 2991 3609 sed
3037 3555 3204 3610 Deum
3231 3570 3448 3624 semper
3470 3564 3528 3608 et
3554 3555 3802 3624 omnipo-

2211 3653 2414 3700 tentem
2445 3645 2610 3702 fuisse
2641 3658 2698 3703 et
2725 3664 2844 3704 esse
2885 3648 3138 3711 fatemur,
3172 3661 3271 3703 nec
3303 3663 3402 3701 nos
3425 3647 3799 3716 captivitatem

2210 3737 2442 3791 evadere
2469 3736 2604 3793 velle
2637 3754 2922 3810 negamus,
2951 3740 3042 3794 sed
3079 3739 3248 3793 Deum
3273 3737 3571 3807 captivitati
3598 3749 3800 3794 nostra:

2211 3841 2419 3885 certum
2463 3833 2754 3887 terminum
2803 3832 3123 3904 praeﬁsisse,
3170 3841 3227 3887 et
3267 3832 3440 3887 donec
3478 3831 3607 3886 illud
3651 3834 3797 3903 quod

2209 3925 2512 3987 constituit,
2534 3924 2738 3994 juravit
2772 3935 2827 3980 et
2857 3925 3094 3978 ﬁrmavit
3138 3934 3348 3993 tempus
3377 3923 3651 3990 adveniat,
3695 3941 3798 3981 nos

2207 4015 2353 4070 nullo
2376 4018 2534 4070 modo
2572 4016 2794 4072 liberari
2823 4032 2983 4086 posse
3011 4017 3268 4072 dicimus.

2281 4107 2512 4163 Penus.
2561 4109 2617 4162 ln
2664 4108 2765 4163 hoc
2797 4110 2962 4163 verbo
3013 4108 3280 4163 inscitiam
3328 4109 3441 4164 Deo
3494 4107 3791 4174 ascribitis,

2207 4216 2328 4256 cum
2359 4217 2482 4256 eum
2521 4201 2625 4257 tale
2675 4201 2928 4257 statuisse
2959 4202 3152 4257 dicatis
3178 4211 3340 4270 atque
3368 4200 3605 4270 jurasse,
3645 4204 3792 4272 quod

2205 4301 2390 4364 postea
2421 4310 2543 4350 eum
2573 4293 2788 4364 jurasse
2829 4304 2884 4350 et
2921 4296 3166 4350 ﬁrmasse
3192 4296 3473 4366 pteniteat,
3517 4294 3673 4364 cujus
3713 4295 3790 4349 rei

2206 4384 2418 4456 signum
2448 4396 2528 4442 est
2561 4386 2703 4456 quod
2735 4395 2813 4441 tot
2844 4387 3020 4441 modis
3052 4386 3255 4457 jngitcr
3283 4402 3382 4456 pro
3412 4385 3564 4441 vobis
3596 4384 3791 4456 afﬂigi-

2211 4483 2318 4539 tur,
2352 4477 2495 4546 quod
2525 4477 2570 4531 si
2600 4477 2932 4548 prmscisset,
2965 4493 3069 4530 non
3120 4486 3278 4530 antea
3333 4477 3631 4533 statuisset.
3659 4475 3794 4532 Insi-

2217 4571 2368 4641 piens
2404 4587 2531 4639 ergo
2561 4573 2858 4626 secundum
2892 4585 2986 4625 vos
3016 4570 3134 4626 fuit.
3180 4571 3334 4638 Quod
3366 4586 3486 4626 eum
3518 4570 3657 4640 apud
3693 4586 3794 4624 vos

2215 4671 2445 4727 constet,
2477 4662 2750 4733 indulgere
2779 4662 2963 4731 utique
3001 4662 3049 4716 ei
3105 4663 3344 4726 debetis,
3386 4677 3488 4717 nec
3539 4661 3792 4730 precibus

2212 4770 2337 4808 eum
2373 4755 2675 4824 inquietare
2703 4753 2958 4818 assiduis,
3005 4763 3208 4824 quanto
3257 4754 3403 4808 enim
3455 4751 3794 4822 frequentius

2211 4844 2402 4910 oratis,
2443 4854 2592 4897 tanto
2623 4843 2792 4914 magis
2826 4841 2942 4911 ejus
2972 4842 3212 4897 dolorem
3262 4842 3555 4907 innovatis,
3599 4849 3653 4895 et
3683 4857 3793 4910 quo

2211 4933 2384 5004 magis
2406 4931 2474 4985 ab
2499 4931 2745 4986 oratione
2757 4931 3022 4986 cessando
3047 4945 3170 4985 enm
3197 4945 3300 4984 non
3335 4930 3790 5000 inquietaveritis,

2213 5032 2361 5078 tanto
2395 5024 2565 5093 magis
2597 5039 2720 5078 eum
2749 5022 3014 5078 consolari
3039 5022 3385 5092 permittetis.
3421 5022 3527 5076 Sed
3557 5023 3643 5076 dic
3669 5036 3794 5091 pre-

2209 5132 2322 5178 cor,
2355 5133 2387 5171 o
2418 5116 2646 5188 Moyses,
2685 5115 2795 5180 dic,
2825 5116 3066 5185 inquam,
3101 5116 3260 5169 debet
3284 5115 3572 5184 quisquam
3601 5114 3792 5182 hujus-

2208 5207 2348 5261 modi
2376 5206 2601 5261 credere
2623 5206 2958 5271 doctoribus,
2986 5214 3043 5261 ει
3064 5206 3222 5260 fidem
3254 5221 3443 5261 eorum
3479 5219 3792 5260 accommo-

2207 5297 2337 5352 dare
2360 5295 2714 5352 tractatibus?

2274 5389 2688 5446 Movses.oCum
2739 5389 2839 5462 ipsi
2875 5390 3018 5446 dicta
3071 5405 3171 5447 sua
3232 5390 3620 5461 prophetarum
3657 5403 3791 5444 con-

2206 5485 2426 5541 ﬁrment
2471 5484 2816 5550 auctoritate,
2849 5500 3019 5556 quare
3062 5493 3169 5540 tam
3197 5486 3434 5557 graviter
3465 5486 3520 5540 in
3565 5499 3660 5541 eos
3709 5484 3791 5536 in-

2204 5576 2444 5639 veheris,
2502 5583 2557 5630 et
2603 5575 2658 5630 in
2715 5577 3007 5645 prophetas
3063 5576 3200 5632 nihil
3261 5576 3429 5632 dicis?
3469 5577 3552 5630 An
3609 5573 3792 5629 nescis

2205 5665 2495 5735 prophetas
2528 5665 2731 5719 dixisse
2774 5664 2942 5720 Deum
2989 5676 3176 5736 caput,
3217 5666 3428 5730 oculos,
3463 5679 3640 5727 nares,
3673 5677 3794 5717 ma-

2206 5775 2327 5826 nus,
2347 5758 2570 5813 brachia
2595 5767 2649 5814 et
2677 5759 2926 5815 universa
2949 5761 3190 5830 corporis
3214 5759 3536 5816 lineamenta
3563 5754 3793 5812 habere?
