4142 6360
351 374 457 432 553

1837 373 2128 430 DlALOGL

3517 369 3624 429 854

352 495 458 565 lpsi
512 493 676 548 eiiam
725 492 987 547 dixerunt
1031 489 1266 561 singulis
1311 490 1500 546 diebus
1555 491 1742 556 irasci,
1775 501 1830 546 et
1882 500 1942 546 ut
1968 495 2015 551 Α
2043 487 2530 546 lsrael:Custodite
2549 487 2768 541 sollicite
2798 502 3002 542 animus
3032 494 3245 540 vestras.
3284 484 3400 541 Non
3426 488 3626 544 vidiuis

355 588 566 641 leonem
600 586 803 656 rugire,
833 593 888 640 et
915 583 1082 639 multa
1111 583 1214 639 alia
1251 599 1370 653 qua:
1404 582 1614 638 illorum
1648 583 1946 654 probantur

355 679 698 734 auctoritate.

423 793 664 848 Peritos.
709 790 952 847 Obscura
1005 799 1132 846 sunt
1186 791 1569 862 prophetarum
1619 792 1788 858 dicta,
1845 806 1947 848 nec

355 885 610 940 omnibus
659 884 794 939 satis
840 893 1052 953 aperta.
1098 883 1178 939 0b
1214 884 1315 939 hoc
1346 886 1510 940 etiam
1553 900 1678 939 cum
1715 885 1768 939 in
1814 900 1946 955 pro-

357 974 535 1044 phetis
561 973 684 1026 talia
719 973 1024 1027 invenimus
1053 988 1172 1042 qua:
1200 975 1498 1029 secundum
1524 975 1761 1030 litteram
1803 975 1948 1031 acci-

358 1068 574 1136 pientes
604 1084 633 1120 a
669 1067 896 1120 rationis
915 1067 1132 1120 tramite
1153 1068 1544 1134 exorbitemus,
1566 1083 1628 1122 ea
1655 1068 1948 1138 allegorice

359 1159 806 1229 interpretamur,
853 1165 912 1211 tit
960 1159 1028 1212 ad
1063 1158 1404 1214 rectitudinis
1429 1160 1679 1213 semitam
1715 1161 1945 1216 reduca-

358 1269 498 1308 mus.
539 1249 850 1307 Necessitas
879 1252 1026 1307 enim
1058 1253 1203 1324 cogit
1233 1267 1333 1306 nos
1373 1252 1452 1308 sic
1478 1269 1660 1325 agere,
1690 1268 1756 1310 eo
1803 1253 1947 1323 quod

357 1347 520 1402 aliter
551 1361 656 1400 non
690 1353 868 1415 potest
904 1345 1098 1400 littera:
1135 1345 1275 1400 ratio
1331 1357 1501 1401 stare.
1536 1345 1715 1402 Vestri
1765 1357 1947 1402 autem

289 1471 306 1482 .-
359 1442 613 1496 doctores
641 1456 747 1493 non
777 1447 1168 1506 cognoverunt,
1208 1449 1269 1494 ut
1304 1440 1561 1510 oportuit,
1594 1440 1786 1504 Deum,
1824 1440 1948 1495 ideo

363 1529 506 1584 dicta
563 1529 947 1599 pmphetarum
991 1531 1278 1598 superﬁcie
1307 1540 1460 1584 tenus
1487 1541 1823 1600 exponentes
1889 1531 1944 1585 in

359 1640 485 1678 cum
535 1633 878 1678 erraverunt.
912 1623 1052 1691 Ergo
1098 1639 1199 1694 ego
1229 1633 1450 1695 propter
1496 1625 1598 1679 hoc
1627 1634 1684 1680 et
1726 1634 1949 1695 propter

360 1712 527 1766 multa
562 1713 719 1782 hujus
761 1711 958 1767 similia
990 1713 1100 1768 dixi
1130 1729 1216 1768 me
1263 1715 1513 1784 superius
1538 1715 1680 1769 dicta
1711 1717 1948 1785 proobe-

362 1819 564 1872 tarum,
596 1817 753 1878 prout
777 1823 944 1863 sanus
973 1809 1142 1878 exigit
1167 1825 1377 1874 sensus,
1407 1809 1729 1881 intelligere.

435 1901 668 1958 Marses.
701 1901 856 1956 Nunc
886 1903 1017 1956 mihi
1065 1903 1188 1957 volo
1218 1903 1396 1958 locum
1429 1905 1640 1960 ostendi
1668 1920 1828 1975 quem
1858 1922 1951 1960 ne-

356 2008 516 2048 cesse
556 1994 629 2048 sit
669 2009 772 2048 nos
811 1993 1098 2064 allegorice
1129 1995 1456 2067 intelligere,
1483 2011 1549 2052 eo
1575 1997 1719 2067 quod
1749 1999 1817 2053 aut
1861 1998 1951 2052 lito

363 2094 539 2139 teram
587 2086 866 2155 expositus
913 2101 1020 2140 non
1075 2087 1249 2157 possit
1295 2098 1464 2156 stare,
1519 2098 1578 2143 ut
1613 2087 1754 2161 quod
1813 2088 1952 2146 dicis

357 2191 549 2230 verum
581 2185 763 2245 pateat
787 2192 928 2233 esse.

439 2296 680 2352 Ρετιιυε.
709 2295 858 2362 Quod
893 2296 1090 2366 qmeris
1115 2295 1422 2350 ostendam.
1453 2295 1662 2367 Moyses
1692 2297 1836 2350 enim
1887 2297 1951 2350 ad

364 2387 707 2442 Pharaonem
742 2407 754 2441 :
789 2387 1041 2455 Locusta,
1077 2388 1276 2457 inquit,
1307 2388 1498 2456 aperiet
1527 2387 1734 2441 oculum
1785 2389 1952 2440 omnis

359 2490 524 2535 teme
547 2479 744 2547 (Exod.
776 2482 855 2552 χ).
880 2479 1132 2550 Nunquid
1159 2479 1305 2534 enim
1338 2488 1480 2532 terra
1513 2478 1730 2533 oculum
1757 2479 1954 2533 habet?

362 2571 522 2636 ltem,
552 2573 692 2626 idem
723 2572 790 2626 de
819 2572 944 2626 filiis
971 2571 1113 2626 Core
1140 2587 1155 2624 :
1183 2569 1459 2639 Aperiens,
1492 2569 1686 2638 inquit,
1713 2577 1853 2622 terra
1897 2586 1952 2623 os

359 2679 538 2728 suum,
571 2663 837 2716 devoravit
887 2662 1008 2716 illos
1058 2659 1250 2731 (Nunt.
1298 2659 1436 2729 xvr).
1485 2658 1735 2729 Nunquid
1771 2669 1952 2714 autem

365 2765 513 2810 terra
541 2769 604 2810 os
646 2753 845 2810 habet?
873 2753 1030 2818 ltem,
1056 2755 1108 2807 in
1136 2753 1275 2808 libro
1322 2752 1570 2808 Judicum
1599 2754 1675 2806 ait
1705 2751 1839 2808 Gaal
1887 2752 1955 2806 ad

361 2847 534 2902 Zebul
587 2864 602 2900 :
652 2845 785 2901 Ecce
828 2846 1054 2916 populus
1105 2847 1170 2899 de
1208 2846 1453 2900 umbilico
1499 2856 1654 2900 terra:
1690 2844 1954 2899 descendit

365 2937 568 3004 (Judic.
613 2939 712 3009 Ix).
761 2939 867 2994 Sed
917 2939 1160 3008 nunquid
1212 2947 1357 2993 terra
1391 2938 1706 2993 umbilicum
1757 2939 1957 2994 habet?

368 3030 572 3086 lterum
610 3031 778 3087 Isaias
807 3031 979 3086 dicit:
1014 3031 1086 3086 De
1127 3030 1215 3084 ala
1260 3040 1416 3086 terra:
1446 3031 1627 3085 laudes
1658 3031 1957 3086 audivimus

366 3125 506 3192 (lsa.
539 3125 710 3193 xxiv).
739 3123 990 3194 Nunquid
1023 3134 1165 3178 terra
1207 3124 1347 3178 alam
1379 3123 1577 3179 habet?
1619 3123 1783 3178 David
1819 3139 1956 3193 quo-

2043 580 2444 634 similitudinem
2491 579 2721 649 aliquam
2743 579 2800 632 in
2842 579 2927 632 die
2967 595 3070 648 qua
3117 577 3322 633 locutus
3362 589 3440 635 est
3485 582 3626 637 vobis

2044 671 2304 726 Dominus
2340 672 2394 725 in
2425 669 2603 725 Hareb
2641 671 2705 724 de
2748 671 2922 724 medio
2961 671 3118 740 ignis,
3145 689 3207 726 ne
3251 672 3384 740 forte
3429 675 3626 746 decepti

2047 762 2260 832 faciatis
2294 763 2437 818 vobis
2485 761 2746 828 sculptam
2786 762 3186 818 similitudinem
3231 773 3321 822 aut
3349 766 3628 836 imaginem

2047 855 2146 909 viri
2184 855 2260 909 vel
2310 855 2539 925 feminte,
2566 854 2966 909 similitudinem
3011 856 3244 909 ontnium
3277 855 3627 923 iumentorum

2046 963 2163 1016 qua:
2184 956 2304 1001 sunt
2325 963 2483 1016 super
2502 957 2718 1010 terram,
2747 945 2824 999 vel
2843 947 3016 1000 avium
3045 951 3138 1002 sub
3169 947 3295 1002 calo
3319 950 3628 1013 volantium,

2047 1045 2140 1089 aut
2165 1036 2424 1106 reptiliunt
2449 1053 2567 1106 qua:
2597 1047 2870 1092 moventur
2897 1040 2952 1092 in
2980 1052 3140 1101 terra,
3163 1040 3268 1093 sive
3288 1039 3510 1108 piscium
3541 1042 3630 1111 qui

2048 1129 2225 1182 subter
2251 1137 2526 1182 ntarantur
2548 1128 2600 1182 in
2619 1129 2771 1199 aquis
2801 1127 2981 1199 (Deut.
3007 1130 3102 1197 tv).
3132 1130 3376 1200 Cumque
3398 1132 3477 1186 eis
3508 1147 3632 1201 pru-

2048 1221 2316 1275 hibuisset
2346 1235 2415 1274 ne
2447 1219 2614 1275 Deum
2663 1221 2977 1292 compositis
3007 1223 3326 1291 corporibus
3367 1225 3635 1278 assimila-

2051 1318 2196 1373 rent,
2230 1310 2439 1365 veritus
2462 1311 2626 1364 etiam
2655 1327 2723 1366 ne
2753 1311 2890 1367 forte
2916 1327 3039 1367 cum
3067 1313 3404 1382 simplicibus
3442 1330 3634 1384 corpo-

2050 1402 2202 1455 ribus
2268 1401 2700 1468 conlormarent,
2763 1405 3010 1472 adiunxit
3049 1404 3175 1460 :Ne
3241 1406 3376 1475 forte
3427 1407 3634 1462 elevatis

2051 1493 2217 1547 oculis
2256 1495 2326 1547 ad
2369 1493 2576 1558 caelum,
2608 1496 2784 1549 videas
2813 1495 2972 1549 salem
3021 1513 3084 1550 ac
3131 1496 3334 1561 lunam,
3362 1509 3410 1551 et
3459 1501 3636 1552 omnia

2051 1597 2194 1639 astra
2221 1584 2355 1650 caeli,
2386 1596 2431 1638 et
2458 1602 2634 1639 errore
2661 1587 2902 1655 deceptas
2933 1587 3120 1640 adores
3163 1604 3247 1654 ea,
3276 1597 3323 1641 et
3352 1588 3494 1642 colas
3523 1606 3637 1661 qua:

2051 1677 2242 1731 creavit
2274 1676 2530 1731 Dominus
2560 1677 2697 1731 Deus
2728 1679 2926 1731 cunctis
2953 1679 3191 1748 gentibus
3233 1696 3349 1750 qua:
3387 1682 3480 1734 sub
3511 1681 3637 1735 εωΙο

2053 1776 2172 1820 sunt
2205 1766 2403 1835 (ibid.).
2435 1765 2545 1821 Nec
2583 1779 2801 1838 reputes
2833 1767 3050 1839 Moysen
3078 1770 3193 1822 hinc
3223 1768 3420 1838 populo
3444 1771 3638 1839 precet-

1981 1850 2290 1928 Bpientem
2361 1860 2622 1914 metuisse
2699 1859 2844 1929 quod
2901 1860 3285 1928 prmdictorum
3352 1876 3638 1930 corporum

2053 1951 2254 2020 ﬁguras
2279 1949 2360 2005 vel
2396 1950 2662 2022 imagines
2708 1951 3022 2016 adorarent,
3057 1967 3179 2006 cum
3210 1963 3490 2007 creaturas
3519 1967 3640 2008 esse

2053 2057 2160 2096 non
2192 2041 2523 2109 dubitarent,
2580 2043 2674 2098 sed
2729 2043 2831 2099 hoc
2887 2045 3066 2115 potius
3101 2045 3300 2110 timuit,
3354 2061 3423 2099 ne
3471 2045 3638 2100 Deum

2053 2133 2344 2204 imaginem
2386 2133 2614 2204 alicujus
2640 2136 2831 2189 horum
2864 2137 3064 2191 habere
3089 2137 3394 2204 crederent,
3427 2146 3482 2192 et
3523 2138 3641 2194 ideo

2051 2241 2153 2297 pro
2175 2242 2240 2282 eo
2269 2227 2574 2297 huiusmodi
2605 2228 2779 2283 factas
2812 2229 3194 2285 similitudines
3217 2231 3531 2285 adorarent.

2127 2321 2354 2378 Marses.
2395 2319 2620 2378 Subtilis
2648 2323 2936 2378 admodum
2967 2335 3051 2380 est
3077 2325 3177 2380 ista
3207 2326 3502 2391 sententia,
3536 2342 3638 2383 nec

2055 2427 2218 2467 sensu
2249 2411 2536 2481 cujuslibet
2560 2415 2766 2484 pervia,
2793 2414 2935 2470 unde
2961 2415 3138 2470 adhuc
3167 2415 3343 2486 aliqua
3369 2419 3640 2486 patentior

2055 2514 2138 2557 est
2163 2502 2293 2556 mihi
2327 2503 2657 2558 necessaria.

2129 2594 2366 2649 Ριετιιυε.
2406 2593 2572 2649 lsaias
2603 2595 2864 2665 propheta
2897 2597 2974 2651 ait
3005 2613 3019 2649 :
3047 2595 3147 2650 Cui
3175 2595 3511 2650 assimilastis
3541 2613 3638 2661 me,

2057 2695 2105 2739 et
2129 2685 2399 2754 trquastis,
2426 2686 2550 2740 dicit
2576 2685 2802 2740 Sanctus
2825 2686 3006 2757 ἔμω.
3041 2689 3154 2759 xL.)
3187 2687 3252 2742 Et
3279 2704 3468 2744 rursus
3494 2705 3509 2742 :
3541 2686 3640 2744 Cat

2057 2776 2278 2830 similem
2300 2777 2496 2847 fecistis
2515 2777 2704 2843 Deum,
2731 2789 2820 2832 aut
2845 2796 3001 2849 quant
3029 2780 3310 2850 imaginem
3330 2782 3530 2852 ponetis
3558 2783 3604 2836 ei
3619 2782 3644 2835 1’

2060 2868 2250 2941 (lbid.)
2288 2869 2353 2923 Et
2384 2870 2578 2924 iterum
2611 2887 2624 2924 :
2658 2869 2758 2924 Cui
2795 2870 3127 2926 assimilastis
3159 2883 3206 2926 et
3233 2873 3552 2944 ada'qttastis
3594 2887 3643 2929 et

2059 2960 2403 3030 comparastis
2441 2976 2543 3027 nte,
2591 2970 2638 3013 et
2690 2961 2885 3031 fecistis
2921 2961 3185 3016 similem?
3227 2961 3419 3033 (Ibid.)
3471 2965 3642 3020 David

2059 3065 2274 3120 quoque
2306 3050 2468 3105 verba
2499 3051 2663 3105 Demn
2696 3067 2803 3108 non
2841 3067 2964 3108 esse
3002 3053 3230 3108 localem
3267 3057 3641 3125 comprobant,

2063 3150 2121 3192 ut
2165 3155 2261 3209 per
2297 3141 2402 3196 hoc
2430 3149 2828 3211 consequenter
2876 3143 3123 3198 eumdem
3163 3159 3484 3216 corporeum
3531 3163 3640 3201 non

363 3231 475 3285 que
509 3216 609 3270 ait:
633 3213 982 3268 Exsultabunt
1008 3213 1179 3281 campi
1204 3223 1252 3268 et
1283 3215 1458 3268 omnia
1494 3229 1613 3284 qua:
1651 3215 1704 3267 in
1730 3215 1804 3268 eis
1834 3221 1956 3267 sunt

2060 3245 2183 3286 esse
2227 3231 2474 3286 innuant.
2531 3231 2625 3285 Ait
2661 3233 2846 3286 enim:
2883 3233 2998 3298 Quo
3040 3235 3123 3288 ibo
3157 3253 3193 3290 a
3225 3199 3413 3307 spiritu
3449 3247 3562 3298 tua.
3594 3251 3642 3293 et

365 3310 545 3380 (Psal.
577 3309 722 3379 xcv).
750 3310 877 3364 item
910 3309 1045 3364 idem
1070 3326 1088 3365 :
1115 3306 1368 3362 Flumina
1415 3306 1666 3377 plaudent
1696 3306 1956 3372 manibus,

370 3409 571 3454 montes
621 3399 955 3454 exsultabant
1000 3397 1174 3468 (Psal.
1221 3398 1411 3468 xcvn).
1465 3396 1717 3468 Nunquid
1775 3409 1954 3453 autem

367 3492 548 3561 campi
596 3493 856 3560 gaudere,
887 3489 1107 3543 ﬂumina
1158 3505 1350 3544 manus
1380 3489 1600 3554 habere,
1629 3490 1713 3543 vel
1746 3501 1959 3546 montes

373 3592 602 3650 possunt
645 3581 954 3635 exsultare?
987 3578 1241 3634 Salomon
1288 3593 1503 3648 quoque
1530 3579 1609 3633 ait
1636 3595 1651 3632 :
1678 3580 1806 3633 Aves
1846 3581 1960 3634 caeli

369 3675 651 3744 portabunt
682 3678 892 3727 verbum
917 3683 1088 3736 tuum,
1121 3681 1168 3724 et
1201 3672 1289 3741 qui
1319 3671 1474 3724 habet
1513 3687 1710 3740 pennas
1747 3688 1960 3724 annun-

370 3767 528 3819 tiabit
575 3766 886 3820 sententiam
918 3763 1116 3834 (Eccle.
1159 3764 1237 3833 χ).
1287 3762 1537 3832 Nunquid
1567 3763 1649 3816 vel
1685 3762 1801 3818 avis
1839 3778 1962 3817 ver-

375 3859 503 3914 bum
538 3858 738 3920 dicere,
771 3857 855 3910 vel
896 3857 1104 3912 habens
1133 3871 1344 3924 pennas
1373 3855 1575 3925 aliquid
1619 3864 1797 3924 potest
1826 3871 1962 3908 nun-

375 3950 548 4004 tiare?
577 3948 825 4004 llabacuc
841 3963 1056 4018 quoque
1078 3947 1337 4017 propheta
1357 3947 1470 4000 ait:
1496 3945 1652 4016 Lapis
1682 3947 1745 3999 de
1765 3947 1963 4016 pariete

374 4043 644 4105 clamabit,
673 4053 720 4098 et
744 4041 948 4113 lignum
975 4041 1113 4113 quod
1150 4041 1285 4092 inter
1297 4040 1576 4109 jnncturas
1615 4038 1964 4108 tediﬁciorunt

374 4139 452 4183 est
496 4128 822 4198 respondebit
856 4126 1087 4197 (llabac.
1118 4127 1202 4198 ιι).
1233 4125 1372 4181 Nunt
1401 4127 1487 4184 vel
1523 4127 1660 4197 lapis
1702 4125 1960 4192 clamare,

377 4223 460 4276 vel
488 4223 688 4292 lignum
721 4231 898 4292 potest
928 4220 1290 4292 respondere?

451 4337 684 4392 Marses.
718 4335 917 4391 Verum
960 4335 1178 4406 quidem
1203 4335 1345 4405 quod
1377 4333 1516 4392 dicis
1544 4334 1719 4392 fateor
1739 4347 1884 4400 esse,
1909 4334 1961 4388 in

380 4427 657 4498 pit-risque
703 4426 839 4482 locis
899 4440 1120 4481 sensum
1190 4424 1540 4497 allegorieum
1594 4425 1964 4481 necessarium

378 4533 523 4583 esse,
580 4527 758 4572 tamen
811 4517 954 4587 quod
1005 4519 1072 4572 de
1138 4518 1415 4588 corporeis
1473 4517 1569 4572 Dei
1620 4516 1966 4572 lineamentis

383 4610 634 4664 dixerunt
664 4609 1022 4679 prophetae,5i
1053 4610 1348 4666 secundum
1379 4608 1616 4664 litteram
1642 4617 1964 4680 exponatur,

382 4704 568 4757 nescio
608 4719 775 4772 quare
801 4702 1094 4758 absurdum
1133 4703 1336 4758 dixeris
1363 4717 1503 4757 esse.

457 4813 692 4868 PETBUS.
726 4811 999 4882 Coi-porca
1037 4812 1341 4868 accidentia
1386 4827 1506 4883 qua:
1540 4812 1652 4869 Deo
1675 4811 1966 4878 ascribitis,

387 4922 496 4961 non
525 4907 629 4960 nisi
659 4922 934 4976 corporea:
962 4907 1280 4962 substantia:
1306 4914 1359 4962 et
1385 4906 1466 4961 rei
1489 4906 1823 4977 imaginariae
1847 4919 1971 4960 con-

387 5006 613 5066 gruunt.
651 4997 818 5050 Deum
851 5006 1029 5052 autem
1075 4996 1381 5066 ltujusmodi
1413 5012 1553 5061 esse,
1594 4997 1850 5052 indecens
1887 5004 1973 5050 est

385 5088 634 5144 credere.
664 5087 783 5142 Non
833 5089 995 5160 igitur
1022 5088 1278 5145 convenit
1315 5103 1436 5158 qua:
1476 5092 1542 5143 de
1577 5087 1689 5143 Deo
1716 5098 1971 5159 tanquam

391 5193 659 5248 corporeo
683 5181 824 5235 dicta
853 5189 977 5234 sunt
1007 5182 1072 5233 ad
1105 5181 1344 5235 litteram
1372 5178 1541 5235 solam
1585 5194 1875 5249 exponere.
1915 5179 1975 5234 Si

394 5270 542 5323 enim
577 5271 700 5341 quis
744 5271 849 5325 hoc
879 5272 1097 5337 sentiat,
1127 5282 1182 5328 et
1224 5272 1518 5343 Scriptura:
1566 5273 1774 5342 pariter
1794 5282 1850 5328 et
1885 5288 1975 5329 ra-

398 5358 528 5411 tioni
558 5360 864 5414 contrarius
887 5367 1086 5414 exstat.

471 5449 700 5506 Marses.
724 5449 857 5505 V'olo
880 5451 1138 5506 ostendas
1165 5466 1335 5522 quare
1364 5452 1486 5522 quis
1507 5453 1581 5508 ita
1605 5452 1877 5524 accipiens
1907 5453 1980 5509 sit

399 5541 696 5614 Scripturte
731 5545 1056 5600 contrarius.

468 5637 706 5694 Persas.
735 5638 1002 5706 Quoniam
1025 5638 1194 5694 Deum
1228 5637 1516 5708 imaginem
1541 5647 1636 5694 aut
1665 5638 1982 5695 similitudi-

398 5741 526 5786 nem
577 5729 742 5783 ullam
791 5729 991 5786 habere
1039 5729 1310 5795 dicamus,
1360 5731 1542 5787 multis
1592 5731 1980 5800 prophetarum

397 5822 818 5880 auctoritatibus
862 5823 1214 5878 contraimus.
1251 5823 1464 5896 Moyses
1505 5823 1662 5896 enim
1687 5822 1820 5881 dicit
1859 5821 1986 5880 ﬁliis

721 5915 995 6008 Ptrnot.
1038 5914 1278 5978 CLVII.

2060 3339 2164 3394 quo
2207 3340 2237 3377 a
2269 3323 2405 3392 facie
2441 3333 2532 3377 tua
2567 3324 2810 3393 fugiant?
2845 3323 2906 3379 Si
2938 3328 3220 3381 ascendere
3264 3329 3319 3382 in
3358 3328 3543 3383 cazlant
3582 3341 3641 3384 tu

2061 3415 2170 3469 illic
2192 3431 2266 3479 es,
2288 3415 2333 3467 si
2357 3414 2669 3468 descendere
2699 3415 2752 3470 in
2783 3415 3066 3483 infernum,
3101 3419 3247 3472 ades.
3278 3419 3340 3474 Si
3367 3437 3642 3492 sumpsero

2061 3521 2258 3575 pennas
2298 3521 2440 3559 nteas
2469 3504 2721 3567 diluculo,
2751 3515 2800 3560 et
2829 3506 3130 3562 Itabitavero
3169 3510 3222 3563 in
3250 3513 3492 3566 extremis
3524 3530 3633 3566 ma-

2063 3599 2156 3662 ris,
2183 3598 2372 3652 etenim
2409 3597 2537 3652 illuc
2563 3615 2747 3653 ntanus
2776 3608 2867 3653 tua
2898 3600 3113 3655 deducet
3140 3619 3242 3668 me,
3272 3613 3318 3658 et
3345 3603 3532 3660 tenebit
3562 3623 3646 3660 me

2062 3691 2278 3744 dextera
2311 3701 2401 3745 tua
2437 3689 2608 3762 (Psal.
2644 3693 2929 3765 cxxxvnt).
2965 3692 3218 3750 Salomon
3255 3712 3470 3768 quoque
3499 3699 3640 3754 idem

2064 3783 2304 3839 sentiens
2334 3784 2504 3838 dicit:
2539 3782 2747 3852 Ergone
2774 3787 3066 3854 putandum
3093 3791 3329 3860 estquod
3365 3807 3478 3845 vere
3503 3792 3644 3847 Deus

2063 3874 2259 3927 habitet
2297 3890 2453 3943 super
2482 3883 2673 3926 tet-rant
2698 3875 2723 3927 1’
2764 3871 2822 3928 Si
2856 3875 2993 3928 enint
3029 3878 3212 3931 caelum
3251 3888 3297 3932 et
3336 3879 3450 3934 cteli
3491 3881 3640 3935 caelo-

2065 3981 2182 4020 rum
2214 3977 2262 4018 te
2287 3981 2470 4035 capere
2496 3981 2598 4018 non
2621 3975 2860 4037 possunt,
2889 3978 3083 4039 quanto
3117 3969 3287 4026 minus
3320 3970 3505 4029 domus
3532 3975 3647 4031 haec

2063 4075 2222 4132 quant
2255 4057 2550 4130 ludiﬁcari?
2576 4059 2658 4130 (Il
2688 4059 2820 4115 Par.
2846 4064 2934 4132 tt.)
2975 4063 3042 4117 Et
3071 4063 3198 4120 alibi
3225 4084 3238 4118 :
3267 4068 3335 4120 In
3365 4070 3506 4122 omni
3531 4069 3648 4124 loco

2065 4153 2208 4208 oculi
2237 4152 2451 4206 Domini
2489 4153 2909 4222 contemplantur
2935 4155 3095 4209 bonos
3125 4168 3171 4210 et
3206 4159 3371 4213 malos
3399 4159 3482 4228 (ll
3513 4158 3642 4220 Par.

2065 4247 2201 4320 xvr).
2233 4247 2300 4303 Et
2321 4245 2586 4303 Jeremias
2611 4263 2625 4299 :
2661 4247 2724 4303 Si
2745 4247 3096 4304 accultabitur
3117 4253 3197 4305 vir
3220 4254 3275 4307 in
3302 4255 3646 4323 absconditis,

2067 4351 2114 4395 et
2144 4357 2236 4412 ego
2265 4357 2370 4396 non
2399 4341 2578 4396 ridebo
2604 4357 2746 4408 eum,
2771 4341 2898 4396 dicit
2929 4343 3224 4399 Dominus?
3261 4345 3516 4419 Nunquid
3545 4366 3649 4406 non

2068 4434 2250 4488 etclam
2287 4445 2337 4489 et
2369 4444 2565 4489 terram
2606 4451 2700 4505 ego
2748 4434 2957 4505 intpleo,
2997 4437 3123 4490 dicit
3169 4437 3467 4496 Dominus?
3512 4441 3647 4513 (Jer.

1993 4548 2044 4609 υ
2070 4525 2418 4589 xx:n.)Nunc
2433 4527 2639 4596 liquido
2656 4527 2935 4584 advertere
2960 4538 3114 4598 potes
3137 4533 3391 4600 quoniam
3417 4535 3460 4590 si
3480 4536 3648 4591 Deum

2069 4636 2268 4690 corpus
2294 4629 2348 4675 et
2371 4621 2554 4676 omnia
2583 4621 2830 4692 corporis
2874 4622 3114 4678 membra
3149 4623 3348 4681 habere
3383 4626 3650 4697 dicentes,

2071 4712 2384 4786 Scripturas
2430 4730 2662 4785 quarttm
2711 4715 2814 4769 hoc
2863 4717 3192 4773 auctoritate
3234 4719 3481 4776 volumus
3523 4735 3649 4792 pro-

2071 4805 2228 4871 bare,
2260 4807 2548 4877 superﬁcie
2597 4816 2755 4862 tenus
2782 4821 3136 4876 exponamus,
3167 4811 3420 4869 omnibus
3465 4829 3654 4885 supra-

2073 4899 2232 4954 dictis
2264 4897 2589 4954 testimoniis
2619 4898 2971 4954 contraimus.

2146 4989 2377 5046 Marses.
2411 4989 2549 5056 Quia
2577 5005 2770 5047 sensus
2799 5009 2951 5048 meus
2976 5004 3236 5063 quantum
3262 4995 3556 5066 Scripturis
3583 4997 3658 5052 sit

2074 5083 2388 5139 contrarius
2415 5084 2591 5149 video,
2625 5096 2888 5157 quantum
2918 5097 2974 5142 et
3027 5105 3057 5141 a
3087 5088 3298 5143 ratione
3324 5089 3525 5157 deviet,
3564 5105 3654 5144 se-

2077 5176 2313 5233 cundum
2345 5177 2672 5248 promissum
2703 5178 2892 5234 audire
2913 5179 3185 5235 desidero.

2148 5267 2386 5322 Pes-aus.
2443 5266 2500 5322 ln
2559 5283 2770 5339 magna:
2826 5269 3055 5325 rationis
3113 5269 3314 5341 palatio
3357 5272 3658 5327 accubituri

2079 5360 2250 5430 ipsius
2293 5358 2478 5429 palatii
2529 5360 2703 5415 solum
2725 5359 3047 5430 quibusdam
3092 5361 3482 5418 sententiarum
3507 5361 3658 5416 ﬂori-

2080 5452 2182 5507 bus
2212 5463 2545 5517 sternatnus,
2577 5460 2635 5506 ut
2666 5461 2787 5522 post
2826 5452 3201 5510 delectabilius
3245 5456 3299 5510 in
3328 5470 3395 5510 eo
3441 5455 3662 5512 ratiocio

2083 5545 2261 5599 naturi
2288 5542 2592 5599 sedeamus.
2628 5544 2840 5615 Iliaeque
2865 5547 3146 5602 sententiae
3169 5555 3330 5604 erunt
3355 5546 3509 5604 nobis
3540 5547 3663 5618 qui-

2083 5636 2206 5692 dam
2231 5637 2434 5706 gradus
2461 5637 2529 5692 ad
2558 5638 3016 5708 comprobandum
3048 5641 3193 5710 quod
3218 5641 3359 5696 Deus
3389 5640 3484 5706 sit,
3512 5649 3570 5696 et
3589 5641 3664 5698 ad

2083 5730 2521 5800 cognoscendum
2555 5730 2684 5800 quid
2713 5731 2806 5788 sit.
2861 5729 3020 5790 Prius
3055 5732 3199 5787 enim
3227 5733 3492 5789 debemus
3539 5750 3666 5805 pro-

2084 5821 2218 5880 bare
2243 5820 2410 5879 Deum
2442 5834 2579 5886 esse,
2614 5829 2667 5876 et
2693 5829 2814 5886 post
2847 5821 3136 5879 ostendere
3187 5823 3325 5887 nihil
3370 5822 3453 5883 illi
3481 5825 3662 5884 simile

3072 5912 3149 5980 18
