3926 6494
486 407 591 462 555

1404 408 1605 464 PETRI
1645 408 1981 464 ALPIIONSI
2020 409 2111 464 EX
2147 406 2392 464 ΗΠ).Εο
2430 407 2821 464 ClllllS'l‘lA'Sl

3605 404 3733 487 ac"

483 535 626 578 esse.
679 525 930 590 Qucedam
980 524 1123 575 enim
1169 535 1297 588 pars
1341 522 1621 575 hominum
1661 534 1714 577 et
1743 523 1910 576 Deum
1947 539 2069 576 esse
2103 529 2145 585 Α
2177 531 2287 576 tum
2318 539 2441 578 cum
2469 525 2719 577 omnibus
2742 538 2862 593 quae
2891 523 3035 577 ineo
3074 533 3198 579 sunt
3226 539 3343 581 esse
3367 538 3687 603 compositum.

484 629 707 683 negant,
762 628 817 672 et
868 620 1121 671 mundum
1169 616 1237 667 ab
1288 624 1491 669 aeterno
1537 630 1602 670 ac
1648 618 1765 671 sine
1808 617 2069 671 Creatore

481 706 651 762 fuisse
700 709 1042 761 conlirmant.
1101 706 1232 771 Qua:
1305 721 1405 759 nos
1465 707 1762 761 necessitas
1817 708 1957 779 cogit
2010 717 2067 762 ut

480 812 547 867 pr
570 814 631 850 us
663 799 830 850 Deum
864 811 985 849 esse
1009 796 1100 864 qui
1141 797 1400 850 mundum
1438 798 1645 851 creavit
1677 810 2062 853 monstrenms.

549 886 778 941 Marses.
822 887 1003 952 Quare
1035 888 1138 941 hoc
1179 887 1231 940 iu
1264 888 1541 955 priedictis
1569 890 1635 943 de
1663 887 1960 958 Scripturis
1987 890 2064 943 lo—

476 994 646 1046 quens
684 979 908 1034 minime
958 979 1162 1047 l'ecisti,
1204 988 1264 1034 ut
1312 980 1461 1051 prius
1489 981 1658 1037 Deum
1710 996 1829 1037 esse
1884 993 2064 1038 osten-

475 1070 632 1125 deres
656 1071 680 1124 ?

547 1161 782 1218 Penus.
850 1172 951 1229 Qu.
1020 1162 1322 1233 Scripturis
1392 1165 1550 1220 lidem
1624 1167 2059 1232 accommodant,

472 1253 643 1309 Deum
692 1268 952 1309 essenon
999 1267 1217 1323 negant,
1267 1256 1498 1326 ideoque
1549 1274 1656 1311 nun
1687 1273 1913 1312 necesse
1959 1258 2062 1313 fuit

473 1345 706 1414 probare
757 1345 859 1399 hoc
902 1345 1199 1415 Scriptum
1248 1348 1631 1414 credentibus,
1682 1350 1776 1403 sed
1827 1357 2059 1404 tantum-

469 1436 634 1490 modo
673 1436 797 1490 tutlli
828 1436 1032 1507 scripto
1070 1438 1442 1494 credentibus.

541 1526 776 1583 Marses.
835 1528 969 1584 Cum
1020 1531 1188 1584 Deum
1238 1546 1360 1586 esse
1408 1547 1506 1601 per
1558 1532 1872 1603 Seripturas
1916 1536 2057 1593 nolis

465 1624 725 1691 probare,
766 1625 988 1697 ipseque
1018 1626 1166 1681 nullo
1198 1642 1360 1682 sensu
1408 1644 1678 1698 corporeo
1708 1632 1779 1685 sit
1810 1648 2056 1702 compre-

467 1718 775 1785 hensibilis,
806 1719 1029 1774 multum
1058 1722 1246 1776 audire
1276 1737 1364 1777 me
1386 1722 1544 1792 juvat
1566 1738 1669 1793 qua
1705 1725 1915 1781 ratione
1942 1726 2055 1797 phi-

464 1806 742 1878 1050pbica
772 1812 1111 1879 comprobari
1146 1812 1342 1867 valeat.

2172 613 2230 667 lu
2261 615 2530 685 plerisque
2558 626 2737 670 autem
2797 616 2931 670 locis
2974 617 3147 686 reperi
3198 618 3439 686 scriptum
3477 628 3690 702 quidquid

2173 706 2311 761 inl'ra
2338 707 2602 761 circulum
2648 708 2786 762 luna)
2812 718 2894 763 cst
2922 724 3043 763 esse
3075 711 3443 780 compositum,
3478 720 3694 792 quidquid

2169 800 2348 845 autem
2380 808 2541 863 supra
2576 794 2851 864 simplum.

2239 884 2477 941 Pramus.
2508 885 2935 940 Firmamentum
2964 887 3180 955 quidem
3208 903 3327 943 cum
3355 895 3577 952 omnibus
3599 917 3693 969 qua

2167 980 2409 1032 continet
2440 980 2492 1033 in
2523 980 2597 1033 rei
2625 980 2853 1033 veritate
2875 989 2960 1033 est
2984 981 3357 1048 compositum,
3381 985 3467 1039 sed
3492 1002 3690 1057 respectu

2167 1084 2354 1124 eorum
2385 1088 2505 1141 qua!
2539 1072 2745 1126 circulo
2773 1071 3055 1142 subjacent
3085 1070 3223 1126 luna:
3248 1074 3440 1127 dicitur
3463 1077 3691 1148 simplum.

2166 1158 2262 1214 Sic
2300 1162 2445 1215 enim
2475 1170 2558 1215 est
2589 1162 2643 1215 in
2680 1161 2933 1216 onmibus
2974 1163 3157 1230 rebus,
3186 1171 3244 1217 ut
3270 1163 3463 1233 aliquid
3488 1184 3691 1239 respectu

2163 1251 2280 1317 ejus
2300 1253 2365 1306 de
2391 1268 2501 1322 quo
2522 1252 2722 1307 factum
2752 1263 2836 1307 est
2856 1253 3069 1307 dicatur
3092 1257 3461 1323 compositum,
3488 1274 3693 1329 respectu

2164 1358 2295 1397 vero
2340 1344 2459 1412 ejus
2490 1346 2630 1412 quod
2674 1346 2739 1399 de
2781 1360 2848 1399 eo
2890 1342 2974 1408 ﬁt,
3015 1344 3288 1415 simplum.
3339 1347 3524 1403 Eodem
3567 1356 3693 1410 modo

2160 1437 2423 1505 quidquid
2453 1453 2619 1506 supra
2669 1438 2848 1491 lunam
2886 1448 2969 1493 est
3008 1440 3074 1493 ad
3102 1454 3314 1510 eajqute
3339 1443 3437 1497 sub
3462 1442 3573 1498 luna
3596 1457 3695 1502 sunt

2160 1525 2414 1597 simplum
2457 1539 2572 1592 est,
2614 1528 2757 1598 quod
2789 1528 2856 1582 de
2882 1544 2948 1583 eo
2980 1527 3120 1583 laeta
3160 1540 3305 1585 sunt.
3348 1531 3423 1584 Ad
3454 1537 3693 1590 materiam

2160 1634 2290 1674 vero
2318 1621 2702 1691 conipositum,
2732 1621 2990 1689 quoniam
3019 1623 3085 1674 de
3114 1636 3178 1675 ea
3208 1631 3291 1676 est
3321 1621 3531 1677 factmn.

2229 1709 2460 1765 Morsss.
2498 1710 2758 1780 Apertius
2808 1710 3111 1777 intelligere
3159 1711 3281 1766 volo
3337 1715 3586 1781 quomodo
3623 1716 3695 1773 lir-

2159 1813 2515 1868 mannentum,
2553 1818 2676 1857 cum
2709 1817 2812 1857 una
2842 1802 2912 1858 sit
2939 1804 3268 1870 substantia,
3293 1803 3497 1861 dicatur
3516 1822 3697 1880 compo-

536 1898 775 1956 Pernus.
808 1900 862 1955 Si
893 1904 1147 1957 mundum
1178 1918 1302 1957 cum
1334 1904 1586 1960 omnibus
1610 1922 1728 1976 quae.
1760 1908 1811 1962 in
1838 1924 1903 1964 eo
1928 1920 2053 1966 sunt
2086 1874 2129 1929 Β
2155 1892 2338 1948 Simm-

464 2001 707 2045 creatum
768 2007 887 2049 esse
950 2003 1347 2057 monstravere,
1385 2005 1512 2051 tunc
1541 1995 1708 2051 Detun
1753 2001 1845 2069 qui
1882 2002 2054 2057 inter-

460 2094 706 2155 pretatur
733 2084 955 2140 Creatcr
984 2088 1296 2142 necessario
1326 2103 1445 2143 esse
1476 2090 1818 2147 concludam.

529 2173 763 2229 Movses.
806 2175 873 2229 Et
909 2178 1179 2245 quomodo
1217 2177 1319 2233 hoc
1352 2180 1587 2247 probare
1623 2182 1868 2250 poteris?

528 2266 767 2323 Peritos.
811 2267 1017 2338 Sapere
1049 2270 1224 2324 tribus
1251 2271 1425 2326 modis
1455 2272 1678 2327 dieitttr.
1707 2273 1866 2328 Aliud
1899 2277 2045 2331 enim

458 2364 715 2430 estquod
765 2359 980 2430 aliqum]
1033 2376 1297 2431 corporeo
1341 2378 1501 2419 sensu
1535 2365 1860 2434 percipitur,
1892 2369 2045 2426 aliud

459 2452 605 2520 quod
654 2453 961 2506 necessaria
993 2454 1203 2507 ratione
1257 2463 1467 2509 tantum
1497 2457 1868 2525 cognoscitur,
1899 2458 2044 2516 aliud

457 2546 601 2614 quod
654 2561 756 2616 per
801 2544 1031 2600 aliarum
1080 2562 1259 2600 rerum
1294 2548 1700 2604 similitudinem
1751 2551 2040 2609 invenitur.

458 2636 597 2691 Illud
627 2638 769 2707 quod
800 2637 979 2706 aliquo
1010 2653 1170 2691 sensu
1215 2639 1534 2709 percipitur,
1569 2641 1718 2696 nullo
1748 2643 1856 2695 alio
1884 2660 2044 2714 argu-

458 2737 647 2784 mento
699 2730 1041 2799 comprobari
1099 2738 1298 2800 potest,
1355 2741 1413 2785 ut
1456 2732 1653 2801 aliquis
1698 2748 1727 2787 a
1760 2735 2043 2793 nativitate

454 2834 634 2875 caecus
663 2820 811 2874 nullo
842 2819 947 2874 alio
980 2820 1138 2875 modo
1170 2820 1275 2875 nisi
1315 2821 1432 2877 solo
1464 2826 1647 2879 auditu
1678 2827 1917 2884 colorum
1947 2846 2043 2885 va-

453 2909 682 2965 rietates
723 2910 1058 2981 distinguere
1097 2921 1295 2980 potest,
1325 2914 1654 2984 auditusque
1690 2933 1795 2972 non
1828 2934 1893 2974 ex
1926 2930 2039 2976 toto

452 3000 722 3056 satisfacit
745 3001 929 3056 animo
953 3000 1087 3070 ejus,
1119 3011 1173 3055 et
1198 3003 1276 3058 sic
1306 3003 1372 3056 de
1401 3004 1614 3059 caeteris
1640 3008 1889 3063 sensibus
1918 3025 2041 3065 cura

450 3095 654 3164 porcis.
689 3093 841 3162 Quod
873 3110 1000 3148 vero
1031 3095 1338 3149 necessaria
1387 3097 1736 3166 cognoscitur
1785 3099 1998 3154 ratione
2019 3140 2034 3167 ,

2225 1986 2465 2042 Penus.
2515 1992 2688 2045 Untne
2742 2003 2944 2059 corpus
2991 1997 3076 2043 est
3130 1988 3485 2060 compositum
3513 2032 3527 2057 ,
3567 2006 3699 2050 omne

2151 2089 2333 2133 autem
2362 2079 2724 2149 compositum
2778 2090 2872 2134 aut
2907 2090 2993 2135 est
3035 2082 3395 2137 substantiale
3445 2091 3530 2137 aut
3567 2085 3697 2153 parti-

2152 2169 2280 2223 tiale
2324 2189 2336 2223 :
2377 2171 2754 2236 substantiale,
2790 2172 2950 2228 veinti
2988 2162 3111 2228 cum
3156 2190 3261 2228 una
3309 2176 3591 2230 substantia
3625 2175 3698 2231 alii

2141 2262 2430 2334 jungitur;
2483 2266 2786 2333 partitiale,
2840 2281 2962 2318 cum
2996 2265 3156 2320 unius
3203 2266 3519 2321 substantia:
3550 2277 3698 2335 partes

2148 2355 2569 2425 conjunguntur.
2612 2356 2928 2411 Substantia
2957 2357 3369 2428 verojungitur,
3398 2367 3454 2412 ut
3478 2370 3623 2428 caput
3643 2375 3699 2414 ex

2146 2446 2383 2511 ossibus,
2416 2463 2582 2503 carne
2610 2457 2662 2503 et
2695 2450 2849 2503 venis
2882 2449 3099 2503 insimul
3129 2450 3340 2517 junctis
3374 2452 3698 2520 componitur,

2145 2537 2292 2594 velut
2331 2540 2495 2610 janua
2541 2557 2604 2595 ex
2638 2541 2781 2612 ligno
2809 2550 2864 2596 et
2891 2541 3037 2597 ferro
3076 2543 3402 2612 composita.
3452 2542 3538 2598 Sic
3565 2560 3699 2597 omne

2145 2633 2287 2704 quod
2311 2633 2651 2688 diversarum
2675 2636 3103 2690 substantiatuin
3122 2636 3505 2705 conjunctione
3526 2638 3700 2706 perlici-

2146 2735 2257 2794 tur,
2325 2728 2683 2782 substantiale
2734 2730 3095 2799 compositum
3146 2730 3371 2784 dicitur.
3439 2729 3702 2784 Partitialis

2143 2828 2323 2871 autem
2354 2820 2639 2888 compositi
2667 2820 2920 2873 subtilior
2948 2830 3030 2874 est
3061 2821 3415 2890 compositio.
3450 2820 3591 2887 Quozl
3622 2836 3702 2889 pa-

2146 2918 2225 2965 let
2253 2924 2350 2979 per
2379 2912 2480 2966 hoc
2521 2911 2646 2980 quia
2680 2927 2842 2967 onme
2870 2928 3086 2981 corpus,
3114 2914 3263 2983 quod
3314 2912 3737 2981 longitudinem"

2141 3002 2481 3059 latitudinem
2509 3014 2563 3059 et
2592 3004 2931 3059 altitudinem
2974 3005 3200 3072 habens,
3226 3006 3450 3061 diverso
3480 3020 3576 3058 non
3599 3004 3702 3074 jun-

2140 3095 2287 3165 gitur
2339 3095 2574 3165 corpori,
2627 3095 2796 3150 solius
2840 3112 2951 3151 suae
3000 3099 3330 3152 substa'ntite
3390 3097 3703 3167 componitur

450 3188 559 3243 tale
587 3197 671 3243 est
699 3186 843 3242 velut
884 3202 1007 3241 cum
1057 3185 1288 3241 dicimus
1334 3186 1553 3257 aliquod
1604 3204 1800 3259 corpus
1846 3193 2033 3246 eodem
2065 3223 2107 3282 Ο
2142 3186 2404 3256 partibus,
2438 3187 2560 3241 utsi
2590 3187 2795 3258 argenti
2845 3197 3025 3258 partes
3054 3188 3238 3243 multm
3271 3190 3588 3260 junguntur,
3625 3188 3704 3240 doc

448 3288 726 3337 momento
778 3279 1008 3344 moveri,
1051 3287 1107 3334 et
1139 3289 1287 3334 stare
1342 3293 1449 3334 non
1496 3294 1686 3349 posse;
1731 3291 1823 3336 aut
1853 3292 1939 3337 est
1978 3294 2035 3338 et

447 3387 555 3426 non
585 3381 666 3426 est
694 3372 760 3425 de
797 3369 938 3424 nulla
975 3386 1032 3424 re
1064 3370 1328 3425 veraciter
1358 3371 1654 3440 praedicare
1686 3388 1863 3442 posse.
1896 3372 2031 3430 lllud

444 3470 625 3516 autem
676 3460 819 3531 quod
859 3475 956 3530 per
991 3460 1404 3515 similitudinem
1453 3463 1768 3532 percipitur,
1808 3464 1913 3519 tale
1949 3475 2033 3521 est

444 3561 505 3606 ut
541 3553 713 3608 sicubi
754 3568 939 3608 vocem
963 3553 1230 3617 audieris,
1258 3552 1329 3607 ibi
1358 3552 1561 3624 aliquid
1590 3557 1774 3613 vocale
1799 3573 1919 3613 esse
1951 3559 2031 3612 in-

445 3645 662 3717 telligis,
710 3645 959 3716 quamvis
998 3646 1221 3700 minime
1266 3646 1471 3714 videas,
1505 3649 1591 3703 vel
1643 3667 1764 3703 cum
1805 3649 2029 3706 ubilibet

443 3734 650 3791 fut-auia
678 3737 1047 3804 conspexeris,
1079 3736 1184 3791 illic
1209 3739 1385 3808 ignem
1413 3747 1467 3793 et
1494 3740 1536 3793 si
1567 3756 1671 3794 non
1698 3743 1882 3796 videas
1908 3758 2032 3798 esse

443 3821 748 3890 cognoscis.
809 3821 994 3875 Itidem
1027 3823 1071 3876 si
1106 3836 1202 3877 vas
1247 3822 1462 3893 aliquod
1513 3824 1715 3880 factum
1754 3829 2026 3897 conspici-

442 3925 582 3974 mus,
611 3909 874 3963 factorem
906 3909 1024 3978 ejus
1054 3909 1292 3981 aliquem
1314 3911 1490 3967 fuisse
1514 3928 1611 3982 pro
1636 3924 1788 3969 certo
1820 3917 2024 3972 scimus

440 4000 620 4069 (Rom.
654 4002 718 4072 ι),
774 4001 874 4056 etsi
911 4018 1016 4056 non
1055 4002 1318 4058 videmus.
1366 4003 1551 4074 Itaque
1584 4006 1841 4061 mundum
1872 4010 2022 4080 prius

438 4102 681 4146 creatum
711 4107 832 4148 esse
862 4093 1124 4147 debemus
1154 4094 1407 4162 probare,
1454 4104 1513 4148 ut
1542 4094 1614 4149 ita
1656 4106 1869 4150 constet
1919 4097 2023 4151 ali-

437 4200 598 4257 quem
631 4183 748 4253 ejus
784 4184 1104 4240 Creatorem
1140 4183 1327 4240 fuisse.
1361 4186 1606 4255 utrinque
1639 4186 1825 4241 mundi
1856 4187 2022 4243 Crea-

439 4289 611 4334 torem
640 4279 1071 4348 probaverimus,
1109 4290 1508 4348 consequenter
1532 4282 1673 4348 quod
1710 4280 1825 4349 ipse
1854 4281 2021 4335 Crea-

434 4382 521 4426 tor
591 4370 793 4424 nullam
846 4372 1047 4425 habeat
1103 4370 1517 4426 similitudinem
1572 4382 1780 4427 ratione
1838 4382 2018 4429 osten-

432 4465 642 4517 demus.

2140 3293 2239 3333 nec
2265 3277 2467 3349 aliquid
2516 3282 2877 3349 ponderosum
2924 3294 2988 3333 ac
3032 3280 3263 3334 solidum
3315 3280 3558 3334 reddant.
3607 3277 3703 3332 lloc

2136 3380 2317 3426 autem
2372 3371 2725 3440 compositum
2778 3372 3043 3440 superiori
3094 3371 3405 3441 simplicius
3446 3382 3544 3427 est.
3594 3371 3705 3424 illud

2136 3475 2264 3514 vero
2292 3474 2366 3517 ex
2396 3470 2509 3515 toto
2539 3459 2737 3514 dicitur
2772 3460 3050 3532 simplum,
3079 3463 3224 3531 quod
3256 3462 3424 3529 hujus
3452 3461 3704 3530 utriusque

2133 3554 2540 3623 compositionis
2571 3563 2654 3607 est
2682 3568 2896 3623 expers.
2938 3552 3003 3606 Et
3028 3554 3288 3623 quoniam
3327 3556 3702 3608 ﬁrmamentum

2131 3655 2214 3699 est
2262 3659 2498 3714 corpus,
2555 3644 2727 3698 tribus
2775 3652 3029 3699 constans
3078 3643 3543 3709 dimensionibus,
3596 3655 3704 3697 vere

2130 3735 2346 3806 quidem
2383 3744 2467 3789 est
2493 3735 2872 3804 compositum.

2201 3826 2430 3882 Marses.
2462 3826 2743 3882 Rationem
2777 3843 2934 3881 nosse
2958 3827 3228 3893 desidero,
3259 3831 3540 3899 quomodo
3564 3840 3707 3883 omne

2127 3936 2326 3992 corpus
2358 3921 2713 3991 lcugitudine,
2742 3919 3022 3976 latitudine
3050 3932 3105 3977 et
3133 3920 3431 3978 altitudine
3469 3933 3705 3979 constans

2126 4015 2481 4085 compositum
2510 4014 2596 4067 sit.

2195 4109 2430 4164 Pramus.
2472 4108 2644 4163 Omne
2674 4123 2870 4178 corpus
2920 4109 3074 4176 cujus
3126 4117 3331 4162 natura
3392 4108 3447 4163 in
3489 4106 3704 4176 aliquam

2122 4210 2334 4273 partem
2384 4208 2469 4256 est
2503 4200 2738 4268 mobilis,
2792 4216 2895 4255 non
2932 4210 3178 4255 movetur
3219 4202 3275 4254 in
3319 4203 3571 4255 eamdem
3597 4214 3705 4268 par-

2124 4302 2232 4347 tem
2261 4292 2361 4345 nisi
2391 4307 2490 4363 per
2521 4302 2771 4345 naturain
2803 4306 2974 4346 suam.
3009 4290 3203 4345 Notum
3238 4304 3330 4348 est
3362 4303 3546 4348 autem
3578 4290 3704 4363 quod

2122 4399 2249 4455 pars
2280 4384 2367 4438 illa
2397 4384 2462 4438 ad
2493 4384 2728 4456 aliquam
2782 4393 3031 4438 movetur
3061 4402 3159 4454 per
3196 4397 3491 4451 naturam,
3525 4386 3606 4439 illa
3631 4392 3705 4437 est

2121 4477 2238 4546 ejus
2291 4477 2555 4531 naturalis
2611 4477 2784 4531 locus.
2837 4477 3081 4546 Cumque
3139 4478 3211 4532 ita
3245 4481 3346 4542 sit,
3385 4477 3707 4548 impossibile

502 4553 734 4610 Mersus.
776 4554 1002 4626 Dignum
1049 4564 1134 4609 est
1179 4568 1265 4608 me
1307 4556 1651 4609 sermonibus
1701 4556 1804 4610 tuis
1854 4555 2018 4610 bene-

2141 4578 2202 4622 :st
2237 4579 2294 4623 ut
2322 4568 2484 4623 ullam
2518 4569 2907 4624 dimensiouem
2953 4570 3147 4623 habeat
3178 4572 3245 4625 ad
3279 4572 3453 4625 aliam
3489 4580 3701 4641 partem,

428 4648 633 4714 dicere,
672 4664 701 4702 a
730 4650 927 4717 quibus
964 4657 1175 4703 tantum
1227 4664 1314 4702 me
1342 4648 1507 4702 credo
1552 4647 1790 4702 fructum
1841 4651 2013 4704 susci-

430 4753 578 4810 pere.
631 4739 964 4793 Pt'omissutn
1004 4740 1169 4807 igitur
1216 4740 1448 4809 comple,
1487 4740 1711 4811 jamque
1751 4742 2011 4813 palatium

430 4831 626 4900 quibus
656 4831 838 4884 dixisti
868 4829 1093 4884 ﬂoribus
1124 4838 1328 4885 sterne.

499 4919 730 4974 Ρετιιυδ.
775 4920 831 4974 ln
876 4921 979 4975 hoc
1021 4935 1152 4976 vero
1197 4920 1498 4990 philosophi
1544 4936 1733 4979 onmes
1776 4940 2007 4983 consen-

426 5010 569 5064 tiunt
594 5010 737 5078 quod
769 5009 1090 5080 principium
1124 5027 1303 5066 rerum
1337 5022 1420 5068 est
1445 5014 1684 5083 perfecta
1715 5018 2006 5088 sapientia,

425 5098 607 5154 lumen
640 5100 987 5171 praeclarum,
1015 5102 1318 5157 substantia
1369 5105 1820 5174 substantiarum,
1853 5124 2008 5179 arguo

425 5203 665 5247 mentum
699 5210 880 5249 rerum
928 5194 1333 5261 universarum;
1366 5207 1489 5268 post
1516 5198 1617 5255 hoc
1660 5209 1744 5254 est
1773 5204 2006 5256 mundus

420 5283 617 5339 anima:
657 5284 1001 5350 universalis,
1053 5295 1173 5356 post
1222 5287 1369 5341 illum
1418 5304 1550 5343 vero
1581 5289 1829 5345 materia.
1880 5290 2006 5346 llaec

418 5386 601 5431 autem
634 5377 1100 5446 duo,universalis
1126 5379 1332 5435 scilicet
1355 5382 1535 5436 anima
1562 5392 1723 5451 atque
1752 5372 2004 5450 materia,

417 5472 685 5544 simplicia
713 5486 855 5540 sunt,
900 5484 955 5532 et
989 5478 1231 5533 omnium
1271 5487 1646 5534 creaturarum
1674 5480 1870 5550 prima,
1923 5491 2005 5536 to-

416 5564 630 5634 tiusque
677 5566 753 5621 rei
800 5569 1114 5638 composita:
1165 5571 1321 5639 origo
1375 5579 1430 5625 et
1459 5587 1643 5634 causa,
1693 5573 1760 5626 de
1806 5572 2002 5640 quibus

415 5644 686 5725 gradatim
732 5656 932 5713 factum
978 5668 1060 5713 est
1098 5658 1524 5724 ﬁrmamentum,
1580 5678 1701 5716 cum
1745 5662 2002 5718 omnibus

416 5761 551 5817 quas
585 5748 823 5817 possidet
844 5748 1034 5804 formis
1063 5762 1116 5805 et
1152 5751 1501 5820 imaginibus.

487 5836 720 5895 Marses.
761 5839 840 5899 Ex
871 5843 1047 5900 verbis
1076 5842 1183 5900 tuis
1219 5842 1659 5915 daturiutclligi,
1696 5848 2000 5907 ﬁrmamen-

2113 4674 2235 4729 quze
2268 4659 2636 4715 sitcontraria
2677 4659 2911 4714 naturali
2958 4658 3075 4727 ejus
3112 4660 3252 4716 loc‘o.
3312 4662 3479 4729 Quod
3534 4661 3578 4716 si
3627 4659 3702 4714 in-

2113 4761 2333 4805 ventum
2388 4751 2551 4809 fuerit
2585 4754 2653 4807 ad
2683 4752 2840 4805 aliam
2873 4762 3082 4821 partem
3113 4751 3361 4822 aliquam
3401 4755 3603 4809 habere
3628 4749 3704 4805 di-

2114 4841 2473 4905 mensionetn,
2503 4841 2708 4911 aliquid
2742 4843 2933 4896 borum
2966 4844 3198 4898 duorum
3222 4855 3314 4899 est
3347 4860 3521 4900 causa
3552 4856 3706 4915 quare

2114 4932 2167 4987 id
2198 4931 2386 4998 faciat,
2435 4933 2643 4988 scilicet
2670 4934 2752 4988 vel
2781 4935 2907 5004 quia
2941 4938 3286 4991 extrinsecus
3324 4949 3417 4991 est
3449 4936 3703 5006 composi-

2113 5032 2245 5087 tum,
2279 5034 2337 5078 ut
2367 5026 2547 5095 paries
2582 5041 2648 5080 ex
2702 5028 3137 5096 superpositione
3172 5028 3427 5097 lapidum
3476 5030 3703 5099 junctus,

2109 5112 2193 5167 vel
2232 5113 2578 5177 intrinsecus,
2630 5124 2687 5169 ut
2715 5117 2926 5169 arboris
2973 5126 3154 5186 partes
3195 5119 3266 5172 ab
3310 5119 3525 5173 intimo
3558 5118 3704 5187 prod-

2107 5214 2323 5270 euntes,
2372 5220 2491 5261 sese
2535 5208 2636 5262 hac
2690 5208 2923 5278 illucque
2986 5208 3324 5277 diliuntiunt,
3374 5223 3436 5265 et
3475 5212 3703 5280 aliquant

2106 5298 2499 5354 dimensioncm
2553 5302 2841 5373 recipiunt.
2913 5300 3008 5357 llis
3057 5306 3214 5357 datur
3274 5305 3523 5375 intelligi
3572 5301 3705 5373 quod

2106 5390 2366 5461 quidquid
2419 5392 2656 5461 aliquam
2703 5392 2866 5447 habet
2919 5394 3363 5463 ditnensiouent,
3422 5399 3496 5451 ad
3549 5396 3703 5449 aliam

2106 5478 2337 5554 partem,
2370 5497 2489 5555 qua:
2521 5486 2753 5540 naturali
2786 5486 2866 5538 sui
2897 5496 3076 5541 motus
3102 5489 3241 5557 parti
3280 5492 3580 5544 contraria
3606 5497 3703 5549 est,

2104 5578 2463 5644 conmunitum
2513 5594 2655 5633 esse.
2705 5578 2846 5651 Ergo
2890 5590 2946 5634 et
2993 5579 3707 5654 ﬁrmamentum,quamuis

2104 5685 2207 5723 una
2241 5671 2539 5725 substantia
2571 5674 2663 5733 sit,
2691 5674 3049 5744 compositum
3079 5686 3181 5731 est.

2176 5763 2404 5817 Mones.
2452 5764 2609 5821 [latio
2653 5765 2765 5834 jam
2823 5768 3244 5833 firmamentum,
3278 5787 3420 5828 cum
3452 5769 3704 5828 omnibus

2104 5868 2224 5925 quae
2252 5856 2516 5924 possidet,
2549 5860 2827 5926 perdocuit
2850 5876 2971 5920 esse
2993 5865 3389 5935 compositum.
3417 5869 3707 5936 Quomodo
