3926 6456
299 423 402 480 557

1797 418 2091 474 DlALOGl.

3476 417 3585 475 858

302 552 487 598 autem
531 542 589 596 in
621 556 691 595 eo
723 541 902 595 anima
934 536 1257 594 universalis
1288 545 1340 593 et
1375 537 1605 592 materia
1662 535 1895 591 inveniri
1924 542 1972 596 Α
2001 543 2128 588 sunt
2167 534 2220 588 in
2250 549 2316 589 eo
2344 535 2651 604 composuit
2679 543 2738 591 et
2772 534 2953 591 nullus
2980 534 3119 592 alius
3147 547 3329 589 rerum
3358 549 3582 606 compo-

305 634 501 713 possit,
527 633 812 702 quomodo
842 633 951 701 ipsa
990 632 1100 686 sint
1123 632 1310 700 simpla
1343 632 1551 685 nescio.

376 724 622 780 Panos.
684 723 967 791 Quomodo
1018 722 1420 776 ﬁrmamentum
1471 722 1758 792 probatum
1814 738 1899 777 ε...

308 830 429 872 εεεε
474 817 868 886 compositum,
924 814 1237 869 necessario
1287 813 1627 868 concluditur
1658 814 1897 883 aliquam

310 925 433 965 esse
482 907 778 963 materiam
817 906 882 960 de
926 920 1032 973 qua
1083 905 1439 973 compositum
1471 904 1564 966 sil.
1616 914 1677 958 ut
1707 904 1895 968 lectus,

312 1001 464 1070 cujus
497 1008 584 1054 est
616 998 845 1052 materia
903 996 1133 1067 lignum,
1165 998 1249 1051 vel
1287 997 1557 1062 cultellus,
1610 996 1763 1065 cujus
1815 1007 1899 1053 est

312 1091 540 1148 materia
572 1090 799 1144 ferrum.
832 1087 981 1142 llanc
1018 1097 1198 1142 autem
1230 1088 1511 1142 materiam
1550 1087 1896 1143 ﬁrmamento

315 1184 647 1254 simpliorem
678 1197 796 1237 esse
824 1196 1044 1236 necesse
1076 1190 1178 1243 est,
1208 1182 1659 1251 quemadmodum
1690 1181 1895 1252 lignum

314 1278 480 1341 lecto,
512 1286 568 1331 et
606 1276 810 1331 ferrum
862 1274 1085 1329 cultello
1131 1274 1376 1345 simplius
1404 1284 1507 1329 εει.
1539 1274 1606 1329 Ει
1637 1276 1895 1344 quoniam

314 1368 492 1423 omnis
529 1366 763 1421 materia
797 1364 913 1433 ipso
942 1363 1086 1433 quod
1118 1364 1185 1419 de
1211 1379 1274 1418 ea
1307 1364 1505 1419 factum
1535 1373 1621 1419 est
1649 1363 1895 1433 simplior

312 1466 418 1519 est,
450 1471 553 1510 nec
580 1454 746 1510 habet
783 1454 835 1507 in
865 1467 923 1508 se
944 1451 1175 1506 formam
1202 1453 1283 1507 vel
1313 1455 1599 1525 imaginem
1633 1454 1714 1509 sui
1743 1469 1895 1510 com-

314 1547 502 1619 positi,
536 1555 687 1617 patet
741 1545 1070 1599 firmamenti
1122 1544 1404 1599 materiam
1456 1543 1658 1597 nullam
1703 1558 1895 1613 corpo-

314 1657 462 1696 ream
496 1640 550 1694 in
581 1653 640 1693 se
664 1638 891 1693 formam
916 1638 1136 1703 habere,
1165 1647 1221 1693 et
1247 1638 1368 1692 ideo
1395 1639 1617 1693 omnino
1645 1638 1891 1708 simplum

314 1749 452 1790 esse.
508 1732 663 1800 Quod
710 1733 757 1786 si
806 1732 1051 1787 dicamus
1099 1733 1151 1786 in
1183 1747 1246 1786 ea
1283 1731 1488 1801 aliquid
1537 1734 1891 1801 compositum

314 1838 457 1886 esse,
476 1822 638 1874 aliam
672 1835 794 1874 esse
821 1821 1098 1875 materiam
1128 1820 1193 1875 de
1215 1836 1319 1890 qua
1349 1821 1645 1889 composita
1674 1823 1745 1875 sit
1772 1836 1895 1876 esse

2002 625 2139 680 sitor
2170 636 2260 681 aut
2288 636 2502 682 creator
2530 636 2643 682 est.

2072 715 2309 771 Ρετιιιςε.
2351 715 2502 783 Quod
2549 717 2710 780 dicis,
2734 726 2886 772 stare
2921 732 3028 772 non
3056 724 3259 786 potest.
3311 715 3583 783 Quoniam

2000 806 2145 861 enim
2189 807 2431 860 videmus
2490 804 2698 861 formas
2753 807 2950 875 quibus
3003 808 3235 861 materia
3286 808 3584 864 inlormata

1999 912 2103 971 est,
2139 902 2316 956 varias
2347 911 2404 955 et
2438 901 2507 954 ad
2538 901 2720 955 varios
2747 917 2876 956 usus
2907 901 3114 957 habiles
3155 917 3297 966 esse,
3327 912 3583 958 naturam

2000 996 2176 1066 ipsam
2205 1035 2221 1061 ,
2267 1009 2422 1063 ciuus
2469 993 2795 1048 admistione
2847 1002 2901 1048 ει
2950 995 3192 1062 patentia
3247 994 3403 1050 facta:
3454 1002 3585 1050 sunt

2001 1085 2207 1152 formze,
2240 1093 2458 1139 constat.
2494 1098 2599 1137 non
2650 1084 2870 1137 omnino
2901 1083 3083 1137 laxum
3126 1085 3219 1138 sed
3269 1085 3583 1139 restrictum

1999 1177 2396 1248 quodammodo
2437 1191 2594 1246 posse
2645 1176 2866 1229 habere.
2924 1173 3031 1229 Sed
3079 1175 3224 1229 hanc
3269 1176 3580 1231 restrictam

1998 1280 2250 1325 naturam
2302 1269 2675 1323 restrictorem
2734 1266 2991 1335 aliquem,
3025 1266 3116 1335 qui
3146 1275 3328 1320 tamen
3372 1282 3403 1320 a
3435 1266 3584 1323 nullo

1998 1364 2363 1430 restringatur
2389 1362 2591 1414 habere
2618 1374 2838 1413 necesse
2863 1366 2970 1414 est.

2069 1454 2299 1509 Morses.
2341 1452 2732 1507 Restrictorem
2781 1452 2941 1506 istum
2973 1451 3206 1505 animam
3258 1450 3429 1521 ipsam
3460 1466 3584 1507 esse

1997 1545 2323 1616 respondeo,
2362 1558 2482 1614 quae
2530 1545 2638 1597 vim
2689 1558 2863 1611 suam,
2912 1552 3073 1614 prout
3124 1543 3300 1609 libuit,
3351 1544 3456 1600 sibi
3496 1560 3581 1600 re-

1997 1639 2235 1693 strinxit.

2066 1728 2301 1784 Ρετιιυε.
2354 1726 2529 1797 Opera
2582 1726 2708 1782 talia
2755 1743 2876 1783 esse
2924 1731 3121 1783 animae
3173 1745 3280 1784 non
3327 1738 3581 1801 possunt,

1997 1823 2090 1878 sed
2122 1823 2242 1876 talis
2282 1821 2525 1886 factoris,
2557 1822 2647 1891 qui
2680 1837 2776 1891 per
2811 1838 2869 1877 se
2894 1822 3165 1892 perfectus
3192 1824 3265 1878 sit
3291 1824 3577 1894 sapientia.

315 1931 540 1971 necesse
571 1926 675 1977 est,
704 1930 821 1983 qum
850 1924 901 1969 et
924 1913 1166 1984 simplior
1192 1914 1282 1968 sit.
1314 1912 1420 1967 Sed
1456 1922 1509 1967 et
1539 1912 1683 1966 illam
1715 1913 1898 1966 dicen-
1928 1913 1970 1972 Β
1999 1913 2190 1967 Anima
2223 1923 2399 1967 autem
2428 1912 2721 1984 perfectam
2753 1930 2859 1968 non
2888 1913 3051 1969 Labct
3086 1916 3432 1985 sapientiam.

319 2022 399 2064 tes
447 2010 827 2077 compositam,
866 2008 1024 2061 aliam
1075 2006 1368 2060 fatebimur
1411 2004 1747 2075 simpliorem
1799 2006 1894 2059 ba-

315 2099 446 2154 bere
484 2101 793 2163 materiam,
827 2108 881 2153 et
905 2099 984 2153 sic
1012 2098 1065 2150 in
1096 2096 1396 2150 inﬁnitmn.
1449 2094 1605 2160 Quod
1651 2105 1709 2148 ut
1753 2095 1891 2149 vite-

318 2207 454 2254 mus,
486 2206 710 2246 necesse
739 2200 824 2244 est
854 2200 911 2243 ut
946 2188 1227 2242 materiam
1285 2187 1433 2241 illam
1481 2187 1728 2256 simplam
1774 2202 1894 2241 esse

319 2283 604 2338 fateamur.
654 2283 795 2340 Ecce
823 2282 1107 2351 probatura
1156 2280 1289 2334 satis
1337 2289 1417 2333 est
1465 2279 1518 2332 in
1552 2279 1894 2333 ﬁrmamento

318 2377 621 2443 materiam,
653 2384 705 2429 et
734 2375 902 2445 ipsam
950 2372 1200 2442 simplam
1246 2387 1389 2427 esse.
1429 2371 1680 2424 Animam
1712 2381 1890 2425 autem

320 2468 371 2521 in
408 2468 599 2522 eodem
652 2467 834 2521 taliter
882 2466 1241 2526 inveniemus,
1294 2464 1418 2534 quia
1455 2464 1663 2518 scilicet
1708 2464 1893 2518 forma:

321 2556 419 2611 mil:
442 2558 636 2627 quibus
668 2558 782 2628 ipsa
815 2556 1043 2611 materia
1083 2564 1166 2610 est
1200 2554 1509 2616 informata,
1541 2569 1646 2608 non
1672 2566 1894 2624 propter

322 2648 489 2703 solum
536 2649 781 2718 corporis
830 2648 1281 2716 complementum
1335 2644 1488 2700 factm
1513 2644 1894 2699 sunt.Form:e

323 2744 459 2796 enim
490 2742 700 2797 duobus
731 2742 904 2795 modis
929 2740 1201 2794 dicuntur.
1232 2738 1363 2793 Alite
1387 2738 1533 2792 enim
1564 2738 1735 2791 solum
1767 2752 1891 2791 cor-

322 2835 464 2908 poris
506 2835 798 2889 ostenduut
836 2833 1147 2896 terminum,
1179 2840 1238 2885 ut
1293 2830 1646 2901 triangulatio
1678 2829 1762 2883 vel
1805 2846 1893 2884 ro-

324 2929 579 2990 tunditas,
612 2926 697 2981 vel
725 2925 977 2996 quaelibet
1006 2924 1107 2978 alia
1142 2924 1340 2994 ﬁgura;
1372 2922 1423 2976 in
1455 2921 1631 2993 lapide
1670 2921 1737 2974 ad
1759 2921 1891 2975 nihil

324 3020 461 3074 aliud
485 3021 687 3084 valent,
717 3018 817 3073 nisi
848 3016 989 3087 quod
1019 3015 1186 3086 ipsius
1216 3015 1460 3085 corporis
1517 3013 1745 3083 ﬁguram
1777 3011 1891 3069 elli-

324 3113 486 3167 ciunt.
536 3111 671 3166 Alia;
700 3126 830 3166 vero
860 3117 917 3164 et
954 3123 1149 3177 corpus
1197 3108 1492 3161 informant
1521 3115 1575 3161 et
1611 3106 1677 3161 ad
1702 3121 1893 3176 quam-

325 3206 441 3260 dam
472 3206 763 3259 utilitalem
792 3213 983 3257 natura
1024 3209 1250 3271 cogente
1280 3199 1485 3254 habiles
1523 3196 1678 3252 facta:
1704 3197 1892 3251 viden-

326 3310 429 3361 tur,
458 3307 520 3352 ut
545 3297 695 3351 auris
722 3297 892 3349 forma
927 3296 993 3349 ad
1022 3291 1373 3355 audiendum,
1422 3289 1562 3345 oculi
1607 3290 1674 3343 ad
1706 3289 1894 3342 viden-

326 3389 472 3453 dum,
511 3396 566 3441 et
594 3385 818 3457 singulae
852 3384 1079 3437 aliorum
1124 3382 1488 3436 membrorum
1539 3377 1731 3433 formae
1756 3386 1894 3447 apta:

326 3489 445 3532 sunt
485 3478 553 3532 ad
582 3492 737 3531 suum
774 3473 1029 3529 ofﬁcium.
1064 3474 1194 3529 Item
1224 3474 1395 3527 forma
1439 3470 1635 3527 cultelli
1665 3472 1732 3524 ad
1764 3471 1895 3524 inci-

327 3572 571 3632 dendum,
604 3585 767 3625 serra:
797 3568 863 3622 ad
888 3569 1226 3633 serrandum,
1258 3564 1418 3620 rastri
1450 3580 1663 3635 quoque
1701 3563 1895 3619 habilis

327 3664 497 3717 estad
526 3662 863 3717 fodiendum.
897 3660 964 3715 Et
989 3662 1239 3730 quoniam
1278 3658 1506 3713 materia
1533 3657 1716 3711 varias
1749 3657 1799 3711 in
1835 3672 1894 3711 se

329 3767 455 3819 quas
486 3767 760 3820 nunquam
818 3751 1082 3805 habuerat
1123 3749 1336 3803 naviter
1383 3747 1586 3801 formas
1634 3746 1893 3816 suscepit,

328 3856 534 3900 constat
567 3846 695 3915 quia
731 3860 825 3900 eas
859 3859 964 3899 non
996 3859 1062 3898 ex
1093 3858 1171 3903 se,
1220 3843 1313 3897 sed
1343 3840 1565 3895 alterius
1596 3841 1673 3895 rei
1706 3837 1894 3906 adiun-

328 3937 498 3991 ctione
527 3952 646 4004 qnze
684 3945 739 3991 et
772 3935 950 4006 potior
977 3943 1033 3988 et
1063 3933 1308 4004 simplior
1343 3933 1414 3988 sit
1441 3931 1646 3995 habuit,
1693 3946 1811 3999 quae
1840 3930 1892 3985 in

328 4043 384 4083 se
421 4028 661 4083 diversas
714 4037 769 4083 et
817 4025 1023 4081 formas
1071 4035 1127 4079 et
1174 4023 1434 4094 imagines
1478 4022 1628 4088 fecit,
1661 4021 1894 4075 maxime

333 4137 446 4175 cum
484 4121 630 4176 nulla
677 4120 975 4175 necessitas
1029 4127 1194 4182 esset,
1228 4127 1288 4172 ut
1334 4116 1465 4171 tales
1503 4115 1557 4169 in
1607 4130 1669 4169 ea
1703 4113 1896 4168 ﬁerent

330 4215 508 4269 forma:
553 4212 639 4267 vel
690 4213 977 4283 imagines.
1029 4211 1134 4266 Sed
1179 4211 1281 4266 hoc
1322 4210 1494 4281 magis
1524 4224 1591 4264 ex
1622 4207 1893 4262 desiderio

330 4303 526 4359 factum
557 4311 641 4358 est
672 4304 870 4356 animae
897 4319 911 4358 :
938 4317 1056 4371 qua:
1085 4300 1254 4355 voluit
1304 4298 1644 4354 commisceri
1679 4297 1770 4351 tali
1809 4296 1887 4351 rei

328 4395 408 4449 cui
475 4409 750 4464 nunquam
800 4394 978 4447 fuerat
1024 4392 1310 4447 commista
1360 4388 1517 4445 simul
1551 4399 1605 4443 et
1631 4389 1894 4459 congluti-

328 4492 467 4548 nata,
498 4499 563 4538 ex
592 4499 725 4538 nova
756 4482 1132 4537 commistione
1160 4480 1314 4535 novis
1336 4489 1420 4535 est
1446 4479 1670 4534 materia
1704 4477 1894 4533 formis

327 4575 632 4630 informata.
668 4575 931 4642 Quoniam
965 4574 1126 4644 igitur
1148 4574 1543 4627 ﬁrmamentum
1571 4587 1694 4626 cum
1719 4570 1894 4626 omni-

325 4665 419 4720 bus
438 4682 557 4736 quae
576 4666 811 4735 possidet
833 4664 1190 4733 compositum
1214 4663 1511 4718 secumlum
1540 4662 1892 4732 philosophos

327 4774 426 4812 non
490 4759 792 4821 dubitatur,
844 4770 1067 4811 necesse
1101 4765 1185 4809 est
1224 4762 1283 4807 ut
1319 4755 1640 4824 principium
1690 4756 1893 4810 habere

326 4851 592 4905 credatur.
647 4848 818 4904 Omne
849 4848 995 4903 enim
1045 4847 1405 4915 compositum
1451 4845 1672 4916 aliquod
1731 4846 1894 4900 habet

324 4942 669 5012 principium.
700 4940 813 4996 Hoc
854 4940 1018 5008 igitur
1070 4938 1230 4993 modo
1275 4945 1426 5007 patet
1478 4936 1735 4990 mundum
1771 4949 1893 4990 esse

327 5041 583 5087 creatum.
655 5030 826 5087 Omne
878 5041 1057 5085 autem
1112 5029 1468 5099 compositum
1533 5040 1756 5080 necesse
1809 5032 1895 5079 est

327 5127 738 5194 compositorem
770 5122 993 5178 habere.
1019 5120 1204 5190 Neque
1227 5121 1369 5175 enim
1401 5119 1603 5188 aliquid
1634 5133 1692 5172 se
1719 5118 1891 5187 ipsum

329 5224 497 5284 potest
520 5227 860 5284 componere,
909 5213 1205 5281 eodemque
1236 5209 1395 5265 modo
1445 5222 1605 5263 omne
1650 5217 1891 5261 creatum

327 5317 624 5362 creatorem
676 5305 878 5360 habere
906 5319 1125 5358 necesse
1154 5313 1256 5356 est.
1298 5300 1444 5355 Nihil
1474 5301 1618 5353 enim
1655 5299 1891 5366 seipsum

327 5407 500 5468 potest
539 5412 745 5453 creare.
776 5397 1091 5450 Creatorem
1126 5395 1288 5464 igitur
1311 5391 1495 5447 mundi
1523 5391 1615 5460 qui
1645 5390 1783 5444 Deus
1812 5389 1894 5443 di-

328 5489 464 5545 citur
486 5504 608 5544 esse
644 5502 867 5543 necesse
895 5495 995 5542 est.
1551 5542 1559 5550 ,

393 5582 623 5637 Mersus.
665 5580 1028 5633 Adversarius
1078 5577 1243 5648 igitur
1275 5575 1526 5630 insistere
1565 5574 1785 5644 poterit,
1812 5574 1893 5629 di-

328 5685 450 5726 cens
486 5670 910 5736 compositorem
963 5668 1123 5721 istum
1176 5668 1283 5720 vim
1331 5665 1652 5719 universalis
1698 5666 1891 5720 anima:

328 5778 463 5828 esse,
488 5778 610 5834 quae
638 5770 852 5817 seducet
878 5775 954 5813 vus
981 5771 1171 5814 natura
1195 5769 1440 5813 vocatur.
1468 5755 1617 5822 Quae,
1645 5758 1889 5828 inquam,

325 5859 498 5916 anima
542 5857 785 5915 materia:
822 5855 1023 5927 juncta,
1023 5836 1451 5942 ﬁrmamentum
1482 5863 1534 5912 ct
1561 5855 1741 5912 omnia
1772 5869 1891 5924 quin
1922 5927 1943 5935 _

2069 2003 2299 2058 Movsss.
2336 2002 2451 2070 Qua
2482 2004 2692 2058 ratione
2720 2014 2874 2073 potes
2897 2015 3204 2061 monstrare
3226 2008 3368 2076 quod
3396 2008 3578 2066 anima

1994 2095 2290 2165 perfectam
2328 2110 2436 2148 non
2471 2095 2634 2150 habet
2670 2095 3040 2163 sapientiam?

2065 2187 2305 2243 Perses.
2347 2187 2484 2254 Quia
2516 2202 2581 2241 ex
2611 2202 2719 2255 quo
2746 2189 2929 2242 anima
2975 2192 3266 2244 commista
3294 2202 3377 2246 est
3405 2203 3577 2248 mate-

1996 2282 2112 2346 rize,
2154 2290 2209 2335 et
2237 2282 2464 2335 materia
2516 2290 2601 2335 est
2630 2282 2829 2335 anima:
2881 2282 3251 2353 incorporata,
3299 2302 3577 2355 nunquam

1994 2384 2179 2444 postea
2210 2373 2456 2428 dolorum
2505 2373 2880 2427 vicissitudine
2910 2383 2967 2427 et
3012 2374 3348 2444 s‘oluptatum
3399 2379 3579 2432 caruit

2008 2468 2213 2521 anima.
2268 2466 2420 2521 Nulla
2471 2460 2668 2537 quippe
2710 2466 2956 2536 voluptas
3003 2467 3197 2533 oritur,
3250 2469 3356 2524 nisi
3424 2470 3581 2525 dolor

1994 2560 2353 2628 praecesserit,
2388 2567 2448 2613 ut
2476 2574 2633 2613 nemo
2684 2575 2921 2628 unquam
2971 2560 3274 2615 delectatur
3318 2562 3576 2629 bibendo,

1993 2651 2096 2705 nisi
2135 2651 2284 2721 prius
2319 2649 2555 2704 doluerit
2587 2649 2843 2715 sitiendo,
2878 2666 3040 2705 uerno
3065 2651 3368 2708 delectatur
3398 2669 3581 2709 come-

1995 2744 2193 2807 stioue,
2216 2741 2319 2796 nisi
2350 2741 2689 2811 praecesserit
2721 2741 2874 2796 dolor
2907 2743 2959 2797 in
2993 2741 3153 2806 fame,
3188 2755 3283 2798 aut
3326 2748 3489 2802 etiam
3523 2749 3578 2803 in

1998 2836 2205 2905 requie,
2259 2834 2361 2888 nisi
2414 2843 2542 2889 ante
2588 2833 2822 2889 doluerit
2853 2850 2920 2889 ex
2949 2835 3155 2892 labore.
3192 2838 3298 2892 Sed
3326 2848 3380 2895 et
3405 2840 3485 2895 sic
3522 2842 3578 2897 in

1994 2928 2206 2984 eunetis
2237 2925 2546 2981 allectibus.
2598 2926 2757 2981 Ratio
2792 2936 2972 2981 autem
3008 2943 3271 2999 corporea
3300 2946 3361 2985 se
3384 2941 3580 2987 conta-

1995 3019 2154 3089 gione
2204 3018 2507 3084 denudaus,
2561 3026 2615 3072 et
2666 3033 2723 3072 se
2771 3017 2939 3088 ipsam
2971 3036 3161 3090 puram
3194 3023 3573 3087 considerans,

1994 3111 2278 3184 perpendit
2333 3111 2461 3165 illud
2490 3110 2633 3179 quod
2668 3110 2799 3165 nihil
2836 3114 3001 3167 sentit
3053 3114 3245 3170 melius
3272 3125 3327 3170 ct
3360 3116 3578 3186 dignius

1997 3220 2117 3261 esse
2138 3220 2203 3259 eo
2225 3203 2366 3273 quod
2393 3213 2472 3258 tot
2493 3204 2830 3258 diversarum
2859 3205 3171 3273 passionum
3203 3206 3579 3265 accidentibus

2002 3312 2109 3351 non
2143 3294 2404 3365 subjacet.
2446 3292 2669 3349 Constat
2700 3293 2863 3362 igitur
2884 3296 3117 3350 animam
3145 3312 3248 3351 non
3280 3296 3579 3367 perfectam

1996 3386 2196 3442 habere
2238 3386 2574 3455 sapientiam.
2620 3388 2737 3443 Alia
2787 3389 2915 3442 item
2964 3389 3030 3443 de
3069 3390 3257 3443 eadem
3301 3407 3360 3446 re
3398 3401 3581 3462 potest

1997 3479 2111 3533 dari
2139 3480 2299 3543 ratio,
2326 3480 2467 3549 quod
2493 3480 2703 3536 scilicet
2732 3480 2936 3539 anima.
2964 3496 3086 3535 cum
3116 3484 3376 3538 rationem
3403 3486 3577 3550 exuit,

1994 3564 2179 3618 statim
2210 3564 2502 3631 luxuriam,
2534 3564 2674 3620 furta
2695 3607 2710 3631 ,
2747 3566 3061 3627 homicidia,
3089 3576 3145 3621 et
3180 3578 3379 3625 cratera
3406 3571 3580 3641 diligit

1995 3655 2122 3708 vitia
2145 3695 2159 3719 ,
2189 3671 2308 3725 quae
2344 3656 2598 3726 perfectas
2645 3659 2871 3714 rationis
2908 3670 3228 3714 exsecratur
3265 3665 3575 3733 sapientia;

1995 3750 2137 3803 unde
2182 3750 2375 3803 iterum
2423 3750 2645 3805 evidens
2686 3760 2771 3807 est
2819 3752 3190 3822 imperfectam
3232 3770 3352 3810 esse
3382 3756 3585 3813 animas

1995 3842 2337 3912 sapientiam.
2371 3840 2662 3896 Probatum
2696 3843 2860 3914 igitur
2886 3846 3022 3899 satis
3049 3855 3131 3900 est
3164 3847 3271 3901 illis
3298 3846 3390 3917 qui
3424 3847 3579 3902 Scri-

1994 3932 2168 4000 pturis
2193 3948 2296 3985 non
2325 3932 2576 3996 credunt,
2610 3931 2775 3986 alium
2821 3948 2941 3988 esse
2978 3934 3272 4001 factorem,
3302 3937 3454 4004 cujus
3482 3953 3579 4009 per

1995 4037 2053 4076 se
2097 4022 2335 4092 perfecta
2367 4025 2436 4078 sit
2474 4024 2736 4092 sapientia
2762 4065 2776 4088 ,
2817 4026 2960 4079 sicut
2990 4036 3135 4095 patet
3179 4043 3275 4097 per
3312 4030 3577 4085 rationem

1994 4116 2150 4170 nobis
2206 4115 2274 4169 ab
2311 4132 2377 4171 eo
2414 4118 2729 4170 attributam
2772 4132 2934 4186 opera
2973 4119 3168 4173 animae
3195 4120 3312 4173 sine
3345 4121 3455 4188 ipsa
3487 4138 3577 4176 ra-

1996 4209 2140 4262 tione
2169 4223 2289 4262 esse
2319 4208 2511 4261 vitiosa
2538 4217 2593 4261 et
2622 4207 3020 4277 quodammodo
3055 4211 3248 4280 turpia.
3279 4211 3576 4282 Consequi-

1996 4305 2084 4350 tur
2112 4310 2242 4368 ergo
2276 4296 2422 4350 illum
2454 4312 2550 4367 per
2578 4313 2738 4368 quem
2767 4297 3032 4353 rationem
3074 4300 3381 4369 accepimus
3404 4342 3418 4362 .
3463 4318 3574 4359 non

1995 4390 2257 4454 animam,
2292 4388 2385 4442 sed
2412 4389 2573 4442 alium
2607 4404 2729 4443 esse
2752 4432 2767 4455 ,
2797 4390 3049 4459 quoniam
3080 4391 3195 4446 ﬁeri
3229 4394 3414 4461 nequit
3441 4410 3499 4448 ut
3524 4397 3575 4451 is

1995 4480 2086 4551 qui
2116 4496 2227 4536 rem
2272 4479 2504 4550 aliquam
2532 4481 2811 4544 abhorret,
2844 4482 2928 4535 vel
2969 4493 3307 4548 exsecratur,
3336 4500 3455 4540 eam
3488 4485 3573 4540 fa-

1996 4587 2120 4626 cere
2147 4572 2296 4626 velit.
2325 4572 2580 4641 Sequitur
2613 4588 2829 4643 quoque
2861 4589 2929 4628 ex
2960 4575 3065 4629 hoc
3104 4576 3341 4641 animam
3372 4578 3575 4649 imper-

1995 4661 2167 4727 fectzc,
2194 4664 2435 4718 datorem
2460 4679 2590 4719 vero
2614 4665 2839 4720 rationis
2862 4666 3113 4736 perfecta:
3133 4682 3252 4722 esse
3272 4669 3569 4739 sapientiae.

1994 4755 2244 4825 Cumque
2288 4757 2427 4809 ratio
2453 4767 2708 4825 operetur
2735 4757 2787 4810 in
2823 4758 2999 4811 anima
3021 4798 3037 4822 ,
3080 4760 3386 4813 necessario
3414 4761 3575 4816 dator

1995 4848 2220 4901 rationis
2248 4845 2421 4901 factor
2445 4857 2530 4901 est
2559 4848 2774 4901 animaz.
2805 4846 2957 4914 Quod
2989 4864 3112 4902 cum
3143 4849 3244 4912 sit,
3279 4860 3334 4905 et
3366 4850 3571 4919 anima,

1994 4949 2053 4992 ut
2086 4939 2331 5008 superius
2356 4940 2638 5009 probatum
2669 4949 2781 5001 est,
2811 4940 2862 4993 in
2899 4943 3122 4996 materia
3150 4943 3331 4998 omnia
3355 4959 3574 5015 compo-

1994 5030 2099 5084 sita
2142 5030 2486 5093 formaverit,
2516 5029 2760 5084 concludi
2806 5031 3173 5087 indubitanter
3211 5042 3390 5104 potest
3428 5036 3573 5105 quod

1994 5123 2084 5193 qui
2116 5122 2376 5176 rationem
2405 5122 2569 5187 dedit,
2594 5132 2649 5177 et
2675 5123 2853 5176 omnia
2882 5121 3026 5189 fecit,
3055 5134 3109 5179 et
3137 5130 3376 5183 omnium
3407 5143 3574 5184 causa

1995 5215 2201 5267 existit.
2239 5215 2300 5268 Et
2334 5213 2447 5268 lucc
2475 5214 2691 5269 ouidem
2724 5215 2790 5271 de
2826 5217 3005 5270 anima
3033 5218 3296 5273 sententia
3324 5261 3339 5284 ,
3384 5221 3572 5288 utique

1992 5313 2077 5359 est
2121 5303 2509 5374 philosophica.
2557 5306 2752 5360 Dicunt
2788 5306 2930 5360 enim
2971 5307 3275 5378 philosophi
3306 5309 3447 5377 quod
3485 5325 3573 5362 ra-

1995 5396 2209 5450 tioualis
2241 5399 2421 5450 anima
2456 5398 2697 5466 procedit
2722 5399 2788 5453 de
2814 5399 3122 5456 universali.
3162 5399 3331 5454 Judaei
3362 5407 3566 5461 autem,

1994 5497 2054 5543 ut
2096 5489 2274 5551 nosti,
2312 5503 2501 5544 omnes
2538 5490 2747 5544 animas
2787 5490 2839 5545 in
2877 5490 3061 5544 mundi
3106 5489 3368 5559 principio
3404 5489 3568 5545 simul

1994 5589 2246 5635 asserunt
2272 5596 2393 5635 esse
2432 5590 2672 5649 creatas,
2703 5591 2757 5636 et
2796 5582 2848 5635 in
2886 5582 3005 5636 loco
3035 5595 3146 5637 uno
3178 5582 3440 5650 repositas
3463 5622 3479 5646 ,
3509 5592 3569 5639 et

1996 5685 2275 5741 quousque
2304 5671 2719 5740 incorpnrentttr
2745 5685 2934 5725 omnes
2962 5685 3067 5726 non
3117 5684 3240 5725 esse
3270 5671 3410 5726 diem
3436 5686 3569 5729 ven-

1995 5772 2175 5816 turum
2205 5761 2392 5828 judicii
2419 5802 2433 5825 ,
2472 5772 2528 5817 et
2572 5779 2639 5817 ex
2679 5777 2785 5831 quo
2845 5760 3337 5829 incorporabuntur
3378 5762 3567 5819 statim

1991 5855 2280 5923 provenire
2329 5856 2487 5909 ﬁnem
2542 5854 2745 5911 mundi.
2799 5852 3091 5909 Christiani
3137 5868 3268 5910 vero
3312 5863 3570 5910 astruunt
