3926 6464
406 402 510 458 559

1333 393 1528 446 PETRI
1572 389 1903 444 Af.I‘IIO.‘iSI
1940 387 2028 441 EX
2065 385 2305 442 180.Εο
2343 385 2728 439 CHRISTI-LV

3523 399 3610 456 560

409 529 576 571 ,μμ-αδ
602 510 844 581 quotidie
868 510 1076 563 animas
1107 504 1406 574 procreari,
1441 504 1790 568 fonnatisquc
1826 515 1980 552 novis
2010 509 2054 561 Α
2086 514 2240 551 tuens
2269 497 2362 554 sit.
2393 498 2660 548 nemiuem
2697 498 2842 548 latet.
2890 495 3088 549 Iterum
3119 513 3237 551 cum
3270 505 3480 559 materia
3512 524 3614 578 qua

409 607 463 660 iu
515 612 700 658 ventae
744 599 1057 669 corporibus
1104 593 1330 648 infundi.
1379 592 1648 659 Quidquid
1696 600 1873 643 autem
1917 592 1981 644 de

406 697 588 752 anima
619 692 840 748 credere
868 691 1066 756 eligas,
1100 684 1288 754 procul
1317 684 1508 745 dubio,
1553 693 1610 736 nt
1638 683 1837 736 dictum
1870 693 1980 747 est,

407 787 498 858 qui
549 784 806 837 rationem
841 779 1023 839 dedit,
1064 775 1243 830 omnia
1293 772 1419 827 fecit
1457 783 1512 827 et
1540 773 1781 827 euntium
1821 788 1983 827 causa

405 873 606 928 existit.
624 869 1042 939 Oportet‘autem
1069 865 1211 918 hunc
1227 862 1562 927 Creatorem,
1580 863 1668 931 qui
1691 861 1984 932 perlectam

406 963 570 1018 habet
599 957 940 1028 sapientiam,
972 963 1232 1008 aeternum
1257 953 1512 1018 existere,
1541 963 1594 1006 et
1621 968 1718 1007 nec
1743 965 1985 1007 creatum

406 1069 505 1106 nec
531 1066 727 1105 novum
752 1064 889 1109 esse,
907 1048 1184 1116 quoniam,
1207 1046 1249 1100 si
1274 1045 1361 1100 hic
1385 1055 1476 1098 attt
1498 1055 1715 1100 creatus
1737 1045 1989 1099 credatur

407 1154 500 1197 aut
540 1157 744 1205 novus,
777 1139 942 1193 alium
975 1138 1160 1206 utique
1190 1146 1493 1190 creatorem
1531 1151 1751 1191 necesse
1780 1143 1862 1190 est
1890 1136 1990 1189 ha-

405 1237 532 1292 beat
567 1245 659 1289 aut
690 1243 1030 1288 novatorem.
1064 1229 1209 1284 Nihil
1255 1230 1398 1284 enim
1430 1244 1491 1284 se
1520 1245 1758 1299 unquam
1804 1245 1990 1285 creare

407 1339 502 1382 aut
533 1341 734 1382 novare
767 1323 999 1394 poterit,
1029 1331 1083 1378 et
1109 1323 1188 1376 sic
1215 1331 1521 1375 creatorum
1549 1333 1643 1374 aut
1670 1329 1989 1374 novatortnn

408 1433 668 1475 numerus
697 1419 801 1472 line
833 1415 1061 1469 carebit.
1092 1413 1415 1468 Factoribus
1445 1423 1622 1467 autem
1668 1413 1771 1466 line
1802 1429 1992 1466 caren-

413 1515 580 1577 tibus,
604 1512 810 1566 lactura
835 1523 1049 1578 quoque
1074 1523 1346 1576 nunquam
1377 1507 1442 1560 ad
1468 1519 1675 1561 certum
1707 1505 1993 1561 terminum

411 1603 715 1673 perveniet.
759 1599 1097 1654 Credendum
1146 1613 1274 1666 ergo
1303 1607 1388 1653 est
1424 1599 1658 1666 primum
1699 1599 1992 1658 faetorem,

412 1709 515 1749 nec
540 1701 782 1746 creatum
807 1705 925 1745 esse
951 1704 1048 1743 nec
1077 1698 1355 1754 novatum,
1385 1688 1480 1743 sed
1505 1688 1815 1742 necessario
1838 1697 1994 1741 teter—

415 1803 564 1840 num.
593 1785 862 1839 Prtelerea
893 1799 998 1836 non
1025 1782 1407 1851 compositum,
1435 1782 1528 1836 sed
1551 1781 1850 1849 simplicem
1879 1797 1994 1835 cre-

2085 601 2264 648 creata
2285 601 2368 646 est
2393 591 2592 644 nullam
2621 590 2673 642 in
2699 605 2757 643 se
2780 591 2972 644 habeat
2997 593 3221 645 formam
3241 595 3316 647 vel
3344 595 3616 670 imaginem,

2085 686 2254 738 multo
2283 685 2460 738 minus
2505 685 2648 738 Deus
2675 684 2845 752 ipsius
2875 695 3102 749 naturae,
3136 686 3373 752 Creator,
3398 692 3478 758 qui
3511 695 3620 749 sim.

2087 777 2271 847 plioris
2300 787 2357 831 et
2385 776 2684 830 subtilioris
2713 787 2794 830 est
2831 789 3037 830 natura:
3073 777 3233 831 ullam
3281 785 3525 846 putandus
3551 798 3621 843 est

2086 867 2286 920 habere
2317 866 2747 920 similitudinem.
2788 865 3122 920 Promissum
3155 884 3280 936 ergo
3308 874 3620 942 conqilentes,

2089 958 2256 1012 Deum
2297 957 2498 1011 nttllam
2537 958 2738 1012 habere
2785 958 3214 1025 siinilittnlinem,
3241 960 3427 1026 lucide,
3452 969 3620 1036 ntopi-

2092 1064 2215 1114 nor,
2249 1064 2345 1117 per
2373 1049 2637 1102 rationem
2671 1048 3036 1116 probavimus.

2159 1140 2388 1196 Movsss.
2440 1139 2654 1194 Gratias
2698 1140 2805 1194 Deo
2851 1150 2906 1193 et
2953 1141 3078 1204 tibi,
3128 1143 3376 1209 quoniam
3419 1150 3626 1204 omnium

2090 1233 2400 1288 Creatorem
2426 1232 2554 1286 nulli
2581 1242 2844 1286 creaturm
2862 1232 3098 1286 similem
3124 1249 3262 1292 esse.
3292 1235 3481 1288 nulltnn
3507 1241 3630 1306 prio-

2091 1324 2289 1393 eipiutn
2342 1333 2431 1376 attl
2484 1323 2645 1376 liuent
2704 1324 2944 1387 habere,
2995 1325 3112 1378 sine
3161 1325 3267 1377 ullo
3318 1327 3632 1386 dubitationis

2092 1415 2316 1484 cognovi
2345 1415 2650 1469 obsmculo.
2679 1414 2858 1468 Patnit
2882 1417 3047 1468 etiam
3073 1432 3134 1468 ex
3165 1419 3342 1470 verbis
3369 1421 3468 1473 tuis
3491 1421 3630 1476 Detnn

2092 1507 2402 1561 Creatorem
2433 1508 2675 1559 omnium
2705 1521 2885 1559 rerqu
2918 1506 3154 1559 radicem
3180 1515 3234 1559 et
3266 1505 3632 1566 fundamentum

2095 1595 2464 1666 principaliter
2489 1612 2642 1659 esse;
2680 1597 3007 1649 secundario
3036 1611 3186 1660 vero,
3216 1597 3444 1650 animam
3471 1609 3518 1651 et
3545 1618 3635 1651 nia-

2098 1689 2284 1742 teriam
2313 1697 2366 1742 et
2394 1687 2538 1756 quod
2568 1684 2709 1741 Deus
2739 1687 2930 1741 fecerit
2958 1687 3217 1749 animam,
3245 1698 3298 1743 et
3325 1691 3458 1756 quod
3485 1693 3636 1747 anima

2095 1795 2124 1831 a
2153 1779 2262 1833 Deo
2299 1779 2441 1833 facta
2492 1790 2749 1847 operetur
2776 1779 2828 1832 in
2863 1779 3108 1832 materia.
3145 1779 3460 1850 Scrupulum
3487 1794 3637 1837 autem

415 1879 542 1934 dere
581 1877 836 1932 convenit
869 1891 1010 1930 eum.
1044 1875 1232 1928 Omnis
1266 1889 1411 1928 enim
1460 1874 1782 1942 compositio
1819 1883 1996 1928 motus
2028 1863 2071 1917 Β
2100 1888 2261 1927 unum
2291 1873 2384 1942 qui
2411 1871 2586 1926 adhuc
2615 1881 2850 1925 mentem
2889 1873 3200 1937 remordet,
3251 1883 3339 1926 tua
3385 1878 3640 1943 sagacitate

415 1983 517 2036 est,
541 1981 594 2025 et
614 1979 766 2024 actus
788 1969 1050 2037 simplicis
1081 1969 1176 2022 rei.
1206 1967 1358 2029 Item,
1385 1967 1528 2037 quod
1553 1968 1700 2036 prius
1723 1977 1826 2033 est,
1852 1969 1998 2037 prin-

417 2063 616 2132 cipium
647 2061 848 2116 habere
877 2077 982 2114 non
1012 2069 1207 2130 potest.
1245 2058 1577 2129 Compositio
1608 2070 1786 2114 autem
1821 2063 1998 2114 omnis

415 2151 634 2224 aliquod
665 2150 828 2205 habet
857 2149 1201 2220 principium.
1231 2147 1460 2203 Creator
1487 2165 1618 2218 ergo
1656 2150 1864 2215 primus
1892 2165 1996 2204 non

416 2253 500 2297 est
519 2242 870 2314 compositus,
895 2240 988 2295 sed
1015 2255 1189 2308 neque
1213 2251 1293 2294 est
1321 2253 1633 2306 corporeus.
1661 2241 1832 2294 Onine
1854 2240 1996 2293 enim

417 2349 768 2404 corporeum,
799 2343 858 2386 ut
883 2348 1043 2401 supra
1077 2332 1236 2385 latius
1261 2331 1637 2393 disseruimus,
1669 2340 1751 2385 est
1779 2346 2002 2400 compo-

418 2427 602 2480 situm.
639 2426 800 2487 Item,
843 2439 1013 2494 neque
1050 2423 1265 2477 mobilis
1309 2432 1412 2478 est.
1457 2420 1628 2477 Omne
1670 2423 1812 2476 enim
1855 2422 1998 2492 quod

417 2528 688 2582 movetur,
736 2517 982 2587 partibus
1023 2527 1251 2571 constat.
1307 2515 1413 2571 Sed
1452 2515 1710 2587 quidquid
1758 2515 1998 2586 partibus

418 2622 669 2677 constat,
699 2611 1052 2681 compositum
1083 2621 1187 2664 est.
1234 2609 1386 2676 Quod
1429 2619 1609 2663 autem
1643 2609 1873 2679 primum
1918 2618 2002 2664 est

419 2705 661 2759 omnium
689 2717 794 2757 non
827 2712 908 2756 est
934 2701 1320 2771 compositum.
1345 2698 1510 2769 Igitur
1538 2714 1636 2752 nec
1671 2699 1866 2753 mobile
1895 2708 1998 2752 est.

418 2795 633 2851 Rursus
652 2796 827 2849 cumis
855 2793 1020 2848 motio
1042 2793 1094 2848 in
1121 2807 1348 2863 corpore
1371 2792 1450 2857 tit,
1481 2792 1593 2846 sive
1614 2792 1684 2845 sit
1719 2799 1861 2846 recta
1889 2807 2002 2846 ino-

420 2888 529 2949 tio,
564 2886 726 2940 veluti
754 2902 876 2940 cum
908 2885 1028 2954 quis
1069 2901 1234 2938 unum
1269 2887 1524 2938 deserens
1558 2884 1732 2938 locum
1774 2894 2003 2954 occupat

422 2979 611 3039 alium.
643 2993 740 3033 seu
770 2977 840 3031 sit
871 2977 1036 3030 motio
1065 2976 1116 3030 in
1146 2991 1376 3046 gyrum,
1404 2990 1527 3030 cum
1563 2974 1766 3044 aliquid
1796 2975 2004 3030 scilicet

423 3072 478 3126 Ξιι
511 3073 699 3124 eodem
729 3071 968 3126 existens
1003 3069 1120 3122 loco
1152 3079 1210 3122 ut
1243 3068 1644 3122 ﬁrmamentum
1675 3075 1920 3121 versatur
1951 3070 2001 3122 in

422 3163 633 3224 orbein,
655 3161 769 3215 sive
791 3159 860 3215 sit
887 3161 1051 3213 motio
1073 3159 1304 3226 partitmt
1330 3154 1557 3224 alicujus
1582 3156 1656 3210 rei
1683 3158 1748 3211 ad
1773 3157 2000 3213 invicem

423 3253 590 3318 facta,
620 3253 703 3307 vel
740 3251 806 3306 ab
832 3253 1090 3306 extremis
1141 3253 1206 3305 ad
1234 3253 1467 3306 medium
1489 3293 1504 3316 ,
1546 3252 1631 3306 vel
1662 3268 1690 3306 a
1736 3251 1910 3306 medio
1938 3251 2003 3305 ad

424 3356 698 3409 extrema,
743 3343 904 3398 veluti
952 3343 1011 3396 lit
1059 3344 1111 3396 in
1155 3342 1400 3411 partibus
1441 3345 1612 3410 aeris,
1657 3361 1752 3398 seu
1793 3343 1861 3397 sit
1894 3358 2008 3397 mo-

427 3433 503 3488 tio
548 3433 623 3489 rei
666 3433 716 3486 in
766 3434 955 3487 eodem
999 3433 1215 3504 quidem
1253 3433 1371 3488 loco
1414 3434 1741 3500 existentis,
1777 3435 1870 3488 sed
1913 3449 2008 3503 per

427 3525 672 3594 quaedam
707 3524 859 3595 quasi
895 3524 1224 3578 ineretnenta
1274 3524 1374 3578 hac
1425 3523 1651 3593 illacque
1697 3524 2006 3594 spatiantis,

429 3615 882 3686 quemadmodum
917 3616 969 3669 in
1013 3617 1177 3669 ramis
1213 3617 1466 3669 arborutn
1503 3617 1762 3685 paulatim
1799 3617 1866 3670 ad
1893 3632 2010 3672 om-

429 3722 528 3761 nes
568 3715 747 3775 partes
793 3705 1161 3760 crescentibus
1208 3705 1286 3760 ﬁt.
1326 3705 1418 3760 lIae
1452 3718 1632 3760 autem
1672 3721 1859 3762 omnes
1899 3722 2013 3761 mo-

431 3796 610 3852 tiones
651 3813 758 3851 non
801 3797 901 3851 nisi
933 3798 984 3849 in
1020 3812 1247 3866 corpore
1287 3797 1406 3852 ﬁeri
1448 3811 1690 3869 possunt.
1736 3798 1842 3855 Sed
1870 3799 2014 3868 quod

429 3889 666 3960 primum
700 3889 940 3942 on‘inium
1001 3899 1112 3955 est,
1153 3906 1472 3960 corporeum
1521 3909 1627 3946 non
1669 3907 1790 3948 esse
1821 3895 2014 3963 proba-

432 3989 546 4035 tum
574 3990 676 4034 est.
711 3979 876 4049 Igitur
911 3995 1008 4035 nec
1046 3982 1308 4048 variatur,
1352 4000 1452 4038 nec
1495 3985 1876 4054 corrumpitur.
1913 3984 2016 4039 Ite-

432 4088 576 4139 rum,
611 4089 710 4128 nec
732 4073 930 4128 crescit
959 4088 1052 4143 per
1077 4088 1165 4139 se,
1196 4091 1297 4130 nec
1322 4087 1548 4146 augetur
1573 4076 1809 4131 aliunde.
1845 4077 2016 4132 Omne

433 4165 576 4217 enim
598 4164 736 4232 quod
762 4162 844 4216 vel
871 4165 1262 4219 incrementum
1290 4166 1500 4235 recipit.
1533 4166 1616 4219 vel
1642 4176 2014 4235 augmentum,

433 4256 622 4327 procul
661 4255 822 4310 dubio
853 4266 935 4310 est
966 4266 1020 4310 et
1055 4259 1432 4326 compositum.
1473 4257 1578 4312 Sed
1609 4259 1752 4326 quod
1781 4258 2016 4328 primum

434 4357 518 4404 est
559 4349 822 4412 omnium,
863 4364 1024 4416 supra
1071 4350 1404 4404 ostendimus
1450 4366 1556 4404 non
1597 4365 1716 4405 esse
1756 4353 2021 4421 composi-

432 4451 568 4496 tum.
598 4440 764 4507 Igitur
797 4456 896 4494 nec
924 4441 1122 4495 crescit
1152 4456 1252 4494 nec
1281 4449 1681 4510 augmentatur.
1714 4441 1876 4505 Item,
1912 4459 2017 4496 non

2099 1963 2380 2030 expostulo
2409 1960 2654 2016 enodari.
2705 1961 2834 2031 Legi
2879 1962 3143 2031 siquidem
3182 1963 3235 2016 in
3269 1963 3415 2018 libris
3442 1965 3642 2033 philoso-

2099 2053 2327 2122 phorum
2356 2051 2658 2121 plerisque,
2691 2051 2931 2122 quinque
2963 2062 3090 2106 ante
3120 2055 3305 2106 mundi
3338 2057 3644 2110 conStitutio-

2101 2159 2224 2196 nem
2250 2142 2434 2207 Iuisse,
2466 2141 2634 2196 Deum
2666 2143 2876 2197 scilicet
2906 2144 2996 2212 qui
3024 2144 3268 2197 omnium
3311 2161 3482 2199 rerum
3509 2150 3645 2216 origi-

2101 2250 2223 2288 nem
2271 2243 2444 2299 lenet,
2494 2244 2615 2304 post
2663 2252 2784 2288 eum
2837 2251 2965 2290 vero
2998 2237 3234 2290 animam
3278 2247 3331 2290 et
3376 2241 3644 2304 materiam,

2103 2336 2314 2395 tempus
2342 2337 2396 2379 et
2424 2326 2622 2379 locum.
2646 2327 2777 2381 Cum
2809 2340 2937 2397 ergo
2963 2327 3030 2382 de
3058 2328 3232 2383 tribus
3260 2331 3650 2396 praecedentibus

2101 2420 2454 2483 disserueris,
2500 2420 2654 2473 valde
2686 2419 2856 2474 miror
2897 2436 3065 2489 quare
3110 2423 3176 2476 de
3223 2421 3428 2477 ultimis
3473 2423 3649 2477 duobus

2104 2511 2301 2565 nullam
2337 2511 2534 2564 feceris
2565 2513 2918 2564 mentionem.

2172 2603 2406 2658 I’E'rttus.
2451 2603 2587 2670 Quia
2636 2604 2770 2657 nihil
2813 2605 2878 2657 ad
2911 2615 3237 2673 prteseutem
3272 2609 3533 2676 pertinent
3562 2618 3652 2660 tra-

2103 2704 2304 2748 ctatum
2324 2736 2338 2757 ,
2368 2695 2435 2748 de
2465 2695 2546 2748 eis
2575 2694 2718 2763 loqui
2750 2696 2982 2748 iudicavi
3012 2697 3368 2765 superﬂuum.

2174 2785 2403 2840 Marses.
2446 2785 2513 2839 Et
2551 2786 2595 2838 si
2624 2801 2653 2837 a
2681 2795 2913 2839 tractatu
2949 2787 3157 2841 videtur
3187 2789 3460 2851 atienmn,
3503 2797 3653 2840 tamen

2103 2878 2230 2947 quid
2262 2889 2315 2931 ιιι
2340 2879 2405 2930 de
2430 2878 2513 2931 his
2535 2879 2738 2931 sentias
2759 2879 2949 2931 audire
2968 2878 3239 2940 desidero.
3267 2881 3392 2949 quia
3417 2881 3658 2949 sapientes

2103 2968 2355 3024 Catholici
2403 2969 2470 3023 ad
2501 2984 2728 3036 quorum
2763 2970 2921 3021 tidem
2967 2979 3022 3021 ιιι
3063 2986 3364 3024 conversus
3399 2987 3484 3034 es,
3525 2973 3658 3038 longe

2103 3062 2262 3116 aliter
2289 3064 2356 3116 de
2407 3063 2490 3116 bis
2543 3072 2829 3115 senserunt
2865 3079 3023 3132 quam
3063 3065 3412 3133 antiquorum
3456 3066 3659 3135 philoso-

2106 3155 2334 3225 phorum
2367 3154 2491 3208 libri
2525 3153 2834 3222 loquantur.
2869 3153 3001 3207 Nam
3046 3157 3303 3211 catholici
3345 3159 3454 3210 bzer
3483 3157 3659 3225 princi-

2107 3248 2254 3316 pium
2307 3246 2590 3312 babuisse,
2642 3246 2947 3316 philosophi
2996 3258 3174 3302 autem
3227 3260 3442 3304 veteres
3487 3260 3664 3303 aitet-na

2112 3350 2381 3396 ICSlaIIIUI'
2409 3354 2558 3394 esse.

2182 3431 2417 3485 PETRUS.
2460 3431 2566 3485 Illis
2603 3431 2790 3502 procul
2821 3432 2983 3486 dubio
3016 3433 3175 3488 [idem
3207 3436 3442 3490 adbibeo
3488 3436 3568 3505 qui
3612 3451 3662 3488 ea

2111 3541 2216 3581 non
2244 3541 2364 3579 cum
2398 3527 2621 3590 mundo,
2654 3529 2746 3581 sed
2774 3530 2841 3581 ab
2871 3529 3193 3596 antiquitate
3222 3528 3393 3582 fuisse
3421 3529 3663 3582 dixerunt.

2184 3615 2413 3669 Movses.
2435 3615 2677 3682 Qualiter
2694 3617 2797 3672 hoc
2820 3620 2990 3687 possit
3014 3629 3292 3685 constare,
3315 3636 3413 3689 per
3433 3622 3666 3674 rationein

2114 3707 2363 3762 desidero
2395 3723 2575 3762 nosse.

2188 3798 2418 3853 Peritos.
2459 3799 2634 3854 Locus
2672 3801 2882 3858 duobus
2913 3803 3090 3857 modis
3117 3803 3346 3858 dicitur.
3395 3803 3670 3870 Aliquando

2115 3891 2257 3945 enim
2295 3906 2453 3945 causa
2486 3893 2710 3947 alterius
2737 3895 2837 3960 rei,
2867 3895 3160 3964 aliquando
3204 3913 3303 3965 per
3341 3913 3422 3951 se.
3464 3897 3674 3951 Alternis

2116 3997 2276 4036 causa
2309 3983 2528 4047 dicitur,
2557 3985 2681 4037 dum
2722 3987 2879 4040 alicui
2913 3987 3032 4042 loco
3072 4004 3156 4042 res
3196 3990 3382 4060 aliqua
3417 3993 3672 4047 inseritur,

2117 4087 2170 4129 et
2197 4075 2306 4144 ipse
2329 4076 2524 4130 dicitur
2543 4092 2662 4132 che
2686 4079 2835 4133 locus
2866 4079 3008 4134 illius
3034 4081 3133 4144 rei,
3157 4086 3289 4136 dum
3323 4099 3410 4137 res
3440 4084 3524 4136 illa
3553 4084 3597 4134 in
3622 4099 3675 4130 eo

2121 4169 2394 4231 consistit,
2431 4177 2485 4220 et
2511 4167 2660 4220 ‘ot'us
2689 4169 2891 4222 dicitur
2916 4171 3183 4238 partialis.
3215 4171 3373 4238 Quod
3405 4174 3448 4227 si
3488 4188 3568 4226 res
3603 4173 3674 4222 illa

2120 4271 2150 4310 a
2180 4255 2297 4310 loco
2330 4258 2444 4326 ipso
2473 4259 2822 4325 discesserit,
2856 4261 3006 4315 locus
3035 4278 3199 4316 tinum
3237 4266 3382 4332 quod
3417 4266 3560 4334 prius
3594 4268 3676 4315 lia-

2119 4347 2300 4412 hebat,
2338 4349 2542 4402 scilicet
2585 4352 2922 4417 relationem,
2970 4355 3193 4416 amittit,
3228 4359 3358 4425 quia
3401 4356 3508 4423 jum
3556 4357 3679 4406 illius

2122 4437 2272 4495 locus
2298 4454 2420 4492 esse
2450 4456 2555 4492 non
2583 4441 2801 4495 dicitur.
2838 4442 3012 4497 Locus
3039 4455 3214 4498 autem
3247 4462 3346 4514 per
3366 4464 3424 4500 se
3459 4448 3546 4515 qui
3579 4449 3682 4496 nni-

430 4533 723 4590 decrescit.
773 4532 927 4599 Quod
976 4533 1120 4586 enim
1167 4533 1433 4587 decrescit
1477 4535 1861 4602 corrumpitur.
1914 4535 2017 4589 Sed
2049 4550 2098 4609 ι)
2127 4531 2349 4584 νυιέῑιιὶε
2389 4530 2609 4595 dicitur.
2653 4535 2896 4588 vacuitas
2941 4537 3146 4603 qumvis
3190 4548 3440 4602 vocatur,
3482 4540 3545 4592 de
3589 4553 3682 4604 qun

429 4625 575 4693 quod
610 4625 851 4678 omnium
887 4624 1117 4693 primtttn
1151 4634 1234 4678 est
1275 4641 1378 4678 non
1412 4625 1686 4693 corrumpi
1725 4627 2017 4694 probatum

434 4728 514 4770 est
549 4735 565 4771 :
600 4715 767 4784 igitur
807 4730 906 4767 nee
943 4713 1232 4767 decrescit.
1273 4713 1481 4766 Rursus
1518 4713 1714 4766 nullius
1759 4725 2022 4769 creatura:

437 4809 492 4861 in
526 4806 712 4876 aliquo
738 4803 1146 4860 similitudinem
1177 4805 1358 4858 habet.
1387 4804 1694 4860 Similituth
1719 4805 1861 4860 enim
1891 4822 2020 4876 qua-

439 4899 562 4952 litas
592 4907 698 4953 est.
732 4896 839 4952 Sed
869 4897 1008 4966 quod
1049 4897 1278 4966 primum
1309 4898 1549 4952 omnium
1577 4909 1692 4964 est,
1719 4899 1847 4952 nulli
1889 4903 2017 4952 sub-

435 5000 582 5058 Jacet
609 4990 862 5059 qualitati
901 5008 915 5043 :
956 5005 1085 5061 ergo
1128 5006 1230 5045 nec
1260 4990 1623 5045 similitudini.
1654 4991 1818 5056 Item,
1850 5008 2019 5062 pona-

439 5098 563 5137 mus
603 5082 744 5152 quod
780 5081 1010 5151 alicujus
1039 5093 1303 5138 creaturae
1341 5082 1755 5138 similitudinem
1805 5084 2018 5138 habeat.

443 5172 548 5226 Sed
579 5172 800 5228 evidens
835 5183 916 5228 est
949 5175 1090 5243 quod
1123 5173 1421 5229 similitudo
1449 5174 1754 5244 aliquorum
1790 5174 2019 5228 duorum

442 5265 605 5320 alium
639 5266 886 5335 parilieat
912 5266 1026 5332 alii,
1057 5265 1203 5321 velut
1232 5267 1273 5320 si
1308 5267 1559 5321 dicantur
1589 5268 1642 5320 in
1676 5266 1924 5320 albedine
1947 5266 2022 5320 si-

440 5355 626 5423 miles,
660 5354 848 5410 albedo
880 5354 1104 5409 alterius
1133 5371 1232 5423 par
1263 5372 1383 5410 esse
1425 5355 1586 5411 debet
1613 5354 1847 5409 albedini
1887 5355 2022 5410 alte-

443 5449 578 5514 rius;
603 5447 853 5503 similiter
880 5449 945 5503 de
967 5448 1266 5518 nigredine.
1293 5447 1433 5502 etde
1457 5446 1604 5502 omni
1635 5461 1694 5500 re
1737 5462 1854 5515 quae
1882 5447 2024 5502 inter

442 5539 651 5609 aliquos
681 5540 1084 5594 similitudinem
1114 5539 1261 5592 facit.
1287 5542 1466 5604 Quare
1493 5539 1539 5591 si
1563 5539 1666 5592 hoc
1690 5547 1854 5600 esset,
1881 5539 2022 5607 quod

441 5632 674 5699 primum
702 5641 784 5686 est
814 5632 1074 5696 omnium,
1109 5632 1341 5700 primttm
1374 5629 1533 5683 simul
1566 5639 1711 5682 esset
1739 5639 1900 5698 atque
1931 5645 2024 5680 no-

443 5722 753 5786 vissimum;
785 5731 838 5775 et
871 5723 1013 5790 quod
1059 5721 1444 5787 novissimum,
1479 5721 1832 5773 ttOVissitutttu
1867 5721 2024 5773 simul

446 5821 606 5879 atque
639 5815 890 5881 primum.
933 5815 1086 5880 Quod
1135 5824 1424 5882 utrttmqne
1454 5819 1719 5882 quantum
1762 5813 2020 5867 inconve-

2121 4639 2226 4677 non
2271 4624 2526 4678 debemus
2570 4627 2882 4680 existimare
2927 4629 3070 4696 quod
3115 4644 3278 4683 causa
3316 4631 3437 4700 ejus
3470 4631 3543 4685 rei
3581 4644 3684 4698 qua:

2122 4724 2204 4766 est
2237 4713 2291 4765 in
2315 4728 2378 4765 eo
2403 4714 2622 4779 existat,
2652 4717 2904 4781 quoniam
2940 4717 3089 4772 locus
3118 4733 3335 4786 semper
3364 4736 3476 4773 rem
3506 4735 3685 4789 parce-

2123 4802 2250 4856 dcre
2294 4802 2452 4856 debet
2489 4819 2608 4873 qua:
2663 4805 2716 4858 iu
2751 4821 2817 4858 eo
2857 4805 3034 4859 futura
3078 4820 3181 4861 est.
3217 4809 3291 4861 De
3319 4824 3431 4876 quo
3458 4807 3686 4861 videlicet

2123 4891 2242 4946 loco
2268 4892 2386 4946 talis
2406 4902 2488 4946 est
2513 4893 2752 4950 Platonis
2783 4896 3128 4966 syllogismus
3159 4914 3174 4952 :
3208 4899 3409 4964 Omne,
3443 4900 3537 4962 ait,
3561 4895 3685 4966 quod

2122 4993 2294 5038 totum
2318 4987 2570 5040 consistit
2595 5002 2690 5056 per
2713 4988 2852 5041 aliud
2885 4998 3079 5053 totum,
3103 4991 3146 5042 si
3175 4999 3559 5060 corrumpatur
3580 5001 3689 5056 pars

2123 5077 2376 5144 quaelibet
2395 5077 2530 5144 eius,
2557 5079 2698 5145 quod
2735 5091 2818 5132 est
2856 5095 3016 5133 causa
3050 5083 3412 5148 consistendi,
3463 5095 3690 5136 corrum-

2123 5171 2269 5237 pitur
2297 5171 2481 5238 utique
2502 5180 2554 5224 et
2575 5185 2704 5240 pars
2728 5170 2864 5238 ejus,
2892 5173 3034 5240 quod
3067 5175 3209 5229 illius
3235 5189 3403 5228 causa
3436 5171 3688 5228 consistit.

2126 5261 2183 5312 Si
2218 5275 2345 5315 vero
2385 5259 2499 5328 ejus
2530 5264 2672 5330 quod
2705 5277 2798 5330 per
2829 5264 2974 5318 aliud
3007 5266 3253 5320 consistit
3291 5281 3422 5334 pars
3465 5279 3688 5318 corrum-

2124 5363 2302 5420 patur,
2339 5368 2441 5407 non
2472 5363 2650 5408 tamen
2683 5371 2906 5411 necesse
2949 5367 3032 5412 est
3075 5359 3189 5428 ejus
3230 5357 3376 5427 quod
3419 5372 3578 5412 causa
3619 5361 3692 5408 est

2125 5446 2450 5500 tonsistendi
2477 5457 2687 5515 partem
2717 5448 2879 5502 ullam
2911 5452 3204 5520 corrumpi.
3231 5449 3369 5504 Cum
3403 5465 3534 5518 ergo
3559 5449 3691 5500 locus

2125 5537 2197 5589 sit
2224 5551 2382 5590 causa
2416 5538 2682 5592 existendi
2722 5540 2769 5593 ei
2804 5544 2878 5594 rei
2911 5558 3030 5610 qua:
3059 5543 3113 5596 in
3145 5556 3210 5596 eo
3234 5551 3352 5606 est,
3399 5539 3690 5595 necessario

2125 5631 2462 5684 concluditur
2489 5646 2592 5684 non
2625 5632 2746 5686 ideo
2771 5645 2978 5703 partem
3005 5635 3237 5703 aliquam
3267 5635 3372 5690 loci
3407 5631 3691 5700 corrumpi.

2125 5724 2250 5789 quia
2294 5726 2497 5792 qumvis
2520 5727 2598 5780 rei
2623 5726 2677 5779 in
2701 5741 2764 5780 eo
2787 5728 3131 5783 consistentis
3154 5743 3274 5797 pars
3298 5737 3696 5797 corrumpatur.

2126 5813 2244 5881 Quo
2269 5831 2546 5882 concesso,
2569 5818 2916 5889 consequitur
2942 5831 2995 5874 et
3022 5818 3122 5875 hoc
3144 5819 3284 5889 quod
3313 5819 3470 5874 locus
3493 5833 3600 5874 non
3621 5814 3696 5871 αι.
