3926 6460
274 400 370 454 561

1771 405 2067 462 DlALOCl.

3451 415 3556 472 563

277 519 447 571 terius
475 533 648 572 causa
681 519 949 575 consistit.
979 520 1058 574 Ad
1087 519 1246 589 hujus
1279 520 1502 575 rationis
1532 520 1856 577 evidentiam
1893 531 1937 586 Λ
1967 533 2153 577 cuncta
2183 539 2300 595 qua:
2329 525 2524 595 fecerat
2551 534 2601 580 et
2628 534 2778 580 erant
2807 525 2954 580 valde
2985 526 3119 580 bona
3155 526 3311 598 (Cen.
3340 528 3413 599 t),
3449 545 3557 587 non

284 611 437 664 talem
469 610 799 666 inducamus
827 611 1228 666 similitudinem
1255 610 1341 666 :Si
1367 623 1604 666 montem
1634 612 1868 681 aliquem

285 699 352 756 de
381 699 627 769 qualibet
665 701 848 753 mundi
881 709 1033 768 parte
1055 701 1290 754 ablatum
1313 701 1582 765 dicamus,
1611 717 1715 754 non
1749 701 1860 758 idea

289 788 432 844 locus
459 790 548 843 ille
583 793 636 844 in
671 807 780 859 quo
801 791 1152 854 consistebat,
1178 801 1262 846 est
1289 792 1633 845 imminutus.
1663 792 1868 846 Nomen

289 883 468 951 itaque
515 883 809 951 pristinum
858 883 1125 951 perdidit,
1171 885 1293 952 quia
1336 884 1445 951 jam
1485 883 1629 937 illius
1671 885 1869 940 montis

288 975 432 1028 locus
460 976 646 1028 vocari
677 991 779 1027 non
813 975 1031 1044 poterit,
1065 977 1158 1030 sed
1187 975 1505 1028 universalis
1535 975 1634 1030 loci
1670 977 1866 1031 ibidem

286 1074 339 1120 et
368 1081 564 1119 nomen
601 1075 654 1120 et
691 1079 878 1118 natura
915 1068 1193 1120 remansit.
1221 1067 1430 1121 Rursus
1459 1069 1746 1138 cujuslibet
1775 1071 1868 1124 ho-

287 1156 445 1212 minis
465 1172 685 1211 servum
717 1167 983 1211 mortuum
1005 1159 1228 1213 dixeris.
1253 1159 1506 1229 Nunquid
1529 1161 1654 1230 quia
1679 1177 1869 1216 servus

286 1259 363 1304 est
411 1259 681 1313 mortuus,
726 1249 846 1303 ideo
891 1249 1145 1304 dominus
1180 1267 1309 1304 suns
1352 1267 1472 1304 esse
1515 1250 1624 1317 jam
1671 1252 1867 1306 desiit?

285 1339 418 1396 Non.
462 1341 558 1394 scil
591 1340 792 1394 domini
823 1349 1031 1393 tantum
1066 1357 1260 1394 nomen
1292 1343 1434 1410 quod
1463 1342 1582 1412 ejus
1618 1352 1864 1411 respectu

288 1432 516 1486 habebat
545 1431 747 1484 amisit.
796 1431 948 1486 Patet
994 1447 1124 1502 ergo
1154 1433 1294 1500 quod
1323 1434 1524 1488 dimeta
1559 1448 1614 1487 re
1645 1449 1766 1503 qua:
1812 1435 1863 1488 in

287 1522 399 1576 loco
430 1521 676 1591 quolibet
703 1531 814 1582 est,
848 1521 1091 1591 partialis
1138 1523 1324 1591 utique
1367 1523 1470 1576 loci
1521 1539 1713 1578 nomen
1747 1540 1865 1577 me-

287 1621 452 1677 tatur,
485 1611 580 1667 sed
619 1613 717 1667 loci
753 1614 1051 1667 substantia
1097 1613 1318 1667 minime
1360 1613 1584 1668 tollitur.
1620 1615 1697 1668 De
1729 1624 1865 1669 tem-

287 1720 413 1776 pore
440 1706 604 1758 etiam
637 1706 713 1758 ait
736 1705 864 1775 quia
892 1713 977 1758 est
1017 1706 1319 1759 substantia
1356 1721 1452 1774 per
1486 1721 1545 1760 se
1591 1706 1857 1766 existens.

285 1807 338 1853 ct
361 1814 465 1852 non
494 1799 765 1862 accidens,
792 1800 932 1867 quod
956 1799 1180 1854 alterius
1207 1815 1370 1854 causa
1396 1800 1682 1864 subsistat,
1712 1801 1860 1856 verbi

1973 625 2058 671 est
2085 617 2468 686 inquirendum
2496 635 2594 673 cur
2625 620 2738 674 haec
2765 634 2870 673 non
2903 619 3096 676 fecerit
3124 630 3304 675 antea.

2044 706 2274 763 Movsss.
2316 707 2470 769 .Iuste
2505 710 2598 764 tibi
2632 727 2662 764 a
2695 710 2804 765 Deo
2825 720 2954 781 opto
2989 724 3241 783 magnum
3271 714 3555 784 praemium

1971 799 2112 862 dari,
2153 816 2218 854 eo
2257 802 2398 866 quod
2431 803 2782 871 quaestionem
2833 819 2936 858 non
2982 805 3320 860 credentium
3368 808 3555 862 mundi

1971 891 2413 948 constitutionem
2447 904 2636 948 contra
2664 895 2949 951 credentes
2978 905 3086 950 tam
3132 897 3405 953 subtiliter
3435 915 3558 970 per.

1971 983 2200 1039 solvisti.
2252 985 2406 1039 Nunc
2451 987 2594 1055 quod
2637 987 2991 1054 supradixisti
3043 988 3167 1044 volo
3217 991 3554 1059 patefacias,

1970 1072 2238 1138 quomodo
2259 1075 2437 1128 omnia
2463 1091 2527 1128 ex
2550 1074 2931 1143 conjunctione
2957 1077 3150 1131 anima:
3175 1095 3296 1134 cum
3327 1081 3554 1135 materia

1970 1161 2234 1230 gradatim
2265 1172 2394 1218 sunt
2423 1162 2584 1218 facta.

2041 1249 2272 1306 Psrnus.
2307 1253 2504 1306 Dicunt
2529 1253 2836 1324 philosophi
2865 1256 2992 1324 quia
3022 1272 3146 1311 cum
3181 1259 3466 1326 conjuncta
3502 1270 3557 1313 et

1968 1341 2339 1406 conglutinata
2389 1343 2633 1398 materiei
2672 1357 2758 1398 est
2799 1347 2978 1399 anima
3020 1348 3254 1416 primum
3312 1351 3552 1404 omnium

1969 1431 2258 1486 formatum
2292 1441 2406 1497 cst,
2439 1444 2493 1489 et
2524 1436 2887 1504 compositum
2919 1436 3319 1490 firmamentum
3354 1439 3550 1508 majus,

1968 1521 2021 1576 in
2052 1538 2159 1592 quo
2191 1524 2334 1578 nulla
2373 1536 2499 1580 sunt
2546 1529 2758 1593 sidera,
2808 1539 2864 1581 et
2906 1528 3050 1598 quod
3094 1529 3328 1584 circulos
3361 1544 3555 1584 omnes

1966 1615 2097 1672 facit
2127 1620 2350 1674 moveri.
2388 1620 2517 1676 Post
2548 1621 2674 1674 illud
2707 1633 2884 1676 autem
2919 1621 3182 1676 formatus
3213 1633 3297 1677 est
3327 1623 3555 1694 signifer

1965 1708 2204 1762 circulus
2238 1709 2288 1762 in
2313 1727 2422 1778 quo
2450 1711 2734 1766 duodecim
2763 1713 3000 1767 emicant
3023 1713 3193 1784 signa.
3223 1711 3407 1768 Tertio
3436 1713 3553 1767 loco

1968 1795 2143 1851 factus
2171 1808 2252 1852 est
2275 1799 2506 1856 cirCqus
2532 1801 2792 1866 siderum,
2818 1817 2938 1872 qua:
2964 1817 3179 1872 semper
3203 1803 3366 1856 situm
3393 1818 3552 1857 suum

287 1891 479 1959 gratia,
512 1891 557 1944 si
597 1905 858 1960 ponamus
887 1906 980 1945 vas
1009 1907 1132 1946 cum
1162 1907 1300 1961 aqua
1331 1893 1395 1945 ad
1426 1892 1858 1962 cognoscendum
1895 1896 1938 1955 Β
1966 1891 2258 1954 servantia,
2293 1891 2345 1945 in
2381 1894 2496 1948 suis
2533 1893 2663 1948 locis
2691 1895 2989 1963 perdurant
3015 1895 3142 1950 fixa.
3176 1896 3380 1962 Quarto
3409 1895 3551 1967 loco,

287 1990 494 2051 tempus
533 1982 866 2052 singularum
901 1984 1157 2038 horarum
1182 2025 1196 2046 ,
1242 1999 1346 2038 non
1377 1986 1750 2040 mstimandum
1781 1995 1864 2040 est

287 2088 380 2127 vas
418 2073 548 2128 illud
595 2090 756 2130 causa
792 2076 1089 2138 existendi,
1139 2077 1232 2131 sed
1281 2086 1486 2131 tantum
1524 2077 1862 2132 discernendi

286 2169 494 2236 signant
543 2169 799 2236 temporis
843 2183 983 2223 esse.
1035 2168 1218 2237 Neque
1266 2170 1408 2223 enim
1459 2169 1616 2224 aliter
1654 2179 1865 2240 tempus

285 2258 522 2311 eveniret
553 2266 606 2312 et
635 2259 679 2312 si
717 2274 808 2313 vas
842 2259 970 2312 illud
1002 2275 1107 2312 non
1149 2267 1310 2312 esset.
1344 2258 1423 2311 Ad
1461 2259 1605 2314 hunc
1645 2275 1862 2329 quoque

287 2351 498 2403 modum
543 2350 802 2406 debemus
870 2350 1168 2422 intelligere
1213 2351 1612 2405 firmamentum
1661 2367 1865 2420 nequa-

287 2455 441 2508 quam
487 2455 732 2507 causam,
775 2443 867 2495 sed
911 2458 1222 2494 nicnsnram
1270 2451 1325 2496 et
1369 2441 1581 2510 signum
1629 2451 1864 2497 tantum-

289 2533 441 2587 modo
486 2536 746 2602 temporis
789 2551 938 2600 esse,
973 2537 1064 2589 sed
1111 2545 1320 2604 tempus
1351 2537 1552 2590 scilicet
1592 2537 1861 2606 simplum,

287 2624 399 2678 sine
444 2627 598 2695 signo
638 2636 694 2682 et
738 2644 1022 2693 mensura,
1065 2638 1117 2682 ct
1160 2629 1264 2682 ulla
1309 2629 1634 2684 discretione
1681 2641 1861 2695 esset,

287 2717 421 2770 sicut
451 2728 505 2771 et
535 2727 746 2788 tempus
781 2723 1035 2774 horarum
1067 2722 1172 2776 diei
1209 2721 1560 2778 indiscretum
1595 2733 1860 2786 maneret,

289 2815 328 2864 si
359 2827 448 2866 vas
481 2827 602 2865 cum
631 2828 768 2881 aqua
817 2813 1084 2880 signatum
1113 2829 1217 2867 non
1253 2825 1419 2870 esset.
1449 2813 1602 2870 Nunc
1635 2817 1706 2870 ita
1742 2817 1865 2871 bre-

291 2909 420 2958 viter
460 2905 638 2957 mnuia
684 2905 1086 2961 concludamus.
1126 2906 1415 2961 Probatum
1445 2918 1529 2963 est
1553 2909 1718 2964 Deum
1749 2925 1866 2964 om-

291 2996 429 3047 nium
465 3011 645 3048 rerum
674 3011 794 3049 esse
822 2995 1102 3061 factorem,
1135 3012 1294 3065 quem
1322 3014 1418 3052 sua
1444 2999 1600 3054 nobis
1627 3000 1865 3055 indicant

291 3103 466 3154 opera,
494 3089 617 3154 quia
643 3087 710 3142 de
740 3089 977 3157 perfecta
1004 3089 1270 3158 prodeunt
1299 3092 1594 3161 sapientia;
1627 3096 1860 3148 animam

295 3189 464 3233 autem
489 3190 542 3233 et
570 3179 770 3235 factam
793 3196 932 3243 esse,
955 3190 1012 3235 et
1035 3181 1335 3250 factrieem,
1360 3185 1486 3254 quia
1511 3183 1642 3239 facit
1663 3184 1864 3254 aliquid

1969 1979 2188 2035 Saturni
2230 1981 2438 2037 locatus
2461 1992 2546 2038 est
2569 1985 2830 2039 circulus.
2857 1985 3059 2053 Quinto
3091 1999 3268 2042 autem
3292 1989 3441 2044 Jovis
3469 1997 3556 2044 est

1965 2071 2114 2127 orbis
2145 2073 2368 2129 Iocatus.
2398 2075 2622 2130 Sextum
2660 2094 2823 2148 porro
2855 2078 3054 2144 locum,
3085 2080 3271 2134 Martis
3302 2081 3404 2136 sibi
3434 2082 3552 2136 vin-

1967 2165 2111 2220 dicat
2156 2167 2324 2222 ensis.
2375 2165 2620 2238 Septimo
2671 2178 2852 2222 autent
2905 2168 3048 2224 Solis
3096 2172 3332 2227 circulus
3380 2171 3548 2225 lucet.

1967 2255 2228 2311 Octavum
2248 2297 2263 2321 ,
2294 2256 2516 2314 Veneris
2544 2260 2786 2329 possidet
2810 2261 3016 2330 globus.
3051 2259 3261 2315 Nonum
3289 2302 3303 2327 ,
3339 2261 3550 2317 Mercu-

1968 2350 2079 2404 rius
2104 2350 2330 2406 sortitus
2363 2360 2480 2412 est.
2513 2351 2603 2405 dat
2633 2350 2773 2405 lun:e
2811 2359 2990 2422 partes
3016 2352 3260 2407 decimus
3294 2352 3442 2407 locus
3473 2353 3553 2406 iu-

1967 2441 2216 2498 feriores.
2267 2442 2362 2499 His
2409 2458 2542 2498 vero
2588 2443 2809 2498 circulis
2855 2443 3141 2512 completis
3191 2444 3443 2499 omnibus
3496 2453 3552 2500 et

1966 2533 2176 2587 cunctis
2205 2547 2326 2602 quas
2372 2533 2424 2586 in
2472 2533 2553 2587 eis
2582 2543 2738 2596 sunt,
2772 2542 2900 2587 tunc
2927 2533 3092 2602 ccepit
3121 2542 3299 2588 motus
3331 2537 3434 2588 iste
3465 2549 3552 2586 ro-

1969 2623 2187 2689 tundus,
2221 2624 2312 2693 qui
2343 2624 2543 2678 dicitur
2573 2625 2801 2693 simplex
2830 2632 2886 2678 et
2915 2623 3190 2694 perfectus
3210 2668 3224 2690 ,
3267 2635 3322 2679 et
3367 2627 3554 2695 genuit

1969 2715 2058 2770 ille
2103 2727 2282 2771 motus
2323 2717 2376 2770 in
2423 2717 2650 2771 materia
2691 2715 2966 2782 calorem‘,
2997 2718 3088 2786 qui
3115 2716 3317 2772 effusus
3345 2727 3428 2772 est
3456 2732 3555 2788 per

1967 2823 2086 2863 eam
2114 2809 2336 2879 ipsaque
2364 2825 2485 2866 eum
2516 2810 2816 2881 receperit,
2848 2818 2902 2866 et
2933 2810 3056 2866 inde
3082 2809 3224 2865 farta
3257 2820 3384 2866 sunt
3415 2826 3552 2880 qua-

1970 2910 2090 2954 tuor
2128 2900 2392 2956 elementa
2427 2902 2625 2971 :ignis,
2665 2917 2786 2967 aer,
2829 2918 2968 2972 aqua
3011 2911 3067 2958 et
3117 2912 3284 2957 terra.
3327 2903 3554 2959 Constat

1968 3000 2150 3046 autem
2201 2992 2325 3062 quia
2374 2993 2552 3047 oumis
2601 3002 2780 3047 motus
2823 2993 2914 3062 qui
2963 2993 3030 3047 de
3077 2992 3256 3062 aliquo
3303 3004 3554 3048 movente

1969 3083 2230 3153 procedit,
2259 3093 2314 3138 et
2341 3085 2520 3139 omnis
2540 3085 2714 3140 virtus
2741 3084 3028 3153 cujuslibet
3057 3085 3284 3140 virtuosi
3307 3127 3322 3150 ,
3349 3096 3556 3155 quanto

1972 3174 2299 3242 proximiora
2331 3184 2459 3229 sunt
2486 3175 2571 3228 his
2601 3175 2668 3230 de
2695 3175 2892 3244 quibus
2921 3175 3213 3244 prodeunt,
3247 3184 3399 3230 tanto
3431 3191 3550 3230 ma-

293 3271 344 3326 in
374 3272 594 3325 materia
615 3311 630 3335 ,
658 3285 758 3326 nec
787 3280 969 3326 tamen
996 3249 1350 3343 corpoream,
1379 3249 1594 3346 iempus
1623 3249 1783 3330 etiam
1816 3285 1870 3330 et
1896 3249 1938 3306 (ἶ
1965 3268 2140 3336 jorem
2170 3268 2276 3322 vim
2306 3277 2360 3324 et
2384 3268 2756 3324 fortitudinem
2792 3271 3079 3336 obtinent,
3119 3281 3430 3342 quantoque
3461 3288 3552 3328 re-

291 3363 458 3418 larum
507 3379 602 3433 per
650 3379 711 3418 se
752 3364 1040 3418 existentia
1084 3380 1190 3419 non
1239 3381 1520 3435 corporea,
1569 3367 1662 3422 sed
1691 3377 1866 3421 tamen

293 3455 662 3510 sabstantialia
693 3470 846 3520 esse,
889 3456 1174 3510 materiam
1217 3472 1344 3512 vero
1376 3457 1572 3513 factam
1618 3459 1863 3528 quidem,

295 3551 383 3601 sed
409 3545 688 3601 factricem
721 3562 828 3600 non
858 3561 997 3600 esse.

367 3637 588 3690 Movsss.
621 3638 837 3708 Aperta:
877 3637 1073 3691 rationi
1111 3636 1334 3691 claritas
1382 3636 1450 3690 de
1487 3645 1702 3705 pectore
1750 3650 1869 3689 meo

301 3732 454 3784 totius
487 3731 842 3785 dubitationis
879 3730 1086 3799 expulit
1117 3731 1389 3785 tenebras.
1420 3728 1656 3798 Cognovi
1696 3729 1868 3798 siqui-

297 3821 410 3874 dem
449 3821 706 3875 ll‘lllldum
737 3836 860 3876 cum
891 3823 1141 3876 omnibus
1182 3837 1304 3891 qua:
1335 3821 1388 3873 in
1417 3833 1482 3874 eo
1513 3829 1637 3872 sunt
1667 3818 1866 3872 factum

297 3928 428 3977 esse,
459 3929 564 3966 non
593 3923 876 3968 teternum.
904 3910 1008 3966 Sed
1035 3913 1136 3966 hoc
1165 3913 1262 3966 tibi
1295 3919 1464 3966 restat
1493 3910 1558 3965 ad
1585 3909 1659 3963 tui
1687 3910 1868 3977 operis

297 4006 698 4075 perfectionem,
730 4014 917 4061 contra
948 4019 1042 4059 eos
1083 4004 1334 4059 videlicet
1373 4003 1466 4073 qui
1510 4003 1767 4057 mundum
1799 4003 1868 4056 ab

299 4109 493 4153 :eterno
543 4101 730 4153 dicunt
771 4098 964 4160 fuisse,
1004 4097 1240 4167 aliquam
1291 4111 1410 4165 qua:
1453 4095 1702 4150 destruat
1740 4095 1869 4148 dare

303 4191 580 4244 rationem.
612 4189 802 4243 Dicunt
829 4190 972 4242 enim
1002 4189 1073 4241 ita
1105 4207 1117 4242 :
1149 4187 1286 4255 Quid
1319 4187 1491 4240 visum
1518 4197 1600 4240 est
1625 4185 1868 4240 Creatori

301 4295 526 4346 summo,
558 4283 610 4335 in
642 4291 751 4335 tam
783 4279 958 4334 subita
995 4288 1048 4334 et
1093 4279 1302 4335 novella
1347 4294 1529 4334 rerum
1561 4279 1868 4341 creatione,

301 4387 416 4427 cum
461 4389 556 4427 eas
596 4373 913 4441 jamdudum
946 4388 1050 4426 non
1093 4373 1369 4427 creasset?
1401 4371 1560 4427 Nefas
1589 4373 1732 4427 enim
1763 4380 1870 4437 est,

304 4465 578 4535 inquiunt,
622 4467 846 4521 credere
891 4467 957 4520 de
994 4468 1102 4520 Deo
1147 4467 1291 4535 quod
1335 4465 1536 4535 aliquid
1570 4465 1652 4520 vel
1685 4479 1870 4521 recor-

303 4560 453 4612 datus
480 4559 664 4623 fuerit,
691 4559 771 4614 vel
796 4559 975 4613 subito
997 4559 1214 4624 viderit,
1239 4559 1380 4628 quod
1403 4559 1530 4614 olim
1555 4567 1646 4612 aut
1673 4557 1871 4612 oblitus

300 4661 436 4706 esset
464 4660 556 4706 ant
583 4667 688 4706 non
726 4652 966 4705 vidisset.
999 4649 1197 4704 Contra
1230 4649 1368 4704 hanc
1397 4664 1582 4704 eorum
1620 4649 1872 4716 quaestio-

302 4758 441 4808 nem,
470 4742 671 4798 nullam
701 4742 930 4797 antehac
961 4741 1142 4795 inveni
1172 4741 1518 4795 solutionem.

368 4836 597 4891 PB'I'BUS.
633 4833 803 4889 Nosse
833 4833 996 4888 debes
1035 4832 1278 4886 omnium
1314 4832 1588 4887 actionum
1620 4839 1730 4884 tres
1755 4843 1874 4883 esse

301 4927 518 4981 radices.
564 4925 722 4980 Actio
753 4925 894 4978 enim
945 4924 1046 4978 alia
1091 4931 1176 4977 est
1213 4936 1334 4994 qua:
1383 4921 1541 4977 debet
1579 4936 1729 4983 esse,
1770 4920 1872 4974 alia

301 5035 414 5088 qua»
441 5034 570 5082 non,
604 5018 707 5072 alia
739 5017 1054 5085 simpliciter
1086 5017 1248 5070 bona.
1279 5015 1369 5070 Illa
1403 5030 1524 5084 quae
1554 5015 1716 5068 debet
1753 5028 1874 5068 esse

303 5111 418 5164 talis
441 5121 542 5176 est,
577 5126 740 5180 quant
766 5111 810 5166 si
839 5109 1027 5173 facias,
1056 5118 1237 5178 grates
1267 5108 1523 5173 habebis;
1549 5107 1594 5163 si
1620 5123 1746 5162 vero
1771 5123 1874 5160 non

305 5203 486 5269 facias,
517 5203 845 5274 culpaberis.
881 5201 1014 5269 Quae
1047 5217 1178 5256 vero
1210 5217 1314 5255 non
1349 5199 1509 5255 debet
1538 5213 1678 5265 esse,
1713 5198 1756 5252 si
1796 5196 1877 5251 fa-

303 5297 410 5351 cias
435 5308 620 5367 gratus
644 5296 786 5359 eris;
823 5295 868 5349 si
891 5311 1022 5349 vero
1059 5311 1165 5350 non
1195 5293 1382 5360 facias,
1415 5307 1521 5346 non
1552 5301 1732 5346 tamen
1763 5291 1878 5344 cul-

304 5391 532 5458 paberis.
580 5389 707 5444 Htec
748 5389 939 5443 ultima
967 5398 1022 5444 et
1048 5402 1300 5442 mensura
1331 5393 1487 5440 caret
1528 5394 1578 5439 et
1612 5393 1878 5453 tempore,

305 5481 448 5534 velut
475 5481 521 5536 si
553 5481 676 5550 quis
702 5479 864 5534 hodie
893 5477 1290 5550 eleemosynam
1327 5477 1516 5541 faciat,
1545 5490 1652 5530 non
1682 5487 1765 5532 est
1791 5477 1876 5530 in-

305 5573 594 5639 quirendus
621 5585 793 5643 quare
816 5585 922 5625 non
950 5570 1142 5624 fecerit
1176 5570 1315 5624 lteri.
1349 5568 1612 5622 Similiter
1635 5566 1680 5622 si
1711 5583 1875 5621 unum

307 5667 509 5720 dederit
535 5679 821 5722 nummum
841 5702 858 5724 ,
892 5678 996 5718 non
1026 5673 1109 5717 est
1149 5659 1552 5731 investigandus
1575 5673 1746 5729 quare
1771 5675 1877 5714 non

309 5756 509 5810 dederit
530 5756 689 5812 duos.
722 5754 791 5808 Et
813 5753 1066 5823 quoniam
1099 5752 1264 5808 totius
1299 5750 1484 5806 mundi
1514 5758 1764 5806 creatura
1796 5758 1880 5804 est

306 5845 460 5918 bona,
503 5854 642 5904 teste
677 5846 849 5902 etiam
889 5841 1167 5913 Scriptura
1208 5859 1330 5913 qua:
1378 5843 1496 5898 ait:
1549 5839 1694 5898 Vidit
1739 5841 1877 5898 Deus

1973 3360 2199 3413 ntotiora
2221 3360 2289 3415 ab
2308 3359 2389 3414 eis
2412 3359 2631 3426 fuerint,
2660 3371 2808 3416 tanto
2833 3363 3079 3417 molliora
3102 3374 3265 3434 atque
3287 3365 3550 3420 debiliora

1974 3450 2288 3503 redduntur.
2323 3450 2476 3518 Quod
2505 3454 2758 3522 quoniam
2790 3454 2861 3507 ita
2910 3463 3013 3518 est,
3042 3464 3193 3524 patet
3237 3456 3364 3526 quia
3401 3456 3553 3510 calor

1972 3540 2060 3595 ille
2086 3542 2176 3610 qui
2209 3543 2274 3598 de
2301 3553 2449 3598 motu
2481 3547 2807 3600 lirtnamenti
2843 3548 3136 3616 processit,
3173 3548 3224 3602 in
3259 3548 3393 3604 locis
3423 3550 3551 3604 vici-

1972 3635 2214 3690 nioribus
2261 3638 2430 3693 multo
2474 3639 2596 3708 plus
2643 3639 2903 3708 incaluit,
2931 3651 2986 3698 et
3025 3658 3380 3697 concremans
3416 3641 3547 3707 fuit,

1974 3729 2252 3799 factusque
2284 3731 2420 3800 ignis
2449 3743 2530 3787 est
2565 3734 2816 3789 videlicet
2837 3735 2994 3789 siccae
3021 3744 3227 3789 naturae
3255 3743 3311 3790 et
3336 3735 3547 3790 calidae.

1971 3819 2106 3884 Quia
2142 3835 2269 3874 vero
2303 3822 2572 3890 paulisper
2601 3824 2747 3878 calor
2778 3825 2864 3878 ille
2893 3824 3110 3895 longius
3146 3842 3176 3877 a
3208 3825 3552 3878 firmamento

1974 3914 2216 3973 recessit,
2243 3912 2350 3966 vim
2381 3929 2530 3967 suam
2557 3915 2669 3981 jam
2713 3916 2983 3970 modicum
3015 3918 3273 3972 amittens
3303 3917 3550 3986 aliquan-

1974 4004 2142 4057 tulum
2181 4006 2370 4074 tepuit,
2397 4017 2450 4060 et
2478 4008 2707 4063 debilior
2739 4006 2858 4069 fuit,
2890 4011 2982 4063 sed
3021 4018 3074 4064 et
3105 4025 3164 4064 se
3193 4009 3294 4062 hac
3322 4009 3552 4078 illacque

1972 4097 2285 4160 commovit,
2316 4097 2458 4150 unde
2485 4097 2622 4150 facta
2653 4107 2737 4151 est
2766 4109 2971 4154 natura,
2992 4099 3134 4152 aeris
3163 4097 3335 4151 calida
3367 4109 3421 4151 et
3453 4099 3552 4151 hu-

1975 4187 2136 4241 mida.
2179 4187 2366 4244 Omnis
2395 4190 2538 4244 enim
2581 4191 2733 4245 calor
2774 4193 3011 4262 quandiu
3056 4190 3392 4245 fortissimus
3432 4201 3548 4253 est,

1974 4275 2210 4331 desiccat
2247 4287 2300 4331 et
2326 4278 2620 4334 comburit.
2654 4281 2728 4334 Ex
2772 4297 2879 4349 quo
2905 4295 3034 4336 vero
3067 4279 3331 4350 tepescit,
3360 4277 3548 4332 rnolle-

1975 4384 2130 4424 scere
2156 4386 2265 4424 rem
2293 4387 2356 4426 ac
2387 4372 2649 4442 liquefieri
2682 4374 2829 4427 facit.
2859 4374 3136 4440 Quomodo
3159 4382 3340 4428 autem
3375 4372 3553 4427 adhuc

1974 4459 2186 4530 longius
2223 4477 2253 4516 a
2305 4462 2651 4517 firmamento
2692 4463 2938 4525 recessit,
2970 4463 3153 4517 radice
3184 4461 3337 4532 quasi
3368 4461 3555 4531 procul

1973 4553 2241 4609 existente
2266 4554 2504 4625 vigorem
2539 4555 2743 4620 amisit,
2766 4565 2818 4609 et
2848 4555 2965 4610 ideo
2989 4563 3176 4610 natura
3207 4554 3398 4626 frigida
3434 4571 3560 4625 per-

1975 4648 2132 4712 stitit,
2173 4657 2225 4703 et
2253 4649 2392 4704 facta
2421 4661 2503 4704 est
2531 4648 2728 4718 liquida
2756 4657 2810 4701 et
2847 4647 3167 4718 ponderosa.
3203 4645 3267 4701 Et
3292 4646 3555 4716 quoniam

1975 4739 2188 4809 longius
2210 4741 2386 4796 adhuc
2412 4757 2576 4812 quam
2607 4751 2719 4795 erat
2743 4755 2772 4793 a
2798 4738 3142 4794 firmamento
3166 4739 3414 4804 recessit,
3442 4739 3558 4808 ipsa

1976 4831 2290 4898 frigiditatis
2318 4842 2513 4886 natura
2542 4841 2762 4902 propter
2790 4832 3015 4886 nimiam
3051 4832 3403 4887 remotionem
3435 4833 3561 4887 red-

1977 4921 2086 4974 dita
2131 4931 2216 4976 est
2258 4921 2486 4986 fortior,
2531 4921 2789 4990 spissior,
2840 4920 3202 4992 congelatior,
3248 4930 3304 4976 et
3346 4921 3558 4986 durior,

1977 5011 2229 5082 factaque
2250 5013 2394 5068 sicca
2419 5022 2475 5067 et
2504 5012 2718 5082 frigida,
2746 5023 2801 5067 et
2827 5013 2941 5082 ipsa
2973 5023 3056 5068 est
3085 5022 3250 5068 terra.
3277 5011 3558 5082 Completa

1978 5104 2160 5173 itaque
2197 5105 2299 5158 hoc
2335 5106 2497 5160 modo
2528 5105 2922 5160 elementorum
2950 5115 3144 5158 natura
3173 5105 3342 5158 movit
3366 5119 3430 5157 ea
3462 5118 3560 5156 na.

1979 5203 2124 5259 tura,
2169 5204 2226 5250 et
2263 5196 2346 5252 vis
2387 5197 2712 5251 firmamenti
2737 5239 2753 5262 ,
2791 5196 2858 5251 ad
2896 5196 3196 5252 faciendam
3227 5195 3556 5248 voluntatem

1977 5295 2034 5340 et
2062 5287 2356 5356 jussionem
2390 5289 2506 5343 Dei.
2533 5289 2778 5359 Cumque
2806 5289 2891 5344 vis
2919 5287 3244 5342 firmamenti
3284 5285 3362 5340 sic
3388 5299 3452 5339 ea
3489 5283 3557 5338 ad

1979 5380 2209 5434 invicem
2241 5389 2434 5434 cuncta
2465 5380 2745 5446 movisset,
2783 5379 3065 5435 commista
3097 5377 3301 5449 pariter
3333 5384 3390 5430 et
3423 5387 3556 5429 con-

1973 5471 2158 5541 juncta
2193 5471 2334 5524 inter
2362 5487 2421 5525 se
2453 5481 2598 5536 sunt,
2630 5484 2686 5526 et
2716 5487 2782 5526 ex
2813 5473 2928 5541 ipsa
2956 5485 3142 5525 eorum
3173 5466 3554 5522 commistione

1981 5564 2158 5634 genita
2181 5573 2306 5618 sunt
2327 5565 2432 5618 alia
2458 5565 2669 5620 minora
2694 5579 2942 5632 corpora,
2971 5562 3291 5624 inanimata,
3315 5559 3553 5612 animata

1979 5666 2035 5710 et
2076 5656 2350 5711 animalia.
2394 5656 2696 5711 lnanimata
2739 5654 2986 5725 quidem,
3013 5662 3074 5707 ut
3102 5652 3310 5722 lapides
3345 5657 3401 5705 et
3436 5665 3556 5705 tne-

1981 5748 2146 5814 talla,
2197 5747 2409 5817 aliaque
2458 5763 2579 5816 qua:
2622 5747 2764 5801 intra
2816 5755 3013 5800 terram
3064 5743 3410 5799 continentur
3449 5754 3552 5794 nec

1981 5853 2254 5908 crescunt,
2294 5853 2352 5898 ut
2390 5843 2574 5897 vivum
2605 5850 2910 5912 argentum,
2956 5837 3200 5907 sulphur,
3233 5846 3291 5893 et
3319 5845 3546 5897 caetera;
