4038 6464
510 405 624 462 663

1453 400 1661 456 PETRI
1699 397 2047 456 ALPIZONSI
2089 397 2180 452 EX
2217 396 2458 453 JUDJEO
2497 397 2886 455 CHIilSTlANl
3632 413 3712 477 5“

512 525 760 579 animata
791 535 940 584 vero,
972 530 1027 572 ut
1051 520 1274 572 arbores
1304 525 1357 570 et
1387 514 1601 576 herhze;
1632 514 1882 567 animalia
1919 523 2098 567 autem
2130 521 2174 575 Α
2207 515 2340 566 seris
2367 522 2558 573 totam,
2589 512 2829 579 nunquid
2851 511 3032 564 omnia
3061 525 3169 565 uno
3196 512 3479 584 eodemque
3505 528 3720 594 tempori.

513 623 572 670 et
600 613 959 672 irrationalia,
994 620 1050 662 ut
1083 611 1259 671 bruta,
1292 619 1346 661 et
1385 608 1682 673 rationale,
1714 607 1764 660 id
1808 616 1890 660 est
1937 607 2098 660 honm

517 708 609 776 qni
659 705 834 759 factus
879 712 961 755 est
1004 710 1125 770 post
1161 702 1363 753 omnia.
1411 701 1598 754 Omnis
1645 701 1808 770 igitur
1849 709 2098 754 creatura

517 799 798 851 exordium
827 796 992 865 cmpit
1017 794 1085 847 ab
1117 794 1407 847 universali
1441 795 1620 846 anima
1643 834 1656 856 ,
1689 802 1741 846 et
1775 793 2100 846 terminatur

517 891 571 943 in
603 889 818 942 homine
845 887 1109 954 gradatim
1151 887 1220 940 ab
1254 901 1362 939 uno
1406 885 1459 938 in
1492 885 1636 938 aliud
1669 886 1927 953 migrans.
1963 884 2102 936 Sunt

517 981 681 1046 igitur
700 978 879 1032 anima
907 988 1071 1046 atque
1107 977 1334 1032 materia
1370 976 1600 1045 simplaa,
1620 987 1675 1030 et
1703 976 1942 1031 omnium
1973 976 2101 1028 sub-

511 1073 780 1142 jectorum
823 1070 1076 1124 ineffabili
1119 1070 1611 1125 summiCreatoris
1635 1069 1954 1138 disponente
1977 1083 2100 1135 pro-

514 1165 754 1218 videntia
787 1163 1057 1218 factrices.
1101 1163 1370 1230 Quidquid
1412 1172 1589 1216 autem
1638 1162 1706 1214 ab
1748 1162 1831 1216 his
1875 1161 2102 1214 inferius

515 1265 620 1319 est,
661 1256 882 1326 superni
932 1255 1161 1309 rectoris
1200 1254 1463 1308 voluntati
1508 1255 1926 1323 obtemperans,
1975 1253 2098 1306 facti

519 1347 723 1416 pariter
764 1355 819 1400 et
860 1346 1109 1401 facientis
1159 1355 1305 1400 tenet
1344 1345 1596 1400 oﬁicium.
1639 1345 1920 1415 Singulum
1955 1346 2099 1399 enim

520 1455 709 1492 eorum
739 1449 792 1492 et
823 1439 883 1492 ﬁt
909 1456 936 1493 a
969 1456 1068 1494 suo
1098 1439 1388 1508 superiori,
1421 1449 1476 1493 et
1510 1437 1640 1493 facit
1671 1453 1826 1491 suum
1875 1436 2101 1491 inferius

522 1530 620 1584 ita.
654 1529 806 1584 Unde
843 1543 899 1584 et
929 1532 996 1586 de
1023 1533 1224 1586 eisdem
1261 1531 1430 1584 David
1457 1531 1716 1599 prOpheta
1749 1529 1822 1582 ita
1858 1529 2102 1598 praecinit

521 1619 751 1674 dicens:
799 1621 1100 1677 Benedicite
1141 1623 1398 1684 Domino,
1441 1621 1614 1674 omnia
1661 1637 1816 1689 Opera
1861 1620 2005 1689 ejus,
2047 1620 2101 1672 in

524 1714 666 1766 omni
715 1713 828 1766 loco
871 1715 1246 1768 dominationis
1285 1715 1398 1783 ejus
1443 1711 1618 1783 (Paul.
1655 1715 1770 1782 CII).
1815 1712 1888 1766 Ea
1935 1714 2100 1767 etiam

523 1804 704 1856 omnia
733 1805 860 1859 licet.
887 1806 1126 1870 diversa,
1163 1807 1232 1858 ita
1267 1815 1444 1858 tamen
1482 1805 1660 1858 divina
1697 1804 1978 1874 restringit
2005 1819 2101 1872 po—

525 1898 692 1950 tentia
713 1939 728 1960 ,
758 1907 815 1950 ut
849 1898 901 1952 in
933 1897 1079 1951 nullo
1113 1898 1326 1966 penitus
1357 1897 1458 1951 sibi
1487 1897 1783 1965 pugnantia
1817 1895 2106 1948 videantur

525 1998 620 2042 aut
648 1990 885 2043 dissona.
924 1989 1077 2056 Quod
1119 1990 1246 2043 item
1297 1988 1460 2043 David
1493 1989 1600 2041 alio
1639 1987 1758 2040 loco
1797 1988 1874 2041 sic
1917 1987 2105 2041 testiﬁ-

523 2089 683 2134 catur
705 2081 914 2134 dieens:
942 2079 1180 2133 Laudent
1209 2097 1395 2133 nomen
1425 2079 1658 2146 Domini,
1685 2081 1808 2149 quia
1835 2079 1943 2146 ipse
1969 2079 2052 2130 dia
2065 2079 2104 2132 it

525 2181 574 2222 et
600 2169 739 2236 facta
764 2179 904 2232 sunt,
934 2171 1042 2234 ipse
1067 2169 1336 2222 mandavit
1367 2178 1414 2221 et
1438 2178 1615 2222 creata
1643 2176 1787 2221 sunt.
1819 2165 2016 2221 Statuit
2043 2184 2102 2220 ea

525 2259 580 2312 in
604 2259 872 2322 swculum,
897 2270 944 2312 et
968 2261 1018 2313 in
1040 2259 1290 2313 sweulum
1312 2259 1514 2322 siccati,
1539 2267 1849 2326 pra’ceptum
1867 2259 2037 2325 posuit
2055 2266 2102 2310 et

524 2368 628 2403 non
658 2351 940 2418 prmteribit
967 2349 1137 2419 (Psal.
1162 2351 1410 2418 CXLVIII).
1442 2349 1548 2402 Sed
1576 2348 1995 2417 unumquodque
2022 2349 2103 2400 in-

525 2442 782 2493 feriorum
833 2441 1127 2508 superioris
1181 2451 1429 2511 respectu
1482 2440 1774 2510 simplum,
1831 2440 2103 2495 inferioris

525 2547 658 2585 vero
687 2531 886 2586 dicitur
916 2531 1300 2600 compositum.
1341 2533 1548 2601 Corpus
1587 2540 1766 2587 autem
1809 2533 2100 2585 humanum

525 2622 669 2691 quod
704 2622 954 2676 omnibus
984 2622 1212 2676 inferius
1238 2631 1322 2677 est
1350 2637 1416 2676 eo
1445 2623 1588 2692 quod
1615 2623 1715 2677 sub
1745 2638 1811 2677 eo
1854 2621 1988 2675 nihil
2019 2631 2103 2676 est

527 2716 594 2768 ad
621 2717 761 2784 quod
792 2715 1044 2785 simplum
1073 2715 1302 2778 dicatur,
1335 2731 1401 2768 ex
1441 2724 1552 2769 toto
1592 2714 1949 2784 compositum
1995 2729 2100 2768 non

527 2807 800 2859 immerito
844 2806 1064 2869 dicitur,
1105 2804 1386 2874 factusque
1425 2815 1510 2860 est
1547 2805 1708 2859 homo
1755 2807 1820 2860 de
1869 2805 2100 2874 simplici

526 2895 752 2952 omnino
791 2906 1077 2961 creatura,
1117 2898 1257 2952 idem
1310 2899 1491 2952 anima
1533 2908 1588 2954 et
1615 2914 1844 2968 corpore
1883 2899 2102 2954 omnino

524 2989 845 3056 cmnposito.
889 2988 1134 3042 Perfudit
1172 2989 1353 3058 itaque
1383 3006 1504 3044 eum
1536 2999 1591 3043 et
1636 2989 1926 3044 illustravit
1963 2991 2102 3046 Deus

522 3098 633 3135 sua:
655 3081 990 3136 celsitudinis
1025 3080 1315 3149 sapientia,
1346 3097 1444 3151 per
1471 3097 1633 3150 quam
1667 3091 2019 3150 cognosceret
2049 3092 2104 3136 et

2201 607 2309 659 ictu
2338 604 2782 672 liquelient?Nou
2814 605 3017 673 utique,
3069 609 3162 657 sed
3212 605 3360 674 prius
3394 625 3528 671 cera.
3571 628 3722 684 postea

2201 699 2311 766 pix.
2333 695 2527 749 dehinc
2553 704 2828 758 stannum,
2857 695 3110 762 deinceps
3132 695 3417 762 plumbum,
3445 712 3551 768 post
3571 712 3720 771 ms,a.t

2201 788 2446 840 ultimum
2483 787 2684 840 ferrum
2722 784 2978 854 liqueﬁet.
3015 785 3249 852 lmputas
3289 786 3441 854 igitur
3482 792 3571 847 hoc
3612 795 3722 864 ignis

2201 880 2407 942 virtuti,
2439 877 2578 946 quod
2603 879 2703 931 alia
2733 879 2852 931 aliis
2899 878 3057 932 citius
3100 876 3374 947 liqueﬁunt
3399 918 3414 943 ,
3467 895 3529 935 an
3570 901 3722 943 eorum

2204 974 2366 1026 varia:
2395 973 2622 1026 ascrihis
2653 971 2955 1024 debilitati?

2273 1064 2503 1120 Movses.
2536 1063 2798 1116 Virtutem
2826 1063 2964 1132 ignis
2993 1066 3234 1117 eamdem
3271 1078 3386 1117 esse
3427 1078 3541 1134 erga
3581 1069 3726 1124 omni:

2202 1172 2360 1212 nemo
2388 1157 2620 1220 dubitat,
2648 1156 2739 1208 sed
2771 1171 2957 1208 eorum
2983 1170 3101 1223 qum
3136 1155 3379 1215 molliora
3426 1166 3542 1210 sunt
3579 1159 3726 1227 citius,

2202 1265 2321 1316 qua:
2345 1262 2470 1300 vero
2493 1247 2712 1300 duriora
2743 1247 2948 1299 tardius
2973 1245 3272 1314 liqueﬁunt.

2272 1341 2507 1395 Peritos.
2539 1339 2740 1393 Eodem
2765 1339 2928 1392 modo
2951 1340 3006 1392 in
3031 1340 3297 1393 creaturis
3320 1341 3490 1394 mundi
3518 1359 3610 1397 non
3646 1346 3728 1400 alia

2202 1435 2268 1488 de
2297 1449 2459 1488 causa
2487 1440 2563 1486 tot
2588 1432 2796 1485 dierum
2829 1432 3076 1485 transivit
3107 1448 3282 1497 mora,
3337 1434 3437 1487 nisi
3477 1438 3589 1503 quia
3615 1455 3731 1507 qua:-

2203 1525 2325 1579 dam
2356 1540 2541 1577 earum
2570 1523 2838 1576 tardiores
2866 1522 3017 1577 fuere
3051 1523 3103 1576 in
3143 1525 3476 1592 suscipienda
3508 1530 3673 1583 forma.

2276 1618 2502 1672 Movses.
2539 1615 2901 1671 Dubitationis
2928 1631 3113 1670 errore
3155 1616 3366 1671 sublato
3391 1617 3495 1687 jam
3535 1624 3732 1680 veritatis

2202 1711 2380 1765 lumen
2402 1711 2623 1780 aSpicio.

2277 1804 2508 1858 Peritos.
2545 1805 2743 1871 Aperta
2788 1801 2921 1856 satis
2970 1810 3025 1855 et
3076 1801 3231 1856 ﬁrma
3281 1803 3494 1857 cuilibet
3540 1815 3606 1859 est
3644 1808 3733 1863 hac

2208 1899 2405 1960 oratio,
2437 1911 2596 1963 quam
2627 1905 2680 1950 et
2709 1903 3149 1965 argumentorum
3176 1906 3231 1948 et
3276 1897 3496 1950 rationis
3541 1899 3735 1967 undique

2207 1987 2360 2040 fulcit
2385 1986 2649 2055 probatio.
2680 1985 2785 2039 Sed
2811 1985 2973 2038 vestri
3007 1985 3283 2048 doctores,
3316 1988 3436 2039 dum
3465 1987 3514 2040 in
3552 1991 3736 2056 quihus-

2205 2079 2327 2131 dam
2364 2077 2712 2144 pertiuacitcr
2743 2075 2896 2130 nobis
2921 2075 3188 2129 obsistere
3203 2086 3486 2142 conantur,
3508 2078 3735 2147 ipsietiatn

2205 2169 2308 2224 sibi
2337 2169 2597 2222 contrarii
2638 2169 3009 2222 inveniuntur.

2276 2260 2507 2315 Movsr-zs.
2541 2259 2666 2314 Mihi
2701 2260 2879 2326 velim,
2931 2261 2976 2315 si
3029 2260 3229 2330 placet,
3284 2261 3490 2315 ostendi
3535 2263 3737 2330 quisnam

2203 2368 2358 2408 error
2385 2353 2485 2406 iste
2511 2353 2581 2405 sit

2277 2444 2512 2499 Peritos.
2545 2442 2899 2497 Dieuntenim
2928 2441 3070 2512 quod
3107 2442 3271 2506 Deus,
3315 2455 3433 2493 cum
3479 2439 3739 2501 ﬁrmamen-

2207 2548 2316 2592 tum
2343 2536 2645 2600 constituit,
2697 2534 2960 2604 perﬁcere
3011 2534 3230 2604 penitus
3277 2532 3461 2587 nolens
3507 2531 3739 2600 cujusdam

2204 2627 2382 2696 magni
2414 2626 2695 2680 loraminis
2717 2625 2950 2693 spatium
2989 2626 3041 2678 in
3066 2623 3474 2694 septentrionali
3503 2631 3639 2692 parte
3664 2621 3743 2674 im-

2205 2719 2504 2790 perfectum
2529 2719 2765 2788 reliquit.
2793 2717 2947 2783 Quod
2967 2718 3038 2771 ob
3060 2718 3163 2771 hoc
3186 2715 3433 2770 videlicet
3451 2730 3563 2767 eum
3585 2713 3742 2766 {scissa

2205 2819 2542 2875 asseverant,
2599 2820 2657 2864 ut
2698 2811 2743 2864 si
2793 2810 2914 2878 quis
2959 2808 3248 2877 aliquando
3295 2819 3578 2874 exsurgens
3616 2813 3662 2856 et
3701 2803 3740 2856 ei

2203 2904 2469 2973 aequalem
2497 2919 2552 2957 se
2581 2903 2784 2956 faciens
2809 2901 2972 2955 Deum
3003 2915 3122 2955 esse
3146 2915 3204 2954 se
3231 2901 3458 2964 diceret,
3486 2899 3589 2967 ipse
3624 2895 3740 2948 Deus

2204 2998 2351 3052 illius
2383 2997 2541 3065 spatii
2585 2995 2970 3064 perfectionem
3013 2994 3063 3048 ei
3091 3001 3387 3062 opponeret
3413 2991 3586 3045 dicens
3612 3006 3623 3040 :
3655 3006 3670 3037 ι
3698 2987 3740 3040 Si

2203 3088 2345 3144 Deus
2366 3105 2426 3143 es
2452 3099 2509 3142 ut
2531 3103 2651 3157 ego,
2702 3086 2878 3140 locum
2912 3086 3058 3139 illum
3094 3084 3285 3138 claude
3318 3084 3361 3137 si
3401 3091 3578 3151 potes,
3614 3092 3742 3146 quem

521 3175 854 3229 discerneret
879 3174 1083 3228 omnia.
1116 3174 1281 3228 Facta
1323 3185 1404 3228 est
1435 3175 1597 3244 igitur
1627 3175 1834 3242 species
1865 3178 2100 3230 lmtninis
2129 3212 2171 3271 Ο
2205 3192 2448 3252 apertum
2482 3180 2669 3249 reliqui
2694 3195 2813 3250 ego.
2839 3199 2858 3230 ι
2894 3179 3004 3232 Iloc
3033 3187 3212 3231 autem
3237 3191 3400 3246 quam
3429 3183 3606 3245 patens
3626 3184 3745 3222 inen-

520 3265 665 3320 inter
685 3281 874 3320 omnes
896 3268 1106 3334 species
1129 3267 1442 3320 animalium
1468 3267 1678 3330 melior,
1705 3277 1758 3322 et
1781 3268 2098 3336 elegantior,

518 3369 572 3413 et
603 3360 654 3412 in
684 3359 934 3412 omnibus
958 3359 1321 3427 prmstantior.
1355 3357 1509 3414 Unde
1533 3360 1674 3414 haud
1703 3359 1900 3429 injuste
1926 3361 2104 3415 minor

520 3453 752 3505 mundus
777 3461 1022 3505 vocatur.

593 3542 820 3597 Movses.
853 3541 984 3596 Rem
1017 3542 1284 3597 dilﬁcilem
1312 3551 1367 3597 et
1401 3543 1586 3598 multis
1624 3544 1908 3598 obscuram
1940 3554 2104 3614 atque

521 3633 790 3702 ignotam,
837 3635 1107 3688 luculento
1132 3643 1186 3689 et
1221 3636 1352 3689 satis
1383 3646 1572 3704 aperto
1601 3652 1854 3691 sermone
1880 3637 2102 3691 demon-

519 3726 730 3788 strasti,
755 3726 972 3793 jamque
999 3726 1064 3779 de
1094 3727 1198 3780 tuis
1227 3727 1406 3780 verbis
1433 3727 1570 3788 istis,
1604 3727 1733 3796 quid
1765 3726 1974 3797 Moyses
2008 3744 2100 3796 po-

522 3817 688 3869 tuerit
719 3816 1023 3884 signiﬁcare
1051 3819 1105 3871 in
1137 3819 1400 3888 principio
1432 3819 1552 3872 libri
1598 3819 1870 3874 Geneseos
1907 3835 2102 3874 sectm-

522 3905 649 3958 dom
691 3906 1084 3975 philosophiam
1130 3916 1316 3977 aperte
1362 3908 1622 3978 intelligo.
1668 3909 1756 3963 Ait
1799 3909 1988 3963 enim:
2032 3907 2100 3963 In

520 3998 778 4066 principio
801 3999 989 4052 creavit
1012 3998 1150 4052 Dens
1178 3998 1360 4052 caelum
1387 4008 1437 4052 et
1463 4009 1656 4054 terram
1682 4000 1834 4071 (Gen.
1871 4001 1932 4070 l),
1958 4002 2097 4054 idem

524 4091 758 4142 animam
796 4091 1153 4144 universalem
1178 4098 1341 4159 atque
1371 4092 1678 4145 materiam.
1705 4092 2099 4161 Gradatimque

519 4198 709 4236 (uttle
733 4185 1070 4238 enumeravit
1097 4193 1396 4246 creaturas,
1425 4185 1597 4238 donec
1629 4187 1877 4254 pervenit
1906 4186 1972 4238 ad
2004 4187 2099 4238 ho-

523 4275 751 4339 minem,
781 4277 868 4343 qui
898 4292 996 4344 per
1023 4277 1234 4330 diermn
1267 4277 1667 4331 successionem
1696 4287 1850 4330 sexto
1880 4282 2097 4332 tandem

520 4366 607 4422 die
636 4376 720 4421 est
749 4379 987 4422 creatus.
1017 4368 1122 4423 Sed
1168 4371 1220 4422 iu
1263 4371 1366 4423 hoc
1407 4369 1512 4421 alia
1556 4369 1880 4436 quibusdam
1929 4371 2094 4423 Deum

519 4461 704 4512 mundi
730 4462 1042 4515 Creatorem
1075 4477 1194 4516 esse
1222 4462 1446 4514 minime
1470 4461 1841 4523 credentibus,
1869 4460 2098 4529 quaestio

2207 3276 2418 3330 tlaeium
2447 3275 2536 3338 sit,
2565 3272 2761 3326 nullius
2779 3270 2919 3325 oculi
2951 3271 3123 3324 aciem
3156 3269 3309 3322 latet.
3342 3259 3746 3336 Septentrionalis

2205 3368 2403 3421 etenim
2450 3366 2555 3434 poli
2592 3379 2746 3417 axem
2777 3361 3100 3416 altissimum
3131 3373 3348 3427 semper
3371 3372 3529 3425 super
3547 3369 3652 3417 nos,
3667 3365 3746 3404 nec

2205 3473 2442 3528 unquam
2471 3457 2728 3512 occultari
2762 3455 3148 3524 conspicimus,
3187 3454 3471 3521 ipsumque
3500 3457 3649 3501 totum
3677 3443 3743 3495 in-

2205 3560 2411 3622 tegrum
2465 3547 2868 3618 perfectumque
2922 3546 3186 3600 videmus.
3254 3542 3546 3613 Perpendis
3613 3537 3747 3606 igitur

2204 3658 2364 3712 quam
2397 3638 2712 3694 manifestus
2741 3639 2810 3692 sit
2831 3653 2987 3690 error
3015 3635 3150 3689 iste?

2273 3736 2500 3789 Movses.
2530 3731 2805 3800 Perpendo
2818 3730 3060 3794 quidem,
3091 3729 3306 3782 ethunc
3324 3738 3612 3781 sermonem
3629 3715 3747 3774 omni

2205 3827 2426 3881 rationis
2459 3825 2638 3894 xigore
2662 3823 2977 3876 destitutum
3005 3834 3300 3887 cognosco.

2274 3919 2508 3971 Parens.
2537 3913 2722 3968 Nonne
2767 3913 2942 3966 adlmc
2970 3913 3314 3965 mendacium
3358 3909 3497 3976 quod
3539 3907 3598 3960 de
3637 3902 3747 3984 Core

2202 4009 2441 4064 clavibus
2475 4006 2875 4068 conﬁnxerunt,
2910 4003 3079 4059 multo
3133 4003 3474 4056 inbonestius
3500 4008 3551 4052 et
3591 3997 3746 4048 absur-

2201 4101 2320 4153 tiius
2344 4099 2460 4152 est?

2274 4189 2500 4243 Marses.
2536 4186 2652 4253 Quo
2678 4195 2834 4255 pacto
2863 4185 2956 4238 tibi
2986 4183 3202 4238 mentiri
3237 4179 3524 4237 videntur?

2272 4282 2508 4336 PETDUS.
2541 4282 2801 4335 Dixerunt
2825 4287 2879 4331 ut
2903 4278 3122 4346 ipsemet
3155 4277 3319 4338 nosti,
3343 4275 3588 4344 quoniam
3616 4267 3744 4325 Core,

2201 4374 2325 4426 dum
2355 4388 2593 4427 eremum
2625 4388 2746 4425 cum
2772 4370 2954 4438 Moyse
2994 4378 3049 4423 ct
3093 4368 3215 4420 ﬁliis
3258 4367 3423 4421 Israel
3465 4360 3744 4433 praeteriret.

2203 4476 2471 4521 trecentos
2503 4467 2730 4519 habebat
2750 4464 2984 4518 camelos
3004 4472 3243 4522 onustos,
3279 4460 3412 4514 nihil
3435 4458 3572 4512 aliud
3598 4454 3748 4508 feren-

518 4554 718 4616 oritur,
745 4568 864 4622 qua:
891 4553 1013 4606 talis
1038 4562 1121 4606 est
1148 4571 1160 4606 :
1195 4552 1252 4606 Si
1281 4553 1483 4617 omnia,
1519 4553 1791 4621 inquiunt,
1825 4555 2094 4608 mundana
2129 4557 2174 4615 υ
2203 4567 2280 4611 tes
2311 4559 2410 4611 nisi
2444 4557 2584 4610 solas
2605 4556 2783 4610 claves
2817 4553 3056 4608 thesauri
3083 4551 3349 4618 ejusdem,
3379 4564 3496 4619 quae
3521 4546 3683 4600 claves
3697 4541 3749 4590 de

519 4658 628 4698 non
676 4659 774 4714 per
811 4659 872 4696 se
918 4653 1046 4699 sunt
1089 4657 1291 4709 creata,
1323 4645 1417 4700 sed
1453 4645 1591 4699 alius
1629 4655 1714 4701 est
1741 4646 1968 4700 Creator
2005 4649 2096 4716 qui

517 4745 712 4791 cuncta
739 4737 1027 4801 creaverit,
1054 4752 1175 4790 cum
1206 4737 1320 4806 ipse
1343 4746 1400 4790 ut
1427 4736 1608 4791 dicitis
1629 4738 1973 4806 omnipotens
2001 4739 2094 4803 sit,

519 4843 618 4882 cur
645 4827 760 4882 hec
786 4829 965 4883 omnia
998 4843 1104 4881 non
1132 4828 1184 4881 in
1213 4843 1341 4888 uno,
1369 4830 1462 4882 sed
1494 4829 1545 4882 in
1575 4837 1654 4882 tot
1677 4829 1884 4883 dierum
1921 4832 2096 4900 spatio

519 4920 792 4990 paulisper
820 4921 1096 4990 operando
1123 4921 1447 4991 complevit?
1473 4922 1554 4976 Ad
1578 4923 1690 4977 hzec
1715 4923 1842 4992 quid
1877 4938 2098 4994 respon-

516 5014 632 5068 deri
661 5013 876 5075 debeat.
903 5013 1173 5082 conjicere
1196 5014 1398 5069 nescio.

585 5105 822 5160 Psrnus.
847 5105 963 5160 Non
995 5107 1198 5176 patitur
1233 5111 1372 5165 ratio
1412 5120 1490 5176 ut,
1523 5111 1776 5178 quoniam
1812 5128 1915 5166 una
1947 5127 2098 5166 crea-

514 5207 635 5252 tura
669 5199 872 5254 tardius
899 5212 982 5254 est
1005 5211 1185 5255 creata
1207 5219 1366 5272 quam
1397 5205 1520 5266 alia,
1569 5205 1690 5259 ideo
1719 5221 1960 5259 summus
2003 5220 2095 5258 ea-

512 5306 634 5344 rum
658 5289 885 5345 Creator
906 5293 1082 5347 minus
1111 5305 1300 5363 potens
1326 5297 1599 5351 credatur.
1642 5296 1825 5365 Neque
1863 5296 2008 5348 enim
2041 5295 2093 5347 in

511 5379 742 5448 hoeejus
757 5381 856 5436 fuit
870 5384 1206 5453 impotentia,
1221 5387 1312 5440 sed
1328 5387 1451 5454 quia
1469 5389 1703 5455 ipsarum
1720 5395 2092 5440 creaturarum

513 5473 682 5528 altera
697 5475 1099 5540 mollior,altera
1116 5478 1299 5532 durior
1311 5479 1409 5532 fuit
1423 5480 1473 5531 in
1487 5478 1820 5546 suscipienda
1836 5493 1928 5531 sua
1944 5492 2093 5531 crea-

511 5566 659 5620 tione
681 5576 734 5621 et
751 5566 946 5631 forma,
973 5569 1136 5623 veluti
1161 5571 1203 5624 si
1223 5571 1456 5638 accipias
1477 5585 1708 5623 massam
1734 5585 1894 5621 unam
1920 5569 1970 5621 in
1986 5582 2092 5636 qua

510 5654 735 5720 ferrum,
767 5673 860 5722 :es,
893 5667 946 5712 et
970 5659 1266 5728 plumbum,
1291 5669 1567 5718 stannum,
1595 5659 1707 5726 pix,
1753 5667 1807 5712 et
1847 5673 1967 5712 cera
2015 5657 2088 5710 si-

513 5745 624 5800 mul
654 5749 763 5800 sint
790 5750 982 5817 posita,
1013 5759 1066 5803 et
1101 5751 1239 5803 hanc
1285 5764 1517 5803 massam
1565 5765 1632 5801 ex
1682 5749 1931 5802 omnibus
1973 5748 2090 5801 istis

512 5841 872 5910 commistam,
900 5858 1005 5896 uno
1031 5843 1330 5910 colemque
1370 5847 1641 5894 momento
1676 5840 1729 5895 in
1781 5840 1954 5911 ignem
1986 5841 2088 5894 nii-

2200 4665 2482 4702 vaccarum
2516 4648 2762 4717 corrigiis
2792 4645 2945 4699 facta:
2968 4652 3124 4698 erant
3149 4658 3364 4704 omnes,
3393 4649 3450 4693 ut
3479 4628 3748 4690 leviusferri

2198 4753 2438 4813 possent.
2469 4741 2854 4809 Computemus
2902 4753 3030 4807 ergo
3061 4737 3104 4790 si
3139 4737 3338 4804 placet,
3389 4749 3420 4785 ο
3458 4730 3670 4798 Moyses,
3707 4729 3748 4772 et

2199 4845 2377 4887 utrum
2407 4836 2506 4887 hoc
2533 4844 2678 4886 stare
2721 4831 2889 4901 passit
2937 4831 3235 4884 videmnus.
3272 4830 3472 4881 Demus
3495 4821 3558 4877 ad
3603 4822 3751 4872 minus

2199 4925 2347 4980 librae
2378 4942 2468 4979 sex
2496 4925 2695 4990 claves,
2724 4934 2775 4976 et
2800 4923 2941 4992 quod
2966 4923 3197 4991 quisque
3219 4919 3462 4973 camelus
3500 4913 3564 4967 ad
3603 4909 3750 4964 utiuItS

2199 5026 2484 5072 Sexcentas
2518 5017 2699 5069 tulerit
2726 5016 2914 5077 libras,
2945 5025 3210 5081 eruntque
3229 5013 3414 5066 claves
3460 5022 3590 5078 quas
3636 5013 3750 5055 unus

2198 5107 2436 5162 Camelus
2466 5107 2690 5170 ferebat,
2745 5106 2842 5158 tria
2880 5105 3042 5158 millia
3088 5112 3378 5157 sexcentae.
3425 5096 3750 5157 Fientitaque

2197 5199 2375 5252 claves
2402 5209 2494 5250 ccc
2526 5197 2876 5257 camelorum,
2910 5211 3090 5248 MLXXX
3125 5193 3309 5247 millia.
3347 5191 3454 5245 Sed
3496 5202 3609 5243 cum
3634 5197 3752 5253 qua:-

2197 5304 2300 5357 que
2331 5289 2496 5341 clavis
2525 5289 2590 5342 ad
2622 5289 2796 5340 minus
2834 5287 2992 5340 unius
3020 5289 3091 5340 sit
3122 5302 3284 5352 arcze,
3320 5293 3455 5355 quot
3495 5290 3613 5336 sunt
3658 5277 3750 5329 cla-

2195 5397 2309 5445 ves,
2341 5381 2562 5435 totidem
2617 5380 2803 5450 procul
2849 5380 3013 5434 dubio
3064 5389 3222 5432 erunt
3271 5389 3327 5432 et
3376 5393 3536 5430 arcae.
3580 5376 3751 5427 υειιιυτ

2197 5473 2376 5540 itaque
2409 5472 2602 5542 cuique
2626 5472 2831 5525 camelo
2855 5472 2920 5524 ad
2952 5471 3130 5524 minus
3176 5471 3292 5523 dua:
3323 5483 3485 5531 arcae,
3537 5473 3589 5517 et
3617 5465 3772 5540 erunt.

2195 5564 2385 5618 cai‘neli
2401 5581 2554 5617 arcas
2580 5563 2818 5616 ferentes
2843 5563 3135 5632 quingenta
3152 5573 3204 5615 et
3219 5541 3779 5632 quadragintajmillia.

2195 5656 2300 5710 Sed
2355 5665 2408 5709 et
2462 5656 2757 5710 secundum
2813 5655 3259 5708 consuetudinem
3309 5653 3534 5707 divitum
3583 5623 3784 5717 quibussi

2194 5746 2366 5813 major
2395 5763 2522 5802 cura
2555 5747 2622 5801 de
2651 5746 3022 5800 custodiendis
3052 5747 3252 5801 divitiis
3279 5753 3386 5810 est,
3427 5740 3651 5812 oportuit
3692 5731 3747 5787 ad

2195 5841 2372 5897 minus
2422 5842 2553 5898 duos
2591 5841 2825 5898 camelos
2877 5857 3041 5897 unum
3085 5841 3281 5898 habere
3329 5837 3638 5896 custodem,
3672 5824 3746 5894 qui
