4038 6490
285 414 381 470 5ϋό

1785 412 2072 470 DlALOGl.

3459 417 3565 473 ωδ

289 536 574 586 thesaurus
597 548 727 587 cum
758 547 965 588 summa
990 547 1223 587 servans
1248 530 1548 600 diligentia.
1579 530 1665 584 vix
1712 531 1875 584 etiam
1906 546 1951 592 Α
1982 539 2125 585 esset
2156 528 2387 602 Moyses,
2422 532 2590 602 virgae
2621 540 2800 586 tamen
2827 532 3112 588 summitas
3134 547 3239 602 qua
3271 546 3395 586 eum
3442 548 3567 602 per-

294 620 634 687 durmitaret,
662 621 1115 690 invenienturque
1141 619 1480 676 camelormn
1508 618 1760 674 custodes
1780 622 1883 673 du-

296 718 448 766 centa
475 718 529 762 et
560 711 925 781 quadraginta
953 710 1143 764 millia.
1189 708 1356 764 Libro
1380 718 1560 763 autem
1593 716 1885 764 attestante

288 796 581 867 didicimus
609 837 627 861 ,
682 800 953 867 quomodo
1003 800 1277 854 exercitus
1323 798 1460 852 Core
1488 812 1583 868 per
1611 797 1799 853 domos
1831 808 1886 854 et

301 889 652 959 cognationes
679 900 737 943 et
762 888 994 944 familias
1042 907 1195 955 suas,
1249 905 1354 945 non
1397 900 1556 944 erant
1604 889 1708 944 nisi
1762 899 1887 946 octo

301 980 459 1034 millia
482 980 756 1033 sexcenti.
796 980 930 1034 Huic
959 979 1139 1035 simile
1174 996 1278 1034 non
1306 979 1485 1035 minus
1534 978 1882 1034 ridiculosum

299 1082 375 1128 est
393 1071 521 1126 illud
540 1073 685 1142 quod
704 1073 887 1128 dicunt
906 1072 1052 1138 liliis,
1070 1073 1274 1128 scilicet
1289 1071 1475 1137 Jacub,
1500 1082 1708 1142 patrem
1726 1088 1883 1127 sumu
1923 1120 1926 1127 .

302 1167 361 1220 ad
388 1166 699 1235 sepulcrum
726 1167 1084 1237 portantibus,
1117 1167 1251 1221 lilios
1273 1166 1411 1220 Esau
1441 1180 1597 1220 suum
1637 1165 1887 1222 similiter

302 1264 505 1325 patrem
532 1256 600 1309 ad
628 1256 932 1321 sepulcrum
956 1256 1261 1311 defer-entes
1275 1271 1396 1311 cum
1411 1273 1606 1324 magno
1626 1258 1883 1311 comitatu

301 1344 518 1401 eisoccu
528 1347 724 1401 rrisse:
747 1363 973 1416 cumque
990 1347 1245 1417 utrinque
1260 1364 1486 1418 magnus
1511 1358 1654 1404 esset
1677 1351 1886 1406 exerci-

305 1448 449 1494 tuset
468 1438 698 1509 singula:
720 1450 900 1509 partes
924 1441 1228 1510 sepulcrum
1244 1443 1345 1496 sibi
1370 1442 1643 1497 vindicare
1663 1442 1879 1510 vellent,

306 1533 469 1588 lilium
505 1534 622 1588 Dan
654 1543 890 1588 montem
917 1536 1228 1591 ascendisse
1248 1537 1456 1601 dicunt,
1485 1545 1541 1592 et
1576 1545 1742 1593 tanta:
1763 1552 1885 1591 ma-

303 1625 602 1697 gnitudinis
619 1626 925 1695 praecidisse
953 1626 1209 1693 lapidem,
1229 1638 1431 1699 quanta
1451 1628 1738 1684 multitudo
1764 1643 1886 1684 esse

303 1724 517 1787 poterat
550 1717 716 1771 tutius
756 1717 1030 1773 exercitus
1064 1718 1229 1784 Esau,
1264 1719 1546 1790 ipsamque
1575 1719 1767 1774 molem
1792 1733 1885 1774 ca-

304 1809 399 1878 piti
443 1807 755 1878 impositam
789 1808 1057 1875 attulisse,
1091 1818 1151 1864 ut
1173 1823 1336 1877 super
1367 1809 1606 1863 hostium
1627 1823 1882 1871 cuneum,

1984 628 2170 675 cutere
2228 621 2581 689 intendebat,
2633 638 2976 694 nequaquam
3024 622 3253 678 ulterius
3300 623 3573 694 attingere

1960 709 2180 779 potuit,
2209 725 2369 779 quam
2393 711 2462 767 ad
2492 727 2615 768 eum
2644 715 2843 768 nodum
2873 728 2981 783 quo
3009 725 3139 770 sura
3160 712 3404 783 jungitur
3422 710 3565 783 pedi.

1985 818 2106 873 qua:
2132 802 2290 874 vulgo
2313 804 2503 859 cavilla
2531 812 2778 861 vdeatur.
2821 805 2875 859 lu
2900 819 3009 875 quo
3041 805 3257 875 quidem
3287 819 3408 859 cum
3440 820 3567 860 eum

1984 896 2380 966 percussisset,
2429 896 2687 953 continuo
2740 897 2942 953 cadens
2989 897 3305 968 exspiravit.
3352 896 3409 951 ιιι
3462 896 3568 952 hoc

1985 1001 2313 1057 cognoscere
2332 987 2560 1058 quilibet
2585 997 2759 1060 potest
2784 989 2926 1059 quod
2955 1005 2983 1043 a
3011 989 3195 1059 planta
3228 988 3380 1059 pedis
3401 1004 3566 1059 quam

1986 1079 2040 1133 in
2065 1088 2209 1133 terra
2248 1078 2412 1134 fixam
2442 1080 2660 1135 tenebat
2686 1096 2858 1149 usque
2893 1081 2959 1135 ad
2987 1082 3188 1135 nodum
3223 1082 3276 1136 in
3300 1096 3407 1152 quo
3437 1095 3566 1151 per-

1985 1184 2177 1225 cussus
2206 1177 2320 1233 est,
2370 1170 2589 1239 triginta
2618 1171 2830 1226 cubitos
2879 1171 3137 1227 habebat.
3179 1172 3263 1227 Ab
3292 1187 3358 1228 eo
3403 1173 3568 1243 igitur

1987 1259 2107 1313 loco
2144 1273 2314 1328 usque
2333 1260 2400 1313 ad
2418 1273 2710 1324 summum,
2728 1274 2835 1314 non
2870 1260 3048 1315 minus
3073 1276 3237 1331 quant
3266 1260 3568 1332 octingenti

1986 1349 2157 1404 cubiti
2220 1358 2406 1413 erant,
2452 1350 2735 1421 solumque
2765 1360 2926 1420 caput
2973 1353 3160 1408 decem
3190 1352 3386 1407 cubitis
3411 1350 3570 1409 facile

1986 1450 2239 1496 constare
2272 1451 2501 1512 poterat.
2532 1441 2687 1498 Unde
2716 1443 2963 1515 sequitur
3000 1446 3144 1513 quod
3171 1444 3290 1498 avis
3321 1442 3413 1497 illa
3444 1458 3565 1499 meo

1988 1535 2092 1591 lem
2122 1537 2293 1607 ipsam
2313 1536 2500 1591 decem
2524 1536 2720 1593 cubitis
2737 1535 3051 1606 perforavit.
3066 1536 3124 1591 In
3146 1551 3254 1608 quo
3282 1536 3423 1592 facto
3438 1544 3573 1606 quot

1988 1637 2115 1683 sunt
2139 1627 2402 1693 miranda,
2432 1628 2628 1697 quidve
2654 1628 2832 1699 potius
2855 1628 3023 1683 mirer
3044 1667 3062 1694 ,
3091 1643 3213 1684 cum
3237 1627 3527 1685 considero
3548 1665 3569 1691 ,

1988 1729 2199 1790 stupeo.
2231 1717 2332 1774 L'bi
2380 1720 2525 1775 enim
2570 1720 2656 1775 vel
2689 1728 2898 1774 tantum
2929 1719 3161 1790 lapidem
3187 1719 3452 1783 invenire,
3482 1716 3572 1774 vel

1989 1811 2223 1882 qualiter
2246 1818 2451 1865 tantum
2475 1811 2682 1880 pondus
2698 1810 2872 1882 potuit
2891 1811 3140 1881 portare?
3169 1811 3278 1865 Aut
3300 1809 3571 1880 quomodo

304 1914 426 1955 eum
452 1898 959 1969 projicieus,omnes
988 1915 1095 1954 uno
1122 1908 1491 1969 prosterneret
1510 1899 1884 1970 ictu.Cumque
1918 1893 1963 1953 Β
1992 1913 2099 1957 tam
2135 1902 2359 1974 parvula
2388 1903 2505 1957 avis
2540 1910 2771 1969 tantum,
2794 1912 2903 1958 tam
2936 1904 3151 1971 durum,
3188 1912 3404 1973 tamque
3432 1901 3573 1972 spis-

306 1989 597 2045 adveniens
631 1987 747 2058 jam
796 1989 984 2044 ambos
1012 2004 1214 2045 cuneos
1243 1990 1544 2046 concordes
1568 1991 1883 2057 invenisset,

308 2083 502 2139 molem
546 2097 714 2152 quam
744 2083 1008 2138 attulerat
1033 2083 1087 2138 in
1133 2098 1284 2138 mare
1313 2083 1553 2153 projicit.
1585 2082 1739 2151 cujus
1773 2098 1887 2136 ma-

305 2175 582 2245 gnitudine
612 2190 751 2245 aqua
776 2175 942 2229 maris
969 2176 1228 2231 terminos
1262 2190 1393 2231 suos
1417 2175 1710 2240 excedens,
1753 2174 1887 2230 duas

305 2266 552 2321 civitates
582 2264 667 2320 sui
720 2264 985 2321 effusione
1012 2267 1302 2331 subvertit,
1332 2275 1387 2321 et
1417 2267 1548 2337 ipsae
1577 2275 1705 2321 sunt
1751 2280 1887 2336 quas

305 2359 461 2428 longo
493 2367 735 2428 tempore
770 2367 892 2430 post
918 2358 1134 2415 Pharao
1162 2375 1257 2414 rex
1293 2359 1509 2430 {Egypti
1541 2358 1681 2414 filios
1725 2358 1887 2414 lsrael

306 2451 571 2507 aedificare
597 2452 875 2522 praecepit.
938 2451 1149 2518 Nonne,
1186 2468 1402 2523 quaeso,
1427 2453 1541 2508 haec
1577 2453 1887 2508 adinventio

313 2544 403 2598 tibi
453 2545 601 2614 juste
643 2560 858 2599 summu
904 2544 1018 2599 risu
1073 2544 1232 2611 digna
1262 2544 1525 2599 videtur?
1568 2544 1703 2600 Cum
1741 2545 1885 2599 enim

309 2632 471 2689 Jacob
514 2635 608 2690 lilii
637 2635 922 2690 duodecim
946 2635 1123 2690 adlmc
1152 2634 1525 2690 tantmnmodo
1553 2645 1758 2701 essent,
1783 2636 1887 2691 viri

310 2727 445 2783 Esau
460 2727 529 2782 de
553 2727 696 2782 tribu
719 2743 815 2782 sua
842 2728 954 2799 jam
978 2728 1355 2800 quadringenti
1379 2729 1705 2784 existebant.
1730 2726 1887 2783 Nunc

311 2820 472 2892 igitur
500 2834 730 2874 numero
763 2819 996 2873 filiorum
1040 2817 1207 2875 Jacob
1239 2828 1402 2874 aucto
1426 2858 1442 2884 ,
1488 2828 1690 2888 quanto
1715 2816 1891 2887 major

315 2912 608 2967 existimari
639 2920 817 2981 potest
836 2911 1068 2966 filiorum
1088 2911 1226 2966 Esau
1252 2924 1510 2965 numerus
1526 2910 1723 2967 fuisse?
1747 2910 1889 2966 Tan-

317 3013 419 3058 tam
450 3004 613 3075 igitur
638 3005 881 3075 Oportuit
905 3019 1091 3060 eorum
1118 3017 1243 3059 esse
1279 3002 1701 3068 multitudinem,
1731 3012 1791 3057 ut
1835 3012 1891 3058 et

317 3096 436 3152 filiis
456 3095 643 3163 Jacob,
673 3104 729 3152 et
767 3097 864 3150 tuti
887 3094 1270 3166 Egyptiorum
1301 3095 1447 3165 genti
1495 3109 1614 3163 qua:
1649 3110 1770 3148 cum
1799 3092 1889 3148 Joo

315 3189 441 3258 seph
460 3197 711 3251 venerat,
732 3187 1001 3243 obsistere
1031 3186 1310 3254 potuisset.
1345 3184 1496 3240 Nunc
1527 3185 1689 3256 igitur
1711 3187 1887 3240 iudica

315 3284 437 3353 quid
480 3285 673 3339 horum
701 3282 1061 3338 admiratione
1086 3280 1157 3335 sit
1183 3279 1417 3350 dignius,
1447 3278 1656 3335 scilicet
1688 3279 1769 3334 vel
1800 3278 1889 3334 ubi

316 3384 518 3429 tantum
550 3374 818 3429 invenerit
846 3383 1079 3427 montem
1100 3412 1115 3435 ,
1146 3369 1230 3425 vel
1260 3385 1366 3439 quo
1392 3377 1575 3424 monte
1599 3380 1708 3423 tam
1741 3370 1892 3425 mirm

318 3469 699 3541 magnitudinis
735 3466 929 3523 molem
957 3509 972 3533 ,
1028 3463 1112 3520 vel
1147 3464 1419 3535 quomodo
1451 3463 1504 3518 in
1534 3464 1712 3533 capite
1761 3464 1894 3519 tanti

321 3561 564 3630 ponderis
588 3570 802 3631 gestare
830 3559 1097 3629 potuisset
1135 3557 1387 3626 lapidem,
1414 3564 1472 3611 ut
1500 3565 1610 3609 tam
1642 3570 1893 3624 magnam

323 3665 660 3723 prosternere
683 3663 866 3722 posset
887 3652 1182 3707 cohortem.
1211 3648 1327 3704 Non
1359 3650 1538 3705 minus
1570 3648 1892 3718 stupendum

324 3754 404 3798 est
430 3744 555 3798 illud
582 3753 917 3807 monstrum,
946 3743 1087 3812 quod
1109 3741 1188 3810 0g
1228 3757 1322 3797 rex
1363 3741 1536 3795 Basan
1584 3740 1774 3794 videns
1809 3740 1894 3794 in—

324 3845 528 3903 gentem
553 3834 854 3890 exercitum
885 3832 1069 3898 Israel,
1100 3840 1358 3887 sexcenta
1397 3830 1607 3886 scilicet
1640 3828 1804 3883 millia
1841 3837 1897 3884 et

327 3935 550 3993 quatuor
574 3923 763 3992 millia,
788 3935 843 3978 et
870 3922 1193 3993 quingentos
1217 3922 1364 3976 viros
1386 3937 1416 3975 a
1441 3921 1627 3991 viginti
1659 3921 1814 3975 annis
1843 3928 1898 3975 et

329 4031 504 4087 supra,
530 4016 773 4085 exceptis
797 4013 1113 4069 mulieribus
1132 4022 1188 4070 et
1230 4011 1470 4083 parvulis
1497 4014 1587 4081 qui
1616 4011 1896 4081 supputari

329 4124 429 4162 non
464 4117 733 4179 poterant,
762 4106 956 4161 molem
1012 4106 1268 4160 inauditae
1302 4103 1686 4172 magnitudinis
1733 4103 1897 4171 capiti

328 4214 422 4253 suo
444 4199 722 4268 imposuit,
747 4206 943 4252 etcum
967 4209 1030 4251 ea
1057 4194 1454 4264 expeditionem
1480 4201 1645 4247 totam
1661 4203 1902 4263 proster-

329 4306 453 4346 nere
479 4290 664 4355 volnit,
691 4289 787 4345 sed
821 4303 997 4359 upupa
1028 4288 1146 4342 avis
1172 4287 1394 4341 minima
1428 4286 1555 4339 moli
1583 4286 1686 4355 ipsi
1711 4285 1900 4340 subse-

330 4384 423 4448 dit,
451 4393 502 4439 et
528 4395 637 4439 tam
668 4383 758 4437 diu
793 4390 969 4437 rostro
1002 4396 1102 4435 suo
1131 4395 1250 4435 eam
1281 4379 1529 4433 contudit
1557 4378 1729 4434 donec
1754 4377 1902 4432 fora»

329 4476 469 4529 mine
492 4474 855 4545 magnojuxta
878 4472 1238 4542 quantitatem
1266 4470 1461 4538 capitis
1489 4469 1729 4537 ejusdem
1759 4469 1902 4540 regis

329 4577 563 4638 peracto,
579 4567 748 4622 moles
770 4575 931 4637 caput
962 4563 1298 4627 transiliens,
1331 4562 1383 4615 in
1400 4562 1639 4632 ejusdem
1662 4561 1901 4619 humeris

330 4659 585 4715 subsedit.
623 4657 814 4728 Capite
840 4665 1024 4711 autem
1051 4668 1184 4709 sano
1207 4660 1262 4707 et
1294 4660 1406 4708 toto
1427 4664 1657 4720 corpore
1689 4650 1900 4705 incolu-

332 4751 422 4816 tni,
444 4751 695 4810 fortassis
718 4754 894 4809 adlmc
919 4769 948 4807 a
975 4752 1113 4809 collo
1133 4751 1489 4813 sublevasset,
1513 4748 1618 4804 nisi
1644 4750 1904 4803 adaucto-

333 4858 447 4898 rum
478 4844 659 4900 subito
690 4844 931 4899 dentium
955 4844 1231 4914 quantitas
1257 4840 1586 4911 impedisset.
1613 4839 1732 4893 Mox
1755 4841 1901 4894 enim

334 4943 391 4986 ut
427 4932 562 5002 lapis
592 4934 645 4988 in
676 4934 871 4989 collum
900 4932 1196 4995 descendit,
1229 4933 1420 4986 dentes
1450 4931 1549 4985 sibi
1578 4940 1801 5000 repente
1827 4929 1899 4983 ita

334 5034 454 5080 sunt
474 5025 689 5081 adaucti
720 5025 883 5097 quod,
920 5042 1042 5081 cum
1084 5025 1253 5079 voluit
1292 5024 1402 5094 jam
1453 5023 1763 5086 sublevare,
1798 5022 1901 5076 mi-

334 5114 476 5170 nime
516 5117 710 5186 potuit.
758 5115 909 5183 Quod
955 5115 1169 5187 Moyses
1210 5116 1424 5169 intuens
1450 5153 1466 5175 ,
1517 5111 1672 5180 cujus
1706 5127 1905 5180 corpus

334 5206 511 5261 decem
543 5208 756 5263 cubitos
802 5208 1057 5263 habuisse
1108 5207 1373 5272 asseritis,
1407 5212 1462 5259 et
1515 5203 1735 5258 totidem
1789 5201 1906 5271 ejus

334 5300 551 5369 virgula
566 5301 860 5365 ascribitis,
878 5316 938 5356 se
958 5315 1120 5371 super
1150 5310 1350 5354 terram
1382 5298 1435 5353 in
1467 5296 1681 5351 modum
1708 5296 1906 5351 salien—

342 5391 408 5445 tis
435 5392 619 5449 decem
658 5393 886 5459 cubitos
916 5393 1113 5457 erexit,
1136 5401 1195 5446 ut
1222 5405 1344 5445 eum
1386 5391 1438 5444 in
1464 5389 1644 5459 aliquo
1664 5388 1906 5459 corporis

339 5481 453 5538 loco
481 5500 601 5539 cum
638 5487 787 5556 virga
826 5494 1159 5555 percuteret.
1182 5485 1237 5539 Si
1268 5499 1398 5554 ergo
1418 5490 1699 5550 computes
1721 5482 1904 5537 decem

340 5574 539 5631 cubitos
577 5578 826 5647 quibusa
863 5588 1006 5633 terra
1029 5577 1267 5634 elevatus
1310 5584 1412 5638 est,
1456 5582 1513 5628 et
1554 5575 1744 5629 decem
1793 5574 1908 5642 ejus

339 5669 577 5738 corporis
597 5669 834 5734 cubitos,
869 5676 925 5722 et
945 5668 1128 5723 decem
1157 5667 1293 5721 alios
1315 5678 1455 5731 quos
1481 5662 1628 5732 virga
1658 5662 1711 5717 in
1739 5662 1904 5717 altum

339 5771 578 5826 porrecta
608 5761 867 5823 habebat,
896 5776 925 5812 a
956 5769 1095 5813 terra
1121 5759 1185 5813 ad
1216 5754 1583 5813 summitatem
1618 5753 1783 5821 virga:
1810 5752 1906 5806 tri-

341 5852 474 5922 ginta
524 5854 769 5911 invenies
788 5852 1026 5909 cubitos.
1060 5851 1164 5908 Sed
1208 5865 1334 5908 cum
1376 5849 1431 5905 in
1460 5855 1667 5902 tantum
1696 5853 1907 5903 erectus

1989 2010 2109 2049 sum
2138 1995 2252 2050 saxi
2294 2010 2490 2064 corpus
2522 2003 2630 2049 tam
2662 1995 2771 2050 cito
2810 1994 2978 2049 valuit
3025 2004 3311 2065 penetrare
3332 2033 3350 2061 ,
3394 2008 3573 2064 quove

1989 2096 2147 2155 pacto
2173 2086 2363 2141 dentes
2389 2085 2437 2142 ei
2472 2094 2582 2140 tam
2622 2084 2732 2140 cito
2759 2084 3049 2141 crescere?
3077 2084 3185 2139 Aut
3212 2099 3317 2155 qua
3358 2084 3571 2139 ratione
3649 2097 3653 2101 ·

1992 2190 2098 2234 tam
2148 2179 2427 2234 immensre
2456 2186 2510 2234 et
2538 2176 2792 2232 inauditae
2836 2176 3226 2247 magnitudinis
3269 2177 3571 2232 credendus

1989 2281 2071 2325 est
2096 2270 2288 2333 fuisse,
2321 2268 2621 2338 praesertim
2651 2281 2773 2321 cum
2803 2265 2887 2321 lex
2910 2266 3059 2320 dicat
3084 2265 3281 2321 lectum
3318 2263 3435 2333 ejus
3462 2264 3569 2319 fer-

1990 2380 2141 2419 retnn
2173 2362 2405 2417 nonnisi
2437 2375 2627 2416 novem
2668 2358 2878 2415 cubitos
2918 2357 3172 2413 habuisse
3197 2358 3215 2427 (
3236 2356 3394 2412 Deut.
3427 2361 3524 2425 tu)
3551 2395 3569 2419 ,

1989 2470 2165 2526 quove
2213 2463 2372 2524 pacto
2426 2461 2606 2508 tantus
2655 2453 2816 2508 homo
2868 2460 2976 2507 tam
3008 2449 3153 2507 facili
3180 2448 3403 2503 vulnere
3431 2446 3572 2502 ceci-

1990 2547 2172 2602 disse?
2220 2547 2375 2601 Libet
2432 2545 2612 2600 adhuc
2664 2544 2809 2599 aliud
2859 2539 3248 2598 innotescendo
3282 2538 3571 2594 ridiculum

1990 2640 2249 2710 majorem
2288 2654 2476 2694 eorum
2510 2638 2815 2694 fatuitatem
2859 2635 3166 2692 ostendere.
3213 2633 3383 2688 Aiunt
3422 2630 3572 2687 enim

1990 2734 2133 2799 quod
2181 2730 2394 2802 Moyses
2415 2746 2513 2802 pro
2534 2730 2653 2802 lege
2690 2729 3028 2800 suscipienda
3061 2728 3115 2782 in
3146 2725 3344 2782 coelum
3369 2740 3569 2782 ascen-

1992 2827 2088 2889 dit.
2119 2835 2175 2879 et
2195 2825 2267 2880 ibi
2290 2840 2414 2880 cum
2436 2824 2641 2895 angelis
2670 2823 2848 2878 taliter
2869 2820 3164 2875 altercatus
3186 2820 3277 2874 sit.
3307 2817 3575 2880 Dicebant

1991 2918 2155 2983 enim,
2172 2917 2440 2987 inquiunt,
2470 2914 2675 2985 angeli:
2697 2933 2713 2965 ι
2735 2912 3086 2984 Legembanc
3110 2920 3162 2965 te
3185 2907 3573 2989 minime'l‘erre

1992 3008 2253 3070 sinemus,
2285 3021 2446 3076 quam
2478 3007 2633 3061 nobis
2656 3004 2775 3074 plus
2795 3019 2955 3075 quam
2983 3003 3105 3059 filiis
3134 3000 3295 3057 isracl
3317 3014 3577 3055 necessa-

1994 3100 2129 3154 riam
2157 3100 2375 3154 scimus.
2421 3117 2440 3150 ι
2472 3098 2552 3152 Ad
2584 3097 2701 3152 haec
2729 3095 2941 3167 Moyses
2969 3094 3182 3151 insolita
3212 3092 3420 3147 visione
3447 3105 3572 3161 per-

1998 3194 2244 3258 territus,
2286 3190 2419 3246 nihil
2450 3190 2781 3261 respondere
2823 3186 3187 3260 praesumpsit,
3218 3185 3313 3242 sed
3341 3183 3573 3239 Domino

1997 3300 2055 3341 se
2076 3285 2420 3340 confurtante
2448 3292 2508 3338 ut
2531 3296 2723 3338 secure
2748 3279 3118 3352 responderet,
3133 3277 3572 3349 etprteeipiente.

1998 3375 2081 3429 ait
2108 3372 2316 3444 angelis
2347 3386 2361 3426 :
2392 3392 2409 3423 ι
2446 3372 2580 3428 Cum
2610 3371 2695 3426 lex
2723 3371 2840 3427 haec
2892 3370 3254 3441 regendorum
3284 3381 3572 3437 corporum
3640 3354 3646 3359 ’

1996 3476 2262 3538 prmccpta
2288 3466 2582 3529 contineat,
2618 3480 2723 3520 non
2756 3463 2888 3520 satis
2918 3461 3207 3519 considero
3246 3460 3374 3531 quid
3418 3459 3575 3516 vobis

1996 3544 2088 3629 qui
2113 3558 2409 3628 spiritualis
2440 3567 2646 3613 tantmn
2669 3567 2919 3614 creatura
2945 3556 3075 3613 estis
3100 3554 3173 3610 sit
3207 3554 3570 3610 necessaria.»

1996 3651 2187 3721 Angeli
2224 3652 2354 3721 quid
2392 3651 2460 3705 ad
2511 3652 2625 3706 haec
2663 3651 2908 3706 dicerent
2953 3664 3059 3703 non
3112 3648 3376 3702 habentes
3400 3686 3416 3712 ,
3445 3645 3576 3702 victi

1984 3743 2397 3815 gontieuerunt.
2428 3741 2501 3797 De
2527 3742 2695 3814 Moysi
2727 3741 2889 3813 igitur
2917 3740 3141 3796 victoria
3173 3740 3339 3796 Deum
3365 3739 3573 3804 risisse,

1998 3845 2054 3890 et
2074 3835 2228 3890 valde
2246 3834 2479 3890 laetatura
2498 3850 2619 3889 esse
2635 3834 2833 3898 dicitis,
2846 3841 2902 3888 et
2915 3833 2990 3887 ita
3007 3832 3226 3903 Moysen
3252 3840 3371 3901 post
3386 3830 3580 3885 trium-

2004 3928 2168 3999 pbmn
2198 3944 2321 3983 cum
2349 3928 2466 3997 lege
2509 3927 2743 3982 alacrem
2775 3925 3141 3982 descendisse.
3174 3923 3337 3990 Quot,
3369 3938 3573 3994 quaeso.

2001 4018 2268 4074 fatuitatis
2311 4019 2652 4073 diversitates
2682 4018 2734 4072 in
2782 4018 2887 4072 hac
2929 4017 3280 4071 continentur
3305 4014 3522 4070 lascivia
3549 4015 3575 4068 ?

2002 4108 2280 4175 Quomodo
2307 4108 2452 4163 enim
2498 4106 2709 4179 Moyses
2756 4106 3002 4178 corporis
3052 4105 3193 4160 mole
3242 4106 3528 4175 depressus
3559 4145 3576 4170 ,

2002 4200 2341 4255 altitudinem
2384 4198 2507 4256 θαιιί
2549 4199 2911 4255 conscendere
2946 4199 3137 4268 potuit,
3170 4207 3264 4251 aut
3308 4198 3580 4265 quomodo

2003 4292 2117 4347 Deo
2164 4292 2297 4346 dare
2326 4291 2499 4361 legem
2529 4288 2743 4345 volente
2769 4329 2785 4353 ,
2838 4289 3017 4359 angeli
3064 4288 3393 4359 prohibere?
3438 4286 3578 4354 Quid

2005 4383 2199 4438 iterum
2229 4380 2479 4436 stolidius
2506 4388 2589 4434 est
2609 4394 2770 4450 quam
2787 4379 2969 4434 dicere
3000 4380 3165 4434 Deum
3190 4378 3396 4449 angelis
3417 4379 3579 4434 victis

2004 4472 2299 4534 exsultare,
2328 4480 2381 4527 et
2406 4470 2598 4542 puerili
2631 4486 2780 4524 more
2807 4470 3025 4525 ridere?
3057 4470 3187 4525 Item
3219 4470 3264 4525 si
3294 4468 3494 4541 angeli,
3520 4479 3581 4523 ut

2005 4564 2203 4629 dicitis,
2238 4573 2347 4619 tam
2376 4562 2518 4618 avidi
2568 4562 2711 4617 illius
2750 4561 2883 4633 legis
2932 4561 3228 4616 retinendae
3273 4569 3452 4625 erant,
3483 4575 3581 4615 cur

2006 4672 2127 4713 eam
2158 4672 2265 4713 non
2300 4656 2454 4726 prius
2488 4671 2519 4710 a
2563 4654 2672 4709 Deo
2696 4653 3065 4725 quaesieram?
3092 4652 3176 4708 vel
3204 4652 3333 4721 quid
3362 4660 3584 4707 conten-

2007 4751 2240 4805 tionibus
2292 4749 2545 4821 proderat
2596 4749 2676 4803 eis
2747 4746 3049 4802 desaevire?
3112 4744 3375 4800 Poterant
3432 4744 3580 4799 enim

2007 4839 2176 4911 legem
2208 4840 2378 4909 ipsam
2395 4840 2560 4894 etiam
2592 4836 2752 4894 simul
2769 4852 2891 4892 cum
2917 4835 3117 4891 Judaeis
3138 4836 3452 4899 observare,
3479 4849 3583 4888 nec

2008 4932 2145 4985 ratio
2170 4946 2267 4985 cur
2294 4944 2413 4985 eam
2445 4928 2615 5000 Moysi
2643 4928 2902 4983 deberent
2931 4927 3198 4981 inhibere.
3246 4923 3363 4979 Non
3402 4923 3585 4979 minus

2007 5020 2092 5075 his
2118 5018 2367 5075 omnibus
2402 5018 2625 5073 cuilibet
2654 5025 2877 5088 praestat
2907 5015 3224 5079 ridiculum,
3264 5014 3411 5069 aliud
3439 5013 3584 5085 quod

2008 5111 2109 5183 ipsi
2139 5120 2436 5167 memorant
2464 5109 2686 5165 factum.
2719 5108 2912 5163 Dicunt
2933 5108 3076 5162 enim
3106 5106 3358 5177 angelum
3392 5104 3586 5159 mortis

2008 5205 2222 5260 cuidam
2249 5205 2367 5259 viro
2398 5203 2734 5274 apparuisse,
2782 5201 3004 5257 nomine
3051 5201 3239 5266 Iosue,
3291 5200 3403 5256 filio
3451 5197 3581 5253 Levi

2008 5296 2237 5361 doctori,
2262 5296 2420 5366 eique
2463 5296 2704 5352 dixisse:
2741 5314 2759 5346 ι
2795 5295 2876 5349 Ad
2904 5294 3007 5351 boe
3031 5295 3247 5351 venisse
3282 5309 3368 5348 me
3396 5292 3536 5346 scias
3563 5328 3582 5354 ,

2008 5398 2067 5442 ut
2102 5389 2337 5443 animam
2362 5398 2507 5443 tuam
2535 5389 2851 5459 suscipiam,
2890 5399 2945 5444 et
2981 5387 3252 5442 moriaris.
3275 5413 3346 5426 -—
3371 5382 3582 5452 Nequa-

2008 5496 2194 5549 quam,
2229 5480 2402 5549 inquit
2424 5479 2535 5545 ille,
2557 5480 2698 5549 quod
2714 5494 3024 5534 commones
3050 5477 3270 5541 faciam,
3300 5472 3401 5529 nisi
3429 5472 3580 5542 prius

2009 5572 2139 5626 mibi
2177 5573 2485 5642 paradisum
2515 5571 2839 5627 ostenderis.
2873 5590 2891 5623 ι
2927 5569 3248 5638 Susceptum
3289 5565 3454 5636 igitur
3477 5576 3578 5615 an-

2009 5664 2159 5734 gelus
2185 5666 2240 5720 in
2266 5664 2366 5719 alis
2388 5665 2525 5729 suis,
2555 5664 2709 5719 duxit
2732 5664 2799 5717 ad
2829 5664 3001 5716 locum
3027 5659 3169 5714 unde
3190 5657 3398 5711 videret
3420 5668 3581 5721 para-

2010 5754 2209 5807 disum.
2240 5752 2478 5809 Callidus
2500 5761 2679 5808 autem
2712 5751 2801 5805 ille
2849 5751 2917 5804 de
2941 5747 3040 5803 alis
3068 5745 3186 5814 ejus
3214 5743 3490 5813 delapsus.
3522 5740 3578 5795 in

2011 5845 2318 5917 paradisum
2352 5847 2547 5905 cadere
2576 5860 2634 5903 se
2664 5845 2927 5920 permisit.
2953 5838 3190 5912 Angelus
3217 5837 3498 5907 deceptum
3522 5849 3583 5891 se
