4038 6452
553 424 656 482 507

1515 407 1718 464 PETRI
1754 398 2091 460 ALPl‘lOt‘iSl
2132 397 2140 451 l

2261 391 2505 449 remeo
2537 385 2926 445 cumsuam
3674 389 3756 446 ωε

552 557 677 598 csse
702 539 907 602 dolens,
929 537 1065 590 irato
1088 531 1246 588 nimis
1269 527 1449 581 vultu:
1471 543 1488 576 ι
1511 521 1800 593 Egredere,
1826 520 1921 581 ait,
1948 525 2005 568 ut
2025 529 2141 566 mo-
2171 514 2213 568 A
2242 505 2334 560 sed
2360 504 2485 565 alit).
2525 519 2594 556 an
2632 502 2794 556 etiam
2830 496 2977 552 nullo
3001 496 3168 566 (quod
3213 495 3374 563 absit)
3401 496 3547 548 modo
3572 501 3764 558 evadere

553 632 1217 699 rimis—Nequaquam,
1264 622 1339 675 ait
1371 619 1482 685 ille,
1529 615 1836 688 egrediara
1893 611 2137 674 Cumque

481 757 484 759 λ
554 728 792 784 secundo
818 737 882 776 ac
929 719 1095 773 tertio
1123 713 1347 782 angelus
1375 710 1606 778 idipsum
1651 721 1773 760 cum
1807 716 2004 772 magno
2026 699 2140 753 cla-

553 828 706 870 more
755 818 1043 880 repeteret,
1072 813 1126 859 et
1158 803 1247 857 ille
1280 801 1396 871 ejus
1427 796 1591 852 verba
1639 793 1959 864 negligeret,
1988 804 2136 843 com-

553 914 731 959 motus
773 879 1002 957 nimium
1041 895 1290 968 angelus,
1334 894 1400 947 ad
1426 891 1592 946 Deum
1620 900 1848 958 pergens
1871 883 2031 952 hujus
2062 881 2138 934 rei

548 992 951 1066 querimoniam
983 988 1132 1043 fecit.
1164 987 1308 1043 Deus
1337 989 1518 1036 autem
1546 993 1669 1034 eum
1703 975 1882 1031 redire
1905 973 2137 1044 rogavit,

547 1065 611 1142 ut
644 1085 916 1141 hominem
947 1082 1097 1136 illum
1126 1097 1190 1136 ex
1227 1077 1320 1132 Dei
1345 1072 1561 1130 nomine
1588 1070 1655 1126 de
1679 1070 1929 1141 paradiso
1955 1065 2135 1138 egredi

548 1179 889 1250 praeciperet.
917 1174 1152 1230 Veniens
1189 1175 1372 1244 itaque
1419 1172 1645 1242 angelus
1676 1170 1742 1224 ad
1777 1164 2091 1238 paradisum
2120 1202 2136 1228 ,

553 1273 628 1327 ait
661 1289 675 1325 :
713 1290 730 1323 ι
771 1271 911 1324 Deus
939 1278 998 1322 ut
1035 1266 1333 1338 egrediaris
1365 1264 1630 1335 prtecipit.
1662 1282 1681 1314 ι
1707 1259 1918 1316 Iuravit
1947 1255 2059 1320 ille,
2083 1262 2139 1309 et

554 1364 633 1419 ait
663 1380 678 1416 :
711 1381 731 1415 ι
768 1362 871 1417 Pcr
899 1361 1067 1414 Deum
1093 1374 1197 1412 non
1229 1357 1480 1429 egrediar
1513 1373 1526 1409 :
1564 1375 1580 1406 ι
1617 1351 1800 1408 Rediit
1829 1348 2050 1421 angelus
2071 1347 2139 1402 ad

551 1457 726 1511 Deum
772 1463 826 1509 et
869 1454 1052 1508 dixit:
1109 1472 1127 1503 ι
1165 1447 1525 1519 Jurejurando
1573 1461 1633 1502 se
1682 1458 1958 1514 nunquam
2013 1439 2140 1494 inde

555 1560 902 1618 cgressurum
937 1541 1194 1597 ﬁrmavit.
1233 1560 1252 1592 ι
1284 1541 1428 1595 Dans
1477 1538 1662 1607 itaque
1700 1534 1962 1604 judicium
1996 1529 2142 1585 Deus

555 1636 837 1708 reSpondit
866 1653 879 1688 :
923 1653 943 1684 ι
977 1631 1170 1689 Omnia
1201 1629 1475 1684 volumina
1507 1628 1630 1682 vitae
1678 1635 1730 1680 et
1765 1633 1980 1680 actuum
2018 1621 2134 1688 ejus

554 1729 793 1792 rcvolve,
823 1737 878 1782 et
899 1727 1183 1797 diligenter
1211 1721 1486 1794 relege.Si
1507 1719 1726 1790 quando
1773 1731 1896 1773 eum
1922 1714 2141 1783 jurasse

554 1831 609 1876 et
637 1819 940 1890 perjurasse
969 1817 1260 1880 inveneris,
1286 1817 1448 1870 modo
1477 1827 1693 1884 quoque
1718 1811 1852 1865 nihil
1907 1809 2006 1863 sibi
2049 1807 2136 1875 jn-

555 1927 707 1967 rasse
727 1909 942 1965 Valebit.
976 1900 1032 1962 Si
1057 1916 1236 1960 autem
1261 1921 1536 1975 nunquam
1561 1901 1839 1974 periurum
1863 1914 1983 1954 esse
2011 1912 2136 1967 pro-

554 2005 791 2067 baveris,
819 2017 924 2057 non
950 2002 1002 2054 in
1036 2001 1137 2054 hac
1167 1999 1284 2053 vice
1313 1997 1550 2051 timebis.
1580 2014 1598 2048 ι
1638 1992 1922 2048 Volumina
1953 1993 2138 2060 itaque

554 2097 734 2152 omnia
761 2094 984 2164 angelus
1013 2092 1251 2148 studiose
1292 2090 1614 2153 discutiens,
1644 2102 1924 2158 nunquam
1956 2084 2138 2156 perju-

556 2203 706 2242 rasse
729 2186 951 2241 invenit.
988 2182 1199 2236 Dimisit
1229 2197 1361 2252 ergo
1390 2197 1512 2236 eum
1541 2181 1737 2244 victus,
1781 2179 1893 2248 qui,
1919 2187 1976 2232 nt
2000 2177 2137 2232 dici-

558 2283 648 2346 tis,
681 2294 854 2349 usque
888 2278 939 2332 in
982 2283 1305 2347 prmsentem
1336 2273 1479 2328 diem
1528 2271 1818 2327 incolumis
1854 2278 2139 2340 permanet

557 2381 718 2440 atque
744 2369 919 2422 vivus.
941 2366 1261 2430 Considera,
1289 2379 1504 2435 qurcso,
1545 2377 1705 2432 quam
1739 2363 1851 2416 risu
1886 2361 2140 2431 dignissi-

555 2475 644 2512 :na
695 2458 749 2512 in
802 2458 904 2512 hoc
934 2463 1158 2527 possunt
1206 2456 1377 2510 notari
1421 2453 1787 2510 sermnnculo.
1822 2453 1961 2520 Quid
1991 2452 2138 2508 enim

557 2549 676 2618 plus
727 2548 1021 2604 miremur?
1067 2564 1134 2602 an
1189 2547 1498 2602 fatuitatem
1551 2547 1726 2618 angeli
1757 2546 1847 2615 qui
1883 2545 2137 2600 callidam

555 2638 794 2694 hominis
811 2647 982 2693 artem
1006 2653 1111 2692 non
1132 2639 1280 2706 prius
1296 2636 1536 2706 agnovit,
1551 2653 1617 2692 an
1642 2637 1938 2701 hominem,
1954 2635 2141 2689 audito

556 2741 657 2799 per
685 2726 933 2797 angelum
959 2727 1051 2782 Dei
1078 2737 1373 2797 praecepto,
1397 2737 1584 2783 contra
1617 2728 1790 2796 ipsum
1809 2736 2138 2797 praeceptum

558 2833 751 2875 ausum
797 2819 966 2875 fuisse
1005 2819 1215 2886 jurare,
1259 2835 1327 2874 an
1371 2820 1615 2875 dicamus
1644 2819 1735 2872 Dei
1767 2819 2136 2887 impotentiam

559 2913 750 2980 fuisse,
780 2914 924 2984 quod
970 2930 1077 2968 non
1103 2913 1201 2967 nisi
1232 2928 1329 2982 per
1356 2913 1604 2967 nuntium
1634 2928 1759 2968 eum
1790 2912 1857 2966 de
1885 2911 2136 2982 paradiso

560 3005 823 3076 potuisset
854 3004 1152 3073 expellere,
1182 3019 1248 3059 an
1280 3005 1614 3068 ascribamus
1645 3004 1738 3060 Dei
1771 3005 2087 3074 ignorantia:
2120 3021 2137 3056 ι

561 3098 704 3167 quod
731 3112 837 3152 non
868 3095 1025 3151 aliter
1051 3097 1192 3150 seire
1221 3096 1398 3166 potuit
1420 3106 1599 3151 utrum
1631 3099 1885 3166 perjurns
1918 3095 2134 3159 fuisset,

563 3189 665 3242 nisi
717 3187 833 3256 ejus
878 3189 1000 3241 vitae
1045 3187 1213 3243 libros
1261 3189 1461 3243 revolvi
1507 3187 1765 3256 juberct?
1795 3188 1982 3243 Nonne
2021 3189 2135 3243 hate

560 3281 739 3336 omnia
772 3280 1073 3335 fatuissima
1097 3281 1255 3335 sunt?
1281 3279 1434 3346 Quod
1456 3281 1499 3336 si
1534 3282 1716 3334 omnia
1739 3297 1861 3350 qua:
1883 3279 2136 3335 doctores

560 3371 730 3425 vestri
760 3371 953 3425 similia
984 3371 1068 3424 his
1097 3371 1548 3441 conscripserunt
1576 3386 1921 3440 poneremus,
1939 3369 2142 3424 multos

564 3465 705 3519 sicut
754 3472 810 3518 et
861 3463 961 3534 ipsi
1008 3463 1178 3520 libros
1228 3479 1493 3534 nugarum
1539 3463 1736 3518 fabulis
1768 3463 2139 3534 impleremus.

565 3555 744 3608 Pauca
796 3567 974 3612 autem
1013 3556 1358 3622 induximus,
1411 3565 1470 3610 ut
1497 3572 1684 3610 eorum
1720 3556 1801 3611 vel
1833 3555 2096 3626 sapientia
2124 3598 2140 3620 ,

561 3648 649 3702 vel
678 3648 1144 3712 fatuitas,cunctis
1169 3661 1491 3719 patesceret.
1521 3649 1632 3704 Hoc
1656 3651 1836 3718 itaque
1860 3659 1944 3705 est
1997 3650 2140 3718 quod

566 3741 666 3794 tibi
715 3741 960 3810 superius
1009 3741 1142 3805 dixi,
1175 3741 1339 3795 verba
1378 3741 1663 3795 doctorum
1695 3751 2000 3794 vestrorum
2033 3754 2148 3792 nou-

569 3833 716 3887 aliud
738 3833 905 3888 videri
936 3849 1095 3902 quam
1125 3834 1285 3888 verba
1309 3833 1606 3902 jocantium
1633 3835 1684 3888 in
1713 3834 1911 3888 scholis
1942 3849 2141 3903 puero-

566 3939 707 3990 rum,
721 3922 803 3978 vel
820 3924 1064 3978 ncntium
1081 3924 1133 3978 in
1155 3925 1666 3994 plateisjmulierum.
1683 3923 1787 3979 Sed
1804 3923 1912 3988 dic,
1928 3939 2140 3994 precor,

566 4035 600 4074 ο
623 4021 851 4093 Moyses,
889 4020 1073 4076 talium
1107 4021 1386 4074 hominum
1413 4019 1493 4073 vel
1525 4020 1693 4090 legem
1717 4019 2139 4089 suscipiendam,

564 4112 652 4168 vel
713 4114 1091 4168 auctoritatem
1164 4113 1375 4184 judicas
1441 4110 2142 4182 comprobandam?Eruat

570 4216 622 4260 te
667 4205 848 4262 divina
898 4207 1178 4261 miseratio
1209 4207 1274 4261 de
1303 4222 1490 4261 eorum
1547 4205 1975 4260 exsecrabilibus
2004 4218 2144 4273 pra:-

567 4299 738 4369 ccptis
779 4307 943 4369 atque
968 4299 1232 4362 consiliis,
1276 4296 1730 4366 quemadmodum
1757 4305 1810 4350 et
1839 4311 1924 4350 me
1952 4335 1967 4358 ,
2016 4294 2144 4348 licet

517 4443 534 4462 ﬁ
566 4406 674 4446 non
700 4391 834 4445 meis
865 4391 1062 4460 eripuit
1092 4385 1334 4454 meritis,
1367 4398 1422 4443 et
1446 4399 1497 4443 te
1528 4403 1738 4442 mecum
1777 4388 1981 4458 pariter
2002 4385 2144 4441 salu—

570 4484 746 4539 tiferis
777 4485 970 4539 suhdat
999 4484 1275 4554 imperiis.
1327 4492 1597 4552 quatenus
1633 4491 1921 4551 utrumque
1943 4481 2145 4551 pariter

569 4576 705 4632 ditet
732 4576 845 4630 suis
867 4574 1225 4630 ineﬁabilibus
1252 4575 1509 4644 prtemiis.

1159 4731 1459 4789 TITULUS
1499 4732 1561 4786 ll.

569 4873 648 4930 {De
669 4873 1024 4945 cognoscenda
1040 4872 1308 4940 prmcntis
1323 4869 1356 4922 ,Ι
1365 4869 1634 4945 admoram
1658 4867 1968 4945 captiuitatis
1985 4883 2146 4920 causa

822 4939 1046 5008 tractat,
1063 4952 1108 4995 et
1137 4958 1291 5011 quam
1341 4941 1435 4994 diu
1467 4945 1662 4993 durare
1693 4939 1898 4992 debeat.

647 5057 878 5113 Movsss.
911 5056 1172 5124 Quoniam
1199 5069 1528 5125 quzecunque
1574 5053 1744 5108 nostri
1776 5053 2029 5107 doctores
2064 5053 2148 5107 di-

580 5151 713 5205 vina:
759 5148 1027 5218 majestati
1069 5148 1286 5218 indigne
1309 5146 1601 5218 applicant,
1632 5155 1685 5200 tu
1712 5145 1894 5200 omnia
1924 5147 2148 5216 inexpu-

579 5243 869 5314 gnabilium
902 5244 1020 5298 luce
1046 5243 1338 5309 rationum,
1356 5257 1453 5297 nec
1472 5241 1772 5313 Scriptura!
1798 5242 2148 5308 auctoritate,

578 5353 678 5392 nec
716 5336 1008 5408 cujuslibet
1028 5337 1255 5391 rationis
1282 5336 1470 5407 vigore
1496 5335 1795 5390 consistere
1819 5349 1977 5405 posse
2001 5349 2150 5388 mon-

577 5429 786 5494 strasti,
817 5446 964 5484 nunc
991 5429 1057 5483 ad
1106 5428 1396 5484 secundam
1425 5427 1824 5496 propositorum
1856 5434 2064 5482 partem
2094 5427 2148 5479 in

575 5540 683 5593 qua
722 5525 787 5580 de
812 5534 996 5580 nostra
1043 5539 1102 5579 es
1148 5521 1460 5591 captivitate
1513 5519 1728 5574 locutus
1755 5519 2056 5582 veniamus,
2103 5517 2150 5572 si

577 5619 770 5689 liacet.
795 5618 984 5673 Dixisti
1007 5617 1151 5673 enim
1175 5615 1300 5688 (nisi
1328 5614 1494 5669 menti
1513 5614 1734 5681 excidit)
1752 5627 1851 5667 nos
1875 5611 1966 5665 tali
1993 5611 2150 5664 modo

578 5725 800 5782 sperare
857 5711 1218 5779 captivitatem
1263 5721 1520 5760 evasuros
1565 5721 1728 5768 esse,
1783 5720 1889 5772 quo
1939 5703 2151 5758 scilicet

579 5804 742 5855 modo
790 5814 1126 5869 nequaquam
1176 5809 1460 5866 possumus
1504 5794 1753 5848 evadere.
1785 5791 1938 5846 Nunc
1969 5794 2150 5861 itaque

581 5901 802 5962 propter
849 5893 953 5946 hoc
999 5905 1180 5960 quacro
1223 5898 1399 5941 utrum
1440 5901 1536 5940 nos
1568 5886 1658 5940 illo
1696 5899 1804 5954 quo
1835 5884 2107 5940 credimus
2134 5925 2152 5952 ,

2241 597 2532 650 concedas.

2314 687 2548 741 Psrnus.
2575 685 2650 738 Eo
2676 681 2891 750 quidem
2917 678 3078 734 modo
3104 692 3217 746 quo
3247 674 3352 744 ipsi
3392 676 3646 734 :estimalis
3683 699 3764 737 non

2241 778 2409 834 credo
2433 819 2448 844 ,
2505 776 2600 830 sed
2641 775 2749 829 alio
2790 771 2950 828 modo
2990 786 3084 826 vos
3121 785 3378 825 evasuros
3412 785 3526 825 esse
3558 788 3652 827 non
3691 778 3764 830 ab-

2242 881 2404 938 nego.

2311 958 2543 1014 Movsss.
2571 954 2750 1024 Quare
2777 968 2843 1009 co
2863 968 2972 1023 quo
2994 951 3224 1006 dicimus
3241 950 3453 1005 liberari
3472 965 3766 1022 nequaquam

2240 1049 2510 1119 possimus
2557 1046 2745 1110 modo,
2780 1053 2836 1100 et
2860 1044 3107 1114 quisnam
3143 1043 3214 1098 sit
3243 1041 3565 1096 liberationis
3613 1048 3770 1101 modus

2242 1141 2431 1194 audire
2461 1139 2731 1194 desidero.

2311 1231 2550 1287 Penus.
2583 1229 2716 1284 Cum
2749 1228 3030 1282 Christum
3081 1225 3275 1280 Filium
3316 1224 3410 1280 Dei
3443 1240 3576 1287 esse.
3604 1238 3684 1280 aut
3729 1228 3768 1280 in

2244 1321 2507 1376 mundum
2539 1334 2638 1390 pro
2690 1318 2914 1372 humani
2946 1317 3162 1387 generis
3194 1313 3556 1381 redemptione
3583 1331 3769 1386 negave-

2243 1413 2362 1467 ritis
2410 1412 2623 1466 venisse
2649 1449 2664 1473 ,
2715 1417 2771 1463 et
2815 1407 2934 1478 ejus
2968 1414 3237 1477 praecepta
3272 1404 3546 1460 nolueritis
3570 1421 3768 1470 servare,

2243 1501 2460 1557 liberari
2509 1498 2806 1568 nequibitis
2855 1513 2886 1551 a
2930 1497 3268 1566 captivitate.
3311 1494 3366 1550 Si
3425 1510 3544 1550 vero
3592 1511 3696 1550 eum
3727 1509 3770 1552 et

2242 1595 2335 1650 Dei
2364 1592 2559 1647 Filium
2587 1606 2730 1655 esse,
2755 1590 2936 1658 etjam
2967 1589 3183 1643 venisse
3208 1586 3562 1649 credideritis,
3582 1597 3627 1642 et
3647 1605 3768 1642 nian-

2242 1683 2369 1738 data
2414 1682 2571 1752 cujus
2613 1679 3004 1742 custodieritis,
3057 1677 3242 1733 statim
3281 1677 3350 1731 de
3383 1677 3666 1747 captivitate
3695 1693 3770 1732 ex-

2243 1775 2408 1829 ibitis.

2311 1866 2544 1921 Movsss.
2577 1863 2750 1930 Quam
2793 1862 3170 1916 auctoritatem
3200 1861 3404 1929 poteris
3447 1857 3624 1913 afferre
3645 1874 3771 1929 super

2241 1953 2546 2024 hujusmodi
2594 1952 2882 2007 sermone?

2313 2047 2548 2102 Penus.
2573 2043 2730 2098 Prius
2753 2057 2876 2112 qua:
2900 2051 3093 2096 vestrze
3119 2038 3452 2108 captivitatis
3485 2038 3771 2091 fueritcausa

2242 2139 2428 2192 videre
2465 2133 2745 2198 debemus,
2775 2142 2834 2188 ut
2861 2133 2942 2188 sic
2973 2131 3138 2186 etiam
3172 2129 3432 2183 evadendi
3462 2129 3656 2183 modum
3681 2146 3766 2184 uie-

2241 2229 2345 2283 lius
2395 2239 2777 2294 agnoscamus,
2830 2237 2981 2277 more
3012 2221 3277 2289 sapientis
3319 2227 3529 2272 utentes
3576 2220 3772 2284 medici,

2241 2320 2332 2391 qui
2365 2320 2514 2390 prius
2546 2317 2919 2372 inﬁrmitatem
2953 2313 3194 2384 inSpicil,
3225 2322 3286 2366 ut
3332 2325 3441 2382 qua
3459 2326 3584 2382 opus
3604 2311 3662 2365 sit
3687 2325 3773 2364 me-

2242 2409 2420 2465 dicina
2453 2409 2596 2464 scire
2623 2405 2812 2477 possit.

2315 2502 2546 2557 Movsss.
2575 2501 2717 2554 Bene
2742 2499 2944 2552 dictum
2977 2494 3244 2550 collaudo.

2312 2594 2549 2648 PBTRUS.
2571 2591 2728 2646 Prius
2743 2604 2958 2644 causam
2981 2588 3318 2657 Babylonica:
3338 2585 3666 2656 captivitatis,
3683 2599 3776 2652 qua:

2244 2701 2352 2740 non
2378 2685 2483 2739 nisi
2517 2699 2616 2754 per
2646 2680 2984 2751 septuaginta
3017 2695 3190 2734 annos
3221 2679 3459 2739 duravit,
3489 2677 3626 2730 dicas
3645 2675 3774 2735 voio.

2243 2778 2368 2848 quia
2404 2778 2573 2846 ipsam
2604 2790 2726 2830 cum
2750 2775 3101 2834 audierimus,
3121 2771 3393 2838 adjuverit
3422 2784 3516 2824 nos
3541 2769 3600 2822 ad
3617 2781 3777 2838 cogno-

2241 2867 2500 2922 scendam
2532 2881 2750 2920 causam
2780 2863 2936 2932 hujus
2961 2873 3124 2918 tantte
3153 2861 3507 2931 captivitatis.

2313 2958 2542 3013 Movsss.
2572 2956 2808 3011 Plurima
2839 2966 3081 3025 peccata.
3105 2969 3226 3024 quae
3257 2952 3478 3022 longum
3506 2959 3776 3005 estenume-

2243 3070 2386 3118 rare,
2415 3052 2611 3120 prioris
2640 3049 2970 3119 captivitatis
2999 3063 3161 3102 causa
3195 3046 3376 3100 fuere.

2312 3143 2550 3198 Psrnus.
2582 3141 2656 3195 Ita
2688 3140 2904 3210 quidem
2942 3138 3180 3194 concedo
3227 3151 3386 3199 esse,
3416 3135 3505 3191 sed
3549 3145 3702 3189 tamen
3726 3147 3776 3188 cx

2163 3242 2204 3298 (Ζ
2240 3234 2342 3289 illis
2371 3233 2548 3302 aliqua
2592 3231 2710 3288 volo
2738 3247 2768 3284 a
2792 3241 2844 3286 te
2867 3246 2968 3302 ego
2999 3229 3208 3284 audire.

2317 3326 2547 3383 Marses.
2589 3323 2765 3378 Pauca
2795 3339 2858 3378 ex
2895 3323 2997 3377 illis
3037 3323 3088 3375 in
3137 3321 3377 3375 medium
3416 3321 3658 3376 deducam
3685 3332 3778 3386 qua:

2242 3418 2558 3490 prophetica
2584 3417 2915 3472 auctoritate
2945 3415 3276 3483 probantur,
3323 3414 3530 3469 scilicet
3553 3427 3738 3466 usuram
3760 3450 3772 3469 ,

2243 3509 2325 3564 vel
2355 3523 2548 3562 tnnnus
2571 3523 2669 3576 pro
2694 3507 2981 3576 iniquitate
3028 3506 3296 3574 accipere,
3328 3506 3675 3575 jnrameutunt
3703 3501 3779 3554 lal-

2242 3618 2358 3659 suin
2377 3601 2582 3670 jurare,
2608 3600 2660 3654 in
2689 3598 2970 3654 vendendo
2990 3606 3044 3652 et
3066 3597 3294 3652 emendo
3324 3595 3599 3666 pecuniam
3621 3592 3779 3646 falsam

2243 3695 2392 3758 dare,
2432 3694 2565 3748 falsa
2593 3691 2902 3748 testimonia
2933 3690 3136 3753 dicere,
3164 3687 3489 3742 alterutrum
3517 3685 3782 3744 detrahere,

2242 3793 2516 3854 parentes,
2539 3793 2595 3838 et
2627 3783 2741 3838 loca
2761 3779 3209 3836 sanctificationis
3232 3789 3286 3833 ct
3317 3779 3436 3832 dies
3463 3777 3778 3832 Sabbatorum

2244 3876 2599 3939 inhonorare;
2623 3874 2833 3937 matris,
2859 3873 3082 3934 sororis.
3110 3871 3255 3936 ﬁliae,
3281 3885 3494 3934 socrus,
3509 3867 3586 3922 vel
3607 3864 3784 3936 cujusli-

2245 3968 2335 4023 bet
2366 3967 2563 4022 illicitae
2592 3967 2805 4022 femina:
2835 3965 3220 4034 turpitudinem
3252 3964 3516 4027 revelare,
3539 3959 3780 4016 homicidia

2244 4069 2573 4129 perpetrare,
2615 4057 2751 4112 idola
2786 4057 3038 4120 adorare,
3063 4055 3244 4109 stellis
3272 4054 3603 4116 sacriﬁcare,
3643 4049 3780 4103 Deum

2247 4165 2470 4221 negare,
2503 4149 2703 4219 Deique
2726 4149 3041 4218 prophetas,
3074 4158 3334 4216 tanquam
3372 4147 3583 4209 Uriam,
3607 4141 3782 4196 Ζιιειιειο

2247 4244 2407 4306 riam,
2440 4241 2740 4310 lsaiantque
2771 4255 2986 4304 necare,
3015 4249 3070 4294 et
3095 4238 3200 4293 alia
3223 4239 3418 4303 multa,
3441 4244 3784 4308 qute.utsupe-

2246 4331 2358 4386 rius
2397 4330 2528 4394 dixi,
2573 4329 2788 4400 longum
2839 4339 2922 4384 est
2955 4342 3301 4393 enumerare,
3345 4343 3466 4396 qua:
3504 4327 3554 4380 in
3602 4332 3777 4378 tantum

2245 4431 2550 4486 creverunt,
2573 4430 2630 4476 ut
2659 4422 2800 4476 Deus
2817 4421 2884 4476 ad
2912 4420 3203 4475 Jercntiam
3233 4419 3440 4476 diceret
3466 4417 3777 4489 prophetam:

2249 4515 2478 4570 Circuite
2504 4515 2612 4569 vias
2649 4513 3008 4579 Hierusalem,
3059 4522 3108 4566 et
3135 4512 3354 4581 aspicite
3381 4523 3428 4565 et
3457 4509 3748 4566 considerate
3768 4542 3784 4565 .

2177 4593 2220 4647 θ
2245 4605 2459 4677 (μιαννὶιε
2496 4607 2552 4658 in
2586 4604 2766 4674 plateis
2793 4604 2905 4674 ejus
2936 4621 3004 4656 an
3041 4605 3314 4659 inveniatis
3358 4604 3522 4658 virum
3554 4601 3785 4670 facientem

2236 4697 2498 4765 judicium
2527 4705 2574 4749 et
2599 4706 2910 4766 qua’rentem
2935 4695 3110 4762 ﬁdem,
3153 4696 3408 4764 propitius
3449 4710 3536 4748 ero
3562 4694 3605 4746 ei
3649 4688 3773 4760 (λεν.

2247 4789 2325 4859 ν).
2358 4789 2488 4842 Item
2526 4787 2775 4842 Ezechiel
2807 4786 2884 4840 ait
2916 4803 2930 4838 :
2968 4785 3198 4851 Qua’sivi
3227 4787 3291 4839 de
3314 4787 3398 4839 Iris
3435 4786 3601 4840 virum
3625 4781 3700 4853 qui
3722 4779 3786 4831 in.

2248 4889 2536 4948 terponeret
2579 4895 2772 4948 sepem,
2792 4889 2841 4932 et
2870 4887 3033 4932 staret
3061 4879 3327 4949 oppositus
3370 4889 3554 4932 contra
3575 4891 3666 4936 me.
3690 4885 3786 4939 pro.

2247 4981 2420 5042 pterea
2446 4986 2507 5023 ne
2527 4969 2835 5038 dissiparem
2857 4985 2995 5033 eam,
3023 4979 3070 5022 et
3097 4985 3198 5022 non
3223 4967 3396 5022 inveni
3425 4966 3635 5036 (Ezech.
3657 4958 3784 5026 χιιι).

2320 5063 2556 5118 Ρετιιυε.
2593 5061 2815 5117 Gaudeo
2859 5071 2915 5116 et
2951 5063 3161 5133 gratias
3191 5077 3312 5132 ago,
3347 5062 3475 5130 quia
3499 5061 3606 5128 jam
3637 5067 3681 5111 te
3711 5053 3789 5107 ali-

2249 5169 2409 5225 quam
2441 5152 2690 5207 veritatis
2718 5152 3005 5207 scintillam
3029 5153 3211 5207 videre
3237 5167 3526 5222 cognosco.
3556 5149 3641 5203 Dic
3663 5157 3785 5214 ergO.

2249 5245 2294 5300 si
2337 5244 2501 5309 nosti,
2547 5260 2791 5314 quamam
2839 5258 3003 5298 causa
3037 5242 3195 5311 hujus
3249 5254 3358 5298 tam
3396 5242 3569 5313 longa:
3606 5247 3790 5304 tamque

2250 5336 2383 5392 dira:
2411 5336 2572 5391 fuerit
2603 5336 2954 5405 captivitatis,
2995 5353 3114 5406 quae
3138 5337 3248 5407 jam
3283 5336 3432 5392 mille
3472 5329 3786 5407 quadraginta

2253 5429 2469 5484 duravit
2494 5429 2668 5484 annis.

2322 5521 2554 5579 Marses.
2589 5521 2711 5577 Haec
2738 5520 2927 5576 eadem
2955 5531 3176 5592 peccata
3200 5529 3255 5575 et
3282 5520 3368 5577 his
3397 5521 3612 5580 similia.

2325 5614 2559 5670 Psrnus.
2590 5613 2738 5669 Ilanc
2787 5613 3050 5667 rationem
3082 5613 3223 5666 nulla
3273 5613 3481 5683 poteris
3502 5607 3790 5666 auctoritate

2255 5705 2472 5761 ﬁrmare
2516 5721 2641 5775 quia
2673 5721 2701 5759 a
2735 5704 2991 5760 trecentis
3021 5704 3178 5758 annis
3202 5714 3326 5758 ante
3355 5703 3660 5758 subversam
3689 5695 3789 5750 Hie-

2255 5797 2486 5852 rusalem
2519 5797 2696 5852 nullus
2730 5797 2780 5851 in
2807 5796 2966 5851 Israel
3016 5795 3275 5865 propheta
3312 5796 3556 5856 exstitit,
3597 5790 3680 5860 qui
3707 5787 3792 5839 hoc

2257 5888 2568 5958 prmtlixerit
2624 5886 2707 5942 vel
2757 5885 3076 5955 scripserit,
3127 5887 3356 5942 maxime
3405 5901 3528 5938 cum
3575 5882 3788 5934 doctores
