4038 6460
274 391 384 449 8f!

1805 396 2097 456 υιΑιοοι.
3478 390 3543 455 ετ

280 515 456 572 vestri
477 512 668 569 dicant
694 516 800 570 hoc
832 507 1043 569 tantum
1070 512 1237 571 fuisse
1256 526 1479 569 causam
1508 513 1884 571 subversionis
1910 516 1958 574 Α
1985 515 2178 571 tilium.
2244 514 2325 570 Ad
2384 515 2529 571 hunc
2574 514 2875 587 principem
2942 515 3207 571 accedens
3260 514 3584 571 Nicodenms

295 607 830 679 llierosolymorum,
859 607 1000 678 quod
1036 607 1172 662 alter
1200 606 1355 663 alteri
1395 607 1514 662 sine.
1540 621 1603 662 re
1632 606 1885 662 inimicae

296 713 452 758 retur
494 708 548 755 et
599 699 892 755 invideret.
943 699 1166 769 Insuper
1193 701 1356 756 etiam
1398 700 1465 754 ad
1513 709 1618 755 tua:
1653 698 1887 754 rationis

301 789 728 849 destructionem
744 788 1026 857 adjiciunt,
1038 791 1203 857 quod.
1223 789 1491 845 aedificato
1512 788 1730 859 templo,
1748 790 1889 845 Deus

300 883 352 939 ἂι
404 890 596 937 manus
624 895 816 937 eorum
851 884 1060 953 peccati
1113 882 1416 953 principem
1475 882 1764 937 tradiderit
1797 883 1885 939 cui

295 974 480 1045 ligatis
499 975 752 1029 manibus
776 983 833 1029 et
867 975 1096 1044 pedibus
1118 991 1281 1030 unum
1309 976 1628 1031 evulserunt
1647 976 1886 1043 oculum,

293 1078 353 1122 et
374 1068 447 1122 ab
485 1083 550 1123 ea
581 1067 669 1122 die
700 1081 806 1121 non
836 1066 996 1121 habet
1037 1076 1354 1136 potestatem
1378 1068 1624 1138 decipere
1649 1082 1810 1137 posse
1835 1068 1888 1121 in

295 1160 602 1217 homicidio
629 1169 684 1215 et
712 1159 1041 1222 idololatria,
1076 1170 1131 1214 et
1155 1160 1679 1229 consanguinearum
1712 1158 1874 1228 turpi-

297 1250 500 1306 tudine
553 1249 862 1304 revelauda.
916 1250 1029 1305 Non
1073 1265 1203 1317 ergo
1226 1250 1405 1305 omnia
1432 1265 1494 1305 ea
1525 1265 1646 1310 utne
1681 1248 1894 1304 fuerant

290 1342 530 1411 prioris,
564 1342 818 1397 secunda:
847 1356 1063 1412 quoque
1090 1357 1256 1398 causa
1295 1340 1511 1395 fuerunt
1536 1341 1888 1410 captivitatis.

292 1433 503 1489 Dicunt
538 1434 703 1489 etiam
750 1435 923 1503 quod,
957 1434 1157 1505 templo
1202 1433 1493 1499 existente,
1542 1433 1698 1488 multi
1735 1443 1894 1488 erant

295 1527 565 1583 homines
591 1525 748 1581 bona:
781 1527 932 1593 vitm,
973 1528 1063 1597 qui
1096 1526 1375 1597 propheta!
1404 1527 1704 1581 debuerant
1729 1541 1848 1580 esse
1876 1567 1892 1590 ,

290 1620 341 1673 si
373 1628 598 1689 tempus
625 1618 816 1674 fuisset
835 1617 1150 1688 prophetiae.
1165 1617 1311 1672 Multi
1328 1617 1491 1673 etiam
1519 1626 1717 1686 przeter
1736 1633 1891 1671 usum

293 1707 588 1763 faciebant
631 1722 769 1765 nova
813 1706 1099 1771 miracula,
1122 1706 1286 1762 veluti
1317 1707 1505 1761 dicunt
1535 1705 1798 1761 Joannem
1834 1707 1897 1759 ti-

294 1799 438 1853 lium
496 1796 700 1853 Zacbai
748 1806 910 1852 tautze
944 1798 1248 1853 sanctitatis
1278 1795 1451 1852 fuisse
1478 1797 1622 1866 quod
1646 1837 1662 1858 ,
1688 1812 1811 1851 cum
1841 1796 1893 1849 in

1990 609 2065 663 ait
2095 625 2151 662 ει
2175 608 2479 664 Cisternam
2512 618 2656 663 tuam
2683 609 2813 664 mihi
2844 608 2912 662 ad
2940 609 3102 662 totius
3125 607 3305 677 populi
3328 623 3493 677 opus,
3527 608 3575 660 si

1985 699 2186 772 placet.
2214 700 2476 765 concede,
2503 708 2559 752 et
2602 715 2775 769 usque
2802 699 2854 754 in
2884 699 3028 753 diem
3079 698 3229 753 illum
3283 679 3580 754 cisternam

1988 808 2112 849 cum
2141 808 2304 862 aqua,
2328 792 2411 846 vel
2439 808 2593 863 teque
2618 793 2804 849 valens
2834 793 3067 863 pretium
3101 793 3346 848 reddam.
3383 811 3403 844 ι
3443 790 3586 860 Quid

1990 885 2195 939 multa?
2233 885 2386 952 Quod
2432 885 2721 953 postulavit
2768 886 3097 954 impetravit,
3129 895 3185 939 et
3230 883 3407 954 populi
3436 885 3585 939 sitim

1990 977 2346 1046 compescuit.
2375 975 2480 1030 Sed
2506 991 2627 1029 cum
2653 984 2859 1030 statuto
2877 978 2965 1031 dic
2989 977 3229 1032 creditor
3250 977 3336 1031 ille
3351 977 3585 1047 pretium

1991 1069 2323 1139 quaesiturus
2360 1068 2601 1135 adesset,
2660 1076 2714 1122 et
2765 1083 2876 1138 prae
2929 1068 3093 1123 nimia
3147 1070 3394 1124 siccitate
3449 1067 3587 1124 nihil

1994 1178 2147 1233 aqua:
2199 1162 2434 1218 cisterna
2486 1161 2752 1228 haberet,
2800 1160 3143 1221 Nicodemus,
3189 1162 3436 1216 oratione
3513 1159 3584 1215 ad

1996 1254 2165 1310 Deum
2199 1254 2342 1319 fusa,
2361 1255 2597 1321 pluviam
2619 1255 2684 1308 de
2703 1253 2841 1309 coelo
2865 1253 3187 1322 impetravit
3214 1268 3378 1321 super
3405 1263 3581 1308 totam

1996 1357 2218 1407 terram.
2250 1357 2303 1402 et
2332 1348 2655 1409 cisternam.
2695 1346 2835 1401 sicut
2876 1354 3182 1414 acceperat,
3231 1344 3442 1412 plenam
3483 1346 3586 1400 do-

1995 1439 2142 1495 mino
2155 1453 2254 1494 suo
2284 1437 2662 1493 restituit.Seel
2680 1438 2805 1506 quia
2833 1436 2886 1491 in
2913 1438 3043 1490 hora
3062 1451 3166 1505 qua
3188 1436 3376 1490 eadem
3406 1435 3587 1505 pluvia

1995 1531 2297 1596 descendit,
2318 1529 2433 1600 jam
2468 1531 2583 1585 dies
2612 1529 2871 1584 inclinata
2898 1536 3016 1584 erat
3052 1528 3118 1582 ad
3154 1541 3437 1596 vesperum
3459 1567 3474 1589 ,
3512 1530 3591 1581 ait

1996 1622 2251 1694 princeps
2302 1623 2373 1677 ad
2419 1620 2771 1677 Nicodemum
2820 1639 2835 1674 :
2883 1639 2901 1672 ι
2963 1620 3174 1689 Aquam
3219 1618 3438 1687 quidem
3468 1634 3593 1674 ora.

1999 1717 2147 1771 tione
2173 1724 2261 1770 tua
2294 1715 2518 1785 recipio,
2534 1714 2628 1770 sed
2650 1723 2833 1768 tamen
2852 1712 3108 1783 quoniam
3140 1710 3451 1765 constitutre
3479 1706 3590 1765 diu:

2003 1819 2115 1864 tota
2140 1809 2355 1863 transiit
2377 1809 2535 1871 hora,
2554 1808 2788 1877 pretium
2812 1822 2877 1861 ex
2902 1805 3085 1860 debito
3104 1805 3238 1859 mihi
3270 1802 3481 1857 solvere
3499 1803 3595 1858 de-

295 1891 573 1946 cathedra
599 1905 700 1945 sua
724 1889 791 1943 ad
838 1889 1125 1959 legendum
1154 1888 1321 1944 libros
1340 1904 1468 1943 suos
1498 1888 1730 1952 sederet,
1760 1887 1903 1943 Deus

2016 1905 2120 1957 bes.
2148 1922 2167 1955 ι
2191 1902 2281 1956 Ille
2304 1902 2468 1972 igitttr
2504 1901 2645 1955 facta
2678 1899 2875 1953 iterum
2906 1898 3175 1964 oratione,
3210 1896 3340 1950 solis
3367 1909 3593 1950 cursum

295 1985 371 2040 ad
400 1986 803 2041 ostendendam
851 1984 1169 2040 meritorum
1218 1981 1336 2052 ejus
1382 1982 1664 2043 virtutem.
1712 1996 1904 2036 omnes

296 2091 441 2131 aves
467 2091 639 2147 super
678 2092 804 2130 eum
832 2075 1144 2135 volitantes.
1172 2074 1512 2131 concremari
1535 2083 1589 2129 ct
1621 2074 1674 2128 in
1702 2083 1902 2129 terram

297 2182 474 2223 mere
524 2166 677 2223 fecit.
724 2167 802 2221 De
833 2166 940 2222 alio
980 2181 1218 2239 quoque,
1255 2164 1434 2220 llunni
1491 2164 1765 2230 videlicet,
1797 2164 1906 2220 tale

300 2258 458 2313 aliud
487 2257 816 2314 miraculum
839 2267 1110 2313 astruunt.
1149 2257 1510 2329 Temporibus
1536 2258 1754 2327 quidem
1787 2257 1904 2327 ejus

302 2360 523 2405 terram
547 2351 740 2406 dicunt
785 2351 1088 2406 siccitatem
1126 2350 1436 2420 pertulisse.
1468 2350 1568 2417 Qui
1601 2350 1805 2405 circulo
1839 2349 1908 2406 de

302 2442 591 2511 lapidibus
623 2440 894 2497 fabricato
920 2443 1199 2513 ingressus
1228 2452 1312 2497 est
1342 2442 1456 2512 ipse
1485 2443 1538 2496 in
1569 2457 1692 2497 eum
1711 2483 1724 2503 .
1751 2452 1807 2496 et
1831 2442 1908 2495 ait

302 2532 377 2586 ad
412 2531 587 2586 Deum
613 2548 629 2585 :
667 2549 687 2583 ι
718 2530 850 2586 Juro
874 2548 971 2601 per
1006 2547 1202 2587 nomen
1230 2541 1403 2597 tuum,
1436 2532 1597 2596 Deus,
1627 2531 1770 2601 quod
1797 2547 1906 2586 non

302 2626 447 2681 hinc
472 2624 750 2696 egrediar,
777 2625 879 2680 nisi
906 2624 1083 2695 pluvia
1101 2626 1156 2681 in
1181 2635 1385 2680 terram
1403 2625 1712 2681 descendat.
1737 2643 1757 2677 ι
1785 2624 1908 2679 ϐω-

305 2720 393 2790 pit
418 2732 558 2788 ergo
583 2718 832 2774 minutim
864 2718 1075 2790 pluere.
1109 2719 1205 2775 sed
1232 2719 1352 2790 ipso
1374 2718 1637 2786 majorem
1668 2716 1906 2787 pluviam

307 2810 653 2881 postulante.
679 2819 864 2868 tantus
912 2810 1088 2866 imber
1130 2809 1410 2866 descendit
1454 2818 1514 2865 ut
1551 2824 1689 2879 pene
1737 2818 1909 2864 terras

309 2917 514 2957 omnes
541 2903 864 2958 vastaverit.
900 2903 1005 2959 Sed
1037 2903 1225 2959 eodem
1278 2902 1626 2957 mediocriter
1647 2910 1862 2972 petente
1892 2941 1909 2964 .

311 2995 505 3065 pluvia
542 3004 847 3067 temperata
880 2996 1179 3063 descendit,
1210 3003 1267 3050 et
1292 3003 1437 3049 terra
1466 2995 1623 3049 bonis
1658 2993 1911 3047 omnibus

315 3087 675 3142 redundavit.
709 3087 1055 3143 Aiuntetiam
1082 3086 1150 3141 de
1177 3086 1424 3140 Annania
1460 3084 1572 3139 tilio
1597 3084 1735 3140 Dosa
1767 3082 1911 3154 quod

315 3195 425 3233 vox
467 3163 716 3248 quotidie
762 3181 833 3234 de
878 3188 1062 3235 monte
1102 3177 1281 3233 lloreb
1307 3176 1587 3232 sanctitati
1636 3175 1754 3243 ejus
1809 3174 1913 3229 tale

319 3273 592 3328 atlerebat
620 3274 1012 3338 testimonium,
1037 3273 1262 3328 dicens:
1296 3292 1315 3324 ι
1344 3271 1574 3342 Propter
1615 3269 1911 3326 bonitatem

319 3366 593 3421 Annania:
648 3365 743 3420 filii
796 3366 933 3421 Dosa
979 3374 1150 3419 totum
1180 3364 1437 3420 mundum
1489 3363 1771 3435 guberno,
1819 3362 1907 3416 cui

325 3467 513 3513 tamen
538 3472 734 3529 parum
753 3456 883 3528 quid
912 3458 1046 3512 satis
1072 3458 1140 3512 de
1175 3457 1294 3526 ipso
1323 3454 1516 3511 sullicit
1547 3455 1768 3510 mundo.
1792 3474 1811 3508 ι
1840 3456 1915 3508 De

321 3565 436 3620 quo
464 3557 521 3606 et
566 3549 715 3604 aliud
767 3550 874 3605 tale
905 3548 1226 3604 miraculum
1258 3557 1530 3604 astruunt.
1579 3548 1713 3603 Cum
1767 3546 1914 3600 enim

325 3644 448 3715 ipse
469 3653 524 3698 et
554 3658 695 3697 uxor
721 3641 837 3709 ejus
868 3643 1027 3697 ambo
1049 3657 1147 3712 pro
1176 3641 1285 3696 Deo
1321 3640 1490 3694 vitam
1513 3638 1916 3708 pauperrimam

327 3737 622 3801 ducerent,
649 3735 795 3789 omni
821 3734 910 3789 die
936 3734 1164 3787 Veneris
1189 3732 1463 3787 clibanum
1496 3730 1733 3786 caletieri
1764 3729 1919 3797 jube-

328 3829 447 3895 ιω,
478 3836 539 3884 ut
574 3827 807 3899 proximi
831 3836 889 3882 et
917 3825 1079 3880 vicini
1122 3823 1237 3893 ejus
1263 3839 1389 3880 eum
1420 3823 1557 3878 cibis
1587 3822 1827 3887 atlluere,
1864 3833 1921 3877 et

331 3922 473 3978 bene
492 3921 782 3977 crederent
809 3920 1012 3975 vivere.
1042 3919 1285 3987 Quadam
1305 3917 1469 3988 igitur
1490 3916 1577 3971 die
1607 3930 1731 3971 cum
1761 3913 1921 3969 solito

334 4030 489 4071 more
539 4014 814 4071 clibanum
862 4013 1114 4069 succendi
1145 4011 1535 4082 prmcepisset,
1578 4018 1633 4065 et
1662 4009 1916 4079 quaedam

336 4108 644 4163 vicinarum
675 4121 845 4176 quare
873 4107 977 4160 hoc
1015 4104 1169 4160 fieret
1195 4102 1694 4169 animadvertisset,
1720 4102 1787 4156 ad
1821 4100 1922 4157 cli-

338 4202 542 4254 banum
571 4199 752 4255 subito
776 4200 961 4263 venit,
1013 4205 1074 4251 ut
1112 4210 1299 4252 eorum
1332 4195 1472 4250 facta
1506 4193 1757 4250 revelans
1811 4202 1922 4248 tam

339 4293 461 4347 viro
490 4307 652 4360 quam
691 4290 902 4345 mulieri
932 4289 1310 4345 verecundiam
1342 4287 1585 4342 inferret.
1631 4286 1704 4342 Ut
1754 4286 1926 4357 igitur

342 4386 409 4439 ad
455 4385 730 4439 clibanum
757 4383 907 4439 venit
951 4391 1006 4437 et
1029 4381 1391 4452 jintrospexit,
1438 4382 1657 4451 plenum
1686 4381 1925 4449 panibus

341 4477 503 4540 vidit,
531 4476 675 4545 quod
704 4474 959 4531 velociter
996 4487 1222 4528 currens
1248 4469 1488 4543 prtefatae
1516 4471 1735 4526 mulieri
1779 4486 1924 4525 nun-

2003 1993 2258 2057 detinuit,
2298 2002 2351 2047 et
2380 1999 2493 2048 toto
2517 1992 2719 2046 mundo
2740 1988 2857 2058 ejus
2882 1989 3089 2045 lumine
3122 1989 3390 2042 illustrato
3419 1985 3592 2041 debiti

2004 2084 2359 2155 quaestionem
2426 2085 2624 2138 evasit.
2687 2083 2763 2137 De
2827 2082 3034 2137 Achiba
3105 2082 3273 2135 etiam
3328 2081 3594 2149 scriptum

2006 2178 2218 2232 habetis
2271 2176 2415 2246 quod
2450 2177 2817 2245 quodcunque
2871 2173 3200 2242 postulasset
3240 2189 3271 2227 a
3322 2172 3431 2227 Deo
3488 2172 3596 2225 im-

2005 2268 2278 2339 petrabat.
2340 2267 2416 2324 De
2468 2268 2624 2337 cujus
2682 2267 2991 2322 sanctitatis
3048 2265 3422 2335 magnitudine
3488 2263 3595 2319 hoc

2007 2361 2220 2427 legitur.
2233 2359 2387 2427 Quod
2414 2374 2536 2414 cum
2566 2358 2776 2429 Moyses
2796 2360 2849 2412 in
2877 2366 3114 2413 montem
3136 2372 3234 2427 pro
3250 2355 3598 2425 suscipienda

2008 2450 2125 2522 lege
2158 2451 2411 2508 subisset.
2438 2458 2493 2503 et
2520 2449 2699 2503 omnia
2733 2456 2854 2519 post
2877 2461 3002 2502 eum
3031 2446 3212 2500 futura
3245 2455 3514 2512 tempora,
3542 2452 3602 2500 et

2007 2553 2198 2595 omnes
2234 2537 2556 2592 saeculorum
2599 2537 2977 2608 generationes
3027 2535 3231 2606 Spiritu
3275 2544 3465 2589 sancto
3512 2533 3599 2588 di-

2008 2638 2194 2685 ctante
2225 2629 2597 2698 praenovisset.
2627 2638 2681 2683 et
2711 2629 2853 2683 inter
2888 2628 3138 2682 homines
3169 2626 3375 2682 Achilla
3401 2626 3604 2681 huma-

2011 2737 2139 2776 natn
2183 2722 2451 2775 excedere
2477 2722 2667 2784 vitam,
2698 2729 2756 2774 et
2800 2720 3012 2790 magnis
3058 2718 3267 2773 meritis
3309 2716 3601 2787 pollentem

2008 2812 2259 2875 vidisset,
2283 2812 2361 2866 ait
2390 2811 2455 2864 ad
2495 2812 2659 2865 Deum
2695 2827 2708 2863 :
2746 2829 2765 2861 ‹
2800 2809 2935 2865 Cum
2978 2818 3086 2862 tam
3136 2807 3431 2878 probabilis
3474 2795 3611 2862 vitae.

2011 2902 2228 2958 futurus
2273 2902 2345 2956 sit
2388 2902 2573 2962 homo.
2622 2916 2810 2971 quare,
2847 2900 3093 2960 Domine.
3125 2915 3224 2969 per
3268 2915 3354 2953 me
3398 2909 3452 2954 et
3493 2914 3601 2953 non

2012 2996 2186 3067 magis
2237 3009 2335 3064 per
2374 3009 2498 3048 eum
2549 2993 2720 3060 legem
2775 3003 2919 3046 tuam
2976 2991 3186 3061 pupulis
3215 2991 3389 3060 placet
3440 2991 3604 3044 mini-

2013 3102 2189 3145 strare
2219 3089 2244 3142 ?
2278 3106 2296 3141 ι
2323 3088 2404 3143 Ad
2435 3088 2550 3141 haec
2600 3087 2740 3140 Deus
2768 3103 2781 3139 :
2827 3104 2845 3137 ι
2881 3085 3171 3153 Quoniam.
3205 3084 3405 3153 inquit,
3432 3081 3517 3136 lex
3547 3082 3605 3137 in

1939 3222 1983 3281 ϐ
2015 3180 2264 3251 praesenti
2291 3190 2374 3235 est
2405 3178 2606 3233 mundo
2645 3179 2976 3239 necessaria,
3009 3176 3214 3230 Achiba
3254 3185 3435 3228 autem
3484 3183 3610 3235 post

2018 3278 2170 3349 longa
2222 3276 2437 3331 futurus
2480 3284 2564 3330 est
2612 3283 2879 3343 tempora.
2917 3291 2937 3325 ι
2971 3271 3027 3326 1η
3071 3272 3156 3326 his
3191 3271 3350 3326 datur
3382 3268 3610 3337 intelligi

2014 3370 2157 3441 quod
2199 3369 2410 3441 Moyses
2457 3368 2605 3422 illum
2658 3368 2723 3422 de
2771 3380 2879 3437 quo
2909 3366 3033 3419 talia
3077 3363 3313 3426 dicebat,
3360 3362 3518 3432 longe
3549 3376 3613 3417 se

2018 3464 2296 3519 meliorem
2347 3459 2701 3531 przevidebat.
2747 3458 2812 3513 lli
2851 3468 2905 3513 et
2948 3457 3038 3511 alii
3083 3456 3286 3510 similes
3334 3455 3418 3509 his
3452 3461 3615 3507 erant

2018 3554 2172 3609 vobis
2204 3551 2435 3621 majores
2464 3562 2519 3606 et
2542 3549 2774 3619 judices,
2802 3549 2892 3620 qui
2930 3547 3233 3603 minoribus
3275 3547 3416 3602 bona
3448 3558 3613 3613 agere

2020 3644 2381 3715 imperabant,
2414 3652 2470 3697 et
2498 3657 2729 3710 quorum
2762 3640 2985 3695 monitis
3014 3638 3193 3694 επισττί
3227 3637 3459 3692 libenter
3505 3636 3609 3690 ob-

2020 3737 2416 3805 temperabant.
2444 3735 2685 3802 Quorum
2720 3736 2763 3788 si
2788 3733 2871 3789 vel
2907 3748 3052 3812 unus
3076 3732 3272 3787 similis
3314 3731 3368 3785 in
3418 3729 3616 3801 prioris

2020 3829 2355 3900 captivitatis
2399 3837 2639 3896 tempore
2682 3825 2888 3887 fuisset.
2936 3840 3300 3895 nequaquam,
3339 3831 3400 3876 ut
3447 3836 3615 3889 supra

2023 3923 2191 3976 Deum
2221 3922 2421 3975 dixisse
2446 3936 2542 3990 per
2569 3919 2859 3974 Jeremiam
2884 3918 3228 3971 ostendimus
3254 3916 3385 3988 (λετ.
3425 3916 3499 3984 v),
3526 3930 3619 3969 ea-

2020 4015 2245 4086 ptivitas
2274 4012 2417 4066 facta
2450 4012 2658 4067 fuisset.
2689 4010 2755 4064 Et
2796 4009 2939 4077 quod
2971 4011 3144 4078 magis
3176 4007 3480 4061 mirandum
3507 4013 3617 4072 est,

2023 4108 2109 4163 his
2135 4106 2322 4160 diebus
2355 4104 2551 4173 quibus
2589 4102 2839 4156 meliores
2880 4101 3073 4155 horum
3116 4098 3412 4168 pollebunt,
3448 4098 3612 4151 iidem

2025 4200 2305 4252 destructo
2348 4193 2547 4263 templo
2586 4190 2842 4261 captivati
2876 4198 3001 4244 Sunt
3024 4188 3217 4243 .ludzci.
3253 4188 3349 4242 Die
3399 4200 3552 4256 ergo,
3583 4200 3619 4239 ο

2025 4288 2257 4359 Moyses.
2280 4301 2526 4355 quaenam
2555 4283 2714 4353 hujus
2737 4281 3070 4351 captivitatis
3097 4278 3261 4332 fuerit
3291 4272 3619 4347 causa,quia

2026 4395 2188 4452 quam
2220 4378 2437 4434 dixeras
2474 4389 2658 4445 supra,
2691 4373 2837 4427 nulla
2863 4372 3071 4426 ratione
3092 4379 3199 4425 stat
3223 4369 3400 4423 firma.

2099 4469 2331 4525 Messes.
2361 4466 2499 4534 Quid
2546 4465 2689 4519 aliud
2720 4464 2895 4518 dicam
2931 4477 3035 4516 non
3083 4460 3278 4525 habeo,
3319 4458 3422 4513 nisi
3474 4457 3620 4526 quod

344 4570 523 4625 tiavit.
554 4569 688 4635 Quae
724 4582 843 4623 eam
877 4567 981 4621 hoc
1009 4580 1113 4621 non
1136 4564 1410 4629 veritatis.
1462 4563 1556 4619 sed
1612 4563 1921 4634 imprupcrii
1954 4573 2001 4629 ι)
2023 4565 2184 4633 longo
2209 4571 2449 4630 tempore
2472 4556 2798 4612 subsistente
2822 4554 3020 4624 templo
3048 4564 3271 4623 peccata
3295 4550 3457 4604 multa
3486 4564 3624 4620 pau-

344 4675 515 4717 causa
540 4661 723 4715 dicere
740 4659 1265 4725 azstimans,cr~dere
1287 4657 1481 4719 noluit,
1500 4656 1671 4711 donec
1697 4657 1931 4725 ipsamet

346 4753 624 4826 probavit.
673 4751 775 4806 lvit
807 4750 989 4822 igitur,
1044 4748 1275 4819 aspexit,
1326 4749 1472 4804 sicut
1505 4748 1683 4802 vicina
1715 4747 1932 4801 dixerat

350 4862 473 4903 e550
501 4843 728 4910 invenit,
754 4851 808 4897 et
843 4841 910 4895 ad
935 4841 1111 4895 virum
1161 4838 1459 4895 laetabunda
1494 4853 1762 4910 regressa,
1794 4853 1932 4907 quo-

328 4940 519 4996 fmodo
571 4936 769 5006 iniqua:
795 4933 1037 4988 mulieris
1064 4932 1396 4987 voluntatem
1431 4931 1571 4986 Deus
1620 4940 1931 4986 commuta-

352 5028 497 5094 verit
525 5037 582 5090 in
608 5034 890 5099 honorem,
918 5032 967 5085 ei
992 5045 1058 5084 ex
1082 5030 1273 5084 ordine
1296 5028 1504 5083 retulit.
1532 5028 1625 5082 ille
1650 5027 1932 5098 indignum

354 5129 606 5203 judicans
632 5133 692 5180 ut
718 5125 858 5195 quod
887 5125 1028 5179 Deus
1062 5123 1129 5177 ad
1152 5122 1472 5178 miraculum
1505 5119 1708 5174 fecerat
1738 5118 1791 5171 in
1812 5131 1937 5186 pro-

362 5222 539 5293 prium
579 5234 735 5274 suum
759 5225 1003 5272 sumeret
1034 5231 1213 5278 usum,
1240 5213 1374 5268 nihil
1421 5228 1486 5269 ex
1514 5226 1578 5267 eo
1605 5226 1663 5266 se
1692 5218 1939 5282 gustatu-

361 5327 483 5368 rum
516 5325 639 5366 esse
662 5308 1068 5378 respondit,sed
1093 5314 1259 5361 totum
1288 5306 1405 5360 dari
1432 5303 1765 5375 pauperibus
1787 5300 1936 5357 fecit.

361 5405 530 5460 Aiunt
584 5411 849 5472 praeterea
924 5398 1125 5454 eisdem
1188 5396 1518 5466 temporibus
1589 5395 1939 5450 Nicodemum

362 5495 646 5553 Gttirionis
686 5493 857 5550 lilium
880 5490 1037 5546 valde
1073 5489 1354 5545 laudabilis
1385 5490 1509 5545 vita:
1540 5488 1706 5543 fuisse
1736 5489 1937 5542 virum.

366 5586 533 5658 Cujus
553 5586 745 5642 diebus
769 5584 988 5640 siccitas
1011 5591 1157 5637 tanta
1186 5592 1386 5637 terram
1415 5581 1635 5652 pressit,
1668 5588 1727 5634 ut
1752 5588 1945 5636 euntes

369 5684 438 5741 ad
471 5680 737 5752 templum
773 5679 1036 5735 orationis
1061 5692 1248 5743 causa,
1281 5675 1414 5731 nihil
1443 5676 1583 5746 quod
1615 5673 1863 5728 biberent
1889 5673 1945 5727 in

369 5777 461 5835 via
501 5777 705 5833 habere
748 5775 1077 5844 potuissent.
1124 5771 1253 5826 Erat
1282 5778 1459 5825 autem
1517 5768 1571 5822 in
1607 5766 1806 5822 itinere
1839 5765 1948 5821 illis

374 5868 634 5926 euntibus
658 5866 898 5924 cisterna
929 5862 1170 5935 quaedam
1215 5859 1497 5933 cujusdam
1529 5856 1788 5930 principis
1814 5870 1944 5927 gen-

2030 4655 2180 4710 latim
2213 4657 2602 4708 succreveruut
2649 4662 2775 4702 cum
2813 4645 2929 4706 illo.
2976 4645 3118 4713 quod
3164 4643 3335 4699 nostri
3368 4642 3624 4698 doctores

2031 4747 2307 4807 dixerunt,
2333 4742 2427 4797 sed
2465 4738 2826 4809 multiplicato
2868 4736 3083 4792 delicto.

2102 4838 2337 4893 Penus.
2378 4833 2531 4902 Quod
2554 4832 2692 4887 dicis
2736 4829 2993 4901 templum
3042 4828 3349 4884 substitisse
3376 4836 3623 4897 tempore

2033 4931 2216 5001 longo,
2267 4929 2453 4982 decem
2492 4924 2737 4996 profecto
2782 4933 2989 4977 tantum
3034 4938 3299 4976 annorum
3347 4920 3621 4976 curricula

2035 5023 2296 5084 substitit,
2322 5034 2480 5089 supra
2509 5017 2650 5086 quod
2681 5016 2908 5070 alterum
2937 5014 3138 5069 scilicet
3167 5012 3472 5068 Salomonis
3496 5025 3627 5068 antu

2037 5114 2380 5171 subsisterat.
2415 5109 2568 5177 Quod
2608 5116 2786 5163 autem
2816 5107 2949 5162 dicis
2969 5108 3093 5176 quia
3117 5118 3339 5177 peccata
3370 5115 3493 5161 sunt
3527 5122 3626 5163 cu-

2038 5205 2239 5263 mulata
2278 5201 2549 5273 peccatis,
2590 5201 2730 5254 ratio
2782 5213 2891 5252 non
2939 5198 3149 5267 recipit.
3177 5198 3232 5251 In
3266 5197 3437 5267 prima
3476 5196 3622 5250 enim

2041 5297 2352 5369 captivitate
2390 5295 2510 5349 ideo
2541 5300 2761 5363 peccata
2806 5298 2932 5345 sunt
2971 5290 3149 5344 addita
3193 5288 3449 5357 peccatis,
3496 5285 3622 5356 quia

2043 5404 2197 5460 reges
2224 5386 2392 5456 iniqui
2422 5383 2729 5452 exemplum
2764 5381 2891 5436 mali
2936 5381 3265 5450 praestabant
3308 5379 3447 5441 aliis,
3475 5375 3626 5430 scili-

2043 5490 2131 5538 cet
2158 5481 2326 5536 Deum
2369 5475 2786 5549 postpoucbant,
2822 5473 2964 5528 idola
2992 5472 3310 5533 adorabaut,
3353 5477 3406 5523 et
3455 5481 3630 5533 popu-

2042 5577 2159 5633 lum
2204 5576 2343 5631 idem
2379 5573 2559 5629 facere
2621 5570 2909 5641 cogebant,
2946 5569 3093 5622 velut
3148 5567 3276 5620 fecit
3322 5563 3626 5630 chozias,

2047 5670 2258 5731 Achas,
2314 5666 2617 5731 Manasses,
2676 5665 2884 5727 Anton,
2933 5660 3190 5717 Sedecias
3230 5656 3336 5728 (IV
3395 5657 3521 5727 Reg.
3571 5671 3628 5723 ι,

2048 5780 2162 5827 xvi,
2207 5777 2300 5816 ιιι
2348 5769 2400 5816 et
2436 5758 2607 5828 xxiv).
2669 5755 2946 5827 Principes
2996 5763 3177 5809 autem
3216 5752 3435 5807 secundi
3493 5760 3629 5806 tem-

2045 5854 2198 5927 poris
2253 5853 2471 5912 omnino
2498 5848 2755 5909 contrarii
2801 5855 2978 5916 erant,
3026 5844 3154 5917 quia
3208 5844 3403 5901 bonam
3461 5858 3629 5916 assa-
