4038 6458
564 360 667 418 δτι
1485 367 1689 433 PETRI
1727 367 1955 424 ALPHO
1964 367 2066 422 κει
2107 367 2149 422 Ε

2251 364 2486 422 IUDEO
2523 363 2914 422 CllRlSTl.\Ni
3685 382 3770 439 571

571 484 654 529 tes
684 476 850 531 vitam
901 479 1064 533 etiam
1095 479 1348 550 populum
1396 482 1643 550 exemplo
1672 483 1754 535 sui
1797 482 1932 536 bene
1968 485 2152 536 vivere
2182 481 2226 536 Α
2252 478 2495 544 duceret.
2551 488 2612 533 ιιι
2658 494 2782 533 cum
2828 494 2892 533 ea
2936 479 3285 545 ἀοΐηιῖιιτει-
3312 492 3367 538 ει
3393 486 3466 541 Sic
3494 488 3682 549 demum
3718 500 3770 554 ad

567 570 858 639 cogebant.
885 570 998 637 Qua
1023 586 1152 641 ergo
1189 571 1399 627 ratione
1447 575 1657 629 ostendi
1692 584 1870 644 potest
1903 584 1979 630 tot
2031 592 2156 646 pec-

567 667 692 713 cata
723 663 1079 723 succrevisse,
1120 672 1177 714 ttt
1212 673 1499 733 propterea
1529 665 1600 718 sit
1648 667 1935 735 captivitas
1960 666 2101 723 facta
2132 668 2156 721 ‘t

565 750 723 815 Quod
765 763 947 805 autem
978 753 1115 808 dicis
1144 765 1363 825 proliter
1404 757 1840 815 malevolentiam
1887 776 2049 830 quam
2088 764 2156 816 ad

566 837 801 894 invicem
835 843 1109 898 habebam
1137 846 1502 914 captivitatem
1538 850 1683 905 illam
1722 851 1918 906 factam
1967 852 2152 917 fuisse,

566 940 731 985 recta:
793 934 1021 989 rationis
1084 952 1191 990 non
1248 937 1499 992 innititur
1548 943 1804 995 anchora.
1853 942 1967 997 lloc
2010 943 2155 998 enim

562 1031 848 1092 peccatum
875 1041 1001 1094 pars
1029 1043 1133 1082 una
1161 1028 1261 1082 fuit
1286 1045 1475 1084 eorum
1499 1047 1620 1100 qua:
1643 1035 1693 1087 itt
1719 1035 1890 1102 prima
1919 1036 2158 1093 fecerant

562 1113 903 1183 captivitate,
936 1133 1036 1173 nec
1062 1130 1285 1189 propter
1314 1122 1444 1177 illud
1480 1134 1656 1179 tamen
1702 1129 1961 1195 captivari
1995 1130 2158 1184 debe-

562 1214 708 1271 rent,
735 1206 839 1261 nisi
876 1224 1000 1262 cum
1030 1225 1096 1266 eo
1126 1222 1178 1267 et
1224 1215 1329 1268 alia
1372 1216 1576 1284 majora
1620 1234 1686 1273 eo
1734 1222 2153 1278 succrevissmt.

568 1293 830 1363 Majorum
886 1300 1029 1354 enim
1073 1313 1127 1357 et
1155 1305 1426 1360 minorqu
1471 1310 1758 1365 criminum
1797 1313 2154 1382 quantitatem

563 1402 665 1441 nos
729 1391 1001 1447 nescimus
1050 1395 1381 1461 discernere,
1434 1401 1537 1455 nisi
1585 1403 1879 1458 secundum
1933 1407 2153 1462 modum

562 1478 785 1535 ultionis
816 1498 845 1536 a
881 1484 989 1538 Deo
1036 1485 1270 1545 indictas.
1323 1489 1491 1560 Hujus
1537 1504 1720 1548 autem
1750 1494 2007 1560 vindicta,
2048 1514 2155 1554 non

564 1584 650 1630 est
710 1577 812 1632 nisi
863 1582 1223 1652 quadraginta
1269 1584 1497 1657 ﬂagella.
1542 1589 1659 1643 Alia
1715 1599 1843 1645 sunt
1888 1591 2154 1658 crimina,

563 1681 795 1737 quorum
835 1682 916 1726 est
951 1673 1125 1742 major
1156 1677 1411 1743 vindicta,
1461 1680 1668 1736 scilicet
1721 1699 1844 1739 cum
1875 1686 1997 1754 quis
2021 1701 2157 1756 prte-

558 1759 766 1829 cipitur
791 1763 874 1817 vel
904 1767 1080 1834 capite
1114 1768 1297 1838 plecti,
1342 1772 1424 1826 vel
1458 1773 1634 1843 laquei
1678 1777 2032 1846 suspensione
2062 1794 2156 1834 ne-

2254 566 2499 624 Judaeum
2545 569 2761 626 rediens
2818 570 3063 624 nuberet.
3120 570 3235 637 Qua
3268 572 3334 628 de
3369 589 3424 629 re
3448 578 3568 633 adeo
3591 585 3770 642 contriti

2255 661 2410 724 estis,
2451 670 2511 716 ut
2540 677 2700 717 nemo
2726 662 2991 731 virginem
3033 664 3359 733 desponsare
3400 669 3565 727 vellet.
3600 674 3772 748 super

2255 752 2497 806 omnium
2521 754 2896 808 successiones
2929 761 3231 824 temporqu
3263 756 3468 813 diversa
3507 766 3640 819 vobis
3665 769 3769 824 indi-

2256 844 2520 898 cebantur
2551 847 2805 899 mandata
2854 846 3142 912 malorum,
3165 857 3224 903 ut
3266 849 3394 920 ipsis
3422 862 3685 914 vestrorum
3710 871 3769 919 te.

2256 934 2527 991 stimouiis
2563 938 2824 1006 probatur
2855 937 3139 995 librorum.

2329 1024 2558 1083 Movscs.
2591 1026 2781 1083 Omnia
2806 1029 2988 1098 procul
3019 1030 3185 1086 dubio
3207 1034 3460 1090 malorum
3484 1051 3654 1104 genera
3673 1059 3770 1101 coa-

2255 1121 2411 1183 ccdo,
2439 1121 2532 1174 sed
2573 1122 2684 1190 jam
2733 1122 2933 1175 dudum
2968 1122 3244 1181 inbiantcr
3273 1135 3431 1182 tanta:
3469 1131 3770 1193 tribulationis

2258 1225 2476 1265 causam
2510 1213 2699 1267 audire
2727 1213 2996 1269 desidero.

2331 1302 2569 1360 Parcus.
2608 1303 2740 1369 Quia
2792 1306 3057 1361 malorum
3095 1322 3314 1365 causam
3354 1312 3572 1382 ignoras.
3614 1318 3772 1378 idcirco

2259 1410 2430 1464 quare
2471 1404 2576 1450 tam
2614 1396 2769 1465 longa
2812 1398 2885 1452 sit
2923 1400 3119 1455 nescis.
3151 1401 3293 1458 Ecce
3340 1405 3478 1460 enim
3512 1407 3613 1475 jam
3654 1412 3696 1465 iu
3727 1428 3774 1468 ea

2257 1485 2404 1541 mille
2432 1488 2790 1558 quadraginta
2838 1505 3011 1546 annos
3038 1494 3291 1561 expletis,
3318 1505 3373 1550 et
3413 1498 3576 1554 adhuc
3616 1516 3775 1571 quanto

2256 1577 2453 1632 durare
2488 1577 2682 1633 debeat
2724 1588 2987 1651 tempore,
3030 1584 3178 1639 nullo
3207 1587 3409 1657 scripto
3432 1600 3623 1644 certum
3649 1593 3777 1650 habe-

2258 1668 2364 1734 tis;
2407 1668 2640 1725 forensis
2685 1681 2866 1726 autem
2899 1673 3117 1744 justitia
3164 1677 3333 1748 exigit
3381 1689 3455 1745 ut,
3498 1682 3673 1750 punitis
3708 1697 3779 1741 aut

2257 1762 2486 1816 mortuis
2510 1761 2594 1817 bis
2614 1764 2707 1833 qui
2731 1763 2942 1821 facinus
2970 1767 3193 1838 aliquod
3213 1772 3548 1841 commisere,
3568 1790 3779 1847 sequaces

562 1851 699 1918 cari,
747 1852 826 1907 vel
856 1836 1127 1927 lapidibus
1171 1863 1348 1926 obrui,
1400 1865 1480 1919 vel
1526 1836 1692 1923 etiam
1724 1836 1844 1940 isne
1890 1876 2147 1929 cremari.
2186 1836 2229 1896 Β
2259 1865 2288 1903 ³³
2315 1852 2631 1922 captivum"
2660 1854 2816 1910 "heri
2848 1854 3080 1913 debeam
3104 1875 3243 1925 esset
3274 1865 3692 1931 α¹¹θ¹¹¹³¹¹¹¹¹⁰⁴¹¹¹¹⁸¹
3712 1872 3780 1924 1³³⁸

562 1940 846 2007 Quomodo
874 1964 1004 2017 ergo
1038 1966 1223 2006 verum
1253 1970 1372 2009 esse
1407 1969 1583 2026 putest
1612 1961 2006 2020 malevolentia:
2040 1967 2150 2020 cri—

558 2048 690 2107 ‘mcn
723 2034 1018 2103 majoribus
1049 2046 1249 2110 :equari
1287 2046 1520 2103 debere?
1544 2049 1778 2106 Rursum
1825 2058 1965 2110 ratio
2006 2056 2151 2112 refu-

556 2128 642 2195 git
690 2132 914 2187 credere
957 2136 1164 2192 crimen
1197 2140 1296 2194 hoc
1345 2147 1676 2212 temporibus
1710 2148 1814 2203 illis
1855 2151 1906 2204 iu
1942 2159 2148 2206 tantum

565 2232 843 2289 regnasse,
866 2239 987 2277 cum
1013 2228 1190 2298 Aggzei
1217 2234 1494 2301 prophetae
1520 2238 1680 2293 verba
1721 2248 1991 2295 testentur
2013 2259 2148 2298 con—

569 2315 994 2383 structolentplu
1023 2317 1187 2372 Deum
1219 2321 1457 2378 dixisse:
1494 2324 1688 2396 Magna
1709 2330 1808 2382 erit
1843 2330 2013 2399 gloria
2049 2333 2148 2386 do-

560 2414 679 2453 mus
704 2401 855 2456 istius
883 2407 1176 2462 novissima:
1205 2412 1321 2480 plus
1347 2421 1866 2487 qttamtpriutmglicit
1892 2422 2150 2480 Dominus

563 2486 924 2555 exercituum,
951 2503 997 2544 et
1032 2494 1088 2549 in
1134 2495 1248 2550 loco
1278 2500 1380 2554 isto
1418 2504 1552 2557 dabo
1583 2522 1761 2572 pacem
1799 2508 1951 2578 (Agg.
1987 2513 2071 2582 tt).

548 2644 553 2649 i
636 2573 868 2632 Mersus.
912 2582 1177 2648 Quoniam
1206 2603 1398 2644 omnes
1434 2607 1676 2647 mearum
1725 2598 1994 2651 rationum
2024 2609 2151 2656 sunt

566 2666 745 2722 aditus
790 2672 1048 2741 obsit-usi,
1093 2687 1147 2731 ttt
1196 2681 1349 2747 tuihi,
1383 2698 1587 2752 qua-so,
1630 2686 1790 2756 hujus
1837 2693 2150 2759 quaestionis

569 2765 673 2813 tua:
703 2761 988 2822 solutionis
1016 2770 1166 2825 clave
1188 2772 1413 2839 januam
1447 2779 1618 2833 solve.

638 2850 876 2910 Parcus.
927 2857 1059 2913 Cum
1124 2864 1457 2933 Captivitalis
1504 2870 1768 2938 originem
1816 2883 1871 2928 et
1925 2891 2148 2932 causam

548 2944 803 3013 ignores,
829 2964 996 3018 quare
1020 2953 1207 3008 eadem
1242 2966 1349 3011 tam
1380 2960 1513 3015 dura
1538 2961 1721 3030 fuerit,
1758 2975 1864 3021 tam
1917 2973 2151 3029 crudelis

564 3047 620 3090 et
652 3039 1023 3106 intolerabilis,
1055 3050 1379 3115 re:poudere
1408 3068 1513 3106 non
1552 3065 1724 3124 potes.
1760 3059 1814 3113 in
1852 3062 2025 3129 prima
2071 3073 2151 3118 et.

2253 1944 2412 1999 betur
2454 1948 2716 2016 scriptum
2756 1950 2808 2004 in
2861 1952 2995 2025 lege,
3026 1955 3170 2023 quod
3213 1956 3574 2025 exploratores
3615 1962 3692 2031 qui
3730 1965 3781 2019 ad

2253 2039 2703 2095 considerandam
2748 2046 3185 2116 repromissionis
3238 2058 3439 2104 terram
3482 2054 3617 2108 missi
3641 2067 3780 2120 erant.

2251 2144 2377 2184 cum
2417 2129 2513 2185 Dei
2555 2131 2816 2197 voluntati
2864 2137 3096 2193 rebelles
3147 2139 3444 2196 voluissent
3490 2144 3710 2212 existere,
3732 2164 3784 2203 ne

2251 2237 2535 2294 peccatum
2570 2241 2757 2282 eorum
2797 2230 3024 2285 inultum
3053 2233 3337 2299 existeret,
3363 2238 3687 2307 quadraginta
3707 2257 3781 2296 an-

2252 2315 2338 2370 nis
2385 2318 2580 2373 morati
2623 2330 2750 2374 sunt
2796 2322 2850 2375 in
2889 2324 3200 2390 solitudine,
3229 2330 3370 2382 etin
3417 2344 3594 2386 eorum
3616 2334 3781 2388 dierum

2251 2409 2458 2477 spatio,
2487 2426 2678 2466 omnes
2712 2410 2785 2466 illi
2822 2418 3266 2483 praevaricatores
3295 2420 3482 2477 obiere
3518 2421 3685 2492 (Num.
3709 2440 3782 2479 xut

2250 2510 2300 2553 et
2334 2501 2470 2571 xtv).
2502 2503 2708 2569 Quibus
2737 2506 2826 2560 tali
2861 2517 3035 2561 morte
3057 2510 3282 2577 punitis,
3310 2511 3404 2566 filii
3440 2514 3576 2583 quia
3615 2527 3783 2585 patrum

2251 2604 2409 2649 erant
2450 2594 2696 2651 insontes
2721 2599 2973 2665 crimine,
3015 2611 3217 2657 terram
3251 2605 3494 2675 patribus
3520 2610 3782 2676 promissam

2252 2686 2532 2743 introiere.
2560 2689 2617 2744 ltt
2667 2695 3142 2764 transmigratiuue
3177 2713 3400 2769 quoque
3438 2700 3697 2773 Babylonis
3715 2717 3783 2757 se-

2252 2785 2530 2854 ptuaginta
2563 2787 2689 2841 anui
2720 2796 2846 2841 sunt
2867 2788 3155 2852 demorati.
3185 2792 3364 2847 donec
3385 2794 3636 2849 defunctis
3652 2796 3785 2850 omni-

2249 2874 2353 2930 bus
2378 2890 2607 2944 quorum
2634 2879 2868 2948 peccatis
2900 2883 3185 2950 captivitas
3216 2881 3399 2938 fuerat
3425 2884 3585 2951 facta,
3617 2886 3693 2940 lilii
3713 2888 3785 2956 qui

2254 2968 2385 3022 nihil
2431 2983 2868 3026 commerueruut
2911 2976 2975 3029 de
3000 2974 3130 3047 jugo
3175 2988 3301 3032 sttnt
3345 2979 3574 3035 liberati.
3624 2981 3672 3036 lu
3708 2982 3785 3035 hac

2252 3074 2382 3115 vero
2412 3064 2723 3131 captivitate
2748 3082 2868 3135 qua:
2893 3083 2921 3120 a
2950 3067 3073 3123 'l‘ito
3104 3069 3246 3125 facta
3274 3081 3389 3137 est,
3419 3074 3786 3128 innumerabiles

564 3127 710 3182 enim
736 3134 1051 3198 captivitate
1094 3153 1216 3192 eum
1263 3141 1489 3198 aliorum
1523 3162 1670 3202 more
1712 3155 2047 3220 captivorum
2097 3156 2148 3211 in

568 3214 889 3246 D..I...t......__.
926 3226 1064 3246 1-.-.9
1103 3228 1125 3246 ιι
1162 3230 1173 3241 ~
1316 3245 1319 3246 ,
1455 3237 1485 3246 ..

2251 3150 2358 3220 jam
2387 3156 2720 3212 transierunt
2743 3160 3140 3229 generationes,
3183 3179 3283 3219 nec
3328 3166 3505 3220 adhuc
3544 3165 3683 3219 linem
3715 3166 3786 3219 ha-

563 3214 892 3290 Babylonem
920 3226 1064 3282 ducti
1100 3228 1349 3298 fuissent,
1378 3237 1574 3291 nullam
1599 3251 1794 3307 pneter
1832 3248 2147 3301 servitutem

568 3325 787 3380 poenam
814 3318 1209 3376 sustinuerunt.
1249 3323 1507 3382 (Solebant
1535 3348 1680 3385 etum
1729 3349 1908 3403 agros,
1939 3338 2151 3407 plauta-

565 3403 700 3459 bant
733 3409 940 3479 vineas,
989 3414 1330 3472 aediﬁcabant
1377 3421 1596 3486 domos,
1638 3440 1758 3478 cttm
1798 3403 2056 3485 uxoribus
2097 3440 2153 3486 et

568 3496 695 3552 filiis
729 3514 919 3557 secure
939 3504 1210 3561 vivebant.
1247 3508 1303 3562 lu
1341 3514 1575 3567 secumla
1608 3525 1782 3572 autem
1813 3530 1891 3574 tot
1925 3531 1979 3575 et
2002 3532 2150 3579 tanta

565 3587 647 3641 eis
670 3592 982 3661 approbria,
1022 3606 1075 3649 et
1113 3606 1219 3650 tatu
1251 3602 1487 3657 inaudita
1523 3604 1831 3671 intulerunt,
1858 3613 2054 3681 quibus
2078 3617 2151 3670 si-

568 3676 717 3732 milia
752 3682 833 3736 vel
861 3684 1083 3753 :equalia
1109 3704 1212 3742 non
1243 3702 1368 3745 sunt
1400 3694 1510 3748 visa
1541 3712 1778 3766 unquam
1808 3717 1907 3756 nec
1942 3705 2146 3760 audita.

567 3765 745 3824 Occisi
773 3773 987 3840 quidem
1016 3772 1161 3845 sunt,
1189 3792 1314 3837 sunt
1342 3794 1398 3839 et
1436 3791 1683 3857 cremati,
1730 3801 1785 3846 et
1810 3798 2147 3865 captivorum

567 3874 722 3914 more
777 3866 998 3933 venditi,
1043 3870 1284 3938 adeoque
1329 3879 1499 3932 crevit
1543 3879 1631 3935 illa
1680 3888 1937 3955 venditio,
1977 3892 2147 3947 donec

566 3965 668 4020 pro
699 3970 804 4009 uno
834 3970 1090 4027 argenteo
1123 3966 1336 4036 triginta
1378 3972 1640 4029 darentur
1683 3980 1903 4047 captivi,
1938 3998 2034 4037 nec
2069 3994 2149 4038 ta-

568 4057 691 4096 men
724 4045 1099 4106 inveniebatur
1121 4056 1211 4125 qui
1239 4070 1464 4123 emeret,
1498 4064 1632 4117 sicut
1665 4045 1909 4134 promisit
1938 4070 2149 4143 Moyses

567 4132 755 4191 dicens
790 4155 803 4190 :
846 4138 1094 4198 Vemleris
1132 4147 1361 4205 inimicis
1395 4155 1499 4206 tuis
1536 4155 1589 4208 iu
1618 4173 1790 4212 servas
1819 4171 1864 4213 et
1900 4164 2146 4227 ancillas,

565 4233 615 4278 et
649 4242 752 4279 non
788 4230 885 4282 erit
913 4235 1006 4302 qui
1028 4247 1164 4290 emat
1188 4238 1365 4307 (Deut.
1390 4247 1603 4317 xxvm).
1631 4247 1805 4304 Naves
1833 4253 1994 4306 etiam
2020 4255 2148 4321 ipsis

566 4315 818 4388 impletae,
843 4323 961 4379 sine
990 4326 1095 4381 ttllu
1125 4331 1326 4401 remige
1349 4334 1428 4388 vel
1458 4338 1824 4405 gubernaculo
1846 4347 2025 4411 vagari
2054 4362 2148 4415 per

564 4410 787 4480 pelagus
825 4425 951 4469 sunt
977 4418 1234 4484 dimissa»,
1262 4424 1329 4476 ad
1359 4424 1596 4494 ipsorum
1632 4431 1864 4486 dedecus
1892 4410 1943 4487 et
1973 4435 2148 4489 vilita-

2255 3244 2365 3300 bet.
2394 3245 2506 3302 Hoc
2553 3259 2732 3304 autem
2787 3252 2990 3307 factmu
3029 3264 3111 3308 est
3135 3258 3470 3310 contrarium
3517 3258 3563 3311 ei
3595 3260 3786 3311 sermoni

2252 3351 2413 3406 quem
2437 3341 2513 3393 ait
2541 3340 2799 3398 Dominus
2821 3345 2888 3398 ad
2913 3345 3165 3415 Moysen:
3195 3347 3317 3402 Non
3338 3350 3626 3403 occidantur
3648 3360 3786 3418 palm

2250 3444 2347 3499 pro
2383 3431 2540 3500 ﬁliis,
2575 3449 2667 3487 nec
2693 3436 2791 3503 ﬁlii
2815 3454 2908 3501 pro
2928 3440 3185 3507 patribus,
3216 3441 3310 3494 sed
3353 3445 3683 3512 unusquisque
3714 3458 3787 3510 pro

2252 3533 2464 3590 peccato
2502 3539 2596 3576 suo
2630 3527 2881 3579 morietur
2907 3527 3087 3596 (Deut.
3140 3533 3316 3601 xxiv).
3353 3533 3591 3586 Ezechiel
3617 3544 3789 3601 quoque

2253 3611 2360 3665 ait:
2397 3611 2524 3666 Vico
2553 3631 2668 3681 ego,
2702 3616 2828 3669 dicit
2863 3617 3119 3673 Dominus
3151 3620 3315 3688 Deus,
3350 3625 3397 3675 si
3428 3623 3526 3676 erit
3574 3622 3694 3674 ultra
3715 3638 3788 3688 pa-

2252 3704 2434 3759 rabola
2463 3704 2574 3760 lucc
2606 3707 2661 3761 iu
2692 3710 3021 3776 proverbium
3054 3713 3107 3765 in
3140 3724 3280 3767 terra
3300 3715 3471 3769 Julia.
3505 3715 3628 3769 Ecce
3650 3728 3788 3767 omnes

2251 3797 2442 3851 unione
2460 3813 2607 3864 metr,
2623 3809 2676 3851 ut
2695 3801 2873 3853 anima
2896 3804 3084 3866 patris,
3108 3804 3184 3857 ita
3206 3813 3258 3857 et
3279 3807 3461 3860 animo
3485 3806 3580 3874 filii
3601 3821 3698 3858 tura
3714 3813 3787 3855 est.

2250 3886 2443 3941 Attium
2472 3907 2589 3959 quae
2614 3894 2925 3956 peccaverit,
2970 3895 3085 3963 ipsa
3128 3898 3387 3950 marietur
3416 3897 3619 3968 (Exerit.
3649 3894 3789 3964 svnt).

2322 3978 2549 4034 llovscs.
2582 3980 2646 4033 Et
2675 3981 2717 4035 si
2750 3983 2833 4035 bis
2861 3984 3121 4054 exemplis
3161 3988 3440 4042 contraria
3469 3997 3551 4043 est
3583 3984 3790 4056 lougtﬂi-
3833 4022 3835 4025 ι

2251 4078 2336 4123 tas
2364 4082 2558 4126 nostra:
2604 4074 2960 4141 captivitatis.
2992 4077 3086 4130 sed
3128 4086 3309 4132 tamen
3357 4079 3479 4134 aliis
3525 4077 3648 4147 legis
3685 4089 3790 4130 con-

2250 4160 2439 4215 cordat
2465 4161 2781 4230 Scripturis.
2829 4164 2887 4219 In
2928 4166 3113 4223 Exodo
3160 4170 3306 4223 enim
3354 4171 3488 4225 dicit
3534 4168 3788 4224 Dominus:

2249 4251 2362 4322 Ego
2390 4269 2505 4306 sum
2531 4254 2784 4310 Dominus
2816 4256 2954 4311 Deus
2983 4270 3127 4325 tuus,
3159 4262 3338 4329 fortis,
3367 4266 3581 4324 zelotes.
3617 4262 3791 4315 cisitm

2248 4344 2574 4412 iniquitatem
2591 4356 2800 4414 patrum
2823 4350 2875 4403 iu
2893 4351 3020 4418 ﬁliis
3042 4352 3095 4404 iu
3120 4346 3330 4406 tertium
3353 4366 3400 4408 et
3421 4366 3648 4424 quartam
3668 4365 3788 4421 gene-

2249 4434 2526 4497 rationem,
2562 4437 2616 4489 itt
2639 4436 2721 4488 Itis
2747 4442 2835 4509 qui
2858 4443 3080 4495 oderunt
3107 4459 3186 4495 me
3211 4443 3412 4513 (Exod.
3450 4446 3559 4513 xx).
3584 4441 3792 4499 iet-emis

565 4516 693 4559 tem.
729 4506 999 4566 Prteterea
1044 4524 1328 4584 postquam
1373 4520 1425 4573 in
1472 4521 1573 4576 hac
1616 4526 1928 4593 captivitate
1957 4528 2146 4595 dejeeti
2176 4535 2226 4594 ο
2252 4541 2466 4595 Quoque
2487 4528 2649 4583 verba
2687 4540 2816 4586 sunt
2859 4533 2972 4587 haec
3005 4551 3018 4587 :
3063 4533 3245 4590 Patres
3297 4539 3469 4590 nostri
3496 4539 3790 4606 peccaverunt

562 4599 713 4660 estis.
740 4600 1100 4658 intolerabilia
1116 4607 1265 4663 vobis
1287 4610 1558 4667 dabantur
1587 4618 1857 4680 mandata.
1878 4635 1944 4674 ne
1976 4620 2145 4693 legem

564 4691 819 4748 videlicet
844 4695 1116 4767 lugeretis,
1142 4715 1241 4755 nec
1277 4713 1484 4759 vestros
1526 4721 1645 4761 eam
1681 4709 1819 4764 lilios
1850 4712 2142 4772 doceretis.

566 4781 719 4850 Quod
756 4788 802 4840 si
827 4789 948 4858 quis
977 4790 1159 4860 legens
1189 4808 1308 4848 eam
1354 4808 1446 4851 aut
1476 4799 1675 4854 docens
1709 4802 1846 4858 ﬁlios
1898 4805 2148 4864 iuventus

563 4874 776 4944 fuisset,
796 4890 888 4934 aut
918 4882 1283 4944 cremabatur,
1303 4897 1395 4941 aut
1417 4890 1721 4958 pectinibus
1736 4891 1927 4949 ferreis
1947 4898 2148 4952 acutis-

567 4966 720 5022 simis
743 4972 1074 5038 pcctebatur.
1094 4976 1358 5034 Praeterea
1377 4996 1473 5035 nec
1498 4979 1795 5037 Sabbattun
1815 5001 1912 5040 nec
1930 4986 2141 5045 Pascha

563 5058 841 5117 celebrare
863 5068 1110 5134 permissi
1146 5072 1296 5126 estis.
1316 5071 1370 5127 Si
1400 5089 1526 5128 vero
1552 5076 1675 5144 quis
1703 5076 1803 5132 hoc
1836 5077 2039 5135 faciens
2064 5081 2146 5134 iu-

562 5163 756 5207 ventus
778 5154 988 5222 fuisset,
1011 5164 1274 5219 acerrime
1316 5166 1654 5235 puniebatttr.
1686 5167 1947 5225 Prohibiti
1985 5187 2148 5244 super

561 5240 666 5297 hoc
687 5246 818 5301 estis
863 5259 1073 5306 vestros
1102 5255 1332 5323 pristino
1367 5274 1516 5312 more
1544 5258 1683 5313 lilios
1705 5260 2097 5319 circumcidere
2127 5302 2144 5330 ,

562 5338 905 5410 multumque
937 5347 1148 5400 transiit
1195 5349 1475 5416 temporis,
1509 5366 1617 5419 quo
1659 5367 1818 5407 nemo
1847 5354 1947 5408 nisi
1977 5354 2029 5409 in
2055 5370 2148 5411 oc-

558 5430 705 5487 culto
734 5450 889 5490 suum
936 5452 1100 5493 ausus
1128 5449 1213 5494 est
1250 5441 1415 5495 lilium
1448 5443 1862 5499 circumcidere.
1893 5444 2146 5501 Circum-

560 5524 747 5586 cidens
773 5536 956 5582 autem
983 5530 1236 5587 iuventus
1258 5533 1436 5602 quivis
1468 5535 1644 5602 ptruis
1666 5532 2002 5591 afﬁciebatur
2021 5553 2146 5606 gra-

552 5616 821 5678 vissimis.
862 5616 1109 5676 Edictum
1146 5634 1408 5691 przcterea
1449 5625 1799 5680 durissimum
1832 5628 1986 5683 vobis
2021 5644 2144 5698 pro-

557 5711 863 5781 muigatum
891 5721 997 5779 est,
1035 5725 1093 5769 ut
1121 5717 1168 5770 si
1195 5718 1315 5786 quis
1343 5724 1585 5772 vestrum
1616 5718 1847 5787 puellam
1879 5721 2141 5792 virginem

555 5820 791 5865 uxorem
827 5808 1070 5873 duceret,
1103 5809 1252 5878 prius
1279 5825 1397 5866 cam
1429 5809 1493 5864 ad
1524 5809 1816 5880 provinciae
1844 5812 2141 5883 principem

2248 4628 2297 4670 et
2345 4635 2449 4674 uou
2499 4633 2652 4688 sunt,
2700 4635 2747 4677 et
2798 4641 2892 4678 nos
2940 4626 3245 4697 iniquitates
3287 4645 3471 4683 eorum
3517 4628 3792 4698 portavimus

2250 4706 2466 4779 (Tltren.
2495 4711 2566 4777 v).

2324 4801 2557 4859 Psrnus.
2603 4806 2775 4861 Aliter
2802 4824 2890 4864 res
2932 4826 2991 4866 se
3020 4812 3183 4867 habet
3229 4830 3392 4883 quam
3415 4815 3566 4870 dicis.
3602 4813 3651 4868 Si
3675 4809 3790 4865 enim

2249 4895 2323 4948 ita
2349 4905 2533 4950 essent
2575 4899 2736 4954 verba
2770 4902 3064 4970 prophetze,
3089 4905 3303 4960 sibimet
3326 4906 3596 4959 contraria
3622 4908 3786 4957 essent.

2249 4984 2340 5040 Sic
2367 4997 2545 5040 autem
2588 4998 2877 5060 utrumque
2901 4994 3233 5050 dissolvitur.
3263 4997 3417 5063 Quod
3444 4998 3586 5052 enim
3612 4993 3789 5054 dicitur,

2249 5076 2371 5146 quia
2407 5076 2501 5131 lilii
2532 5095 2640 5132 non
2664 5082 2956 5149 portabunt
3005 5085 3344 5154 iniquitatem
3372 5096 3584 5156 patrum
3611 5081 3791 5156 (Emit.

2249 5173 2400 5239 xvtt),
2436 5170 2508 5225 ita
2547 5172 2868 5243 intelligitur
2896 5176 2941 5230 si
2989 5176 3082 5231 lilii
3112 5192 3216 5231 non
3246 5176 3790 5247 feceriutiniquitatem

2247 5276 2481 5333 patrum.
2508 5265 2659 5333 Quod
2686 5277 2864 5323 autem
2912 5270 3138 5333 dicitur,
3181 5272 3307 5342 quia
3330 5272 3426 5327 lilii
3482 5278 3683 5342 portant
3714 5265 3793 5321 ini-

2247 5353 2511 5421 quitatem
2558 5366 2778 5424 patrum
2820 5358 3017 5427 (Exod.
3062 5363 3186 5431 xx),
3224 5363 3325 5418 hoc
3367 5366 3530 5420 modo
3581 5362 3793 5419 dicuntur

2247 5455 2487 5514 portare,
2528 5448 2572 5501 si
2608 5448 2812 5504 scelera
2854 5448 3083 5506 fecerint
3109 5463 3343 5523 patrum.

2317 5538 2549 5595 Marses.
2589 5542 2743 5609 Quod
2787 5543 3025 5614 loqueris
3072 5547 3409 5618 sapientibus
3455 5541 3795 5604 rationabilem

2246 5639 2302 5685 et
2344 5632 2545 5702 justam
2589 5635 2730 5704 parit
2772 5636 3207 5707 intelligentiam.
3247 5638 3359 5696 lloc
3400 5651 3583 5694 autem
3620 5653 3677 5692 ex
3709 5632 3795 5687 tuis

2248 5724 2426 5778 verbis
2474 5725 2694 5795 intelligi
2743 5728 2905 5782 datur
2931 5731 3074 5800 quod
3105 5746 3293 5788 outnes
3317 5732 3629 5802 sequacium
3654 5740 3793 5799 genas

2250 5816 2485 5875 rationes
2530 5819 2730 5876 idcirco
2776 5822 2826 5876 in
2863 5832 3076 5893 patrum
3125 5826 3439 5896 captivitate
3483 5825 3791 5894 permanent,
