4142 6360
289 377 397 435 515

289 492 437 568 qmd
480 496 695 563 patrum
728 500 974 550 suorum,

289 593 681 656 “sequuntur.
716 581 870 648 Quod
901 578 946 634 si
984 585 1201 649 patrum
1232 587 1401 644 opera
1436 569 1796 634 dimitterent,
1822 575 1880 622 et

295 682 364 739 de
389 676 706 748 captivitate
740 671 977 728 exirent.

369 772 610 828 Peritos.
645 767 724 822 ita
759 764 948 833 utique
975 760 1174 818 sentio.

370 863 599 919 Movsss.
633 857 754 914 Jam
791 856 838 912 si
866 854 1045 925 placet
1079 852 1214 907 tanti
1243 860 1431 907 reatus
1455 846 1882 922 magnitudinem

296 956 471 1030 aperi.

371 1048 608 1104 Ρετιιυε.
638 1042 772 1110 Quia
799 1040 1078 1098 Christum
1106 1037 1199 1094 Dei
1236 1035 1431 1090 Filium
1456 1031 1761 1095 occidistis,
1799 1030 1886 1084 di-

301 1150 489 1197 centes
508 1152 633 1193 eum
683 1149 921 1203 magum,
966 1141 1022 1186 et
1071 1130 1140 1186 de
1185 1139 1367 1183 scorta
1397 1135 1605 1190 natum,
1656 1121 1891 1192 etquod

305 1242 475 1287 totam
519 1239 734 1301 gentem
780 1229 834 1284 in
877 1239 1118 1282 errorem
1163 1221 1399 1277 induxit.
1445 1215 1678 1286 Majores
1723 1215 1891 1271 vestri

307 1328 424 1383 lucc
450 1334 507 1381 et
528 1325 612 1379 his
640 1321 839 1377 similia
871 1316 1155 1390 protestati
1184 1323 1343 1379 sunt,
1372 1312 1548 1368 donec
1577 1318 1748 1364 totam
1780 1307 1894 1378 ple-

307 1421 432 1476 hem
477 1431 589 1473 suae
636 1428 816 1485 prava:
865 1409 1160 1466 voluntatis
1188 1405 1491 1462 emcientes
1553 1410 1891 1465 consortem,

307 1510 485 1566 virum
505 1508 709 1578 justum
733 1503 931 1572 injuste
956 1501 1008 1556 in
1033 1499 1293 1567 injustum
1324 1493 1764 1564 valdejudieium
1800 1492 1899 1546 ad-

309 1602 603 1662 duxerunt,
632 1593 1021 1650 cruciﬁxerunt
1064 1599 1121 1646 et
1161 1588 1501 1644 occiderunt.
1540 1583 1701 1639 Tanti
1733 1581 1899 1653 igitur

310 1703 497 1751 reatus
521 1688 834 1763 magnitudo
862 1698 970 1741 tam
1002 1684 1308 1754 longinqua:
1346 1678 1684 1750 captivitatis
1731 1690 1898 1731 causa

310 1788 513 1843 existit.
547 1785 790 1853 Dumque
824 1794 921 1835 vos
962 1779 1016 1832 in
1050 1785 1274 1846 paterna
1308 1771 1620 1828 manseritis
1649 1778 1757 1823 tam
1795 1782 1895 1822 νο⁴

310 1875 521 1931 luntate
549 1888 712 1944 quam
747 1870 875 1932 ﬁde,
906 1870 959 1922 in
997 1866 1187 1922 eadem
1223 1861 1605 1935 proculdubio
1650 1858 1896 1914 existetis

309 1963 678 2022 damnationis
703 1958 1071 2015 tribulatione.

382 2056 619 2112 Movsss.
653 2053 843 2111 Utrum
872 2050 963 2105 ille
990 2049 1154 2104 homo
1189 2045 1359 2101 Filius
1398 2044 1492 2099 Dei
1525 2042 1708 2105 fuerit,
1734 2039 1899 2095 latius

310 2158 499 2220 postea
538 2148 814 2214 disputare
857 2141 1150 2212 oportebit,
1193 2139 1321 2209 quia
1373 2144 1537 2192 tantis
1582 2132 1901 2204 quaestionis

312 2252 504 2297 auctor
532 2237 850 2297 Validissinii
876 2232 1180 2307 argumenti
1208 2230 1454 2286 vehiculo
1494 2228 1717 2298 indiget.
1745 2225 1902 2281 Nune

313 2334 531 2391 interim
558 2333 660 2387 hoc
704 2331 863 2385 modo
904 2326 1120 2383 ostendi
1186 2323 1309 2379 volo
1337 2335 1573 2392 quonam
1620 2319 1783 2374 modo
1810 2326 1901 2373 aut

317 2425 641 2481 aiictoritate
670 2421 888 2478 coneris
910 2432 1159 2476 asserere
1180 2415 1324 2488 quod
1351 2416 1398 2470 is
1425 2412 1492 2469 de
1519 2428 1627 2483 quo
1660 2411 1904 2482 loqueris

317 2519 482 2576 homo
508 2526 709 2572 nostrae
736 2511 1105 2569 tribulationis
1131 2523 1296 2565 causa
1325 2505 1618 2563 exstiterit.

390 2608 628 2664 Psrnns.
660 2604 858 2673 Quam,
886 2616 1094 2675 quaeso,
1124 2615 1155 2654 a
1180 2614 1266 2654 me
1287 2612 1452 2668 super
1475 2596 1580 2650 hoc
1606 2593 1779 2665 exigis
1806 2607 1906 2647 au¢

319 2702 649 2767 ctoritatem,
681 2713 803 2753 cum
822 2698 934 2768 jam
964 2695 1219 2766 superius
1264 2690 1397 2745 mihi
1427 2688 1764 2746 concesseris
1794 2696 1906 2741 tam

325 2789 580 2846 inauditae
629 2786 940 2843 amictionis
994 2785 1298 2842 inauditum
1349 2781 1575 2835 omnino
1622 2785 1909 2847 peceatum

324 2895 541 2936 causam
573 2877 775 2934 fuisse?
799 2877 1043 2946 Cumque
1070 2875 1197 2930 illud
1222 2884 1282 2929 tu
1327 2873 1471 2928 nullo
1502 2885 1725 2942 prorsus
1749 2870 1910 2924 modo

325 2975 613 3031 ostendere
640 2971 842 3035 valeas,
873 2985 903 3024 a
928 2984 1017 3027 me
1042 2968 1231 3039 judicii
1275 2966 1504 3036 a-quitas
1537 2965 1690 3035 jubet
1729 2972 1788 3016 ut
1817 2977 1916 3015 an-

328 3068 470 3132 dias,
501 3080 605 3121 nec
630 3064 775 3119 unde
813 3062 1160 3131 comprobem
1196 3073 1440 3129 qumrere
1464 3057 1647 3118 debes,
1686 3058 1780 3110 sed
1820 3053 1914 3108 deo

329 3169 545 3215 struere
565 3166 971 3228 quoquopacto
1008 3154 1055 3208 si
1088 3161 1260 3223 potes,
1287 3160 1382 3206 aut
1426 3151 1726 3205 concedere
1769 3147 1912 3217 quod
1941 3180 1987 3242 C

325 3247 598 3320 denegare
626 3264 737 3304 non
763 3246 933 3303 vales.
964 3244 1161 3301 Verum
1184 3243 1311 3299 licet
1332 3259 1439 3297 non
1465 3257 1550 3297 me
1567 3240 1756 3309 iudicii
1786 3255 1915 3295 cen-

330 3358 460 3400 sura
490 3343 850 3413 constringat,
879 3355 984 3395 non
1017 3353 1202 3403 unam,
1229 3337 1325 3393 sed
1370 3334 1569 3390 multas
1601 3348 1764 3405 super
1811 3331 1915 3387 hac

290 3434 297 3441 ’
332 3453 398 3493 re
424 3437 779 3492 auctoritates
810 3436 1087 3489 inducam.

401 3530 637 3584 Morses.
676 3527 731 3582 ιιι
760 3536 849 3581 est
883 3525 1027 3596 quod
1060 3533 1172 3579 toto
1201 3522 1454 3578 desidero
1476 3522 1676 3577 animo.

407 3623 647 3699 Primus.
711 3618 882 3675 Nosse
933 3619 1097 3675 debes
1147 3617 1305 3686 quia,
1349 3614 1706 3684 quadraginta
1760 3613 1919 3667 annis

332 3724 459 3785 post
505 3712 708 3770 Christi
762 3718 992 3766 mortem
1047 3708 1306 3777 expletis,
1352 3704 1842 3775 Hierosolymorum
1886 3717 1918 3754 a

336 3808 465 3863 Tito
502 3806 697 3861 civitas
727 3803 829 3859 fuit
867 3804 1164 3859 destructa.
1202 3798 1332 3852 Item
1375 3796 1726 3866 quadraginta
1766 3792 1923 3847 annis

337 3908 628 3967 antequam
654 3897 1044 3960 destrueretur,
1082 3900 1330 3962 portenta
1370 3898 1422 3944 et
1453 3888 1608 3959 signa
1645 3887 1699 3940 in
1730 3884 1920 3941 eadem

339 3997 469 4044 sunt
494 3988 635 4053 visa,
664 3986 869 4057 liquido
900 3984 1196 4040 indicantia
1228 3982 1375 4051 quod
1404 3982 1520 4036 haec
1545 3979 1727 4049 templi
1753 3988 1807 4033 et
1829 3993 1922 4031 ur-

340 4079 427 4133 bis
452 4077 751 4134 destructio
789 4085 936 4131 esset
976 4074 1181 4135 futura,
1230 4070 1686 4142 quemadmodum
1732 4076 1926 4123 vestrae

342 4169 606 4223 doctrina:
630 4167 753 4223 libri
784 4175 1076 4221 testantur.
1104 4166 1274 4219 Aiunt
1326 4162 1470 4217 enim
1521 4161 1662 4230 quod
1690 4157 1926 4228 quadra.-

338 4259 494 4327 ginta
520 4258 679 4312 annis
713 4269 1000 4324 antequam
1026 4253 1450 4313 subverteretur,
1478 4251 1637 4302 rubra
1668 4247 1784 4300 lana
1808 4261 1927 4315 quae

346 4349 486 4406 haedi
518 4348 779 4404 cornibus
819 4345 1237 4408 annectebatur,
1274 4355 1613 4410 nequaquam
1660 4353 1812 4393 more
1843 4352 1928 4391 so-

350 4441 446 4497 lito
468 4439 799 4502 albescebat,
830 4435 1057 4493 candela
1094 4448 1312 4503 quoque
1340 4429 1650 4486 candelabri
1690 4444 1812 4497 qua:
1860 4427 1928 4481 ad

349 4530 685 4588 occidentem
712 4526 1051 4597 respiciebat,
1077 4532 1202 4579 ante
1223 4530 1540 4579 consuetum
1578 4529 1790 4589 tempus
1835 4533 1931 4571 ex-

351 4622 748 4692 stinguebatur.
767 4618 948 4672 Valvas
970 4624 1230 4688 prmtcrea
1248 4613 1452 4682 templi,
1474 4609 1621 4665 nullo
1652 4617 1927 4676 tangente,

354 4731 476 4771 cum
507 4728 702 4784 magno
732 4713 957 4782 strepitu
984 4718 1178 4780 sponte
1214 4724 1312 4763 sua
1357 4707 1758 4765 reserebantur.
1788 4704 1934 4772 Quas

354 4822 478 4863 cum
506 4806 725 4875 quidam
772 4805 1055 4860 doctorum
1104 4812 1440 4865 vestrorum,
1491 4798 1709 4854 nomine
1767 4794 1933 4851 Joan-

356 4916 477 4965 nes,
527 4899 672 4954 lilius
714 4898 937 4964 Zacbai,
981 4899 1063 4953 sic
1088 4897 1287 4966 aperiri
1333 4909 1476 4963 stepe
1500 4892 1753 4958 vidisset,
1783 4889 1939 4943 valde

354 5000 660 5047 commotus
680 4991 894 5045 tandem
925 4988 1217 5045 clamavit:
1265 5003 1284 5037 ί
1323 4981 1663 5050 Ουίοεείιθς»
1697 4990 1753 5034 et
1792 4977 1940 5045 adje-

355 5083 433 5139 cit
454 5099 501 5137 ει
520 5081 823 5152 Templum,
841 5080 1123 5149 templum,
1150 5074 1395 5148 profecto
1418 5072 1641 5142 cognovi
1670 5068 1813 5140 quod
1839 5083 1937 5122 no-

356 5175 579 5230 vissima
633 5183 720 5228 tua
752 5172 1127 5228 concrematio
1171 5165 1501 5240 possidebit,
1529 5162 1668 5218 sicut
1717 5169 1774 5216 et
1813 5175 1941 5229 pro-

358 5267 524 5337 pheta
549 5265 844 5336 nit:Aperi,
876 5264 1286 5333 Libane,portas
1306 5266 1510 5322 tuas,et
1539 5253 1775 5308 comedat
1804 5252 1943 5320 ignis

361 5358 542 5412 cedrus
586 5367 705 5411 tuas
746 5354 932 5425 (Zaclt.
978 5354 1077 5423 ιι).
1121 5370 1141 5405 ι
1193 5351 1329 5407 Cum
1362 5349 1524 5420 igitur
1555 5346 1656 5401 ista
1700 5343 1945 5414 prodigia

362 5448 720 5519 quadraginta
761 5447 923 5502 annis
951 5453 1079 5500 ante
1122 5441 1546 5499 destructionem
1580 5435 1784 5491 fuerint
1805 5435 1943 5497 visa,

364 5550 423 5597 et
440 5540 859 5613 quadragesimo
886 5554 918 5591 a
945 5535 1144 5593 Christi
1185 5542 1360 5589 morte
1388 5545 1532 5586 anno
1559 5528 1755 5583 civitas
1780 5523 1951 5580 fuerit

369 5635 642 5690 destructa
666 5649 698 5688 a
727 5633 871 5696 Tito,
893 5629 1099 5701 liquido
1127 5625 1468 5683 concluditur
1488 5619 1630 5691 quod
1652 5618 1769 5675 haec
1797 5616 1950 5688 signa

368 5745 400 5782 a
419 5737 660 5799 tempore
681 5726 873 5782 mortis
893 5722 1095 5781 Christi
1129 5721 1241 5778 sint
1268 5719 1433 5775 facta.
1460 5714 1568 5772 Sed
1605 5722 1661 5769 et
1689 5713 1794 5769 hoc
1825 5724 1951 5767 cum

370 5814 492 5874 alis
511 5815 827 5875 doctoribus
844 5812 1037 5871 vestris
1065 5810 1299 5875 Joannes
1331 5805 1613 5874 intellexit,
1633 5801 1779 5877 quod
1808 5813 1953 5859 mors

1742 392 1755 409 .
1797 316 2096 416 nistoet.

1016 483 1073 539 in
1119 489 1384 553 quantum
1431 483 1691 549 possunt,
1715 486 1882 546 Opera
1910 478 1958 535 Α
1986 465 2189 527 Christi
2219 460 2548 534 captivitatis
2589 456 2745 512 vobis
2783 467 2947 521 causa
2978 447 3203 507 exstitit.
3234 445 3351 501 Non
3383 455 3563 500 autem

1979 576 2123 629 eam,
2149 557 2244 615 sed
2283 550 2720 611 malevolentiam
2760 546 3037 603 hominum
3063 552 3121 598 et.
3149 541 3405 596 invidiam
3436 552 3567 593 cau-

1890 686 1895 691 -
1981 674 2124 718 sam.
2155 653 2362 711 scilicet
2385 661 2588 710 causae,
2635 638 2968 714 captivitatis
3008 646 3229 690 causam
3252 643 3373 684 esse
3417 626 3566 681 dixe-

1892 776 1897 783 -
1984 758 2135 813 runt,
2165 745 2258 801 sed
2284 754 2469 796 veram
2518 748 2739 792 causam
2788 734 3093 785 tacuerunt.
3135 720 3338 777 Invidia
3371 718 3570 789 quippe

1983 810 2292 895 Iuda-orum
2316 840 2370 885 et
2406 827 2610 885 malitia
2641 837 2807 879 causa
2841 817 3032 874 mortis
3053 814 3254 871 CltriSti
3283 810 3569 893 fuitamors

1926 1828 1973 1887 Β

1896 1988 1901 1993 .
1999 1904 2168 1995 menti
2195 1931 2573 1991 credulitatem
2610 1921 2804 1978 afferre
2849 1932 3009 1988 quam
3039 1913 3184 1988 quod
3220 1925 3325 1965 non
3350 1904 3583 1961 videtur.

3460 328 3564 385 επ

1987 938 2168 984 autem
2195 920 2421 985 Christi,
2453 930 2616 974 causa
2653 907 2999 982 captivitatis.

2057 1018 2289 1074 Movsss.
2316 1013 2373 1068 Si
2406 1010 2553 1066 illum
2599 1004 2872 1062 hominem
2903 999 3083 1060 talem,
3112 1004 3171 1050 ut
3206 993 3365 1055 dicis,
3406 990 3574 1046 fuisse

1990 1102 2498 1173 constaret,etejus
2529 1110 2757 1155 mortem
2800 1100 2999 1148 nostrae
3042 1084 3400 1144 tribulationis
3444 1099 3573 1139 cau-

1991 1219 2109 1263 sam
2134 1200 2320 1262 fuisse,
2346 1195 2523 1251 nullus
2547 1207 2613 1247 ex
2647 1189 2800 1243 nobis
2831 1186 3022 1256 dignus
3042 1189 3184 1236 esset
3220 1178 3421 1231 vivere.
3444 1175 3574 1229 Tale

1991 1298 2139 1355 enim
2185 1300 2474 1364 peccatum
2502 1284 2677 1354 majus
2708 1288 2789 1335 est
2834 1293 2995 1348 quam
3024 1274 3195 1328 Demn
3229 1283 3445 1340 negare.
3473 1266 3575 1333 Qui

1993 1390 2136 1447 enim
2168 1389 2335 1441 Deum
2365 1388 2547 1448 negat,
2580 1375 2740 1430 tidem
2793 1377 3001 1424 tantum
3034 1380 3194 1435 quam
3241 1367 3524 1429 acceperat
3546 1372 3576 1410 a

1995 1497 2057 1539 se
2084 1479 2327 1539 alienat;
2361 1471 2451 1542 qui
2482 1481 2612 1522 vero
2650 1463 2743 1518 Dei
2785 1460 2981 1517 Filium
3032 1463 3211 1518 necat,
3244 1460 3438 1522 prmter
3475 1448 3580 1502 hoc

1996 1571 2141 1644 quod
2192 1539 2448 1624 deitatem
2500 1572 2622 1630 qum
2664 1563 2748 1611 est
2797 1547 3082 1607 invisibilis
3119 1539 3579 1612 denegat,ctiam

1998 1632 2129 1719 illud
2154 1652 2468 1730 superaddit
2490 1656 2795 1721 peccatum,
2819 1640 2962 1713 quod
2994 1653 3105 1694 rem
3136 1632 3399 1689 visibilem
3418 1643 3583 1700 quam

1999 1719 2277 1825 corporeis
2315 1719 2582 1815 conspicit
2614 1738 2804 1801 oculis,
2831 1750 2950 1791 eam
2993 1731 3156 1788 etiam
3189 1726 3258 1781 ab
3288 1723 3454 1779 animi
3478 1719 3588 1776 lide

1998 1814 2327 1915 sequestrat.
2378 1814 2501 1893 eum
2550 1832 2602 1887 id
2652 1828 2795 1901 quod
2839 1826 3053 1880 videtur
3101 1816 3356 1888 majorem
3392 1814 3584 1868 debeat

1998 2030 2269 2086 Praeterea
2315 2031 2495 2077 autent
2544 2031 2666 2072 eum
2704 2012 2875 2067 nostri
2916 2016 3099 2079 patres
3147 2001 3320 2074 sputis
3355 1998 3586 2060 illitum,

2001 2120 2244 2191 Colaphis
2267 2098 2499 2177 caesum,
2524 2108 2711 2164 multis
2746 2114 2802 2160 ct
2851 2103 3019 2157 variis
3064 2098 3275 2170 injuriis
3310 2092 3587 2159 affectum,

2004 2213 2274 2281 mortique
2298 2210 2618 2263 innocenter
2634 2199 2906 2254 addictum
2939 2191 3085 2247 cruci
3109 2186 3410 2242 allixerunt.
3436 2182 3594 2238 Unde

2005 2321 2115 2363 non
2137 2273 2413 2358 immerito
2437 2297 2541 2350 hoc
2570 2290 2745 2348 scelus
2771 2286 2944 2356 majus
2975 2282 3073 2336 fuit
3095 2296 3159 2335 eo
3189 2277 3330 2350 quod
3357 2273 3578 2329 commi-

2005 2406 2196 2459 serunt
2223 2394 2275 2447 in
2301 2405 2508 2453 eremo,
2537 2401 2658 2440 cum
2686 2379 2912 2435 vitulum
2951 2374 3158 2431 scilicet
3196 2384 3419 2425 aureum
3465 2365 3590 2419 ado-

2010 2466 2195 2546 rarent
2217 2499 2314 2556 pro
2348 2483 2476 2536 Deo.
2511 2478 2666 2533 Tunc
2707 2487 2838 2526 vero
2871 2467 3099 2538 lcginms
3146 2463 3311 2518 Deum
3357 2456 3594 2511 voluiSse

2007 2582 2173 2643 lsrael
2215 2578 2436 2636 omnino
2486 2573 2686 2632 delere,
2735 2565 2838 2621 nisi
2873 2562 3082 2633 Moyses
3120 2571 3217 2628 pro
3241 2555 3321 2609 eis
3362 2552 3592 2606 interve-

2009 2639 2167 2731 triens
2216 2668 2388 2726 multo
2436 2664 2561 2723 ﬂetu
2606 2669 2663 2716 et
2702 2655 2932 2728 jejunio,
2973 2660 3029 2705 et
3072 2647 3353 2708 oratiatte,
3385 2639 3594 2697 Domini

2011 2770 2148 2826 iram
2191 2762 2506 2827 avertisset,
2532 2752 2890 2828 quadraginta
2920 2746 3111 2801 diebus
3145 2750 3199 2797 et
3241 2735 3596 2808 quadraginta

2013 2857 2263 2914 noctibus
2312 2847 2516 2909 assidui
2555 2843 2746 2913 jejunii
2800 2834 3163 2894 maceratione
3194 2844 3252 2884 se
3280 2842 3377 2898 pro
3407 2823 3597 2878 eodem

2012 2932 2237 3029 peccato
2277 2944 2518 3014 afﬂigens
2551 2936 2751 3012 (Exod.
2776 2930 2950 2993 xuii)
2978 2969 2992 2993 ,
3022 2927 3162 2982 sicut
3206 2921 3296 2976 lex
3348 2914 3599 3029 perhibet

2015 3007 2201 3099 dicens
2237 3035 2491 3095 :Procidi
2537 3041 2658 3093 ante
2681 3027 2961 3085 Dominum
3000 3021 3133 3074 sicut
3162 3015 3337 3085 prius,
3364 3007 3598 3081 quadrn-

2015 3136 2161 3206 ginta
2207 3128 2390 3185 diebus
2439 3137 2625 3195 ponent
2681 3133 2786 3172 non
2833 3109 3105 3167 comedens
3150 3114 3195 3159 et
3253 3113 3442 3172 «quam
3498 3110 3603 3147 non

2018 3187 2233 3288 bibens,
2273 3226 2484 3291 propter
2537 3212 2713 3267 omnia
2771 3213 2982 3276 peccata
3020 3209 3186 3257 vestra
3216 3211 3332 3266 quo:
3370 3187 3603 3263 gessistis

2016 3327 2202 3374 contra
2227 3301 2703 3372 Dominunt,timui
2727 3299 2867 3355 enim
2911 3297 3044 3349 iram
3093 3301 3141 3347 et
3188 3284 3602 3356 indignationem

2022 3410 2191 3472 illius,
2214 3421 2320 3477 qua
2359 3402 2637 3457 adversum
2664 3411 2749 3451 vos
2776 3391 3087 3453 concitatus,
3118 3381 3289 3439 delere
3329 3394 3415 3432 ros
3439 3373 3604 3429 voluit

2020 3467 2364 3574 (Dentis).
2392 3494 2503 3549 Nisi
2534 3491 2697 3561 igitur
2741 3482 2911 3555 Moysi
2962 3478 3136 3534 oratio
3189 3467 3603 3527 intervenisset,

2016 3558 2088 3653 ile
2134 3603 2250 3649 toto
2295 3588 2490 3662 populo
2538 3584 2714 3640 tmllus
2758 3582 3086 3648 superesset.
3122 3567 3257 3624 Cum
3295 3571 3473 3618 autem
3505 3558 3606 3611 hoc

2022 3688 2167 3745 aliud
2185 3684 2396 3740 facinus
2413 3680 2555 3750 quod
2572 3674 2860 3732 criminum
2884 3664 3241 3738 quantitatem
3261 3653 3490 3715 excedit,
3511 3646 3603 3702 Dei

2022 3782 2230 3840 scilicet
2256 3777 2452 3833 Filium
2483 3770 2735 3827 occidere
2769 3756 3275 3835 prresumpsissent.
3325 3763 3425 3802 uec
3470 3742 3609 3796 nllus

2022 3882 2166 3930 esset
2188 3870 2278 3941 qui
2311 3883 2409 3937 pro
2440 3865 2520 3920 eis
2560 3834 2945 3917 interveniret,
2979 3848 3161 3905 nullus
3201 3846 3382 3915 itaque
3426 3834 3609 3891 debuit

2024 3968 2228 4021 vivere.
2272 3959 2432 4013 Vides
2465 3963 2646 4009 autem
2672 3950 2796 4020 quia
2836 3948 2909 4001 ita
2940 3947 3188 3999 nonest,
3216 3935 3307 3990 sed
3348 3931 3487 3984 Dens
3513 3941 3609 3980 nos

2026 4065 2080 4111 et
2119 4053 2304 4107 vivere
2329 4044 2614 4119 permittit,
2636 4051 2689 4094 ct
2717 4034 2957 4106 quotidie
2979 4037 3242 4100 quantum
3265 4030 3411 4076 amat
3436 4026 3612 4097 osten-

2028 4148 2129 4211 dit,
2160 4158 2280 4199 cum
2307 4136 2543 4195 nobisin
2574 4136 2867 4199 conspectu
2914 4121 3254 4177 inimicorum
3298 4120 3608 4166 nostrorum

2029 4198 2256 4311 gratiam
2288 4235 2529 4302 prmstat,
2561 4233 2619 4280 ct
2645 4198 2840 4291 opibus
2875 4212 3188 4281 locupletat,
3217 4215 3273 4260 et
3316 4198 3612 4301 honoribus

2028 4289 2255 4389 :xaltat,
2281 4289 2605 4387 sicutmobis
2631 4289 2729 4386 per
2754 4327 2815 4366 os
2840 4305 3010 4377 Moysi
3037 4299 3313 4374 prophetae
3340 4289 3611 4365 pollicitus

2031 4429 2116 4477 est
2158 4384 2344 4472 dicens
2371 4431 2385 4467 :
2417 4384 2551 4466 Cum
2585 4384 2753 4462 essent
2784 4404 2838 4457 in
2869 4411 3009 4455 terra
3038 4392 3217 4449 hostili
3262 4406 3366 4443 non
3407 4384 3615 4454 penitus

1958 4530 2009 4590 ι)
2032 4510 2201 4581 abjeci
2231 4524 2347 4573 eos,
2381 4518 2542 4574 neque
2580 4500 2656 4555 sic
2708 4494 2922 4566 despexi
2969 4498 3025 4543 ut
3073 4489 3535 4542 consumerentur,
3568 4481 3617 4526 et

3231 4573 3265 4590 ’γ
3352 4569 3452 4590 ι’..-
3484 4563 3613 4590 -..2η-

2036 4563 2116 4581 ”“Ι
2132 4563 2141 4565 ⁷
2160 4563 2165 4564 ⁷
2190 4563 2193 4564 ⁷
2334 4563 2346 4573 σ
2455 4563 2468 4574 σ
2803 4563 2810 4566 ν

2033 4603 2245 4657 irritum
2293 4597 2519 4666 facerem
2564 4596 2774 4662 pactum
2824 4598 2997 4637 meum
3048 4591 3166 4631 cum
3195 4573 3289 4628 eis.
3343 4569 3454 4639 Ego
3480 4563 3617 4617 enim

2035 4711 2153 4751 sum
2185 4692 2437 4747 Dominus
2470 4689 2606 4741 Deus
2639 4695 2820 4736 eorum
2851 4675 2996 4748 (Leo.
3029 4670 3202 4735 3m").

2108 4787 2344 4842 Perncs.
2373 4781 2489 4836 Non
2522 4785 2722 4832 rectam
2752 4773 2815 4837 de
2848 4770 2949 4823 hac
2980 4781 3037 4820 re
3068 4757 3472 4831 intelligentiam
3495 4768 3622 4808 con-

2040 4879 2196 4949 cipis.
2238 4874 2424 4943 Neque
2459 4870 2604 4925 cnim
2652 4867 2792 4920 Deus
2846 4860 2968 4916 ideo
3021 4854 3285 4927 reliquias
3329 4852 3395 4904 de
3441 4856 3624 4902 vestro

2042 4941 2230 5025 vivere
2274 4941 2480 5035 patitur
2522 4958 2745 5031 pepulo,
2778 4955 2920 5026 quod
2963 4953 3030 5007 de
3065 4964 3251 5004 eormn
3296 4941 3498 5013 aliquid
3530 4955 3625 4995 co-

2043 5042 2508 5134 gitetcontmodo,
2536 5055 2629 5109 sed
2661 5051 2781 5106 idco
2810 5056 3017 5101 tantum
3070 5052 3129 5097 ut
3176 5037 3443 5096 universis
3493 5048 3626 5106 gen-

2048 5155 2192 5211 tibus
2221 5148 2493 5210 serviatis,
2520 5155 2575 5200 et
2601 5143 2654 5198 in
2677 5140 2916 5196 omnium
2948 5134 3117 5192 oculis
3157 5130 3544 5204 tmpmperinm
3571 5132 3628 5177 ct

2048 5247 2226 5303 fabula
2254 5253 2313 5301 ct
2341 5240 2646 5299 maledictio
2676 5237 2818 5302 sitis,
2847 5232 2988 5288 sicut
3011 5230 3164 5286 vobis
3208 5226 3460 5301 promisit
3487 5223 3629 5277 lator

2046 5339 2206 5409 legis,
2230 5337 2448 5393 dicens:
2480 5333 2601 5388 Eris
2626 5328 2857 5402 perditus
2878 5330 2930 5381 in
2951 5324 3274 5397 proverbium
3306 5337 3367 5374 ac
3393 5314 3627 5384 fabulam

2049 5404 2287 5486 omnibus
2317 5425 2552 5498 populis,
2598 5423 2666 5477 ad
2711 5437 2837 5489 quos
2882 5429 2930 5473 te
2976 5410 3327 5470 introduxerit
3372 5404 3629 5460 Dominus

2052 5523 2235 5594 (Deut.
2263 5495 2442 5588 xvttt),
2471 5528 2525 5573 et
2562 5523 2621 5570 ut
2655 5515 2774 5571 sitis
2807 5512 2903 5567 toti
2948 5506 3144 5579 populo
3183 5504 3236 5556 in
3284 5495 3626 5570 parabolam,

2053 5590 2111 5671 et
2154 5611 2501 5682 proverbium
2544 5604 2910 5678 quaerentibus
2960 5596 3212 5654 omnibus
3258 5591 3326 5646 ad
3372 5590 3625 5643 invicem.

2055 5705 2194 5774 Quid
2242 5709 2402 5774 putas
2446 5712 2624 5759 causa:
2672 5706 2751 5753 est
2797 5700 3014 5764 propter
3044 5686 3189 5758 quod
3231 5682 3373 5738 Deus
3416 5688 3629 5750 gcnzem

2056 5768 2199 5856 lianc
2223 5768 2423 5865 tibique
2452 5800 2719 5853 terrarum
2751 5784 3047 5858 dispersam
3081 5783 3351 5853 pri-pctore
3386 5768 3630 5828 servituti

4116 4156 4119 4243 ι
