4038 6490
605 399 674 453 τε
1492 388 1693 444 PETRI
1727 384 2067 443 smmum
2105 381 2194 436 nx
2225 377 2473 435 ιω).εο
2512 375 2896 433 CilttlS'l‘lANl
3690 384 3778 439 ras

570 513 822 581 subjecit,
852 522 905 567 et
936 521 1010 565 tot
1045 509 1308 563 malorum
1353 505 1675 559 multatione
1706 501 2022 558 danumvit?
2051 497 2151 553 [ἴεν

2264 492 2421 548 vestri
2452 491 2611 560 hujus
2631 491 2765 561 justi
2803 503 2904 560 pro
2928 502 3036 558 quo
3065 488 3144 542 illi
3176 488 3250 545 ita
3283 489 3456 558 puniti
3478 499 3601 546 sunt
3627 510 3795 554 nomen

569 604 963 672 spondebitque
992 599 1164 655 alter:
1202 596 1283 653 Ob
1322 596 1428 650 tale
1482 607 1801 665 peccaturo,
1853 592 1995 664 quod
2054 591 2146 647 Dei

567 697 764 752 Filium
810 694 1023 748 invidize
1059 699 1268 745 tantum
1327 704 1489 745 causa
1541 688 1889 749 occiderunt,
1934 684 2054 740 ideo
2093 684 2148 738 in

569 788 683 841 huic
710 784 848 838 mala
879 784 1232 837 devenerunt.
1263 779 1416 847 Quod
1448 781 1491 834 si
1526 779 1579 832 in
1617 777 1735 849 ipso
1759 786 2002 845 tempore
2042 790 2149 843 quo

567 884 844 948 peceatum
875 889 905 928 a
938 874 1090 927 vobis
1129 881 1214 926 est
1259 872 1629 933 commissam,
1672 878 1837 923 totum
1867 866 2150 921 .ludaicam

563 967 875 1038 progeniem
900 965 1145 1019 inliditus
1163 963 1471 1026 delevisset,
1506 961 1690 1016 multis
1714 971 2018 1028 temporum
2043 959 2152 1013 cir-

565 1062 703 1114 culis
737 1060 1051 1124 tranSactis,
1076 1057 1230 1127 culpa
1256 1057 1529 1112 oblivione
1552 1054 1752 1117 deleta,
1778 1068 1807 1106 a
1830 1052 1979 1107 nullo
2005 1067 2149 1105 mor-

567 1154 754 1207 talium
788 1154 1052 1214 scirezur,
1085 1153 1268 1221 sicque
1305 1159 1358 1203 et
1396 1148 1632 1202 infamia:
1681 1145 2065 1216 opprobrium,
2098 1152 2146 1199 et

566 1246 833 1301 malorum
886 1245 1164 1300 cvitaretis
1210 1242 1542 1312 periculum.
1596 1240 1735 1294 sicut
1764 1247 1818 1293 et
1859 1241 1926 1293 de
1968 1237 2153 1293 multis

566 1339 798 1408 contigit
826 1338 1077 1408 gentibus
1108 1346 1162 1390 et
1189 1336 1427 1405 regibus,
1462 1349 1693 1402 quorum
1748 1341 1895 1402 gesta
1937 1340 2150 1399 tempo—

572 1447 688 1482 rum
743 1439 869 1484 sunt
912 1439 1176 1483 vetustate
1221 1427 1417 1481 deleta.
1445 1426 1536 1481 Est
1569 1436 1624 1480 et
1666 1425 1770 1479 alia
1802 1439 1995 1483 causa,
2030 1438 2154 1493 pro-

568 1534 692 1591 pter
738 1537 898 1589 quam
950 1520 1090 1574 Dens
1140 1517 1419 1573 Iudaicam
1450 1518 1620 1571 noluit
1648 1516 1874 1587 perdere
1912 1526 2149 1583 gentem.

574 1613 801 1667 Videbat
825 1612 967 1666 enim
1000 1611 1259 1681 quosdam
1290 1612 1356 1664 de
1384 1611 1593 1665 semine
1625 1621 1807 1664 vestro
1832 1608 2155 1680 quandoque

574 1706 628 1758 in
659 1721 717 1759 se
752 1705 1074 1767 credituros,
1101 1713 1265 1774 atque
1296 1704 1608 1767 salvandos,
1660 1712 1715 1758 et
1756 1703 1877 1758 ideo
1927 1710 2151 1771 propter

571 1814 665 1852 eos
721 1798 892 1852 noluit
943 1797 1165 1851 omnino
1216 1808 1450 1850 vestram
1508 1796 1824 1866 disperdere
1887 1795 2149 1864 stirpem,

571 1890 712 1943 sicut
754 1890 880 1943 dicit
911 1889 1111 1943 Isaias:
1145 1890 1417 1954 Quomodo
1451 1890 1497 1942 si
1532 1889 1830 1943 inveniatur
1848 1904 2068 1959 granum
2099 1889 2154 1941 in

571 1983 744 2045 [νοω-ο,
774 1993 823 2037 et
845 1982 1094 2040 dicatur:
1128 1980 1209 2036 Ne
1240 1982 1457 2049 dissipes
1487 1982 1643 2047 illud,
1670 1983 1918 2053 quoniam
1948 1980 2159 2035 benedi-

571 2074 674 2127 ctio
723 2084 797 2126 est
815 2074 934 2138 ;sic
985 2073 1177 2143 faciant
1226 2085 1436 2141 propter
1488 2089 1661 2125 servos
1721 2088 1888 2136 meos,
1950 2079 2007 2124 ut
2056 2088 2160 2124 non

572 2164 871 2231 disperdam
918 2172 1084 2217 totum
1140 2162 1276 2234 (Isa.
1318 2163 1465 2236 ιμ’).
1528 2164 1921 2218 Testimonium
1974 2172 2157 2217 autem

575 2257 771 2311 divina:
797 2258 943 2312 circa
973 2273 1071 2312 vos
1100 2257 1319 2327 pietatis
1352 2258 1493 2326 quod
1522 2256 1689 2329 Moysi
1737 2255 2061 2326 promissum
2094 2256 2162 2310 de

576 2348 710 2416 legis
758 2349 893 2403 libro
942 2350 1263 2417 protulistis.
1310 2365 1413 2402 non
1462 2350 1529 2402 ad
1577 2358 1934 2419 prmsentcm,
1966 2349 2059 2403 sed
2091 2347 2159 2402 ad

575 2442 1151 2521 prteterilam‘rCSpicit
1175 2441 1458 2512 Babylonis
1481 2442 1878 2511 captivitatem,
1902 2441 2159 2511 quoniam

577 2534 647 2585 de
674 2545 735 2584 ea
763 2534 1086 2601 quandoque
1116 2551 1210 2588 vos
1243 2544 1361 2589 erat
1386 2536 1699 2590 educturus.

653 2624 884 2681 Mersus.
938 2627 1049 2693 Qun
1103 2628 1427 2697 comprobas
1469 2629 1791 2682 auctoritate
1835 2627 2160 2696 promissum

579 2714 706 2766 illud
741 2715 806 2767 ad
839 2715 1005 2768 solam
1038 2716 1341 2788 Babylonia:
1365 2719 1735 2787 captivitatem
1782 2718 2091 2787 pertinere?

652 2807 882 2863 Ρετιιυε.
909 2810 1171 2874 Quoniam
1203 2810 1255 2864 in
1286 2810 1404 2864 loco
1432 2812 1519 2864 ubi
1547 2813 1871 2880 promissum
1901 2812 2002 2865 boc
2036 2812 2164 2866 fecit

579 2900 723 2955 Deus
752 2901 818 2952 ad
861 2899 1107 2970 Moysen.
1152 2901 1195 2955 si
1246 2900 1517 2969 paulisper
1553 2902 1804 2956 attendas
1846 2903 2161 2972 superiora,

579 2993 828 3044 eiimdem
845 2991 1058 3065 Moysen
1085 2994 1410 3062 praemisisse
1433 2993 1706 3048 invenies:
1728 2993 1872 3049 Tunc
1890 2994 2164 3064 placebunt

579 3094 733 3136 terra:
780 3084 995 3137 sabbata
1039 3103 1170 3148 sua,
1218 3095 1418 3138 cunctis
1453 3086 1633 3140 diebus
1675 3085 1973 3140 solitudinis
2022 3103 2162 3152 suat,

2253 592 2547 647 imitantes,
2586 583 2639 637 in
2669 583 2772 636 hoc
2796 581 2939 635 facto
2970 581 3038 635 de
3062 581 3281 636 Christo
3310 596 3532 650 prorsus
3557 586 3784 642 comicae.

2252 688 2401 731 runt.
2458 675 2721 730 Dixerunt
2781 675 2925 726 enim
2982 671 3109 740 quia
3169 673 3424 742 princeps
3487 671 3571 728 ille
3620 672 3788 741 justum

2251 770 2497 831 nomine,
2546 765 2746 836 Josepb
2789 766 2955 820 lilium
3002 763 3188 827 Iacob,
3240 781 3403 835 quem
3455 766 3507 819 in
3544 765 3788 838 Egyptian

2251 860 2615 914 vendiderant
2661 858 2857 911 fratres
2905 855 3070 925 (Gen.
3131 858 3353 925 xxxvii)
3382 895 3399 921 ,
3459 855 3786 927 intelligebat,

2251 950 2477 1020 ejusque
2502 948 2821 1019 sanguinem
2850 947 2918 1001 ab
2947 948 3027 1001 eis
3051 947 3294 1018 exigens,
3327 957 3548 1016 propter
3571 964 3680 1002 eum
3701 952 3791 1005 tali~

2252 1042 2352 1095 bus
2385 1042 2506 1096 illos
2536 1040 2718 1095 al‘l‘ecit
2740 1039 3040 1110 suppliciis.
3079 1040 3386 1094 Absurdum
3431 1049 3607 1094 autem
3633 1042 3788 1100 rationi

2253 1133 2485 1195 videtur,
2525 1141 2581 1185 ut
2620 1131 2673 1184 id
2696 1131 2765 1185 ab
2796 1130 2878 1184 eis
2907 1131 3148 1199 exigeret
3196 1131 3338 1200 quod
3395 1130 3463 1183 ad
3492 1130 3659 1185 minus
3692 1143 3788 1191 ants

2256 1228 2401 1280 lLilIt.‘
2422 1228 2840 1296 quingentorum
2863 1233 2981 1278 erat
3010 1222 3211 1279 factum
3243 1238 3513 1277 annorum
3538 1225 3782 1289 curricula,

2256 1321 2491 1373 mavime
2516 1333 2639 1371 cum
2675 1316 3010 1386 temporibus
3048 1318 3245 1386 quibus
3267 1315 3468 1385 Josepb
3496 1320 3786 1376 venundatus

2255 1409 2378 1473 fuit,
2442 1409 2587 1464 nulla
2648 1408 2733 1464 lex
2781 1417 2928 1463 esset
2965 1424 3070 1479 qua
3124 1409 3376 1479 princeps
3411 1409 3500 1464 ille
3525 1424 3615 1465 eos
3640 1412 3791 1469 mortis

2256 1516 2379 1555 reos
2408 1501 2734 1556 convincere
2760 1508 2963 1571 posset.

2329 1593 2564 1649 Movszs.
2597 1592 2861 1647 Rationes
2905 1602 3008 1647 tua:
3047 1608 3154 1647 non
3200 1591 3332 1647 mihi
3385 1590 3789 1664 sudiciunt,quot

2257 1684 2402 1739 uiam
2454 1699 2561 1738 non
2615 1683 2797 1754 aliqua
2836 1699 2933 1739 eas
2987 1683 3315 1738 auctoritate
3377 1685 3675 1750 conlirmas,
3718 1689 3789 1742 sed

2260 1779 2483 1848 proprio
2515 1777 2672 1847 lingis
2695 1776 2947 1840 arbitrio,
2986 1792 3088 1832 nec
3125 1777 3264 1831 inest
3291 1777 3373 1832 eis
3406 1777 3510 1831 ulla
3541 1780 3789 1836 necessitas

2213 1863 2364 1940 iqua
2408 1885 2496 1924 me
2538 1870 2605 1924 ad
2650 1869 2978 1924 credendum
3026 1868 3118 1922 tibi
3176 1884 3372 1940 cogere
3435 1869 3645 1924 debeas.
3688 1870 3791 1927 Volo

2259 1971 2552 2028 autem,ut,
2572 1963 2615 2016 si
2635 1961 2802 2029 vales,
2819 1962 3053 2031 aliquam
3077 1963 3143 2017 de
3166 1962 3445 2031 prophetis
3461 1964 3791 2018 auctoritatem

2260 2054 2314 2107 in
2349 2054 2582 2108 medium
2614 2053 2851 2117 deferas,
2886 2069 2991 2123 qua
3026 2054 3397 2123 captivitatem
3430 2054 3585 2109 istam
3612 2069 3793 2126 propter

2259 2145 2535 2201 hominem
2594 2145 2766 2210 illum,
2798 2158 2853 2199 et
2879 2160 3001 2199 eum
3046 2144 3321 2199 Christum
3365 2160 3488 2217 esse
3535 2147 3799 2200 necessario

2262 2246 2554 2301 monstres,
2586 2252 2687 2292 nec
2723 2236 2957 2292 nobisin
2980 2237 3083 2291 bac
3132 2235 3489 2292 tribulatione
3535 2251 3681 2307 posse
3698 2251 3798 2292 cer-

2262 2338 2373 2383 tmn
2399 2329 2689 2384 terminum
2712 2343 2853 2384 esse.

2331 2420 2568 2477 Parens.
2627 2420 2795 2476 lsaias
2860 2420 3125 2492 propheta
3175 2420 3297 2474 ait:
3338 2420 3382 2474 Α
3432 2419 3614 2489 ﬁnibus
3665 2429 3799 2474 terra

2261 2514 2445 2570 laudes
2506 2516 2827 2580 audivimus,
2873 2515 3097 2586 gloriam
3130 2513 3268 2584 justi
3315 2512 3457 2584 (Isa.
3499 2512 3659 2584 xxiv).
3700 2512 3802 2568 llaec

2262 2606 2601 2675 verba,justi
2655 2606 2815 2674 lmjus
2851 2607 3041 2662 laudes
3090 2605 3293 2675 ubique
3348 2614 3614 2660 terrarum
3668 2603 3803 2659 fuisse

2262 2701 2580 2756 ostendunt.
2613 2699 2824 2755 Nullius
2852 2709 3034 2755 autem
3082 2699 3320 2756 hominis
3350 2699 3485 2770 justi
3516 2697 3688 2753 laudes
3708 2708 3805 2753 tau-

2265 2802 2347 2848 tas
2364 2793 2530 2849 fuisse
2551 2809 2787 2865 unquam
2808 2794 3137 2858 audivimus,
3157 2802 3216 2848 ut
3238 2807 3412 2862 usque
3432 2792 3503 2845 ad
3533 2790 3659 2846 lines
3677 2800 3805 2845 teme

2265 2884 2630 2951 pervenirent.
2675 2884 2774 2939 Cui
2811 2884 2960 2955 justo
2992 2885 3117 2953 quia
3150 2883 3533 2939 tribulationes
3562 2896 3688 2950 quas
3712 2882 3807 2936 sine

2263 2990 2424 3028 causa
2448 2989 2704 3044 passurus
2725 2985 2845 3030 erat
2872 2976 3222 3047 praavidebat,
3252 2976 3336 3030 bis
3372 2975 3689 3046 compatitur
3707 2989 3806 3028 ver-

2266 3069 2369 3134 bis,
2386 3069 2605 3123 dicens:
2628 3067 2719 3122 Va:
2742 3069 2869 3122 mihi
2892 3083 2913 3123 :
2935 3068 3339 3139 prmearicautcs
3354 3068 3811 3138 praevaricatissnl,‘

578 3178 790 3243 quando
821 3176 964 3229 eritis
995 3178 1049 3228 in
1091 3186 1238 3246 terra,
1266 3176 1462 3241 hostili,
1492 3178 1860 3238 sabbatizabit,
1890 3188 1938 3232 et
1964 3180 2161 3249 requie-

2266 3162 2698 3227 pra’varicatione
2727 3172 3173 3231 trausgrcssorum
3195 3161 3530 3230 prwvaricati
3557 3170 3670 3215 sunt
3695 3157 3803 3229 (lsa.

579 3276 685 3319 ποι
738 3269 791 3320 in
848 3266 1090 3321 Sabbatis
1128 3267 1272 3338 (Lev.
1309 3269 1481 3339 xxvr).
1517 3269 1629 3323 Hoc
1658 3279 1838 3323 autem
1869 3270 1950 3324 eis
1984 3270 2035 3324 in
2066 3270 2167 3323 Ba-

581 3360 832 3431 bylonem
862 3362 1038 3415 ductis
1064 3362 1386 3431 completum
1416 3377 1537 3417 esse
1566 3362 1733 3416 Ezras
1763 3362 1815 3415 in
1842 3362 1979 3417 libro
2006 3360 2169 3417 Tem-

579 3467 772 3522 porum
819 3455 1155 3522 comprobat,
1196 3454 1381 3509 dicens
1404 3456 1547 3508 inter
1584 3463 1820 3510 caetera:
1862 3456 2063 3509 Ductus
2091 3464 2168 3510 est

584 3546 754 3601 Israel
782 3547 834 3599 in
869 3546 1218 3616 Babylonem,
1275 3558 1322 3601 et
1367 3547 1569 3601 servivit
1607 3550 1714 3618 regi
1761 3558 1808 3603 et
1862 3548 1987 3618 ﬁliis
2017 3550 2165 3619 ejus,

579 3638 749 3690 donec
797 3638 1078 3691 celebraret
1136 3651 1272 3692 terra
1302 3638 1538 3695 Subbata
1595 3658 1711 3695 sua.
1767 3641 1981 3698 Cunctis
2030 3647 2167 3699 enim

581 3729 767 3782 diebus
820 3729 1157 3783 desolatiouis
1206 3732 1306 3799 egit
1340 3730 1630 3785 Sabbatum
1657 3730 1744 3803 (ΙΙ
1775 3730 1907 3788 Par.
1952 3737 2164 3807 xxxvi).

586 3824 645 3879 in
676 3823 760 3877 bis
790 3823 969 3876 verbis
998 3822 1200 3892 liquido
1231 3832 1454 3893 apparet
1492 3824 1618 3893 quia
1668 3825 1735 3879 de
1778 3826 1954 3893 prima
1994 3827 2169 3898 capti-

586 3921 754 3974 vitate
780 3927 1049 3987 mquatur.

659 4012 891 4068 illovszs.
928 4007 1236 4063 Auctoritas
1269 4005 1365 4060 ista
1403 4021 1536 4059 mea:
1577 4021 1683 4059 non
1720 4003 1916 4060 sullicit
1956 4006 2169 4063 dubita-

587 4103 743 4166 tioni,
776 4100 900 4170 quia
929 4117 1032 4153 non
1059 4108 1324 4153 monstrat
1352 4112 1450 4151 nos
1472 4104 1691 4165 propter
1715 4094 1991 4151 hominem
2016 4096 2166 4152 illum

586 4197 643 4253 in
667 4197 809 4252 hanc
831 4192 1095 4248 decidisse
1124 4188 1514 4257 captivitatem.

660 4293 897 4348 Penus.
931 4288 1081 4355 Quod
1110 4285 1412 4340 evidentius
1438 4282 1807 4336 testimonium
1837 4296 2050 4351 qumras
2072 4296 2168 4336 vos

585 4397 809 4460 propter
834 4383 1036 4440 Christi
1069 4390 1295 4434 mortem
1328 4379 1472 4431 hanc
1509 4376 1722 4431 subisse
1762 4375 2163 4445 captivitatem,

587 4497 749 4550 quam
810 4477 861 4532 id
910 4475 1052 4545 quod
1106 4472 1366 4540 scriptum
1428 4469 1565 4539 apud
1629 4484 1727 4522 vos
1789 4467 1993 4538 legitis,
2040 4467 2165 4537 quia

2272 3254 2467 3324 (sxw).
2504 3253 2812 3309 Praevidens
2830 3254 2974 3309 enim
3013 3254 3273 3323 propheta
3313 3268 3449 3323 quas
3467 3252 3722 3322 prophetis
3736 3250 3806 3304 Dei

2270 3344 2559 3398 adventurm
2581 3344 3070 3413 prmuuntiautibus
3101 3344 3481 3399 tribulationes
3522 3343 3703 3398 illaturi
3738 3358 3807 3397 cs-

2270 3443 2412 3499 sent,
2435 3435 2538 3489 ait:
2563 3433 2970 3490 Prmraricautes
2989 3436 3320 3507 praruaricati
3342 3448 3486 3503 sunt,
3512 3437 3720 3490 intuitus
3736 3451 3808 3489 au-

2273 3530 2542 3600 tem,quia
2568 3545 2666 3585 nec
2685 3530 2942 3585 membris
2978 3529 3242 3594 contenti,
3289 3530 3464 3600 ipsum
3504 3531 3659 3585 etiam
3681 3536 3809 3598 caput

2272 3619 2475 3675 invidia
2533 3621 2672 3688 pleni
2707 3621 3119 3691 quibuscunque
3168 3629 3392 3690 possent
3449 3621 3621 3676 modis
3659 3626 3807 3674 essent

2269 3715 2615 3781 oppressuri,
2673 3723 2729 3768 et
2780 3713 3076 3768 secundum
3135 3715 3381 3782 corporis
3438 3714 3807 3785 passibilitatetn

2269 3807 2528 3872 occisuri,
2579 3805 3039 3877 praevaricationis
3089 3820 3286 3861 nomen
3340 3805 3711 3876 ingeminavit,
3753 3802 3807 3856 ita

2270 3898 2585 3964 subjiciens,
2605 3898 3033 3968 prevaricatione
3053 3906 3509 3968 transgressurum
3525 3897 3811 3969 prmaricati

2267 4001 2408 4043 sunt.
2441 3990 2545 4045 Sed
2579 3989 2703 4060 quia
2732 4005 2831 4059 pro
2870 3989 2973 4044 hoc
3003 3999 3228 4058 peccato
3266 4003 3425 4058 poena
3469 3986 3721 4058 plectendi
3746 4000 3813 4039 es-

2269 4093 2415 4147 sent,
2455 4084 2696 4137 dictante
2738 4081 2933 4150 spiritu
2964 4082 3282 4152 prmsciens,
3334 4080 3483 4136 illico
3514 4079 3815 4149 subjungens

2269 4173 2347 4226 ait
2374 4192 2387 4226 :
2432 4170 2709 4226 Fortitudo
2729 4181 2775 4224 et
2804 4171 2977 4241 fovea,
3004 4181 3052 4225 et
3075 4171 3293 4241 laqueus
3323 4187 3482 4240 super
3512 4182 3559 4224 te
3586 4171 3671 4241 qui
3694 4167 3817 4222 habi-

2268 4275 2408 4319 tator
2434 4281 2487 4318 es
2515 4273 2666 4317 terra?
2689 4262 2886 4334 (ibid.).
2919 4264 3063 4319 Inter
3095 4272 3292 4319 caetera
3321 4278 3538 4334 quoque
3569 4262 3635 4317 de
3657 4261 3816 4317 eadem

2269 4369 2428 4428 gente
2458 4358 2575 4411 ait:
2611 4355 2859 4410 Cravabit
2918 4357 3052 4409 enim
3088 4357 3340 4426 iniquitas
3384 4372 3505 4418 sua,
3541 4365 3589 4408 et
3615 4359 3815 4412 corruet,

2269 4460 2448 4504 etnon
2487 4449 2699 4516 adjiciet
2723 4458 2778 4503 at
2804 4460 3038 4518 resurgat
3066 4446 3271 4518 (ἱΗίί.),
3321 4447 3411 4501 ubi
3459 4445 3703 4501 videlicet
3722 4456 3820 4498 cer-

585 4535 801 4628 scilicet
844 4568 897 4621 in
929 4535 1047 4637 ipso
1087 4535 1261 4617 adhuc
1297 4535 1626 4628 captivitatis
1661 4535 1914 4622 exordio,
1946 4535 2167 4625 quidam
2197 4560 2247 4621 ι)
2274 4552 2384 4598 tum
2411 4544 2564 4598 vobis
2601 4543 2887 4597 terminum
2918 4539 3179 4637 evadendi
3211 4535 3819 4637 captivitatemlunditus

588 4675 750 4718 terrm
781 4668 979 4713 vestrae
1018 4654 1270 4725 princeps
1309 4651 1492 4704 decem
1531 4650 1596 4703 de
1635 4648 1950 4703 melioribus
1998 4647 2164 4702 totius

587 4752 866 4812 lsraelitici
889 4746 1095 4818 populi,
1111 4739 1958 4800 AnaniamscilicetTerradionis
1972 4738 2165 4806 lilium,

590 4848 901 4902 Simeonem
924 4836 1235 4896 Gamalielis
1260 4835 1454 4896 lilium,
1490 4831 1680 4887 Ismael
1708 4829 1867 4884 Elisei
1896 4827 2085 4895 lilium,
2115 4838 2168 4884 et

589 4935 796 4993 Aebiha
827 4940 1160 4997 caaterosque
1183 4934 1370 4996 captos
1398 4924 1451 4978 in
1482 4937 1758 4979 carcerem
1790 4921 1955 4985 misit,
1982 4920 2171 4975 scisci-

591 5042 712 5083 tans
739 5036 799 5079 ut
828 5024 954 5094 quiti
978 5022 1181 5091 justum
1218 5018 1605 5073 vendidissent.
1635 5015 1744 5070 Lex
1773 5014 1944 5076 enim,
1970 5013 2167 5083 inquit.

589 5118 851 5175 discernit
889 5126 948 5171 ut
990 5114 1299 5185 quicunque
1332 5110 1574 5165 Judaeum
1610 5107 1946 5166 vendiderit.
1976 5105 2169 5160 mortis

589 5213 850 5268 multetur
878 5207 1161 5265 sententia.
1195 5206 1261 5259 Et
1287 5220 1380 5259 vos
1407 5203 1570 5269 igitur
1600 5197 2167 5265 secundumjudicium

591 5308 722 5377 legis
745 5304 880 5360 mori
906 5300 1132 5357 debetis.
1165 5317 1184 5349 ι
1215 5298 1368 5352 Dicto
1392 5296 1630 5360 decreto,
1656 5292 1805 5346 vario
1829 5291 1921 5345 dat
1941 5304 2169 5361 corpora

590 5400 718 5454 leto.
776 5417 793 5449 ι
828 5394 943 5450 Non
980 5394 1123 5448 enim
1157 5404 1348 5447 omnes
1392 5403 1497 5443 una
1540 5384 1782 5441 coercuit
1831 5397 2019 5453 paena.
2078 5379 2172 5435 sed

588 5490 816 5561 singulis
842 5486 1049 5558 singul.‘
1077 5494 1202 5541 sunt
1227 5497 1425 5553 genera
1453 5479 1646 5534 mortis
1668 5475 1967 5547 proposita.
1991 5472 2170 5526 Alium

588 5584 836 5638 videlicet
875 5581 1017 5652 ignis
1047 5576 1331 5639 cremavit,
1362 5573 1499 5627 alter
1533 5570 1696 5625 ferrei
1724 5566 1958 5637 pectinis
1982 5563 2176 5633 ungui-

591 5679 691 5731 bus
733 5676 1005 5728 laeeratus
1053 5666 1379 5738 exspiravit,
1417 5665 1579 5718 alium
1628 5677 1758 5717 vero
1786 5673 1934 5713 mors
1971 5655 2174 5727 qumvis

594 5768 809 5821 diversa
867 5761 1237 5829 consumpsit,
1290 5754 1744 5827 quemadmodum
1805 5758 2010 5804 mortes
2059 5746 2176 5802 illas

524 5880 538 5895 ι
595 5865 791 5913 vostra
845 5852 1104 5910 doctrina:
1160 5850 1296 5905 liber
1351 5846 1618 5916 exposuit.
1688 5844 1948 5898 Doctores
1995 5846 2172 5894 autem

2268 4637 2556 4706 depressit.
2592 4634 2691 4690 llis
2722 4649 2956 4689 consona
3007 4632 3271 4687 Dominus
3298 4646 3398 4698 per
3443 4629 3690 4685 eumdem
3719 4640 3821 4697 pro-

2274 4730 2492 4800 phetam
2524 4728 2576 4783 in
2607 4729 2712 4781 alio
2737 4728 2855 4782 loco
2906 4726 3088 4796 posuit
3125 4725 3310 4780 dicens
3338 4741 3352 4777 :
3384 4722 3540 4777 Nunc
3595 4724 3822 4791 ingressu

2267 4821 2434 4877 scribe
2463 4835 2617 4891 super
2640 4819 2860 4884 barum,
2892 4828 2940 4872 et
2966 4818 3019 4872 iu
3052 4817 3186 4870 libro
3207 4816 3486 4885 diligenter
3508 4830 3670 4868 estora
3695 4810 3821 4872 illud,

2269 4925 2317 4969 et
2346 4916 2443 4969 erit
2474 4915 2528 4967 in
2549 4915 2633 4966 die
2668 4912 2944 4967 novissimo
2972 4913 3026 4966 in
3056 4910 3410 4964 testimonium
3440 4925 3603 4975 usque
3629 4910 3679 4960 ia
3698 4915 3824 4960 πικτ-

2270 5022 2392 5061 num
2432 5025 2444 5060 :
2487 5003 2725 5075 Populus
2770 5006 2906 5058 enim
2949 5004 3017 5056 ad
3046 5001 3375 5055 iracundiam
3435 5014 3717 5068 provocans
3747 5002 3822 5054 ut.

2269 5108 2316 5150 et
2345 5096 2447 5165 [iiii
2477 5096 2772 5160 mendaces,
2808 5094 2908 5163 ﬁlii
2950 5092 3181 5147 nolentes
3207 5092 3395 5144 audire
3428 5091 3594 5160 legem
3626 5082 3824 5153 Dei,qu:'

2270 5190 2452 5243 dicunt
2499 5188 2785 5242 videntibus
2818 5204 2836 5241 :
2867 5184 3047 5241 Nolite
3093 5185 3290 5248 videre,
3343 5193 3392 5238 et
3437 5182 3823 5252 aspicientibus:

2274 5279 2453 5335 Nolite
2490 5281 2720 5348 aspicere
2770 5279 2916 5334 nobis
2939 5295 3001 5333 ea
3034 5294 3152 5349 qua:
3197 5287 3336 5331 recta
3385 5286 3530 5330 sunt.
3577 5274 3823 5343 Aulerlea

2273 5390 2356 5427 me
2379 5374 2538 5437 viam,
2592 5372 2851 5426 declinato
2873 5389 2906 5425 a
2945 5388 3026 5425 me
3046 5371 3306 5435 semitam,
3338 5381 3500 5423 cesset
3533 5387 3566 5422 a
3608 5366 3733 5433 {acie
3752 5380 3829 5416 uo-

2273 5476 2384 5518 stra
2407 5473 2618 5518 sanctus
2644 5462 2814 5517 Israel
2860 5462 2999 5531 (lsa.
3026 5464 3178 5532 xxx).
3211 5460 3396 5515 Buxus
3425 5461 3626 5530 lignum
3655 5458 3823 5512 durum

2274 5568 2378 5621 est,
2410 5567 2464 5612 et
2485 5556 2832 5626 impntriliile.
2863 5556 2986 5610 Ideo
3024 5565 3203 5609 autem
3237 5554 3290 5607 in
3330 5553 3475 5608 buxo
3507 5550 3689 5617 scribi,
3712 5544 3823 5601 etin

2275 5653 2416 5707 libro
2443 5651 2728 5721 diligenter
2751 5650 3001 5719 prmcepit
3027 5647 3262 5714 exaravi,
3290 5656 3349 5700 ut
3372 5648 3424 5700 in
3454 5656 3720 5700 aeternum
3739 5638 3819 5693 du-

2279 5753 2450 5808 raret,
2484 5751 2536 5798 et
2565 5757 2735 5811 usque
2759 5741 2812 5796 in
2843 5741 3196 5797 novissimum
3221 5739 3361 5794 diem
3399 5739 3453 5792 in
3483 5731 3826 5793 testimonium

2291 5832 2688 5891 incredulitatis
2733 5847 2842 5889 sua:
2871 5842 2927 5888 et
2950 5830 3299 5912 opprobrium
3327 5836 3689 5900 permaneret.
3741 5822 3828 5876 Per
