4038 6464
230 429 317 485 5n
1649 414 1933 473 OHLOCI.

3321 426 3425 481 558

230 548 317 599 huc
338 546 478 594 etiam
499 528 629 601 quod
653 525 753 590 ait,
779 529 875 580 erit
895 526 950 579 in
973 525 1250 579 novissimo
1271 524 1376 589 die,
1400 533 1532 591 etc.,
1563 526 1737 581 innuit
1768 538 1811 592 Α
1843 529 1908 582 de
1939 528 2092 582 fovea
2123 530 2475 585 hauriendam
2526 533 2723 598 valeat,
2759 544 2944 605 aperte
2975 535 3135 590 datur
3175 536 3422 608 intelligi,

225 635 333 703 quia
372 639 517 695 usque
538 622 585 676 in
611 618 958 673 novissimum
994 617 1139 671 diem
1171 627 1545 687 perseveraret
1583 635 1737 672 t't’tttt'

224 723 508 780 humerum.
557 710 689 777 Quid
748 718 926 761 autem
981 717 1039 762 et
1087 724 1256 778 quare
1306 708 1470 762 scribi
1520 709 1735 772 debeat,

222 823 474 876 utrumque
500 805 545 856 in
570 816 669 854 uno
697 815 855 853 versu
879 799 1121 854 insinuat
1142 816 1262 856 eum
1287 800 1422 854 dicit
1450 815 1465 855 :
1501 798 1736 869 Populus

218 904 334 956 enim
358 899 418 951 ad
440 892 752 949 iracund.'am
776 907 1064 961 provocans
1092 900 1188 954 est,
1222 901 1270 944 et
1296 891 1393 960 lilii
1439 893 1734 957 mendaces,

213 994 301 1062 ﬁlii
326 990 531 1043 nolentes
579 983 763 1038 audire
796 985 957 1053 legem
995 982 1113 1037 Dei.
1146 982 1221 1038 De
1255 1000 1357 1052 qua
1390 983 1505 1054 lege
1537 984 1627 1038 Dei
1657 985 1736 1038 dic

216 1082 390 1140 xit?Si
426 1079 557 1133 enim
585 1077 649 1131 de
668 1075 783 1147 lege
803 1077 891 1130 Dei
924 1093 1086 1146 quam
1120 1092 1216 1146 per
1248 1076 1464 1148 Moysen
1514 1077 1740 1130 dederat

215 1175 372 1227 dicere
395 1170 539 1223 vellet
577 1166 852 1236 propheta,
885 1165 1132 1221 nolentes
1164 1167 1351 1220 audire
1400 1166 1571 1236 legem
1618 1166 1733 1230 Dei,

214 1279 314 1319 cum
340 1263 439 1331 jam
478 1259 613 1312 illam
637 1255 948 1326 frequenter
975 1257 1269 1320 audissent,
1309 1258 1495 1327 utique
1528 1274 1632 1311 non
1658 1260 1739 1312 di-

215 1363 337 1410 ceret
364 1354 475 1413 hoc,
514 1348 603 1403 sed
628 1347 867 1402 nolentes
896 1348 1138 1417 implere.
1171 1348 1245 1403 De
1272 1348 1389 1418 lege
1414 1362 1544 1416 ergo
1573 1365 1735 1418 quam

211 1448 402 1500 daturus
420 1452 530 1498 erat
558 1440 805 1495 Christus
836 1439 1192 1509 iutelligehat,
1222 1442 1288 1493 de
1317 1457 1420 1510 qua
1449 1444 1589 1509 quod
1616 1457 1736 1495 eaut

211 1534 604 1597 audirenollent,
640 1533 899 1603 prepltela
921 1532 1035 1600 jam
1079 1534 1419 1600 prtesciehat.
1465 1534 1618 1602 Quod
1643 1551 1740 1586 au-

211 1642 297 1683 tetu
331 1627 516 1689 intulit,
546 1626 636 1695 qui
666 1625 844 1678 dicunt
885 1626 1182 1680 videntibus
1204 1642 1222 1679 :
1257 1626 1437 1680 Nolite
1471 1628 1664 1690 uidere,
1688 1636 1738 1680 et

209 1719 531 1788 aspictentibus
561 1729 581 1768 :
617 1714 800 1770 Nolite
848 1719 1080 1787 aspicere
1132 1719 1278 1771 nobis
1313 1736 1374 1772 ea
1427 1735 1545 1790 quia
1598 1730 1738 1775 recta

204 1809 534 1878 sunt.Auferte
557 1826 588 1861 a
620 1824 703 1861 me
723 1810 876 1873 uiam,
901 1809 1159 1863 destinate
1185 1828 1217 1863 a
1251 1827 1330 1863 me
1350 1812 1609 1874 semitam,
1636 1812 1740 1867 hoc

1843 616 1969 685 quia
1998 626 2171 671 vestra
2199 619 2482 688 captivitas
2510 623 2560 674 in
2594 632 2798 677 tantam
2848 624 2994 678 venit
3039 625 3419 695 dejectionem,

1843 711 1983 779 quod
2006 726 2278 780 nunquam
2310 714 2361 767 itt
2392 713 2674 782 pristinam
2699 716 2891 770 redibit
2911 718 3235 772 libertatem.
3263 720 3422 787 Quod

1842 813 2020 855 autem
2046 812 2266 872 propter
2305 806 2566 873 quosdam
2590 807 2679 875 qui
2714 810 3034 878 quandoque
3065 809 3117 863 in
3144 811 3418 866 Christmn

1841 894 2098 948 credituri
2126 905 2272 960 sunt,
2308 897 2533 967 ideoque
2556 900 2818 959 salvandi,
2853 901 2990 954 Deus
3021 913 3258 958 vestrum
3297 921 3418 959 ser-

1842 997 1972 1038 vare
1998 986 2166 1039 voluit
2199 1002 2406 1052 semen,
2440 989 2561 1043 ideo
2608 990 2867 1059 propheta
2922 992 3021 1045 sub
3058 994 3425 1064 descriptione

1841 1077 2069 1145 gratiam
2098 1078 2363 1132 benedicti
2390 1080 2672 1133 subiutulit
2697 1081 2882 1133 dicens
2909 1097 2923 1133 :
2951 1082 3226 1146 Quomodo
3265 1088 3310 1138 si
3342 1089 3424 1138 ii.-

1841 1170 2081 1223 ueniatur
2124 1186 2346 1239 granum
2381 1172 2437 1224 in
2494 1172 2660 1235 botro,
2685 1182 2731 1225 et
2771 1174 2981 1225 dicatur
3025 1186 3045 1224 :
3086 1174 3166 1228 Ne
3203 1176 3423 1244 dissipes

1842 1260 1974 1314 illud
1994 1263 2243 1329 quoniam
2274 1262 2561 1315 benedictio
2590 1274 2662 1315 est
2687 1262 2823 1329 (Isa.
2848 1278 3000 1331 LXV),
3039 1266 3225 1318 eodem
3264 1270 3425 1319 modo

1802 1368 1902 1423 ‘se
1929 1355 2152 1408 minime
2208 1368 2306 1407 Vos
2347 1355 2716 1422 dispersorum
2773 1355 3021 1421 promisit
3072 1370 3193 1407 cum
3242 1356 3421 1409 dicit:

1843 1443 1936 1499 Sic
1957 1444 2150 1513 faciam
2197 1458 2407 1513 propter
2454 1460 2625 1495 servos
2664 1459 2825 1506 meos,
2858 1452 2913 1495 ut
2970 1461 3073 1497 non
3123 1446 3424 1513 disperdam

1843 1545 2007 1589 totum
2037 1536 2235 1606 (ibid.).
2265 1534 2444 1601 Quare
2469 1544 2644 1587 autent
2673 1534 2772 1587 hoc
2797 1535 3101 1603 promiserit
3133 1535 3273 1589 illeo
3298 1552 3427 1606 ape—

1842 1626 1919 1681 rit
1946 1626 2133 1681 dicens
2163 1642 2177 1678 :
2213 1624 2477 1686 liducum,
2522 1623 2716 1691 inquit,
2761 1625 2825 1676 de
2864 1622 3031 1676 Jucob
3065 1640 3257 1687 semen,
3286 1635 3332 1678 et
3360 1626 3428 1679 de

1842 1716 1988 1772 Inda
2003 1716 2349 1786 possidentem
2378 1724 2575 1768 montes
2595 1731 2757 1778 meos,
2786 1723 2835 1767 et
2860 1715 3216 1770 Itwreditatettt
3232 1731 3427 1783 meum,

1844 1809 1994 1864 electi
2028 1809 2130 1862 mei
2158 1818 2206 1861 et
2230 1808 2362 1859 servi
2401 1809 2498 1858 mei
2527 1806 2835 1859 habitabant
2866 1809 2935 1859 ibi
2964 1806 3168 1877 (ibid.),
3205 1820 3425 1863 montes

204 1904 387 1973 quidem
416 1901 617 1954 addidit
647 1910 872 1972 propter
917 1901 1179 1957 Joannem
1242 1902 1411 1957 ﬁlium
1459 1904 1739 1959 Zacharia:
1769 1894 1812 1954 Β
1842 1898 2094 1952 videlicet
2124 1897 2399 1967 apestolos
2425 1897 2722 1965 appellans,
2745 1897 2835 1965 qui
2877 1906 2937 1949 ut
2970 1907 3183 1952 montes
3219 1898 3420 1952 excelsi

200 1993 369 2049 Chrisﬁ
394 2008 780 2063 pra-cursorem
808 1993 989 2061 (Jonn.
1022 1995 1084 2064 t),
1109 2004 1163 2049 et
1187 2003 1413 2050 cu'leros
1442 1996 1532 2065 qui
1573 1995 1735 2051 Cbri«

203 2096 322 2137 stum
352 2099 450 2138 non
473 2083 646 2137 solum
706 2094 989 2138 venturum
1026 2086 1407 2154 prwdixeruut,
1448 2087 1542 2141 sed
1573 2087 1736 2142 etiam

198 2176 337 2246 digito
355 2178 727 2239 ostenderunt,
783 2177 979 2246 quibus
1023 2176 1239 2232 Iudaeos
1295 2193 1401 2232 non
1443 2194 1564 2233 esse
1601 2194 1738 2247 pra:-

197 2270 417 2324 noscebat
466 2270 797 2332 credituros,
847 2270 939 2324 sed
991 2270 1298 2340 huiusmodi
1345 2270 1509 2325 verba
1560 2271 1738 2325 dictu-

196 2375 291 2415 ros.
332 2361 475 2428 Quod
500 2371 686 2416 autem
715 2362 768 2416 in
794 2364 1146 2431 sequentibus
1184 2363 1372 2417 dicunt
1414 2371 1741 2432 praetereun-

194 2454 300 2506 dum
338 2468 434 2508 non
462 2463 561 2509 est.
611 2453 816 2509 Dicunt
842 2456 1031 2508 enim!
1065 2452 1241 2508 Cesset
1294 2472 1326 2507 a
1370 2453 1507 2525 facie
1560 2467 1738 2507 nostra

188 2553 379 2597 sanctus
419 2542 605 2599 Israel.
662 2544 930 2610 Quisnam
982 2554 1068 2600 est
1116 2548 1217 2600 iste
1267 2557 1480 2599 sanctus
1523 2545 1743 2600 Israel?

190 2631 410 2702 Nunquid
458 2635 599 2690 Deus
659 2637 895 2691 visibilis
947 2646 1064 2701 est,
1119 2646 1174 2689 ut
1225 2636 1291 2689 de
1336 2652 1402 2690 eo
1456 2637 1739 2702 dicereut,

189 2734 324 2777 cesset
350 2741 381 2777 a
407 2725 538 2794 {acie
576 2736 791 2793 nostra,
811 2738 905 2782 aut
932 2731 998 2782 de
1025 2743 1085 2782 re
1113 2728 1364 2782 invisibili
1399 2728 1505 2783 dici
1544 2737 1739 2798 potest,

189 2817 309 2882 quod
351 2817 415 2869 ab
458 2817 704 2872 humana
761 2818 899 2874 facie
940 2830 1134 2883 cesset,
1183 2836 1302 2875 cum
1345 2820 1413 2873 ab
1460 2834 1523 2875 ea
1569 2819 1742 2874 videri

186 2920 277 2959 non
298 2907 489 2975 possit?
527 2907 586 2963 Si
634 2924 776 2980 ergo
806 2926 1016 2980 quarras
1046 2910 1209 2964 Deum
1264 2910 1353 2978 qui
1400 2911 1573 2979 possit
1601 2910 1744 2965 vide-

187 2997 243 3055 ri.
280 3013 374 3053 non
404 3000 647 3056 invenies
694 3002 801 3056 nisi
847 3002 1142 3058 Christum.
1190 3001 1307 3072 Ipse
1351 3001 1578 3056 enimet
1608 3016 1744 3056 unus

185 3101 287 3138 cum
327 3087 478 3143 Patre
525 3100 612 3145 est
666 3092 815 3146 Deus
858 3091 1059 3163 (Joan.
1088 3090 1234 3157 3,),
1295 3100 1347 3146 et
1412 3100 1590 3145 tamen
1648 3106 1745 3161 per

185 3176 537 3233 humanitatem
566 3180 830 3249 apparuit
855 3182 1052 3235 mundo
1073 3182 1296 3237 visibilis
1319 3181 1445 3253 (Tit.
1470 3191 1572 3253 ut).
1607 3181 1743 3237 Cum

182 3278 335 3324 autem
367 3280 436 3326 tot
462 3287 658 3327 eorum
704 3274 1178 3342 prcevaricationes
1219 3274 1590 3344 praemisisset,
1620 3274 1739 3328 vin-
1769 3243 1815 3303 C

180 3356 351 3414 dictam
373 3363 537 3431 ipsius
566 3364 786 3433 peccati
832 3365 1114 3419 subiutulit
1138 3366 1324 3419 dicens
1353 3382 1367 3419 :
1393 3362 1501 3419 Pro
1528 3380 1589 3419 eo
1602 3366 1741 3436 quod

180 3452 464 3519 reprobastis
507 3456 736 3511 verbum
763 3459 883 3522 hoc,
913 3466 960 3509 et
989 3458 1236 3526 sperastis
1263 3459 1316 3511 in
1342 3458 1659 3512 calumniam
1692 3466 1742 3510 et

178 3546 445 3611 tumultum,
476 3559 524 3602 et
557 3550 735 3603 innisi
758 3550 881 3604 estis
901 3565 1056 3618 super
1082 3566 1165 3615 eo,
1183 3560 1453 3620 propterea
1480 3551 1576 3604 erit
1601 3550 1741 3604 robis

178 3633 395 3704 iniquitas
418 3637 530 3690 Itth
569 3641 719 3692 sicut
764 3638 1077 3708 interruptio
1103 3643 1315 3703 cadens,
1338 3650 1383 3691 et
1414 3640 1660 3708 requisita
1685 3640 1741 3692 in

174 3738 302 3778 nturo
321 3726 538 3793 excelso,
561 3728 830 3801 quoniam
852 3728 1024 3781 subito
1046 3729 1170 3781 dum
1192 3744 1295 3782 non
1316 3740 1558 3795 speratur
1580 3732 1741 3783 veniet

175 3822 386 3877 contritio
403 3830 542 3894 ejus,
571 3835 624 3880 et
658 3827 1047 3881 comminuetur
1082 3827 1214 3879 sicut
1245 3829 1530 3880 conteritur
1554 3828 1739 3897 lngena

171 3912 299 3982 ﬁguli
351 3921 676 3973 contritione
724 3917 1015 3988 pratoalida
1068 3928 1116 3972 et
1161 3936 1265 3971 non
1317 3918 1635 3971 inveniebant
1677 3924 1742 3973 de

171 4004 447 4073 [unguentis
481 4011 604 4079 ejus
630 4021 845 4073 testam,
868 4010 925 4063 in
952 4026 1054 4080 qua
1103 4019 1341 4081 portetur
1375 4011 1633 4079 igniculus
1676 4011 1740 4064 de

168 4095 404 4160 incendio,
438 4112 532 4152 aut
564 4099 865 4153 Itauriatur
884 4115 1072 4167 parum
1101 4115 1252 4169 aqua:
1309 4102 1374 4153 de
1422 4101 1569 4169 fouea
1603 4100 1737 4171 (lsa.

170 4190 299 4256 tu).
334 4189 563 4246 Verbum
601 4192 704 4246 Dei
753 4191 998 4246 Christus
1039 4202 1118 4246 est
1149 4192 1329 4262 (Joan.
1369 4195 1428 4261 ι).
1463 4192 1564 4259 Qui
1611 4210 1740 4263 ergo

167 4282 393 4346 reprobat
421 4284 746 4349 Christum,
779 4284 966 4351 utique
1009 4283 1266 4353 reprobat
1313 4291 1368 4337 et
1420 4283 1652 4337 Verbum
1708 4302 1740 4337 e

168 4382 425 4425 converso.
465 4372 662 4428 Puniti
745 4374 949 4443 itaque,
995 4376 1122 4443 quia
1172 4374 1264 4429 Dei
1316 4375 1741 4444 reprobaverunt

164 4458 394 4524 Verbum.
426 4468 612 4537 puniti
674 4467 1073 4523 concluduntur
1117 4468 1260 4536 quod
1311 4467 1742 4535 reprobaveruut

163 4546 438 4621 Christum,
467 4566 524 4611 et
556 4556 764 4612 conﬁsi
810 4566 936 4611 sunt
972 4557 1025 4610 in
1058 4557 1238 4609 verbis
1280 4557 1559 4610 doctorqu
1612 4574 1738 4609 suo—
1764 4591 1815 4647 Β

161 4655 282 4698 rum.
311 4646 592 4704 Coutritio
611 4657 804 4702 autem
832 4663 931 4716 pro
962 4648 1066 4702 isto
1091 4648 1170 4702 eis
1196 4661 1455 4702 eventura
1491 4659 1734 4717 peccatu,

160 4746 303 4798 quam
343 4738 415 4790 sit
440 4738 589 4791 dura
623 4738 935 4792 considera.
964 4737 1191 4792 Eveniet
1211 4739 1379 4802 enim,
1410 4738 1602 4807 inquit,
1659 4740 1739 4791 eis

157 4821 460 4899 interruptio
488 4830 712 4894 subita,
744 4829 969 4898 ideoque
992 4830 1161 4900 magis
1184 4831 1395 4895 nociva,
1418 4832 1560 4883 etde
1587 4846 1739 4883 mmo

156 4917 367 4985 excelso,
399 4921 537 4989 quia
595 4918 888 4989 quodlibet
933 4928 1083 4973 tanto
1135 4921 1306 4988 magis
1352 4922 1651 4974 conteritur
1687 4922 1737 4971 in

151 5006 263 5077 into,
290 5024 502 5083 quanto
535 5014 613 5070 de
643 5013 864 5067 celsiori
923 5012 1183 5067 ceciderit
1211 5013 1349 5067 loco.
1380 5012 1741 5081 Cotnpat'utnr

150 5103 294 5161 etiam
350 5106 569 5178 lugente
601 5106 757 5177 ﬁguli
795 5105 1142 5160 comminuta:
1192 5106 1449 5161 contritio
1473 5107 1594 5172 ista,
1619 5118 1740 5160 tau-

150 5199 295 5264 latine
316 5208 373 5253 ut
404 5201 626 5256 dicitur
651 5200 780 5263 erit,
802 5199 943 5268 quod
976 5199 1041 5253 de
1065 5199 1183 5269 ejus
1212 5198 1581 5254 contractione
1644 5216 1741 5253 nec

149 5294 270 5342 testa
293 5293 641 5346 remanebit.
677 5290 866 5346 Omnis
913 5291 1109 5363 quippe
1138 5293 1279 5346 vasis
1329 5293 1587 5357 itaetura,
1616 5292 1743 5345 soli-

144 5383 273 5448 dari,
308 5396 367 5441 et
390 5386 446 5440 in
478 5385 722 5455 aliquod
755 5400 891 5454 opus
915 5386 1044 5439 utile
1077 5396 1254 5455 potest
1297 5385 1491 5455 redig‘,
1536 5389 1742 5439 testula:

143 5485 311 5529 autem
340 5492 439 5532 vas
465 5478 517 5533 si
547 5475 959 5547 confringatur,
1003 5478 1329 5533 contritione
1357 5480 1529 5532 valida
1563 5488 1745 5547 partes

140 5563 246 5636 ejus
270 5570 339 5625 ad
364 5569 511 5625 nihil
540 5568 717 5625 utiles
737 5584 856 5623 esse
902 5580 1126 5639 possunt
1151 5587 1166 5624 :
1198 5581 1252 5625 et
1280 5586 1389 5639 quo
1411 5570 1577 5638 ntagis
1606 5578 1743 5622 testa

136 5672 385 5728 quassata
418 5662 628 5725 durat,
662 5669 811 5715 lauto
842 5677 1054 5731 semper
1079 5672 1304 5731 augetur
1330 5662 1588 5716 fractura.
1609 5660 1743 5716 Cum

134 5749 313 5823 itaque
341 5752 439 5807 tali
468 5760 649 5807 testa
698 5765 885 5806 eorum
916 5753 1173 5807 contritio
1217 5762 1581 5823 comparetur,
1625 5768 1745 5821 qua:

132 5856 227 5900 nec
251 5845 319 5901 ad
345 5846 545 5913 ignem
579 5842 661 5898 de
686 5842 949 5900 incendio
976 5844 1291 5902 tollendum.
1315 5859 1414 5901 nec
1438 5846 1506 5901 ad
1551 5861 1745 5914 aquam

1842 1995 1937 2047 toti
1967 1993 2168 2046 mundo
2196 1999 2323 2043 sunt
2347 1991 2790 2059 conspecti,lieet
2814 1993 2866 2044 in
2900 1994 3247 2060 sequentibus
3271 2010 3427 2046 mon-

1842 2092 2224 2138 temsanetum
2270 2083 2529 2152 singulari
2578 2099 2806 2138 numero
2864 2084 3129 2153 prolatum
3162 2086 3427 2154 intelligat

1840 2174 2147 2240 Christum;
2174 2174 2377 2229 electos
2391 2185 2571 2229 autem
2598 2184 2653 2228 et
2679 2187 3123 2241 servos,sanctos
3149 2178 3425 2246 quoslibet

1840 2268 1977 2322 alios
2006 2281 2229 2333 vocans,
2265 2276 2486 2336 propter
2508 2282 2735 2334 quorum
2791 2266 3026 2333 futuram
3070 2269 3425 2322 salvationem

1839 2374 1937 2412 vos
1958 2360 2095 2413 estis
2130 2359 2418 2412 reservati.
2455 2362 2526 2412 De
2559 2360 2642 2411 his
2663 2372 2844 2411 autem
2875 2359 2964 2426 qui
2994 2375 3098 2412 non
3132 2371 3260 2413 sunt
3306 2376 3427 2414 cru-

1842 2452 2034 2517 dituri,
2091 2466 2253 2520 quam
2303 2449 2552 2516 subjiciat
2580 2451 2901 2505 sententiam
2930 2451 3053 2505 attdi
3107 2468 3121 2504 :
3172 2449 3292 2516 Vos,
3322 2453 3422 2514 ait,

1840 2546 1928 2615 qui
1950 2544 2297 2615 dereliquistis
2346 2543 2652 2605 Dominum,
2702 2542 2789 2611 qui
2836 2543 2984 2597 obLti
3026 2545 3150 2598 estis
3199 2558 3426 2598 montem

1843 2649 2078 2691 sanctum
2112 2653 2303 2701 meum,
2350 2638 2441 2707 qui
2480 2638 2671 2706 ponitis
2721 2636 2948 2705 fortuna:
2999 2653 3261 2701 mensam,
3286 2649 3331 2690 et
3360 2636 3428 2690 li-

1844 2729 1981 2783 batis
2000 2743 2155 2794 super
2194 2744 2331 2793 eam,
2375 2730 2656 2780 numerabo
2701 2743 2790 2779 uos
2829 2728 2882 2779 in
2928 2725 3129 2795 gladio.
3166 2735 3215 2779 et
3246 2743 3429 2779 omnes

1842 2821 1900 2875 in
1929 2825 2070 2874 crude
2088 2823 2363 2882 corruetis,
2398 2834 2491 2885 pro
2523 2833 2582 2869 eo
2608 2817 2749 2885 quod
2778 2817 2954 2869 τοι·αυί
2982 2825 3030 2869 et
3064 2832 3168 2868 non
3214 2830 3430 2884 respou-

1844 2911 2020 2976 distis,
2061 2910 2267 2963 locutus
2290 2925 2408 2961 sum
2428 2916 2479 2960 et
2506 2923 2610 2959 non
2633 2908 2855 2959 audistis
2881 2904 3017 2976 (lsa.
3052 2904 3199 2975 va).
3247 2905 3426 2959 lucre-

1844 3014 1968 3072 pata
1995 3015 2124 3056 vero
2152 3015 2339 3054 eorum
2366 2999 2647 3069 iniquitate
2671 3001 2770 3052 hoc
2795 3000 2953 3052 modo
2982 2999 3307 3052 comlemuat
3330 3012 3432 3052 eos

1844 3102 1899 3146 et
1922 3091 2080 3145 aliter
2100 3090 2306 3146 scilicet
2333 3089 2597 3143 laudando
2627 3104 2754 3142 suos
2782 3088 2987 3151 ﬁdeles,
3013 3098 3067 3142 ct
3096 3089 3431 3157 increpando

1851 3182 2094 3237 inﬁdeles
2121 3182 2205 3237 his
2228 3180 2409 3235 verbis
2441 3197 2455 3234 :
2484 3179 2709 3249 Propter
2746 3180 2845 3234 Itoc
2873 3181 2984 3234 [nec
3011 3181 3136 3235 dicit
3167 3179 3429 3235 Dominus

1844 3275 1986 3330 Deus
2009 3291 2027 3329 :
2052 3275 2187 3329 Ecce
2213 3274 2346 3328 servi
2371 3274 2473 3327 mei
2504 3275 2793 3337 comedent,
2817 3284 2863 3327 et
2889 3289 2978 3327 vos
3010 3273 3280 3337 esurietis;
3309 3289 3431 3327 ecce

1843 3369 1974 3421 serui
2002 3369 2104 3420 mei
2127 3366 2318 3432 bibent,
2345 3377 2392 3419 et
2418 3380 2503 3419 vos
2553 3366 2774 3435 sitietisj;
2801 3381 2917 3418 ecce
2959 3366 3092 3418 servi
3129 3365 3233 3418 mei
3277 3365 3425 3418 (atta-

1843 3458 2055 3523 buntur,
2099 3465 2153 3510 et
2199 3473 2287 3512 eos
2347 3456 2774 3524 eonfundemiui;
2819 3472 2936 3509 ecce
2980 3458 3110 3509 serui
3159 3457 3262 3510 mei
3306 3455 3428 3511 lau-

1842 3549 2040 3603 dabunt
2059 3564 2168 3618 prce
2194 3547 2544 3603 exsultatione
2584 3547 2779 3608 cordis.
2804 3558 2850 3600 et
2880 3563 2967 3600 uos
2990 3547 3288 3601 clamabitis
3311 3561 3426 3615 prae

1841 3640 2021 3694 dolore
2041 3640 2236 3704 cordis,
2259 3648 2308 3692 et
2350 3655 2460 3708 pro!
2503 3639 2812 3693 contritione
2854 3639 3071 3705 spiritus
3125 3637 3424 3700 ululabilis,

1840 3740 1887 3783 et
1915 3729 2186 3782 dimittatis
2237 3745 2422 3784 nomen
2464 3739 2688 3783 uestrum
2739 3729 2796 3781 in
2842 3727 3203 3796 juramentum
3248 3728 3426 3782 electis

1841 3824 1972 3877 meis
1993 3823 2193 3893 (ibid.).
2219 3822 2287 3876 Et
2311 3823 2438 3889 quia
2476 3822 2728 3875 omnibus
2784 3821 2867 3873 Itis
2922 3821 3079 3874 malis
3136 3824 3429 3875 trau5actis

1841 3916 2017 3986 aliqua
2045 3919 2220 3969 adhuc
2239 3930 2362 3983 spes
2398 3914 2657 3969 evadeudi
2706 3914 3078 3980 captivitatem
3143 3928 3247 3967 non
3298 3927 3428 3980 pus-

1842 4015 1925 4059 set
1952 4020 2072 4060 esse
2101 4006 2337 4068 residua,
2362 4004 2545 4071 adjicit
2569 4004 2711 4058 aliud
2738 4006 2880 4073 quod
2907 4004 2986 4057 eis
3019 4014 3188 4057 totum
3217 4004 3430 4057 ﬁducia:

1844 4097 1996 4151 tollat
2031 4096 2306 4151 solatium.
2339 4097 2477 4150 Dicit
2510 4097 2655 4149 enim
2709 4113 2723 4148 :
2768 4093 3056 4162 lnterﬁciet
3086 4103 3135 4146 te
3171 4092 3425 4146 Dominus

1841 4192 1984 4241 :Jeus
2012 4197 2132 4240 tuus
2158 4186 2357 4256 (ibid.).
2382 4186 2481 4252 Qui
2500 4183 3172 4252 interﬁciturnequaquam
3198 4182 3428 4237 ulterius

1841 4278 1981 4348 quod
2014 4278 2189 4331 fuerat
2220 4288 2526 4346 reparatur.
2556 4276 2657 4343 Qui
2689 4275 2854 4344 igitur
2876 4275 2931 4329 in
2962 4273 3282 4328 inﬁdelitate
3304 4289 3425 4339 per-
3482 4270 3487 4273 ⁷

1841 4370 2152 4434 ntauebunt,
2187 4369 2427 4437 reparari
2454 4384 2558 4421 non
2585 4377 2856 4437 poterunt.
2889 4364 3003 4419 Hoc
3022 4367 3088 4419 de
3118 4363 3429 4418 inﬁdelibus

1842 4462 2007 4527 dicto,
2037 4462 2104 4516 de
2144 4460 2434 4515 creditoris
2480 4459 2698 4526 subjieit
2759 4457 2830 4511 ita
2856 4470 2873 4509 :
2903 4453 2974 4508 Et
3011 4455 3208 4509 uocabit
3252 4468 3427 4507 seruos

1841 4571 1963 4607 suos
1988 4553 2197 4607 nomine
2223 4552 2330 4606 alio
2376 4550 2572 4621 (ibid.).
2629 4550 2763 4603 Cum
2825 4548 2970 4602 enim
3023 4546 3164 4605 servi
3223 4544 3422 4596 iuerint

1838 4645 2062 4709 Christi,
2126 4661 2155 4698 a
2213 4644 2430 4698 Christo
2483 4641 2733 4696 dicentur
2779 4638 3074 4695 Christiani
3121 4637 3262 4706 (Act.
3320 4636 3399 4705 XI)

1839 4736 1991 4804 Quod
2022 4745 2201 4790 autem
2237 4735 2504 4804 sequitur,
2552 4741 2602 4787 et
2652 4732 2926 4785 dimittetis
2974 4744 3159 4784 nomen
3198 4736 3426 4782 uestrum

1838 4832 1893 4883 in
1940 4831 2301 4900 juramentum
2344 4827 2517 4880 electis
2568 4824 2717 4891 meis,
2769 4824 2877 4878 tale
2931 4832 3016 4876 est
3067 4837 3132 4875 ac
3181 4821 3225 4874 si
3280 4820 3428 4874 dice-

1842 4934 1925 4975 ret
1966 4920 2265 4975 :Jurabunt
2294 4919 2449 4972 electi
2481 4917 2582 4971 mei
2636 4917 2688 4971 in
2718 4931 2913 4969 nomen
2967 4922 3231 4975 vestrum,
3282 4912 3422 4966 sicut

1841 5014 2000 5069 hodie
2027 5029 2197 5082 usque
2222 5030 2250 5065 a
2274 5011 2603 5066 Christianis
2647 5009 2879 5077 juraudo
2913 5007 3136 5071 dicitur,
3166 5022 3291 5062 cum
3320 5005 3426 5060 ali-

1842 5105 1972 5176 quid
2000 5106 2145 5174 quod
2177 5103 2366 5158 uolunt
2415 5103 2593 5157 facere
2647 5111 2956 5171 rogantur:
2993 5120 3012 5150 ι
3056 5097 3275 5153 .Iudteus
3319 5098 3424 5152 sim

1841 5212 1962 5266 ego,
1996 5196 2040 5250 si
2072 5194 2290 5250 iaciam.
2330 5213 2349 5247 ι
2382 5194 2523 5249 Idem
2548 5194 2718 5263 ipsum
2746 5194 2912 5246 Amos
2947 5192 3209 5260 propheta
3234 5198 3425 5258 aperte

1843 5288 2156 5357 comprobat
2195 5286 2639 5340 dicens:Audite
2691 5285 2905 5337 uerbum
2949 5282 3090 5336 istud
3139 5292 3277 5351 quoa
3325 5293 3422 5347 ego

1844 5376 1952 5431 lere
1977 5393 2134 5445 super
2165 5392 2249 5429 eos
2277 5374 2564 5444 planctum,
2589 5374 2774 5427 domus
2834 5372 3026 5427 Israel.
3061 5370 3283 5433 Cecidit,
3317 5383 3421 5422 non

1845 5469 2059 5538 adjiciet
2084 5477 2139 5520 ut
2163 5476 2399 5537 resurgat
2418 5469 2560 5535 uirgo
2578 5465 2767 5520 Israel.
2788 5463 3035 5534 Projecta
3056 5473 3128 5517 est
3156 5464 3209 5515 iu
3227 5471 3423 5515 terram

1844 5579 2017 5627 suam,
2047 5578 2151 5615 non
2187 5573 2259 5615 est
2286 5562 2374 5631 qui
2399 5561 2613 5613 suscitet
2662 5576 2777 5613 eam
2809 5558 3009 5625 (Amos,
3039 5557 3111 5622 v).
3147 5553 3279 5607 Item
3306 5553 3425 5622 ipse

1847 5655 2011 5708 alibi:
2045 5651 2193 5707 Venit
2216 5652 2342 5721 ﬁnis
2377 5668 2539 5721 super
2588 5649 2835 5720 papulum
2869 5662 3038 5699 nteant
3081 5643 3268 5708 Israel,
3316 5660 3423 5700 non

1846 5745 2095 5815 adjiciunt
2120 5743 2261 5798 ultra
2281 5760 2334 5798 ut
2356 5752 2715 5814 pertrauscam
2737 5754 2853 5792 eum
2876 5739 3080 5814 (Amos,
3109 5744 3250 5804 vni).
3268 5735 3425 5803 Quod

1849 5850 2138 5908 utrumque
2170 5838 2322 5894 vobis
2344 5852 2493 5906 spent
2517 5830 2780 5891 evadendi
2800 5828 2972 5899 captis
2987 5828 3171 5884 itatetn
3186 5827 3431 5883 funditus
