4038 6458
605 420 711 477 579

1520 404 1723 461 PETRI
1748 399 2091 457 ALPIIONSI
2132 397 2222 454 EX
2266 394 2514 453 JUD/EO
2544 393 2938 451 CIlRISTIANI

3718 399 3808 456 580

604 538 765 595 tollit.
789 536 909 605 ipse
936 532 1099 586 etiam
1127 528 1227 581 hoc
1253 523 1451 578 malum
1478 520 1633 573 vobis
1658 526 1881 588 propter
1906 515 2182 571 Christum
2214 516 2266 572 Α
2366 511 2604 565 Peritos.
2658 507 2791 563 lure
2840 506 3006 578 igitur
3027 519 3156 575 pars
3202 504 3366 559 totius
3405 504 3551 559 debet
3575 512 3808 578 suscipere

604 627 853 683 eveniSse
895 622 1202 679 confirmat,
1252 614 1440 667 dicens
1493 628 1508 664 :
1552 608 1682 663 Hau:
1746 607 1873 660 dicit
1926 606 2183 660 Dominus

604 720 746 774 Deus
779 734 793 769 :
826 716 999 781 Super
1019 709 1183 763 tribus
1206 704 1486 759 sceleribus
1508 701 1701 760 Israel,
1723 710 1771 754 et
1791 715 1947 766 super
1958 706 2186 767 quatuor

608 828 709 863 non
738 814 1033 860 convertam
1059 815 1198 860 eum,
1230 813 1323 865 pro
1364 811 1424 848 eo
1459 793 1599 862 quod
1644 790 1933 845 vendiderit
1953 789 2189 857 justum,

600 910 648 953 et
672 911 971 966 pauperem,
999 908 1092 962 pro
1117 888 1481 943 calceamentis
1509 886 1710 957 (Amos,
1740 884 1824 950 ιι).
1844 880 1960 935 Hoc
1986 880 2042 933 in
2069 878 2188 932 loco

600 997 826 1061 quatuor
853 1001 952 1056 pro
981 991 1167 1054 quarto
1193 978 1389 1049 posuit,
1410 976 1659 1044 idemque
1684 973 1783 1027 fuit
1803 970 2003 1025 dixisse
2033 981 2190 1035 super

599 1054 1037 1147 quantamquant
1068 1070 1114 1124 si
1147 1070 1371 1122 dixisset
1391 1081 1548 1134 super
1578 1074 1788 1136 quarto.
1845 1058 1981 1113 Iluic
2012 1054 2188 1112 simile

603 1141 1149 1229 Salomonperbibet.
1200 1153 1290 1206 Ait
1337 1152 1508 1214 enim,
1549 1147 1849 1203 secundum
1898 1142 2042 1213 quod
2084 1141 2189 1194 Ile-

602 1259 872 1312 braeorum
906 1250 1025 1304 libri
1052 1256 1349 1301 testantur:
1377 1242 1503 1297 Tria
1526 1251 1644 1295 sunt
1676 1236 1923 1307 difﬁcilia
1954 1234 2107 1296 mihi,
2139 1242 2188 1286 et

603 1359 854 1421 quatuor,
894 1359 1011 1414 quat
1037 1341 1242 1412 penitus
1268 1339 1451 1408 ignoro
1481 1332 1668 1405 (Prov.
1700 1328 1855 1401 xxx).
1881 1328 1938 1384 Si
1965 1328 2069 1382 tria
2098 1326 2188 1380 hic
2220 1401 2227 1408 ἢ

605 1419 704 1511 per
731 1456 812 1502 se,
838 1447 890 1491 et
938 1444 1170 1505 quatuor
1200 1444 1297 1501 per
1346 1442 1405 1483 se
1457 1426 1758 1495 intelligere
1796 1419 1950 1483 velis,
1981 1426 2190 1487 septem

608 1536 758 1589 fient.
790 1532 905 1600 Ipse
922 1536 1098 1580 autem
1127 1539 1230 1576 nou
1273 1519 1372 1573 nisi
1400 1527 1637 1589 quatuor
1662 1521 1931 1574 numerat,
1961 1523 2079 1579 qua:
2131 1521 2192 1561 se

606 1623 887 1690 ignorasse
940 1614 1193 1669 insinuat.
1255 1610 1396 1679 Ergo
1461 1615 1673 1675 oportet
1725 1610 1784 1657 ut
1825 1608 2055 1672 quatuor
2096 1612 2193 1667 pro

606 1724 796 1778 quarto
819 1707 1164 1773 accipiamus.
1193 1703 1286 1757 Sic
1312 1711 1367 1755 et
1414 1700 1466 1753 in
1520 1700 1622 1753 hoc
1647 1696 1907 1767 propheta
1933 1702 2018 1747 est
2047 1690 2186 1744 acci-

607 1804 864 1877 piendos.
892 1800 1006 1854 Hoc
1051 1806 1229 1851 autem
1280 1802 1533 1863 quartum
1591 1788 1767 1844 scelus
1815 1794 1917 1849 est,
1949 1793 2008 1838 ut
2051 1780 2196 1837 illico

2289 619 2510 657 nomen.
2562 602 2659 655 Est
2678 608 2733 653 et
2760 599 2863 653 alia
2886 596 3234 653 noninferior
3264 610 3423 650 causa
3446 597 3559 665 quia
3596 600 3810 657 videlicet

2287 693 2452 747 Israel
2480 690 2712 761 pOpnIus
2740 688 2867 742 licet
2903 698 3031 741 tunc
3056 686 3217 740 morti
3248 701 3355 739 non
3380 700 3592 755 corpore
3611 703 3810 757 pressus

2288 783 2576 845 adfuisset.
2608 782 2795 835 audito
2826 790 3004 834 tamen
3034 777 3180 847 quod
3209 790 3394 830 eorum
3431 774 3648 832 fecerant
3681 780 3808 846 socii,

2287 884 2567 930 consortes
2593 872 2789 941 culpm,
2837 872 3146 926 laudatores
3172 877 3228 922 et
3267 869 3615 933 consentanei,
3643 880 3690 923 et
3712 886 3811 939 par-

2290 968 2484 1035 ticipes
2513 966 2738 1019 omnino
2761 963 2889 1019 facti
2913 971 3039 1017 sunt
3070 959 3388 1017 voluntatis.
3416 957 3648 1015 Voluutas
3665 961 3812 1031 itaque

2289 1058 2368 1112 eis
2400 1060 2507 1127 ‘pro
2537 1056 2680 1110 facta
2700 1064 2784 1110 est
2808 1056 3130 1121 reputando.

2364 1148 2595 1203 Morses.
2630 1148 2698 1202 Et
2723 1148 2867 1202 sicut
2912 1146 3052 1202 dicis
3099 1145 3174 1200 ita
3204 1158 3325 1200 esse
3346 1142 3641 1208 concedam,
3669 1152 3811 1201 tamen

2290 1244 2432 1312 quod
2469 1242 2604 1295 liber
2633 1241 2713 1295 ait
2755 1239 2901 1312 quod
2924 1254 3039 1309 τρι-ο
3055 1238 3204 1308 justo
3227 1235 3450 1292 vendito
3486 1234 3664 1290 boceis
3699 1239 3814 1291 acci-

2292 1333 2452 1397 derit,
2481 1332 2548 1387 ad
2580 1331 2744 1386 Israel
2773 1343 2929 1400 posse
2960 1328 3369 1399 pertinerenon
3409 1323 3573 1380 video.
3594 1324 3684 1395 Ipsi
3702 1327 3815 1381 enim

2293 1427 2572 1483 Christum
2606 1440 2767 1495 quem
2796 1424 2955 1487 dicis,
3004 1436 3111 1476 non
3165 1418 3495 1480 vendidisse,
3541 1419 3816 1474 sedtantum

2294 1536 2324 1574 a
2352 1520 2486 1574 .luda
2514 1519 2768 1574 lscariote
2791 1517 3041 1587 leguntur
3068 1512 3269 1568 emisse
3303 1510 3524 1582 (Matth.
3549 1526 3690 1577 ml;
3720 1510 3817 1566 Luc.

2293 1627 2442 1677 nn;
2472 1610 2646 1665 Marc.
2674 1609 2771 1681 tv).

2365 1705 2608 1761 Psracs.
2656 1702 2902 1773 Objectio
2950 1711 3041 1758 tua
3110 1715 3256 1758 nuua
3322 1699 3554 1755 rationis
3611 1698 3820 1753 innititur

2295 1797 2557 1859 anchora,
2613 1795 2740 1865 quia
2785 1795 2876 1863 qui
2926 1802 2987 1847 ιιι
3043 1794 3298 1848 Christus
3357 1792 3665 1845 venderetur
3716 1805 3820 1844 con-

609 1873 811 1958 sulidit,
846 1892 971 1961 quia
1000 1889 1341 1943 vendiderunt
1391 1891 1604 1952 argento
1638 1880 1846 1950 justum
1875 1876 2078 1947 (Amos,
2103 1873 2185 1943 ιι).

2300 1902 2511 1942 sensum
2536 1885 2903 1954 auxiliumque
2931 1884 3295 1939 adlnbnerunt
3320 1920 3339 1948 ,
3366 1896 3473 1936 non
3507 1881 3665 1935 minus
3689 1895 3819 1949 quam

607 1986 778 2055 Quem
801 1984 1009 2038 scilicet
1034 1981 1257 2049 justum,
1282 1976 1560 2031 Christum
1592 1969 1815 2040 intelligi
1840 1966 2115 2022 convenit.

679 2076 909 2131 Movses.
941 2073 1136 2127 Idonea
1161 2080 1215 2123 et
1242 2069 1399 2136 digna
1424 2063 1581 2118 laude
1611 2063 1716 2116 huc
1757 2074 1929 2130 usque
1975 2058 2192 2112 dixeras

612 2169 817 2233 omnia,
854 2166 955 2220 nisi
994 2166 1134 2219 hanc
1184 2158 1582 2214 introduxisses
1631 2152 2032 2212 auctoritatem,
2072 2162 2191 2217 qua:

616 2262 763 2317 nulla
794 2258 1045 2313 consistit
1099 2254 1329 2317 ratione,
1360 2250 1627 2318 praecipue
1656 2261 1779 2301 cum
1814 2243 1978 2298 multa
2002 2250 2191 2296 contra

609 2353 714 2408 hoc
737 2349 895 2416 objici
924 2347 1130 2419 possint
1152 2346 1399 2398 adversa.
1426 2340 1615 2395 Plures
1633 2338 1775 2392 enim
1815 2345 1940 2390 ante
1964 2343 2015 2388 te
2046 2340 2193 2386 vete-

612 2458 704 2498 res
737 2443 878 2495 lnmc
902 2440 1151 2493 eumdem
1179 2433 1504 2489 versiculum
1532 2439 1721 2485 contra
1748 2426 1963 2482 .ludteos
1998 2426 2050 2479 iu
2106 2437 2189 2478 te-

612 2535 926 2591 stimonium
954 2530 1226 2602 protulere
1254 2527 1583 2597 frequenter,
1612 2524 1705 2578 sed
1732 2521 1874 2576 nulla
1906 2519 2065 2575 tutari
2094 2532 2192 2588 po-

613 2635 836 2683 tuerunt
864 2626 1093 2679 ratione.
1131 2622 1237 2681 Sed
1278 2630 1330 2674 te
1380 2617 1698 2689 prudentem
1731 2615 1905 2668 virum
1956 2614 2193 2667 maxime

617 2718 787 2773 miror
817 2726 922 2770 tam
952 2715 1109 2769 vilem
1135 2710 1498 2766 introduxisse
1526 2708 1813 2772 rationem,
1844 2720 1965 2774 qua:
1990 2701 2194 2758 nullius

619 2808 893 2864 ﬁrmitatis
919 2805 1266 2859 fundamento
1292 2801 1513 2865 insidat,
1538 2797 1837 2868 praesertim
1861 2810 1984 2850 cum
2010 2792 2191 2848 omnia

616 2916 738 2973 qua:
761 2910 948 2955 contra
983 2899 1086 2951 hoc
1123 2895 1227 2949 dici
1254 2896 1489 2955 valeant,
1526 2892 1639 2960 ipse
1666 2889 1868 2958 Optime
1888 2888 2050 2942 scias.

690 2995 926 3048 Perses.
954 2989 1317 3045 Considerans
1341 2998 1532 3040 omnes
1559 2982 1650 3052 qui
1679 2990 1804 3035 ante
1834 2994 1922 3034 me
1948 2980 2091 3033 hanc
2139 2978 2193 3032 in

614 3088 830 3143 Judtros
875 3093 1022 3140 recte
1071 3081 1287 3151 quidem
1342 3078 1616 3134 induxisse
1669 3074 2069 3137 auctoritatem,
2101 3071 2195 3126 sed

616 3180 874 3234 Judaicas
902 3177 1233 3247 objecriones
1277 3188 1382 3227 non
1412 3170 1739 3226 sufﬁcienter
1764 3184 1864 3223 nec
1890 3178 2078 3236 aperte
2104 3166 2196 3221 de-

619 3270 1168 3334 strttvissedicuntar,
1194 3282 1259 3320 ex
1279 3265 1541 3319 industria
1566 3264 1616 3316 in
1640 3260 1887 3332 praesenti
1913 3261 2030 3313 loco
2049 3273 2201 3313 eam-
2226 3248 2268 3309 C

622 3367 745 3419 dem
782 3363 984 3425 ituluxi,
1009 3371 1066 3414 ut
1089 3374 1277 3414 omnes
1308 3372 1427 3426 qua:
1465 3355 1577 3409 fieri
1605 3361 1829 3423 possunt
1868 3351 2200 3419 obiectiones

618 3466 680 3509 ιιι
711 3454 902 3508 melius
941 3451 1145 3520 poteris
1201 3447 1389 3513 facias,
1427 3454 1483 3500 et
1537 3458 1725 3499 carum
1774 3440 2197 3497 destructionem

618 3556 826 3602 mutata
857 3546 972 3598 rice
998 3542 1280 3609 suscipias.

692 3638 921 3691 Movscs.
948 3635 1057 3688 Iloc
1101 3635 1334 3701 primum
1367 3628 1549 3683 verbis
1598 3635 1745 3682 recte
1799 3626 1960 3696 objici
1999 3633 2197 3691 potest,

620 3731 745 3799 quia
773 3729 959 3781 dicens
987 3725 1250 3795 propheta
1270 3764 1285 3787 ,
1314 3738 1468 3791 super
1497 3721 1663 3774 tribus
1690 3719 1992 3783 sceleribus,
2019 3718 2198 3772 statim

622 3819 925 3889 subiunxit.
955 3817 1248 3871 ostendens
1277 3815 1420 3885 quod
1478 3812 1641 3868 Israel
1688 3813 1787 3866 tria
1837 3812 1926 3865 illa
1976 3819 2199 3878 peccata

624 3910 989 3974 commiserit,
1018 3907 1290 3963 Cbrismm
1342 3916 1520 3961 autem
1569 3920 1730 3974 quem
1765 3919 1863 3960 vos
1904 3903 2202 3973 intelligere

621 4002 805 4067 Vultis,
839 4017 943 4057 non
976 3999 1158 4065 Israel,
1187 3998 1280 4054 sed
1313 3996 1447 4053 Jnda
1486 3996 1704 4052 occidit.

695 4093 932 4147 Peritos.
960 4089 1173 4145 Nullum
1214 4101 1301 4143 tua
1325 4089 1557 4159 uhjectio
1603 4087 1802 4159 ingerit
1849 4085 2202 4156 impedimen-

623 4193 738 4240 tum
762 4185 916 4250 mihi,
948 4200 1066 4238 cum
1091 4182 1269 4236 omnia
1308 4180 1747 4251 frequentissime
1794 4189 2065 4235 testentur
2106 4193 2203 4233 vo-

623 4274 825 4330 lumina
856 4291 952 4345 pro
978 4273 1111 4329 Juda
1151 4272 1311 4326 Israel
1340 4272 1483 4340 poni.

699 4368 929 4423 Marses.
957 4365 1028 4420 Ut
1050 4365 1248 4419 asscris
1289 4364 1357 4417 ita
1396 4378 1516 4417 esse
1533 4378 1639 4416 non
1679 4362 1911 4428 ambigo.
1944 4361 2048 4417 Sed
2078 4375 2201 4415 cum

626 4470 908 4530 peccatum
958 4456 1093 4509 Juda
1152 4469 1313 4523 supra
1393 4453 1657 4512 retulerit.
1705 4462 1761 4507 et
1810 4462 2205 4519 consequenter

627 4550 840 4605 Israelis
863 4556 1138 4617 peccatum
1167 4545 1682 4614 subjnnxcrit,satis
1713 4544 2008 4598 innotescit
2058 4543 2202 4612 quod

628 4653 909 4715 peceatum
939 4639 1099 4693 Israel
1120 4654 1148 4690 a
1175 4646 1395 4707 peccato
1425 4635 1560 4691 Jnda
1584 4636 1728 4690 aliud
1754 4637 1844 4690 sit.

701 4734 938 4788 Penios.
974 4728 1079 4784 Nec
1107 4733 1209 4785 hoc
1253 4744 1383 4783 mea:
1423 4730 1606 4783 obstat
1653 4728 1870 4783 rationi.
1917 4728 2205 4784 Peccatum

630 4823 775 4879 enim
800 4822 940 4892 quod
967 4820 1335 4875 tantummodo
1347 4819 1483 4875 Juda
1515 4820 1737 4885 fecerat,
1765 4831 2043 4891 peccatum
2071 4821 2208 4877 Juda

636 4914 893 4984 appellat,
929 4913 1074 4983 quod
1115 4921 1293 4966 autem
1344 4912 1485 4967 Juda
1534 4913 1693 4968 simul
1742 4912 1870 4968 fecit
1917 4924 1974 4969 et
2018 4913 2206 4981 Israel,

632 5019 915 5079 peccatum
946 5016 1169 5061 vocatur
1192 5007 1372 5063 Israel.

710 5097 943 5153 Marses.
970 5096 1104 5150 Cum
1155 5095 1365 5151 lsraelis
1404 5095 1633 5165 populus
1690 5106 1833 5152 totus
1878 5114 1976 5168 per
2020 5114 2212 5154 omnes

635 5198 813 5244 terras
838 5187 1417 5249 divisus.llierusalem
1453 5201 1655 5243 terram
1689 5174 2028 5259 nequaquam
2064 5193 2215 5245 inco-

638 5285 776 5339 Ieret
802 5284 904 5337 illis
935 5284 1289 5353 temporibus,
1316 5299 1551 5355 quonam
1581 5286 1743 5340 modo
1772 5286 1964 5341 mortis
2007 5284 2215 5340 Christi

639 5376 827 5433 haberi
865 5377 1036 5445 potuit
1073 5376 1234 5429 rcus?

710 5467 944 5523 PETBUS.
988 5465 1365 5535 Nunquidnam
1409 5482 1572 5535 negas
1601 5483 1725 5523 cum
1776 5467 1910 5523 Juda
1964 5484 2215 5537 magnam

643 5557 876 5612 ﬁliorum
894 5557 1175 5628 Beniamin
1206 5568 1259 5611 et
1286 5557 1413 5612 Levi
1440 5568 1648 5627 partem
1670 5567 1796 5614 tunc
1826 5559 2216 5631 Hierosolymis

645 5648 843 5704 fuisse?

715 5737 949 5793 Marses.
978 5739 1130 5807 Quod
1165 5746 1370 5794 certum
1420 5737 1668 5795 omnibus
1699 5749 1800 5810 est,
1844 5757 2042 5813 negare
2098 5744 2219 5815 quis

646 5828 842 5882 audeat
859 5828 883 5882 ?

2293 1981 2338 2035 si
2366 1981 2466 2050 ipsi
2491 1979 2862 2034 vendidissent
2897 1978 3074 2033 scelus
3097 1978 3447 2031 incurrerunt
3474 1973 3632 2046 (Rom.
3660 1977 3714 2037 l).
3735 1973 3820 2028 Ne-

2293 2090 2397 2144 que
2423 2075 2567 2129 enim
2599 2085 2654 2128 et
2675 2072 2931 2127 Salomon
2959 2073 3099 2126 idola
3129 2070 3442 2134 fabricavit,
3468 2072 3556 2125 sed
3577 2071 3687 2139 quia
3714 2085 3823 2121 uxo-

2294 2166 2443 2220 ribus
2464 2173 2519 2218 et
2541 2162 2856 2218 concubinis
2887 2163 3284 2217 fabricantibus
3310 2176 3586 2215 assensum
3617 2160 3823 2231 prmbuit,

2292 2272 2416 2311 eum
2443 2253 2741 2309 fabricasse
2767 2255 2946 2309 littera
2974 2254 3104 2308 dicit
3135 2252 3252 2323 (111
3284 2252 3413 2323 Reg.
3443 2254 3539 2321 ιι).

2364 2347 2596 2403 Movsss.
2629 2347 2782 2402 Licet
2807 2348 2858 2401 in
2890 2346 3223 2415 supradictis
3272 2360 3463 2399 verum
3502 2343 3660 2399 fatear
3687 2352 3732 2397 te
3762 2342 3826 2396 di-

2292 2444 2463 2508 xisse,
2506 2440 2651 2496 nulla
2694 2450 2873 2495 tamen
2926 2442 3222 2494 necessitas
3255 2453 3345 2493 me
3386 2437 3531 2508 cogit
3567 2436 3824 2492 concedere

2295 2535 2440 2591 hunc
2462 2534 2667 2603 justum
2694 2532 2975 2587 Christum
2993 2531 3215 2601 intelligi
3235 2539 3512 2600 oportere,
3538 2545 3648 2584 cum
3669 2527 3826 2596 Joseph

2295 2641 2427 2683 sano
2454 2625 2726 2681 intellectu
2778 2625 2972 2679 debeat
3006 2623 3203 2690 accipi,
3255 2637 3417 2692 quem
3458 2621 3644 2677 fratres
3663 2620 3734 2675 sui
3755 2620 3828 2672 tri.

2295 2718 2442 2788 ginta
2475 2717 2747 2787 argenteis
2773 2716 3066 2770 vendidere
3096 2713 3251 2785 (Ceu.
3276 2714 3509 2782 xxxv").

2367 2810 2601 2865 Pernos.
2643 2808 2698 2863 Si
2739 2808 2939 2876 Joseph
2995 2806 3260 2862 voluisset
3315 2805 3542 2877 intelligi
3590 2804 3826 2874 propheta,

2294 2916 2392 2972 per
2416 2901 2650 2971 justum,
2683 2916 2787 2955 non
2817 2910 3095 2970 quartum,
3126 2901 3219 2955 sed
3247 2900 3428 2968 potius
3453 2900 3674 2968 primum
3697 2896 3829 2949 dixis-

2295 3004 2379 3050 set
2402 3003 2705 3064 peccatnm.
2735 2993 2869 3048 Illud
2897 2993 3041 3047 enim
3070 2992 3223 3061 prius
3247 2991 3573 3045 commisere
3601 2988 3830 3045 delictum,

2298 3098 2518 3158 propter
2547 3086 2688 3156 quod
2727 3094 2914 3155 postea
2952 3083 3252 3139 Pharaonis
3294 3092 3423 3138 sunt
3457 3082 3598 3152 passi
3650 3078 3832 3134 durissi-

2300 3194 2446 3233 mum
2465 3177 2651 3248 jugum
2672 3176 2867 3248 (Exod.
2890 3177 3008 3247 xu).
3031 3177 3136 3231 Sed
3153 3192 3276 3230 cum
3300 3176 3618 3245 pcenitentia
3636 3179 3830 3243 peracta.

2295 3268 2409 3338 jam
2461 3271 2569 3324 sint
2612 3269 2824 3323 liberati
2857 3285 2885 3322 a
2912 3283 3093 3338 poena,
3143 3282 3312 3338 quare
3342 3267 3411 3322 de
3436 3265 3640 3321 indulto
3682 3275 3832 3317 rursus

2301 3359 2660 3416 criminentur
2687 3358 2957 3428 peccato?

2372 3450 2602 3507 Marses.
2628 3450 2693 3504 Et
2734 3450 2777 3505 si
2819 3448 3111 3505 defendere
3158 3462 3374 3518 nequeo
3419 3447 3486 3502 de
3528 3443 3715 3514 Joscpb
3756 3442 3835 3497 hoc

2300 3542 2501 3598 dictum
2526 3542 2710 3607 fuisse,
2736 3551 2974 3596 attamen
3002 3543 3069 3596 de
3095 3540 3202 3595 alio
3229 3540 3472 3610 quolibet
3493 3539 3640 3610 justo
3665 3537 3831 3591 dictum

2300 3651 2419 3692 esse
2445 3651 2662 3705 possunt
2685 3651 2953 3691 asserere.

2376 3727 2618 3784 PETRUS.
2636 3728 2920 3795 Indignum
2951 3744 3052 3785 nec
3081 3726 3405 3784 rationabile
3433 3740 3552 3781 esse
3575 3724 3838 3784 videtur,ut

2302 3834 2429 3874 cum
2475 3828 2681 3873 tantum
2735 3819 2939 3873 crimen
2964 3821 3040 3890 sit
3072 3821 3215 3890 quod
3252 3817 3587 3889 indulgentia
3638 3814 3839 3869 miliase-

2302 3925 2502 3988 quatur
2524 3924 2748 3987 propter
2772 3917 2914 3986 quod
2940 3916 3121 3971 divina
3145 3915 3417 3971 sententia
3448 3916 3501 3967 in
3525 3909 3839 3967 totumlsrae

2301 4006 2370 4062 lis
2410 4007 2687 4071 desmviat,
2737 4005 3014 4075 populum,
3068 4006 3211 4060 illius
3266 4004 3477 4060 celetur
3502 4019 3566 4058 ac
3602 4004 3840 4073 ignoretur

2301 4114 2536 4171 persona
2588 4099 2641 4153 in
2680 4113 2841 4167 quem
2872 4098 3002 4152 illttd
3035 4097 3136 4151 fuit
3166 4097 3488 4161 admissum,
3518 4096 3728 4162 insuper
3744 4103 3839 4145 cum

2304 4200 2489 4247 reatus
2532 4191 2633 4246 iste
2682 4190 2735 4245 in
2785 4189 3012 4244 Hehrwo
3073 4203 3327 4245 sermone
3402 4187 3497 4242 tali
3548 4184 3841 4241 describatur

2303 4280 2588 4344 vocabulo,
2647 4280 2808 4351 quale
2847 4280 3145 4350 imponitur
3170 4280 3243 4335 illi
3269 4279 3359 4350 qui
3392 4278 3672 4350 negaverit
3691 4276 3839 4330 Deum.

2311 4374 2559 4429 chditio
2599 4384 2780 4427 autem
2825 4372 2996 4427 Judaei
3045 4388 3150 4427 non
3180 4380 3428 4442 mqualur
3458 4370 3721 4441 ncgationi
3750 4363 3839 4420 Dei.

2306 4466 2413 4522 Sed
2468 4465 2567 4536 ipsi
2620 4465 2780 4521 talem
2822 4481 2888 4519 ac
2935 4473 3142 4519 tantum
3195 4462 3557 4518 vendiderunt
3609 4460 3842 4515 Immineat

2237 4597 2281 4653 Β
2307 4558 2584 4613 Christum
2630 4557 2883 4612 videlicet
2929 4556 3125 4611 Filium
3175 4555 3295 4623 Dei,
3328 4556 3550 4626 quodin
3573 4554 3722 4624 culpa
3750 4558 3845 4605 sunt

2308 4665 2467 4720 pares
2496 4648 2660 4703 Deum
2690 4661 2970 4718 negantes.

2379 4741 2614 4795 Movses.
2671 4740 2916 4808 Quatuor
2973 4741 3099 4797 volo
3151 4740 3411 4796 ostendas
3469 4747 3708 4810 peccata,
3756 4745 3846 4804 qua

2310 4833 2492 4891 omnia
2524 4840 2745 4902 pateant
2773 4833 2840 4886 ad
2867 4831 3034 4887 Deum
3064 4847 3265 4904 negare
3287 4847 3409 4888 esse
3438 4832 3687 4902 aequalia.

2382 4923 2616 4980 Penus.
2650 4922 2803 4991 Quod
2827 4923 2965 4979 liber
2992 4926 3164 4980 tacuit
3192 4940 3295 4997 ego
3316 4924 3503 4979 nescio
3533 4923 3749 4994 aperire,
3776 4914 3849 4971 sed

2313 5016 2541 5072 forsitan
2566 5016 2801 5085 primum
2840 5015 2942 5070 fuit
2972 5025 3277 5087 peccatum,
3317 5032 3442 5071 cum
3475 5017 3526 5070 in
3557 5028 3730 5071 eremo
3750 5010 3852 5064 ritu.

2316 5109 2426 5162 lum
2455 5106 2781 5163 conflatilem
2822 5121 2922 5177 pro
2957 5107 3069 5162 Deo
3114 5109 3415 5163 adorarunt
3467 5105 3666 5178 (Exod.
3694 5102 3848 5162 mtd,

2317 5200 2370 5254 in
2396 5214 2505 5267 quo
2526 5197 2670 5253 facto
2701 5200 2836 5254 satis
2863 5214 3051 5254 verum
3098 5199 3267 5255 Deum
3308 5208 3666 5269 negaverunt,
3692 5204 3740 5251 et
3755 5194 3849 5262 quia

2318 5294 2422 5348 hoc
2466 5302 2750 5361 peccatum
2803 5293 2872 5345 ab
2917 5293 3171 5347 omnibus
3204 5300 3288 5347 est
3328 5300 3716 5362 perpetratum,
3762 5286 3852 5339 ideo

2320 5398 2608 5439 commune
2659 5383 2762 5436 fuit
2811 5385 3076 5438 omnium.
3133 5383 3443 5438 Secundum
3494 5393 3582 5439 est
3626 5383 3674 5436 in
3711 5382 3855 5448 quoel

2321 5472 2489 5528 Deum
2523 5472 2774 5527 similiter
2822 5483 3178 5543 negaverunt,
3219 5481 3275 5527 et
3306 5487 3500 5528 omnes
3547 5468 3856 5529 communiter

2320 5573 2707 5635 peccaverunt,
2739 5565 2958 5633 quando
2981 5564 3232 5619 videlicet
3270 5563 3568 5621 Jeroboam
3609 5561 3782 5619 vitulos
3802 5556 3857 5611 si—

2324 5655 2482 5711 miles
2526 5654 2838 5718 fabricavit,
2865 5667 2917 5708 et
2948 5656 3015 5709 ab
3053 5655 3305 5710 omnibus
3355 5656 3578 5710 adorari
3623 5647 3859 5711 constituit

2324 5745 2444 5817 (Ill
2479 5744 2604 5814 Reg.
2637 5745 2755 5813 xu).
2804 5744 3045 5799 Tertium
3097 5756 3276 5800 autem
3323 5760 3447 5799 cum
3484 5746 3579 5802 Dei
3615 5743 3861 5816 prophetas

2327 5837 2563 5893 universi
2587 5836 2773 5892 eadem
2802 5835 3075 5893 voluntate
3097 5837 3433 5906 occiderunt,
3467 5847 3523 5894 et
3551 5851 3727 5905 eorum
3751 5833 3862 5889 dicta
