4038 6450
256 420 340 476 58!

1721 405 2013 463 DIALOGI.

3378 411 3486 472 εει

264 531 665 597 contempserunt
694 522 778 594 (11
798 521 927 578 Par.
955 526 1161 595 xxxvi).
1181 523 1440 591 Quartum
1475 536 1625 585 vero,
1648 525 1790 591 quod
1819 526 1864 580 Α
1890 520 2024 573 Cum
2055 537 2185 595 ergo
2228 523 2368 577 Deus
2390 537 2450 579 se
2477 525 2787 579 occisurum
2816 529 3123 594 promittat,
3151 530 3207 576 et
3242 522 3488 581 viviﬁca-

235 620 411 688 ~majus
446 612 678 668 omnibus
715 620 875 666 estet
911 615 1156 682 gravius,
1181 614 1321 682 quod
1354 627 1452 666 nec
1479 613 1687 667 veniale
1713 613 1791 665 di-

252 711 382 766 citur
404 722 530 768 esse,
552 704 760 773 quando
785 702 1058 758 Christum
1094 705 1183 759 Dei
1216 704 1408 759 Filium
1442 715 1494 758 et
1520 705 1792 760 hominem

251 801 316 854 ab
354 798 483 854 outni
527 796 727 866 peccati
783 799 1105 866 contagione
1164 798 1395 851 alienum
1458 797 1610 867 (lea.
1656 815 1789 861 t.tn;

247 887 276 943 Ι
305 889 430 941 Petr.
457 888 535 956 ιι),
553 886 729 953 inique
752 884 1128 951 vendiderunt,
1150 897 1204 939 et
1233 885 1426 954 ittjttsta
1463 887 1790 941 condemna-

249 986 417 1031 verunt
437 991 575 1029 nece.
597 973 734 1029 Ecce
758 975 807 1027 itt
840 974 941 1027 hac
970 984 1293 1031 auctorlale
1315 993 1475 1046 quam
1499 978 1789 1032 advm‘sntn

250 1080 294 1125 te
320 1069 510 1132 induti,
548 1079 739 1122 cuneta
770 1083 886 1135 qua:
921 1067 1157 1135 objicere
1186 1069 1426 1138 potueris
1473 1068 1617 1121 nullo
1643 1078 1790 1123 stare

244 1163 407 1233 vigore
442 1160 675 1228 probavi,
700 1169 755 1211 et
781 1160 998 1213 Christo
1052 1160 1444 1213 rationabiliter
1492 1161 1789 1215 convenire

242 1254 475 1310 conclusi.
505 1251 612 1306 Hac
641 1253 802 1319 igitur
828 1262 879 1305 et
906 1252 1159 1305 omnibus
1183 1252 1514 1321 supradictis
1543 1253 1787 1306 auctori--

244 1348 421 1403 tatibus
450 1346 499 1398 itt
529 1342 836 1397 incouvulsa
887 1342 1147 1397 ﬁrmitate
1193 1344 1447 1408 fundatis,
1499 1346 1784 1414 probatum

240 1437 577 1494 indubitanter
604 1434 837 1487 arbitror
860 1448 979 1487 esse
1006 1445 1114 1487 tam
1139 1433 1431 1500 longarvatn
1453 1434 1593 1487 hanc
1616 1435 1786 1504 capti-

239 1531 434 1583 vitatem
478 1527 547 1580 ob
582 1526 783 1581 Christi
836 1537 1066 1579 mortem
1096 1536 1148 1580 et
1184 1527 1613 1580 malevolentiam
1660 1542 1784 1581 eve-

238 1624 381 1678 nisse.
427 1620 688 1675 Concluso
727 1629 906 1672 autent
954 1621 1097 1689 quod
1143 1632 1360 1688 propter
1405 1620 1681 1673 Christum
1711 1621 1784 1674 sit

238 1717 495 1785 Captivitas
522 1714 686 1779 facta,
735 1715 1085 1782 consequitur
1114 1714 1255 1782 quod
1285 1723 1337 1767 et
1363 1729 1456 1767 vos
1489 1714 1555 1768 de
1577 1729 1641 1767 ea
1675 1729 1779 1769 non

243 1810 455 1872 esibitis,
491 1808 661 1861 donec
719 1817 931 1877 patrum
985 1816 1287 1860 vestrorun
1319 1809 1370 1860 iit
1402 1808 1556 1861 vobis
1587 1823 1780 1876 pecca-

1900 621 2099 677 turum,
2127 629 2300 683 quare
2325 614 2419 669 tibi
2456 615 2588 670 lldes
2616 625 2801 670 nostra
2847 629 3012 686 super
3046 615 3150 668 hac
3182 629 3247 669 re
3264 614 3487 671 videtur

1894 700 2195 769 altjieietti'a
2889 712 2892 715 '

1963 791 2196 847 Ptzrnus.
2244 794 2555 847 Auctoritas
2605 794 2704 848 ista
2740 810 2768 847 a
2809 795 3038 849 rationis
3071 795 3351 850 exorbitat
3389 810 3475 853 Ie-

1894 881 2046 934 mita.
2079 884 2189 937 lioc
2221 885 2364 935 enim
2397 886 2615 936 verbum
2647 886 2713 937 ad
2743 886 3129 939 ostendendam
3168 903 3322 941 suam
3362 904 3484 940 om-

1894 976 2253 1041 nipotentiam
2292 976 2441 1036 dicit,
2490 993 2595 1031 non
2634 978 2778 1046 quod
2832 980 2946 1046 ipse
2989 992 3197 1035 chIros
3238 996 3483 1035 mortuos

1891 1063 2259 1118 suscitaturus
2289 1064 2375 1118 sit.

1963 1152 2199 1206 Movsss.
2230 1155 2270 1207 A
2303 1156 2396 1209 Die.
2422 1169 2526 1223 qua
2569 1154 2714 1210 Deus
2740 1157 2840 1211 hoc
2871 1172 2931 1211 se
2974 1155 3240 1214 facturum
3273 1161 3480 1230 promi-

1889 1243 1977 1307 sit,
2005 1259 2174 1313 usque
2203 1246 2255 1298 itt
2282 1259 2597 1316 pra-sentem
2623 1251 2784 1313 diem,
2811 1253 3063 1305 concedis
3084 1266 3207 1305 eum
3238 1253 3480 1322 siquan-

1887 1339 1958 1390 do
1993 1338 2105 1391 lta'c
2134 1339 2327 1391 fet-isse
2364 1338 2622 1391 miracula
2648 1338 2672 1391 ἲ

1957 1427 2191 1485 Ρετιιυς.
2239 1432 2431 1484 Omnia
2481 1431 2668 1498 utique
2717 1430 2863 1484 fecit.
2912 1430 3220 1498 lpse"enim
3252 1430 3477 1487 Mariam

1887 1533 2131 1573 sororem
2166 1520 2334 1589 Moysi
2383 1520 2678 1589 prophetas,
2716 1519 2837 1582 Job,
2863 1521 3176 1582 hzecbiant,
3208 1521 3477 1590 Nantuan,

1885 1619 1939 1663 et.
1976 1610 2114 1664 alios
2142 1612 2492 1679 quatuplures
2530 1627 2651 1666 cum
2708 1611 2875 1667 voluit
2905 1629 2989 1682 pet
3005 1617 3194 1677 euasit,
3228 1630 3348 1667 tuin
3382 1630 3479 1671 v0-

1885 1700 2554 1774 Ιιιίιειιιιιινίι(Νιιηι.ιιι;
2590 1703 2712 1757 Job.
2761 1719 2871 1767 In;
2899 1703 2981 1758 ιν
3021 1704 3151 1775 Reg.
3204 1721 3296 1771 ut;
3357 1712 3471 1769 xx).

1886 1792 2015 1846 ltetn
2069 1794 2198 1861 ipsa:
2246 1793 2295 1846 iit
2347 1809 2449 1846 Ilua
2501 1796 2880 1849 nocteontnia
2932 1793 3477 1867 pii.t.ogcnita.Ejty-

236 1911 332 1955 tum
356 1899 721 1962 emendabitis,
755 1898 894 1953 idem
918 1900 1060 1967 quod
1093 1913 1196 1949 non
1223 1898 1577 1951 crediderunt
1600 1899 1782 1950 crede-

1891 1884 1962 1953 pti
2000 1884 2273 1937 interfecit
2305 1884 2508 1952 (Exod.
2543 1890 2665 1953 xu),
2699 1894 2751 1939 et
2780 1888 2879 1940 sub
2904 1888 3064 1940 unius
3092 1888 3267 1941 noctis
3296 1887 3477 1956 spatio

235 1995 309 2046 tis.
351 1991 590 2045 Mundata
637 2005 766 2043 vero
813 1998 994 2043 mente
1038 1990 1353 2057 cujusquam
1382 2004 1412 2041 a
1444 1988 1621 2056 cttlpa,
1652 2004 1785 2042 con-

233 2083 387 2138 festim
416 2097 532 2135 eum
557 2090 927 2149 consequetur
971 2081 1141 2149 pietas
1180 2081 1379 2133 divina.
1428 2080 1580 2146 Quod
1616 2080 1780 2132 etiam

230 2176 419 2243 quidam
474 2174 756 2228 dot-torum
808 2183 1108 2226 vestrorum
1161 2172 1412 2226 subtilus
1452 2182 1509 2225 et
1557 2172 1782 2225 occultis

230 2268 376 2320 voluit
423 2265 647 2333 exprimi
693 2265 892 2329 verbis,
927 2264 969 2316 si
1001 2275 1196 2317 vestra:
1257 2263 1387 2316 illud
1439 2272 1782 2332 penetrasset

231 2361 402 2415 duritia
452 2358 668 2412 tuentis.
741 2357 1107 2425 Interrogatus
1165 2358 1307 2411 enim
1369 2358 1589 2426 quando
1639 2356 1781 2410 illius

229 2452 372 2506 David
400 2462 535 2503 esset
561 2460 846 2512 venturus,
878 2468 896 2500 t
930 2451 1103 2511 hodie,
1136 2451 1232 2516 ait,
1261 2451 1305 2503 si
1330 2449 1511 2504 verbis
1540 2450 1782 2504 credide-

228 2545 335 2598 ritis
364 2543 486 2611 ejus.
517 2564 534 2595 t
573 2542 670 2596 llis
704 2542 847 2596 enim
878 2544 1051 2596 verbis
1078 2544 1298 2613 ittlt-Iligi
1324 2544 1465 2598 dedit
1491 2544 1633 2612 quod
1663 2543 1782 2611 qui-

228 2655 413 2708 citttque
440 2639 629 2708 quavis
670 2639 809 2693 hora
850 2639 1117 2691 mandatis
1166 2639 1366 2691 Christi
1428 2639 1685 2691 obeiliens
1726 2644 1781 2690 et

229 2734 455 2788 credulus
494 2734 685 2795 fuerit,
738 2732 879 2786 illico
936 2731 1028 2784 Dei
1080 2730 1250 2785 Filius
1278 2732 1342 2783 ad
1383 2747 1504 2783 eum
1551 2732 1777 2785 aet-edit.

226 2825 474 2881 hianil‘cste
530 2826 702 2879 etiam
740 2836 792 2878 et
825 2824 1030 2894 l¢qnido
1073 2824 1167 2879 tibi
1199 2825 1363 2879 credo
1393 2835 1579 2893 patere
1630 2841 1778 2894 qua--

225 2934 408 2987 cunque
438 2934 537 2987 ego
562 2930 870 2972 chIrorttnt
897 2919 1153 2971 librorum
1197 2919 1415 2988 probavi
1449 2919 1777 2973 teSIitnnnio.

225 3009 600 3081 Meettutigitur,
633 3011 829 3071 frater.
855 3011 1092 3075 ejusdem
1123 3009 1321 3063 Christi
1350 3009 1777 3064 misericordiam

226 3102 445 3172 itnplnra,
474 3114 528 3155 ttt
552 3104 726 3157 totius
757 3101 1005 3156 falsitatis
1047 3116 1233 3153 errore
1264 3100 1477 3153 sublato
1504 3109 1606 3153 tua:
1631 3115 1775 3153 tuen-

227 3194 462 3248 tisnculis
497 3208 639 3246 verae
666 3194 794 3247 li.li-i
823 3203 874 3245 et
912 3192 1078 3244 totius
1127 3190 1385 3243 bonitatis
1436 3190 1776 3258 splendorem

222 3281 459 3350 pariteret
482 3297 735 3334 antorem
762 3281 1091 3338 inl'undat.et
1115 3289 1313 3331 rectam
1336 3279 1492 3334 tidem
1520 3280 1571 3332 itt
1599 3280 1781 3335 futuro

224 3371 361 3439 digna
385 3377 628 3425 mercede
654 3379 996 3440 compenset,
1028 3377 1081 3423 ut
1114 3384 1210 3437 per
1230 3384 1349 3424 eam
1373 3370 1439 3424 de
1467 3370 1782 3439 captivitate

221 3478 377 3519 exeas.
414 3466 605 3518 Anien.

779 3576 1076 3634 TITUI.US
1126 3578 1205 3635 Ill.

219 3685 477 3746 De'stitlta
515 3691 843 3747 Iuda-orum
900 3694 1223 3760 conficienda
1268 3693 1578 3747 credulitate
1629 3710 1783 3763 super

277 3777 578 3815 mortuorum
616 3780 840 3816 suorum
879 3765 1272 3822 resurrectione.
1315 3780 1442 3831 quos
1482 3765 1698 3819 erednut
1733 3775 1780 3819 et

277 3844 648 3887 70881171111708
683 3849 818 3893 ηδε,
852 3843 898 3886 fl
938 3834 1124 3886 iterant
1155 3845 1345 3886 terram
1376 3836 1616 3887 incolere.

276 3920 486 3976 Nosses.
512 3924 672 3990 Quod
703 3924 771 3977 ad
795 3935 1108 3993 praisentem
1138 3924 1393 3995 pet-tinnit
1419 3923 1783 3994 titulnm,qu:e

218 4011 395 4065 scilicet
442 4024 645 4068 nostra:
680 4024 791 4068 tant
837 4015 1006 4084 longae
1039 4015 1366 4084 captivitatis
1397 4014 1557 4069 fuerit
1597 4031 1779 4082 causa,

216 4114 366 4167 quove
389 4103 548 4156 modo
560 4118 688 4157 eam
720 4102 994 4157 valeamus
1008 4103 1264 4173 eﬂ'ugere,
1284 4113 1476 4157 cuneta
1501 4120 1620 4172 quie
1635 4107 1701 4158 de
1719 4120 1783 4159 ea

216 4194 588 4261 oportuitduei,
612 4196 1124 4266 inexpugnabilibus
1147 4207 1199 4250 et
1216 4196 1636 4250 cvidentissimis
1660 4213 1783 4273 pros

215 4280 332 4339 basti
365 4288 701 4354 rationibus,
724 4303 823 4341 nec
840 4289 968 4355 quid
998 4290 1062 4341 de
1086 4304 1147 4341 ea
1173 4288 1402 4343 ulterius
1425 4297 1518 4342 attt
1539 4289 1783 4344 dubita".
1816 4330 1823 4337 .

217 4376 446 4441 dutu,aut
463 4381 825 4450 quaerendum
843 4380 915 4433 sit
940 4379 1115 4443 video,
1134 4381 1274 4433 ttttde
1299 4389 1357 4433 ιιι
1384 4380 1450 4433 ad
1476 4379 1577 4431 alia
1604 4389 1782 4435 trans-

215 4480 397 4533 eamus,
421 4481 584 4540 prout
619 4471 876 4540 superius
907 4480 1029 4523 sunt
1062 4470 1113 4523 in
1140 4471 1327 4523 ordine
1348 4470 1549 4535 digesta
1563 4480 1779 4539 exopto.

1886 1973 1939 2025 itt
1984 1974 2181 2027 castris
2236 1973 2612 2028 Sennacherib
2642 1986 2860 2029 centum
2913 1978 3187 2044 octoginta
3238 1979 3475 2047 quinque

1886 2062 2049 2116 millia
2097 2062 2427 2130 occiditth
2465 2064 2592 2133 lleg.
2634 2068 2774 2134 snt).
2808 2068 2913 2120 Sed
2968 2068 3107 2121 idem
3137 2085 3168 2123 e
3196 2072 3473 2125 conttario

1885 2150 1938 2204 iit
1980 2169 2143 2205 manu
2179 2153 2307 2207 Elia:
2332 2154 2497 2207 lilium
2531 2154 2703 2207 vidua:
2733 2154 2845 2221 (Ill
2882 2153 3007 2223 Reg.
3039 2158 3193 2229 uti).
3228 2159 3280 2212 iu
3309 2176 3394 2215 tua
3436 2175 3472 2215 ιι

1884 2255 2065 2297 autem
2090 2244 2266 2298 Etisaei
2296 2247 2592 2300 riuuantitis
2616 2247 2780 2299 lilium
2803 2248 3143 2317 sascstavitu
3170 2247 3204 2300 V
3224 2249 3349 2320 Iieg.
3371 2257 3469 2318 tv).

1957 2334 2190 2389 anscs.
2218 2337 2663 2406 Quandoquidem
2697 2354 2818 2390 euut
2845 2341 2957 2406 jant
2987 2337 3181 2393 fecisse
3208 2343 3320 2395 haec
3349 2358 3473 2395 crc-

1883 2426 1966 2479 dis
2007 2427 2292 2490 tuiracnla,
2324 2428 2449 2495 quid
2484 2438 2535 2481 te
2560 2431 2784 2483 credere
2829 2431 3078 2499 prohibet
3119 2448 3244 2485 cum
3292 2434 3472 2489 adhuc

1882 2519 2207 2587 quandoque
2238 2521 2509 2574 facturum
2532 2524 2721 2576 eadem
2761 2522 2920 2591 ipsa?

1951 2608 2188 2665 PE'IRUS-
2227 2612 2663 2682 Otnnipotentent
2713 2625 2957 2668 mortuos
2991 2618 3259 2671 suscitare
3311 2631 3472 2686 posse

1882 2718 1988 2756 nun
2045 2718 2181 2772 nego
2213 2702 2260 2764 (Ι
2291 2704 2413 2757 Cor.
2473 2708 2584 2773 sv),
2626 2708 2754 2776 quin
2778 2723 2967 2762 omnes
3015 2710 3261 2762 homines
3297 2708 3351 2765 in
3383 2710 3472 2763 die

1875 2793 2059 2863 judicii
2093 2797 2159 2846 ab
2188 2810 2253 2847 eo
2278 2794 2878 2863 resnscitandos(Joan.
2898 2812 2959 2860 v;
2990 2796 3179 2850 Matth.
3214 2802 3389 2864 χχιιι),
3414 2807 3473 2853 et

1881 2885 2144 2938 conliteor
2185 2895 2241 2937 et
2288 2886 2475 2946 credo,
2524 2886 2619 2939 sed
2644 2887 2786 2955 quod
2818 2888 3076 2955 adjicitis,
3106 2888 3231 2957 quia
3261 2891 3472 2944 scilicet

1882 2976 2060 3028 denuo
2094 2984 2268 3029 terras
2295 2975 2648 3029 iultabitatnri
2674 2977 2805 3038 sint,
2834 2993 2939 3030 non
2978 2980 3169 3032 credo.

1959 3064 2189 3121 Morsns.
2223 3064 2334 3119 Nec
2384 3066 2485 3119 hoc
2528 3067 2621 3120 tibi
2654 3074 2840 3121 contra
2868 3068 3024 3124 iidem
3053 3086 3173 3124 esse
3197 3070 3355 3125 debet.
3389 3070 3471 3125 vi-

1884 3158 2022 3221 deri,
2073 3172 2197 3213 cuiu
2244 3160 2313 3213 ab
2348 3158 2462 3212 Elia
2511 3158 2595 3213 vel
2643 3160 2836 3213 Elisteo
2868 3162 3246 3223 resuscitatus,
3283 3170 3470 3231 postea

1810 3227 1852 3283 C
1885 3251 2098 3322 longam
2131 3253 2293 3304 vitam
2331 3251 2566 3314 duxerit,
2602 3267 2826 3307 uxorein
2880 3254 3153 3319 habuerit,
3203 3256 3342 3309 lilios
3371 3272 3468 3325 ge-

1885 3342 2086 3406 nuerit,
2118 3350 2174 3395 et
2207 3341 2436 3410 pristina
2485 3341 2734 3395 humanae
2783 3341 2906 3396 vitae
2933 3350 3128 3396 cuncta
3157 3342 3335 3397 olticia
3363 3344 3469 3397 itit-

1884 3434 2128 3503 pleverit.

1954 3525 2191 3580 PE't'nUS.
2219 3526 2417 3579 Verum
2446 3535 2529 3581 est
2556 3535 2610 3581 et
2639 3527 2775 3581 bene.
2794 3528 2966 3597 potuit
2990 3545 3128 3591 esse,
3155 3530 3237 3584 vel
3259 3546 3353 3600 per
3366 3531 3471 3585 mi-

1886 3617 2130 3671 I'aculuut
2158 3615 2240 3670 vei
2262 3632 2358 3685 per
2388 3632 2603 3686 precem
2629 3621 2799 3671 sancti
2828 3619 2946 3681 viri,
2968 3622 3094 3689 quia
3116 3637 3312 3689 corpus
3333 3637 3471 3675 nun-

1884 3704 2143 3759 dutuerat
2163 3705 2508 3770 dissolutum,
2524 3707 2774 3774 quamvis
2793 3709 2956 3761 etiant
2988 3725 3326 3779 nequaquam
3350 3726 3466 3766 cre-

1885 3798 2157 3862 deremus,
2174 3799 2279 3851 nisi
2298 3800 2660 3853 testimoniutu
2681 3814 2842 3869 super
2865 3802 2964 3855 hoc
2981 3804 3352 3872 pr0pbeticum
3371 3805 3470 3857 Ita-

1884 3889 2155 3943 berentus.
2200 3890 2400 3945 Verum
2428 3907 2490 3943 ea
2518 3906 2636 3958 qua:
2663 3895 3345 3964 contrausumcontingerc
3374 3910 3468 3950 so-

1885 3979 2015 4043 lent,
2043 3982 2176 4034 ﬁdes
2211 3983 2487 4035 hominum
2518 3984 2794 4052 suscipere
2843 3982 3002 4037 facile
3047 3999 3151 4039 nou
3175 3988 3335 4051 solet,
3363 3988 3466 4043 nisi

1886 4073 2069 4128 talium
2083 4075 2472 4127 conﬁrmentur
2500 4076 2819 4128 auctoritate
2846 4075 3247 4143 prophetarum.
3267 4080 3464 4145 quibus

1883 4168 2119 4219 omnium
2142 4167 2293 4219 favor
2307 4165 2594 4235 applaudat
2612 4167 2942 4229 auditorum,
2956 4177 3008 4220 et
3025 4176 3155 4220 utea
3181 4167 3292 4236 ipsa
3309 4184 3466 4237 aper-

1886 4259 2091 4311 tissime
2112 4257 2398 4324 loqnantur
2427 4258 2720 4325 prophetat.
2746 4256 2857 4312 Hoc
2878 4271 3056 4312 autent
3080 4259 3255 4313 nullus
3275 4271 3462 4328 aperte

1885 4352 2255 4420 pronuntiavit
2279 4354 2557 4419 propheta.
2574 4350 2677 4403 Sed
2693 4365 2814 4403 cum
2833 4351 2993 4406 vestri
3015 4351 3116 4405 hoc
3128 4353 3361 4406 dixerint
3373 4352 3463 4404 do-

1883 4452 2086 4506 ctores,
2113 4442 2270 4496 uento
2294 4454 2473 4495 tamen
2495 4457 2561 4495 ex
2583 4441 2668 4494 his
2690 4441 2779 4511 qui
2802 4452 2926 4497 ante
2945 4441 3218 4497 Christum
3242 4442 3465 4497 luerunt

215 4556 344 4624 Quod
363 4562 599 4632 igitttritt
632 4563 758 4617 libri
781 4578 878 4616 nos
897 4563 1119 4616 exordio
1141 4562 1780 4631 erraredisisti,enquo:l
1814 4571 1858 4627 υ
1885 4537 2026 4590 ί⁸¹¹¹¹¹
2056 4536 2325 4632 mimi"-
2357 4536 2631 4603 Se'luaces
2660 4545 2841 4632 ίξυιθω
2861 4550 3101 4632 θηθηῖ¹¹³
3135 4535 3278 4632 ’δυιιιῖ
3307 4550 3462 4632 "Prw

213 4662 315 4718 post
340 4656 683 4725 captivitatis
715 4655 1047 4717 evasionem,
1090 4654 1402 4708 inusitatum
1429 4654 1583 4708 nobis
1614 4657 1781 4709 mira-

214 4743 389 4814 culum,
420 4747 641 4804 scilicet
676 4758 920 4802 mortuos
955 4746 1046 4815 qui
1085 4745 1264 4800 denuo
1287 4756 1463 4801 terras
1513 4746 1783 4802 inltabitao

212 4846 315 4890 rent
336 4838 656 4894 resuscitari
688 4854 720 4891 a
754 4839 864 4891 Deo
884 4837 1437 4905 crederemus.qnare
1466 4837 1520 4891 itt
1549 4838 1651 4893 hac
1678 4839 1783 4894 lide

210 4940 375 4984 errare
404 4932 503 4986 tibi
537 4931 851 4991 videamur.
881 4943 1095 4999 precor,
1122 4929 1351 4997 aperias.

268 5017 489 5080 Penus.
562 5022 689 5078 Hoc
749 5019 1065 5076 miraculum
1119 5028 1329 5073 vosmet
1376 5019 1617 5072 asseritis
1662 5033 1785 5074 esse

207 5123 381 5178 prater
401 5102 587 5169 usum.
612 5112 885 5181 Quidquid
913 5120 1093 5167 autem
1118 5120 1313 5179 praeter
1339 5110 1783 5164 consuetudinem

207 5205 383 5270 evenit,
423 5206 547 5261 sine
582 5205 913 5259 auctoritate
953 5213 1047 5257 aut
1082 5203 1307 5265 ratione,
1340 5211 1625 5270 antequam
1660 5217 1783 5257 eve-

208 5296 309 5349 uiat
333 5315 435 5352 non
462 5300 634 5353 debet
664 5297 832 5351 credi.
863 5297 1116 5351 Errorem
1150 5295 1316 5363 igitur
1337 5295 1522 5364 judico
1542 5295 1784 5362 credere,

208 5389 333 5455 quod
361 5389 503 5444 nulla
542 5400 708 5458 potes
733 5390 1056 5443 auctoritate
1084 5388 1332 5457 probare.

269 5481 493 5537 Nosses.
544 5482 668 5536 Hoc
711 5495 841 5535 sane
878 5479 1059 5536 multis
1103 5477 1516 5533 auctoritatibus
1556 5476 1788 5545 probare

205 5569 449 5629 valemus.
495 5573 683 5644 Moysi
715 5573 857 5624 enim
902 5572 1005 5626 hoc
1035 5571 1294 5639 probatur
1342 5568 1652 5622 testimonio
1702 5566 1788 5619 di-

205 5665 362 5719 centis
383 5666 450 5720 ad
476 5667 747 5736 populum
771 5663 931 5717 lsrael
958 5681 972 5715 :
1012 5660 1194 5716 Videte
1213 5662 1350 5729 quod
1382 5675 1474 5727 ego
1502 5659 1598 5710 sint
1622 5655 1787 5719 solus,

201 5761 245 5803 et
280 5769 384 5808 non
412 5756 479 5808 sit
513 5755 665 5809 alius
697 5752 833 5807 Deus
858 5762 1044 5819 praeter
1069 5767 1167 5805 me.
1200 5750 1313 5820 Ego
1334 5748 1572 5802 occidam
1623 5756 1671 5800 et
1696 5762 1789 5816 ego

203 5845 357 5901 risere
375 5846 612 5915 Iudam,
642 5843 930 5909 percutiam
958 5852 1004 5901 et
1037 5859 1129 5916 ego
1165 5845 1364 5899 sonabo
1387 5840 1567 5901 (Deut.
1590 5839 1786 5911 xxxii).

1883 4644 2011 4682 nere
2052 4640 2110 4681 ut
2145 4626 2451 4682 Iudaeorum
2501 4642 2634 4695 gens
2674 4626 2728 4680 itt
2775 4641 2872 4682 sua
2906 4626 3223 4697 persistet‘et
3264 4626 3459 4684 inlide-

1882 4721 2051 4776 litate.

1954 4813 2186 4869 Marses.
2222 4812 2289 4867 Et
2326 4813 2370 4868 si
2402 4812 2654 4869 doctores
2698 4821 2914 4869 nostros
2956 4814 3245 4870 scdueendi
3292 4829 3459 4871 causa

1886 4908 2107 4962 ﬁnxisse
2140 4909 2254 4961 ha:c
2282 4906 2503 4971 astruis,
2537 4905 2665 4973 quid
2688 4905 2754 4959 de
2782 4904 3061 4973 prophetis
3086 4905 3229 4960 idem
3261 4906 3461 4962 facien-

1887 5001 2030 5055 tibus
2056 4995 2452 5068 respondebis?
2483 4996 2571 5049 Ait
2623 4997 2765 5048 euiut
2800 4994 2967 5051 Isaias
2996 5012 3013 5052 :
3060 4993 3237 5053 Vivent
3269 4998 3460 5051 mortui

1886 5096 1964 5148 tui
1998 5108 2017 5146 :
2045 5091 2304 5161 interfecti
2328 5090 2423 5143 mei
2459 5099 2748 5159 resurgant.
2783 5086 3221 5159 Expergiscimini
3268 5101 3314 5145 et
3339 5090 3460 5145 lau-

1887 5200 2007 5251 date
2034 5196 2124 5266 qui
2146 5193 2390 5248 habitatis
2416 5194 2469 5246 in
2498 5204 2707 5259 pulvere
2733 5189 2871 5258 (Ita.
2898 5191 3071 5260 nrt).

1960 5287 2197 5341 PETRUS.
2248 5283 2419 5339 Verba
2452 5283 2566 5336 lucc.
2608 5296 2946 5351 nequaquam
2985 5282 3273 5337 ostendunt
3315 5294 3462 5333 mor-

1890 5386 2011 5432 tuos
2049 5386 2259 5431 vestros
2304 5374 2369 5429 ad
2412 5373 2822 5427 inhabitandam
2874 5384 3071 5425 terram
3123 5370 3460 5432 resuscitari,

1889 5470 2147 5540 quoniam
2185 5466 2228 5519 si
2260 5466 2545 5535 diligenter
2570 5465 2714 5534 quod
2739 5464 2938 5518 dicitur
2980 5461 3320 5516 attendamus
3359 5474 3459 5512 nec

1890 5570 2225 5614 tnortnorunt
2250 5556 2701 5609 resurrectionettt
2725 5555 2793 5608 ibi
2820 5562 3064 5624 patenter
3082 5550 3458 5622 praesignatam

1854 5649 2247 5704 .invenictnus.
2295 5645 2546 5713 Alioquin
2594 5646 2809 5699 sibimet
2860 5644 3117 5713 propheta
3154 5639 3457 5694 contrarius

1891 5757 2006 5797 esse
2024 5738 2311 5803 videbitur,
2328 5751 2449 5791 cum
2474 5738 2526 5790 itt
2549 5734 2917 5805 superioribus
2938 5733 3160 5787 dixerit:
3180 5729 3456 5784 Morientes

1893 5852 1995 5891 tum
2027 5834 2216 5899 virent,
2240 5831 2470 5902 gigantes
2495 5844 2598 5885 non
2621 5837 2882 5896 rcsurgcnt
2907 5824 3103 5895 (ibidJ.
3126 5821 3278 5888 Quod
3299 5821 3458 5891 igitur
