4038 6490
568 392 686 467 3.83

1534 391 1732 447 rem
1770 391 2109 449 ALl’lIONSI
2136 390 2225 446 ex
2261 387 2509 447 ιρι)ιο
2532 387 2926 446 οηιιιδτιωι
3704 404 3782 460 ιιι

579 519 635 564 et
672 526 704 564 a
734 524 938 564 natura:
972 525 1072 563 usu
1103 509 1373 570 dissentit,
1405 516 1457 560 et
1491 507 1589 575 ipsi
1623 506 1899 575 propheta:
1937 516 2152 561 contra-
2184 512 2229 567 Α
2255 502 2495 556 animam
2539 502 2845 569 contendis,
2868 518 2990 558 cum
3024 502 3163 558 idem
3194 505 3455 574 propheta
3485 522 3550 561 ex
3571 507 3652 565 Dei
3679 532 3783 584 pm.

579 602 832 657 rietateut
901 601 1115 669 ingerit,
1166 612 1508 667 nequaquam
1581 597 1875 651 secundum
1944 596 2157 649 libitum

576 691 1001 759 uniuscujusque
1036 693 1102 743 ad
1132 705 1350 744 sensum
1388 700 1594 743 natura:
1624 687 1958 742 contrarium
1998 686 2158 740 debet

576 783 798 852 exponi,
828 797 950 836 cum
982 781 1143 835 aliter
1172 797 1305 835 sano
1334 796 1495 835 sensu
1546 779 1719 850 possit
1765 777 2019 848 intelligi,
2051 776 2155 831 nisi

574 877 881 929 necessaria
913 873 1051 927 ratio
1080 874 1150 926 ita
1183 874 1423 942 coegerit
1450 872 1647 943 accipi.

644 965 874 1021 Movses.
901 967 1102 1021 Audire
1123 964 1358 1020 delectat
1386 982 1620 1035 quonam
1649 966 1756 1022 alio
1786 964 1946 1021 modo
1969 979 2158 1021 versus

572 1054 735 1126 hujus
761 1058 1041 1111 sententiae
1060 1057 1206 1125 juste
1233 1066 1397 1127 queat
1427 1056 1674 1127 intelligi.

645 1149 887 1205 Penus.
925 1150 1142 1204 Duobus
1183 1150 1358 1205 modis
1390 1151 1614 1205 verbum
1662 1150 1768 1204 hoc
1804 1148 2029 1220 intelligi
2059 1163 2156 1219 po-

577 1251 701 1307 test,
733 1243 984 1297 videlicet
1014 1252 1073 1296 ut
1097 1242 1181 1297 vel
1212 1244 1280 1298 de
1315 1242 1548 1297 extremi
1576 1241 1764 1309 judicii
1804 1242 2159 1297 suscitatione

579 1332 783 1386 dictum
814 1332 1092 1398 credatur,
1120 1332 1203 1387 vel
1230 1331 1669 1387 resuscitatiouis
1694 1332 1912 1387 nomine
1933 1331 2158 1402 captivi-

578 1424 705 1477 tatis
732 1425 1041 1480 evasioncm
1065 1425 1476 1495 signiﬁcaverit.
1501 1422 1602 1479 llic
1628 1433 1809 1481 autem
1830 1440 2022 1480 sensus
2044 1440 2159 1479 ma-

576 1517 660 1585 gis
680 1519 745 1571 ad
770 1517 982 1573 literant
1010 1519 1286 1587 pertinere
1307 1519 1542 1585 videtur,
1569 1535 1691 1575 cum
1721 1517 1882 1588 paulo
1908 1518 2157 1588 superius

575 1608 839 1675 propheta
878 1624 989 1662 sum
1013 1610 1187 1679 gentis
1216 1610 1586 1679 captivitatem
1614 1619 1668 1663 ct
1693 1607 2032 1664 alilictionem
2058 1608 2154 1664 de-

577 1700 807 1763 tlcverit,
849 1702 1140 1769 statimque
1181 1701 1376 1755 divina:
1420 1701 1794 1771 promissionis
1835 1711 1891 1756 et
1938 1702 2157 1772 pietatis

579 1790 830 1846 solatium
870 1792 1051 1846 intulit
1095 1792 1321 1848 dicens:
1360 1792 1541 1847 Vivent
1580 1794 1794 1860 mortui,
1826 1802 1881 1849 et
1924 1793 2151 1864 reliqua.

2259 601 2417 657 ecpto
2445 591 2513 644 ad
2553 591 2803 659 spiritum
2848 592 3174 647 vaticiaetur
3202 593 3399 649 talibus
3453 597 3659 654 verbis?
3686 603 3784 660 hac

2257 684 2383 736 dicit
2410 680 2670 736 Dominus
2699 700 2719 739 :
2744 682 2786 736 Α
2810 695 3037 755 quatuor
3061 686 3221 739 ventis
3248 686 3385 752 veni,
3422 687 3640 754 spiritus,
3663 705 3701 747 et
3727 672 3787 750 in.

2257 780 2407 850 sufﬂa
2434 796 2592 850 super
2625 778 2924 847 interfectos
2944 779 3070 832 istos
3098 788 3145 831 et
3170 778 3500 833 reviviscunt.
3533 777 3592 834 Et
3615 789 3785 855 propin.

2261 872 2365 924 ιιιιοὶ
2395 872 2532 926 sicut
2580 879 2894 942 prwceperat
2922 868 3203 932 Dominus,
3232 879 3280 923 e.‘
3310 871 3566 940 ingressus
3591 886 3653 927 est
3680 879 3720 931 in
3740 897 3782 932 ea

2258 964 2575 1033 spiritus,et
2608 965 2866 1026 vixerunt,
2920 973 3268 1032 steteruntque
3320 980 3479 1032 super
3517 967 3652 1034 pedes
3697 989 3785 1026 suos

2257 1058 2517 1112 exercitus
2550 1056 2767 1128 grandis
2798 1056 2954 1110 nimis
2984 1053 3135 1108 valde
3163 1054 3365 1125 (ibid.).

2328 1144 2568 1200 Pernus.
2602 1145 2837 1215 Spiritus
2866 1144 2954 1198 hic
2983 1142 3073 1215 qtti
3120 1160 3152 1198 a
3180 1153 3416 1214 quatuor
3449 1148 3620 1202 venire
3656 1155 3786 1208 ventis

2251 1235 2497 1306 jubetur,
2539 1253 2882 1307 nequaquam
2928 1235 3205 1291 rationalis
3240 1247 3325 1291 est
3367 1237 3565 1302 anima,
3597 1242 3674 1295 sel
3699 1259 3785 1313 qua

2255 1343 2321 1384 ex
2345 1340 2578 1400 quatuor
2603 1329 2996 1386 elementorum
3024 1328 3083 1383 lit
3106 1329 3513 1397 conjunctione.

2329 1418 2559 1476 Mersus.
2596 1421 2673 1474 Ex
2713 1419 2892 1476 verbis
2922 1419 3029 1476 tuis
3059 1420 3378 1491 intelligitur
3406 1422 3545 1478 aliud
3570 1438 3671 1480 esse
3704 1430 3785 1497 spi-

2259 1509 2421 1564 ritum
2447 1510 2805 1582 corporalem,
2841 1511 2983 1565 aliud
3013 1512 3248 1566 anitttam
3297 1513 3610 1570 rationalem
3640 1522 3782 1589 :quod

2255 1601 2298 1656 si
2331 1602 2405 1657 ita
2432 1613 2536 1669 est,
2565 1612 2692 1659 tunc
2720 1614 2775 1658 et
2802 1619 2988 1659 eormn
3022 1619 3185 1674 opera
3224 1618 3351 1659 sunt
3376 1607 3597 1662 diversa.

2327 1689 2564 1748 Perses.
2604 1693 2682 1748 lta
2707 1708 2828 1748 esse
2860 1708 3017 1748 nemo
3043 1694 3261 1765 sapiens
3282 1695 3514 1750 dubitat.

2328 1782 2560 1840 Messes.
2601 1784 2893 1857 Utriusque
2918 1786 3282 1843 differentiam
3322 1790 3512 1844 audire
3535 1790 3754 1849 desidero.

575 1881 689 1937 Nec
730 1884 867 1939 hanc
904 1886 1212 1940 evasioncm
1243 1886 1483 1957 quolibet
1513 1887 1721 1942 incerto
1749 1894 2013 1957 tempore,
2063 1887 2154 1943 sed

2332 1874 2569 1931 Pareas.
2599 1876 2835 1947 Spiritus
2870 1878 3173 1948 corporalis
3213 1895 3412 1949 corpus
3441 1881 3639 1951 quidem
3664 1883 3786 1940 leris-

572 1983 695 2044 post
729 1975 996 2029 modicum
1037 1986 1246 2045 tempus
1286 1986 1604 2031 eventuram
1652 1976 1894 2031 insinuat
1921 1976 2157 2032 dicens:

581 2064 748 2133 Vade,
771 2066 994 2135 populus
1032 2083 1201 2134 meus,
1233 2068 1372 2121 intra
1403 2068 1640 2122 cubicula
1665 2078 1778 2136 tua,
1803 2067 1990 2123 claude
2024 2068 2160 2123 ostia

572 2164 666 2210 tua
717 2173 873 2226 super
893 2168 962 2222 te,
998 2157 1315 2212 abscondere
1365 2158 1627 2212 modicum
1689 2159 1760 2213 ad
1815 2167 2155 2225 momentum,

572 2247 737 2300 donec
774 2256 1094 2316 pertranseat
1129 2248 1427 2318 indignatio
1451 2249 1653 2321 (ibid.).
1679 2249 1806 2306 Hinc
1834 2249 1901 2304 ad
1927 2252 2160 2322 captivi-

574 2347 740 2392 tatem
763 2349 1132 2410 congruenter
1164 2340 1497 2397 referuntur.

647 2428 876 2484 Movsss.
919 2429 1301 2502 Nunquidnam
1349 2433 1554 2505 aliquid
1602 2434 1707 2489 tale
1734 2435 1788 2490 in
1826 2435 2008 2491 verbis
2054 2436 2158 2492 Da-

573 2519 736 2575 nielis
777 2520 1015 2588 objicere
1062 2525 1306 2591 poteris?
1335 2524 1425 2579 Ait
1449 2526 1597 2580 enim
1631 2526 1833 2582 :Multi
1858 2533 1923 2583 de
1951 2529 2033 2583 Itis
2066 2530 2156 2599 qui

574 2613 843 2667 dormiunt
887 2614 943 2668 in
980 2625 1132 2669 terra:
1165 2616 1374 2686 puluere
1412 2619 1725 2688 vigilabant,
1775 2620 1871 2675 alii
1913 2622 1968 2676 in
1998 2622 2158 2677 vitam

573 2711 823 2758 aeternam
851 2747 865 2771 ,
912 2706 1006 2759 alii
1070 2707 1126 2761 in
1182 2708 1519 2779 opprobrium
1585 2723 1640 2765 ut
1696 2711 1904 2767 videant
1956 2728 2160 2783 semper

572 2794 741 2868 (Dan.
769 2796 888 2869 xu).

646 2887 882 2944 Psrnus.
918 2890 1094 2947 Tanto
1128 2891 1340 2961 longius
1381 2893 1680 2951 auctoritas
1710 2896 1827 2950 haec
1857 2912 1887 2950 a
1919 2903 2009 2950 tua
2040 2896 2155 2950 dis-

569 2990 759 3050 crepat
787 2982 1107 3048 intentione,
1133 2991 1337 3052 quanto
1369 2984 1671 3040 evidentius
1699 2986 1767 3041 de
1790 2986 1982 3040 ultimo
2014 2986 2159 3056 judio

571 3071 659 3125 cio
682 3072 1000 3144 intelligitur
1023 3076 1165 3130 dicta
1190 3075 1376 3131 fuisse.
1407 3077 1462 3132 In
1506 3076 1597 3132 illa
1622 3078 1767 3133 enim
1796 3079 2154 3134 resurrectio-

570 3178 664 3227 ne,
694 3164 846 3218 ibttnt
875 3166 958 3221 vel
991 3167 1043 3220 in
1085 3166 1250 3220 vitam
1282 3178 1543 3223 aeternam
1567 3168 1651 3223 vel
1683 3170 1736 3223 in
1765 3182 2028 3225 aeternum
2056 3185 2155 3242 op-

570 3255 848 3325 probrium
876 3255 1058 3328 (Joan.
1089 3274 1147 3323 v;
1184 3257 1376 3313 Matth.
1408 3263 1555 3328 xxv).

646 3345 879 3402 Messes.
929 3349 1241 3405 lnveniesne
1283 3350 1482 3420 aliquid
1514 3351 1656 3421 quod
1679 3362 1867 3407 contra
1898 3352 2156 3410 Ezechie-

571 3437 677 3493 lem
718 3442 1039 3511 prophetam
1071 3442 1255 3497 dicere
1284 3443 1493 3513 possis?
1518 3442 1618 3510 Qui
1646 3459 1769 3498 cum
1796 3444 1977 3512 plures
2007 3461 2155 3500 mor-

572 3542 697 3587 tuos
724 3534 902 3588 divina
930 3536 1248 3591 suscitasset
1275 3536 1495 3603 virtute,
1522 3537 1586 3591 de
1615 3535 1810 3591 futuris
1835 3554 2046 3608 quoque
2071 3539 2155 3595 his

571 3625 894 3681 vaticinatus
930 3637 1014 3682 est
1079 3630 1295 3684 verbis:
1332 3629 1461 3685 llwc
1499 3631 1623 3684 dicit
1668 3629 1924 3685 Dominus
1970 3630 2151 3686 Deus:

572 3714 710 3770 Ecce
735 3734 826 3786 ego
859 3718 1090 3787 aperiam
1123 3720 1353 3775 tumulos
1383 3731 1599 3786 vestros,
1630 3731 1679 3776 et
1708 3722 1928 3776 educam
1971 3739 2058 3777 vos
2099 3724 2153 3778 in

571 3817 769 3861 terram
796 3808 965 3864 Israel
984 3808 1203 3881 (Ezech.
1229 3813 1461 3884 xxxv").
1494 3812 1561 3867 Et
1591 3821 1714 3884 post
1741 3828 1910 3883 pauca
1941 3830 1956 3868 :
1983 3812 2049 3867 Et
2074 3829 2151 3867 re-

570 3901 836 3962 quiescere
871 3918 955 3955 vos
991 3902 1186 3970 faciam
1233 3921 1388 3974 super
1437 3906 1653 3959 humum
1693 3917 1915 3962 vestram
1947 3906 2150 3978 (ibid.).

574 3989 716 4044 Ecce
739 4000 793 4045 et
824 4002 1063 4048 nzortuos
1085 3996 1510 4064 suscitandos,ct
1536 4007 1709 4053 terras
1734 4014 1858 4053 suas
1888 3998 2155 4054 inhabita-

575 4091 726 4137 turos
754 4085 1090 4153 apertissime
1108 4089 1370 4156 proobeta
1394 4099 1554 4159 atque
1579 4090 1950 4146 indubitanter
1972 4100 2155 4147 osten-

570 4172 668 4228 dit.

643 4264 880 4324 Psrnus.
917 4269 1030 4325 lloc
1066 4271 1216 4341 prius
1245 4272 1502 4328 debemus
1531 4274 1819 4339 discutere,
1849 4284 1910 4328 ιιι
1947 4275 2154 4331 scilicet

567 4358 715 4428 quali
747 4374 840 4414 eos
867 4361 1211 4417 suscitaverit
1242 4364 1402 4416 modo
1428 4366 1702 4418 valeamus
1728 4376 2043 4435 agnoscere,
2075 4366 2156 4419 vi-

570 4447 763 4502 delicet
790 4462 967 4503 utrum
992 4461 1111 4520 post
1133 4452 1539 4506 suscitationcut
1571 4454 1751 4507 omnia
1784 4454 2002 4509 humani
2032 4470 2156 4510 cor-

2262 1966 2458 2022 simum
2489 1978 2573 2023 est
2601 1977 2656 2022 et
2680 1967 3115 2035 subtilissimum,
3142 1971 3284 2040 quod
3315 1971 3369 2024 in
3400 1971 3621 2028 hominis
3638 1990 3787 2044 corpus

2265 2070 2323 2110 re
2349 2071 2417 2110 ex
2443 2067 2677 2127 quatuor
2693 2056 3081 2113 elementorum
3107 2059 3165 2113 lit
3189 2060 3585 2129 conjunctione,
3604 2072 3715 2119 etes
3739 2079 3791 2120 eo

2262 2148 2381 2205 loco
2417 2149 2471 2203 in
2511 2165 2702 2206 omnes
2738 2152 3012 2223 spargitur
3043 2167 3226 2220 venas,
3259 2154 3473 2223 ipsique
3493 2157 3681 2225 corpori
3719 2159 3790 2212 tri-

2262 2240 2379 2296 buit
2404 2241 2591 2306 vitam,
2622 2252 2679 2298 et
2706 2243 2953 2312 halitum,
2982 2254 3036 2299 et
3062 2245 3280 2300 arteriis
3306 2246 3577 2301 assiduum
3603 2247 3790 2318 pulsum,

2261 2343 2317 2388 et
2340 2333 2642 2389 naturalem
2667 2334 2899 2390 hominis
2921 2345 3148 2403 motum,
3174 2337 3277 2392 hoc
3309 2353 3434 2392 cum
3464 2354 3667 2410 corpore
3680 2341 3791 2410 quod

2261 2426 2499 2481 viviﬁcat
2534 2426 2695 2482 simul
2744 2428 3131 2499 corrumpitur.
3190 2429 3287 2486 Est
3340 2439 3524 2486 autem
3560 2432 3791 2489 rationalis

2260 2518 2442 2572 auitna
2494 2517 2800 2574 substantia
2842 2535 2939 2590 per
2967 2536 3025 2575 se
3051 2521 3358 2579 subsistens
3388 2524 3681 2594 incorporea
3718 2541 3793 2580 vuo

2260 2609 2495 2665 luntario
2520 2618 2669 2665 motu
2688 2613 2891 2666 moveri
2920 2612 3122 2668 faciens
3146 2629 3368 2686 corpus,
3399 2615 3512 2687 ipsa
3534 2625 3692 2672 tamen
3717 2617 3796 2672 im-

2259 2702 2474 2759 mobilis
2529 2719 2876 2774 permanens,
2924 2722 3149 2777 corpore
3212 2725 3429 2779 quoque
3489 2711 3571 2766 cui
3611 2712 3796 2767 inhaeret

2260 2806 2538 2865 corrupto,
2576 2796 2999 2868 incorruptibilis
3028 2798 3290 2869 existens,
3325 2802 3510 2872 generi
3537 2803 3683 2858 etiam
3721 2804 3796 2857 atl-

2253 2884 2440 2956 juncta
2476 2888 2713 2957 speciem
2741 2889 2973 2944 hominis
3003 2890 3117 2962 ipsa
3140 2891 3448 2963 perlicieus.

2332 2978 2561 3035 Mersus.
2599 2980 2817 3036 Memini
2858 2982 3054 3040 multos
3096 2997 3224 3040 ante
3252 3001 3350 3042 nos
3379 2988 3577 3045 dixisse
3600 2989 3795 3043 animata

2259 3072 2638 3127 rationabilem
2681 3088 2748 3127 ex
2777 3083 3012 3143 quatuor
3040 3075 3434 3133 elementorum
3465 3080 3798 3151 conjunctione

2259 3164 2454 3218 creari.
2474 3163 2604 3233 Quae
2630 3164 2962 3236 conjunctio,
2993 3182 3116 3221 cum
3141 3169 3413 3225 subtiliter
3451 3172 3531 3238 lit,
3550 3172 3668 3225 nihil
3693 3173 3796 3227 deu-

2255 3252 2432 3307 sitatis
2461 3253 2667 3309 habens
2696 3253 2751 3309 in
2779 3269 2858 3320 se,
2883 3254 3136 3310 dixerunt
3157 3257 3392 3313 animam
3409 3261 3643 3315 subtilem
3665 3275 3796 3326 esse;

2255 3344 2301 3400 si
2330 3359 2458 3400 vero
2494 3344 2844 3402 obscuritatis
2885 3345 3086 3418 aliquid
3128 3348 3327 3404 habeat
3356 3360 3414 3405 ct
3455 3352 3798 3423 spissitudiuis,

2255 3436 2509 3491 dixerunt
2534 3437 2772 3493 animam
2800 3452 3024 3510 segnem
3046 3454 3183 3511 ,csse
3211 3452 3266 3498 et
3289 3443 3539 3499 obtusum
3568 3446 3650 3500 tali
3693 3444 3800 3500 illud

2255 3540 2573 3599 argumento
2594 3532 2905 3600 probantes.
2930 3532 3008 3588 Es
3031 3533 3400 3605 adjunctione.
3419 3538 3798 3609 inquiunt,qua-

2254 3620 2501 3676 rutndam
2537 3637 2719 3677 rerum
2765 3623 2889 3678 talia
2927 3625 3071 3696 gigni
3120 3643 3264 3698 szepe
3312 3630 3579 3691 videmus.
3622 3630 3802 3687 colores

2254 3711 2485 3779 scilicet,
2512 3714 2741 3771 virtutes
2759 3724 2814 3770 et
2836 3730 3001 3786 opera
3029 3734 3150 3789 qua:
3167 3720 3233 3774 de
3252 3720 3397 3775 nulla
3427 3722 3630 3777 illarum
3650 3722 3691 3777 si
3713 3723 3801 3777 dis.

2248 3802 2450 3873 juncta:
2486 3806 2774 3875 {sigillatim
2828 3808 3169 3880 accipiantur
3240 3814 3582 3884 proveniunt.
3630 3813 3803 3870 Simili-

2257 3906 2340 3952 ter
2359 3914 2571 3970 quoque
2602 3900 2724 3972 igne
2757 3911 2813 3957 et
2836 3918 2985 3970 aere,
3015 3920 3171 3973 aqua,
3210 3916 3352 3962 terra
3383 3910 3587 3978 pariter
3606 3910 3800 3979 junctis.

2255 3993 2534 4048 rationalis
2563 3996 2881 4065 producitur
2904 3998 3108 4065 anima,
3136 4016 3256 4070 quae
3285 4010 3468 4059 tamen
3492 4005 3537 4059 si
3564 4015 3805 4076 quaeratur

2255 4083 2309 4139 iit
2344 4085 2592 4156 singulis,
2622 4102 2725 4141 non
2763 4087 3036 4145 invenitur
3063 4091 3368 4149 manifesta.

2324 4177 2561 4234 Perses.
2582 4181 2637 4234 Si
2661 4196 2729 4235 ex
2745 4195 2973 4251 corpore
3007 4196 3246 4255 quatuor
3273 4186 3662 4243 elementorum
3697 4203 3806 4243 con-

2247 4267 2529 4339 junctione
2575 4270 2816 4342 perfecto
2857 4275 3136 4330 rationalis
3176 4279 3422 4332 nascitur
3449 4280 3642 4345 anima,
3671 4278 3806 4333 debet

2254 4379 2389 4435 ergo
2416 4365 2701 4420 deficiente
2748 4368 2993 4436 corporis
3045 4369 3241 4426 robore
3279 4372 3480 4427 anitna:
3510 4374 3669 4428 vittas
3694 4370 3809 4427 deli-

2255 4470 2400 4511 cere.
2440 4456 2495 4511 Si
2530 4469 2710 4512 autem
2754 4459 2928 4514 virtus
2964 4462 3177 4528 animae,
3202 4478 3325 4518 euut
3361 4468 3608 4536 corporis
3649 4464 3810 4521 deﬁcit

571 4541 717 4609 poris
747 4541 923 4595 ol'tieia
952 4542 1307 4612 capieverint,
1338 4558 1528 4599 necne.
1567 4543 1702 4598 Nam
1747 4554 1803 4600 et
1838 4547 1940 4602 hoc
1968 4547 2154 4617 pleris-
2180 4564 2230 4625 ι)
2259 4551 2471 4612 robore.
2497 4552 2742 4621 sequitur
2780 4569 2910 4626 ergo
2939 4564 2999 4608 ut
3037 4554 3334 4612 inchoante
3361 4562 3609 4630 corporei
3634 4560 3811 4631 vigoris

568 4648 675 4703 que
705 4633 756 4687 in
781 4634 1001 4689 dubium
1033 4635 1196 4689 venit.

643 4726 875 4780 MoYSES.
940 4726 1009 4782 Ut
1060 4728 1231 4781 nostri
1279 4736 1547 4783 testantur
1591 4731 1864 4801 doctores,
1912 4749 2016 4789 non
2054 4750 2151 4804 per

571 4816 838 4871 somnium
870 4816 962 4870 sed
989 4816 1214 4887 vigilans
1234 4833 1328 4873 eos
1353 4834 1645 4891 exsurgere
1682 4822 1830 4878 fecit.
1859 4824 1925 4878 Et
1954 4836 2013 4879 ut
2047 4827 2151 4883 hoc

574 4908 747 4975 magis
777 4923 963 4962 verum
994 4923 1113 4964 esse
1151 4910 1472 4977 innotescat,
1516 4914 1662 4984 ipsos
1684 4930 1875 4972 oumes
1905 4927 2149 4975 mortuos

572 5012 709 5065 quos
762 4998 873 5068 ipse
918 5000 1202 5054 suscitavit
1248 5002 1314 5057 de
1363 5002 1619 5074 Ephraint
1668 5006 1811 5062 tribu
1865 5009 2150 5077 perhibent

574 5093 759 5158 fuisse,
794 5110 929 5164 quos
966 5096 1018 5150 in
1044 5097 1350 5166 egressione
1379 5100 1556 5168 populi
1597 5102 1663 5155 de
1691 5099 1928 5173 Egypto
1949 5104 2152 5160 dicitur

575 5184 777 5239 obiisse
807 5185 859 5240 itt
894 5185 1339 5243 Philisthinorum
1371 5190 1609 5260 regione.
1631 5191 1756 5248 lla-c
1777 5203 1957 5249 autem
1977 5196 2151 5250 susci-

574 5280 706 5334 tatio
735 5281 947 5350 signum
969 5280 1069 5336 fuit
1106 5281 1316 5345 futurae,
1359 5293 1418 5337 ut
1452 5286 1905 5353 quemadmodum
1938 5287 2009 5341 illi
2032 5303 2151 5342 om-

572 5387 668 5426 nes
705 5381 829 5428 sunt
860 5389 956 5443 per
989 5390 1110 5428 eum
1167 5376 1433 5442 suscitati,
1481 5377 1561 5433 sic
1590 5385 1646 5432 et
1687 5377 1879 5447 reliqui
1911 5378 2149 5433 universi

570 5462 893 5532 quandoque
918 5464 1209 5520 credantur
1237 5465 1556 5521 suscitandi.

640 5549 874 5609 Perses.
909 5555 1186 5621 Quomodo
1229 5555 1337 5611 illis
1368 5571 1553 5611 veram
1579 5566 1636 5611 et
1676 5557 1970 5627 perfectam
2022 5573 2153 5613 eon-

572 5641 696 5697 tulit
726 5646 1205 5710 resurrectionem,
1233 5661 1354 5701 cum
1381 5647 1619 5701 animam
1668 5660 2009 5718 nequaquam
2047 5647 2152 5706 illis

571 5730 865 5787 reddiderit
892 5733 1247 5789 rationalem?

642 5820 875 5879 nosses.
928 5810 1171 5891 Qualiter
1212 5839 1308 5883 eos
1360 5840 1465 5882 non
1517 5824 1833 5882 rationalem
1881 5828 2151 5899 recepisse

2251 4641 2625 4709 dissolutione,
2657 4644 2866 4714 pariter
2909 4645 3239 4703 dissolvatur
3286 4660 3341 4704 et
3390 4652 3568 4708 virtus
3618 4653 3809 4707 aninne.

2251 4732 2402 4800 Quod
2434 4735 2480 4790 si
2522 4738 2853 4794 concedatur
2880 4750 3137 4811 corrupto
3173 4757 3428 4814 corpore,
3458 4745 3636 4800 anima
3664 4745 3809 4801 etiam

2250 4826 2521 4896 corrumpi
2560 4828 2922 4887 concluditur.

2323 4915 2556 4972 Alovsss.
2589 4920 2786 4977 Rectus
2804 4923 2939 4978 ordo
2968 4926 3366 4995 consequentia:
3394 4926 3479 4984 sic
3509 4926 3813 4986 eveniretle-

2250 5020 2534 5066 monstrat.

2321 5102 2557 5158 Pt-z'rnus.
2595 5101 2701 5158 Sed
2722 5115 3027 5176 argumenti
3049 5109 3327 5167 conclusio
3354 5112 3636 5170 oculorum
3669 5114 3810 5171 ﬁdem

2251 5193 2549 5264 impugnat.
2594 5193 2748 5264 Saepe
2787 5196 2934 5253 enim
2965 5202 3250 5271 contingit,
3274 5216 3486 5274 quanto
3514 5209 3683 5281 magis
3708 5224 3815 5264 cor-

2248 5302 2352 5356 pus
2392 5286 2707 5342 debilitatur
2748 5299 2803 5344 et
2834 5293 2993 5346 morti
3048 5296 3351 5366 appropiat,
3385 5310 3445 5354 ut
3483 5310 3634 5357 tanto
3661 5300 3813 5370 magis

2249 5378 2593 5435 convalescat
2631 5379 2833 5449 anima,
2863 5381 3025 5438 veluti
3057 5383 3344 5454 aliquoties
3377 5389 3567 5446 multis
3604 5390 3814 5447 inﬁrmis

2250 5471 2387 5527 solet
2414 5470 2683 5540 accidere,
2707 5482 2765 5526 ut
2786 5485 2990 5543 quanto
3017 5478 3177 5532 morti
3206 5481 3515 5548 proxitnior
3538 5492 3640 5548 est,
3678 5492 3816 5537 tanto

2249 5561 2634 5632 perspicaciori
2667 5565 2865 5619 mentis
2892 5568 3140 5623 acumine
3167 5568 3290 5639 plus
3310 5571 3476 5629 solito
3496 5574 3815 5637 recordetur.

2250 5663 2307 5708 et
2334 5663 2527 5709 cuncta
2566 5655 2861 5724 provideat,
2884 5666 2939 5713 et
2961 5658 3013 5713 in
3047 5660 3161 5730 ipso
3193 5677 3301 5732 quo
3321 5666 3516 5720 melius
3542 5667 3715 5720 anima
3746 5665 3819 5720 vi-

2251 5755 2394 5815 geat,
2439 5757 2713 5803 momento
2745 5748 2907 5806 homo
2945 5753 3194 5811 intereat.
3221 5756 3357 5813 Cum
3385 5769 3570 5815 autem
3603 5770 3746 5815 tanta
3768 5768 3820 5814 ut

2251 5837 2360 5892 dixi
2388 5837 2721 5907 perspicacia
2752 5840 2930 5914 vigeat
2956 5846 3155 5914 anima,
3188 5856 3314 5904 tunc
3341 5850 3527 5907 omnia
3568 5851 3820 5919 languen-
