4142 6360
317 429 424 488 585

1800 422 2090 479 DIALOGI.
3483 385 3572 483 sat

320 544 390 599 tis
419 545 664 612 corporis
695 543 812 612 plus
838 539 1158 594 decrescunt
1181 537 1382 594 ol’ticia.
1406 537 1713 593 lnvcniums
1762 553 1895 608 prae-
1927 547 1973 600 Α
2005 537 2168 592 lisum
2203 539 2403 608 aliquid
2427 555 2490 594 ac
2517 549 2724 596 certum
2758 541 2995 607 firmare,
3027 541 3342 596 memoriam
3362 541 3591 606 habere,

318 644 463 688 terea
495 645 655 686 senes
685 629 971 698 plerosque
999 643 1122 683 cum
1155 629 1220 682 ad
1255 629 1414 681 talem
1442 628 1788 697 pervenerint
1819 642 1905 681 sc-

316 733 608 788 nectutem,
661 733 718 777 ut
753 723 896 777 nulla
953 722 1025 776 sit
1079 723 1130 775 in
1169 722 1250 775 cis
1310 720 1573 775 fortitudo
1621 735 1904 788 corporea,

319 825 446 868 tunc
492 815 697 884 pollere
741 813 971 866 consilio
1022 812 1256 864 animam
1309 820 1364 864 et
1417 811 1565 864 omni
1619 811 1902 880 sapientia.

317 906 456 961 llinc
496 907 678 975 itaque
722 907 945 959 evidens
975 904 1251 972 colligitur
1302 901 1462 964 ratio,
1509 909 1652 970 quod
1705 918 1909 970 nequa-

316 1011 476 1067 quam
528 1004 595 1052 de
654 997 1046 1051 elementorum
1095 995 1291 1062 copula
1348 993 1630 1047 rationalis
1683 995 1908 1061 prodeat

316 1093 519 1153 anima,
549 1089 646 1143 sed
691 1090 833 1143 sicut
861 1088 1112 1157 superius
1142 1087 1400 1152 diximus,
1428 1086 1496 1139 sit
1521 1101 1616 1153 per
1647 1099 1703 1138 se
1735 1084 1907 1138 subsi-

313 1192 468 1235 stens
503 1179 824 1234 substantia.
869 1177 1139 1246 Quidquid
1166 1177 1308 1230 enim
1337 1191 1500 1228 unum
1529 1189 1754 1229 numero
1778 1174 1898 1228 esi-

315 1284 464 1328 stens
504 1283 558 1326 et
587 1275 638 1326 in
672 1273 754 1326 sui
785 1284 976 1326 natura
1028 1269 1362 1324 immutabile
1399 1282 1744 1338 permanens,
1779 1282 1906 1320 eon-

319 1367 609 1419 trariorum
640 1374 718 1418 est
754 1362 1123 1432 suseeptibile,
1157 1360 1458 1414 substantia
1487 1368 1570 1412 est
1599 1359 1783 1428 utique
1813 1373 1909 1428 per

317 1471 377 1510 se
397 1456 717 1510 subsistens.
740 1454 1003 1520 Quoniam
1026 1452 1191 1522 igitur
1213 1453 1392 1504 anima
1425 1463 1526 1502 una
1552 1456 1635 1502 est
1659 1462 1904 1511 numero,

317 1547 484 1601 veluti
537 1547 798 1608 Platonis,
837 1544 1104 1608 Socratis,
1135 1543 1249 1597 sive
1295 1541 1587 1610 cujuslibet
1621 1540 1778 1593 unius
1807 1541 1908 1593 ho-

321 1639 485 1692 minis
517 1639 721 1699 anima,
757 1652 855 1690 nec
887 1637 936 1688 in
971 1636 1052 1688 sui
1097 1644 1292 1688 natura
1333 1633 1599 1685 ullatenus
1633 1641 1910 1701 permuta-

323 1736 431 1790 tur,
457 1729 552 1782 sed
576 1728 696 1781 boni
731 1727 967 1795 malique
989 1735 1071 1778 est
1101 1722 1486 1792 susceplihilis,
1522 1731 1694 1777 restat
1722 1736 1908 1775 ncces-

322 1819 467 1872 sario
500 1831 557 1875 ut
579 1823 648 1876 sit
672 1837 768 1891 per
797 1837 856 1875 se
889 1821 1195 1874 subsistens
1222 1819 1550 1873 substantia.
1585 1818 1700 1870 Hoc
1723 1827 1924 1870 autem.

2011 639 2066 684 et
2095 629 2231 684 velle
2260 646 2437 685 rermn
2477 647 2670 686 causas
2710 633 3006 697 discutere,
3051 642 3105 686 et
3135 633 3390 686 discussis
3424 632 3488 686 ad
3515 633 3591 686 rei

2011 722 2294 776 veritatem
2324 725 2629 792 pervenire.
2662 723 2784 778 llaec
2829 725 2882 778 in
2926 724 3068 778 nulla
3111 723 3361 778 animalis
3386 724 3588 792 specie,

2012 811 2115 866 nisi
2147 812 2198 865 in
2235 812 2349 866 solo
2375 824 2654 882 permanet
2676 814 2914 869 homine.

2082 900 2314 956 Movsss.
2347 903 2501 967 Quali
2532 903 2690 956 modo
2729 903 2846 956 istac
2882 913 2992 957 tres
3013 904 3206 958 anima:
3235 904 3286 957 in
3317 917 3424 958 uno
3460 917 3593 956 con-

2009 992 2260 1046 venerint
2285 993 2540 1046 homine:
2573 993 2692 1046 dum
2719 1007 2846 1046 vero
2873 992 2924 1046 in
2952 993 3356 1047 irrationalibus
3377 993 3590 1046 anima-

2009 1082 2170 1136 libus.
2212 1083 2395 1137 Tertia
2447 1093 2624 1137 autem
2668 1083 2778 1137 sola
2811 1083 2862 1136 in
2903 1085 3153 1138 omnibus
3196 1085 3261 1138 de
3311 1095 3453 1139 terra
3499 1101 3596 1138 na-

2010 1175 2306 1237 scentibus,
2332 1185 2386 1228 et
2425 1175 2634 1245 ignoro,
2669 1185 2723 1228 et
2751 1175 3097 1229 vehementer
3117 1176 3376 1241 admiror.

2079 1265 2313 1321 l’mnus.
2380 1267 2432 1320 In
2502 1265 2858 1336 quorumdam
2945 1265 3385 1334 philosophorum
3442 1266 3596 1320 libris

2009 1351 2134 1422 legi,
2165 1354 2307 1423 quod
2333 1369 2455 1408 cum
2511 1369 2690 1408 rermu
2737 1354 2938 1424 placuit
2968 1355 3201 1408 creatori
3237 1355 3593 1408 animantium

2010 1443 2253 1496 omnium
2308 1452 2471 1511 atque
2520 1444 2813 1496 virentium
2863 1459 3156 1515 procreare
3183 1460 3428 1514 corpora,
3463 1461 3596 1514 qna-

2013 1545 2134 1589 tuor
2191 1535 2244 1588 in
2304 1551 2466 1589 unum
2535 1536 2882 1590 commiscuit
2943 1537 3231 1602 elementa,
3301 1547 3354 1590 et
3403 1552 3593 1592 corum

2011 1627 2304 1696 qualitates
2357 1627 2519 1681 aliam
2571 1644 2665 1682 sua
2713 1631 3032 1698 temperavit
3101 1631 3402 1696 contraria,
3453 1638 3591 1683 ctcx

2012 1720 2102 1774 illa
2167 1722 2551 1774 commixtione
2611 1731 2890 1788 procreata
2941 1732 3065 1776 sunt
3115 1738 3342 1792 corpora
3403 1737 3597 1791 supra-

2013 1813 2175 1867 dicta.
2201 1813 2276 1866 Ex
2310 1814 2632 1883 qualitattun
2670 1831 2798 1868 vero
2827 1818 3180 1885 temperantia
3212 1823 3443 1884 quatuor
3472 1832 3594 1884 pro-

321 1911 482 1963 modo
526 1913 787 1981 probatur
818 1913 961 1980 quod
996 1925 1100 1963 non
1133 1910 1204 1964 sit
1248 1924 1532 1978 corporea.
1567 1907 1758 1962 Omnis
1788 1922 1907 1960 cor-
1941 1910 1983 1964 B
2009 1914 2276 1959 venerunt
2326 1915 2556 1969 naturae,
2601 1921 2736 1975 quas
2761 1907 3110 1975 prmdiximus
3138 1907 3384 1971 virtutes,
3427 1921 3595 1975 appe-

321 1999 470 2068 poris
498 2001 729 2068 qualitas
766 2000 1019 2054 humanis
1039 1999 1279 2068 subjaeet
1313 1999 1581 2052 sensibus.
1610 1997 1906 2067 Cujuseun-

320 2106 429 2159 que
467 2102 646 2146 autem
696 2093 772 2146 rei
815 2092 1103 2161 qualitates
1142 2090 1271 2144 nulli
1318 2105 1579 2160 corporeo
1625 2090 1908 2158 subjaceut

321 2183 527 2250 sensui,
587 2199 686 2238 nec
731 2199 991 2252 corporea
1042 2192 1128 2237 est
1169 2183 1284 2252 ipsa
1330 2181 1576 2236 dicenda.
1609 2180 1906 2249 Qualitates

321 2286 506 2331 autem
538 2279 735 2331 animm
763 2278 964 2331 bonum
993 2286 1195 2331 suntet
1219 2277 1442 2341 malum,
1469 2293 1586 2346 qum
1611 2277 1757 2331 nullo
1785 2292 1906 2330 cor-

319 2381 484 2436 porco
514 2369 888 2438 percipiuntur
913 2383 1093 2422 sensu.
1121 2367 1316 2420 Anima
1352 2369 1514 2437 igitur
1537 2384 1640 2420 non
1674 2377 1755 2422 est
1785 2384 1908 2422 cor-

321 2478 504 2532 porea.
561 2463 688 2517 Item
741 2464 882 2518 idem
943 2465 1054 2519 alio
1101 2467 1183 2520 sic
1244 2466 1508 2534 probatur
1563 2474 1903 2533 argumento.

321 2555 494 2610 Omne
520 2569 718 2624 corpus
741 2557 921 2624 aliquo
947 2572 1213 2626 corporeo
1242 2555 1537 2624 percipitur
1564 2569 1746 2608 sensu.
1779 2553 1909 2607 Ani-

321 2660 410 2699 ma
440 2654 620 2698 autem
662 2645 789 2698 nulli
835 2644 1080 2714 suhjacet
1130 2647 1374 2716 corporis
1421 2645 1626 2700 sensui.
1674 2644 1788 2699 Non
1825 2655 1908 2700 cst

318 2751 448 2806 ergo
502 2751 784 2804 corporea.
835 2736 960 2791 Haac
989 2738 1152 2791 etiam
1187 2739 1363 2791 anima
1395 2745 1650 2805 corrupto
1680 2752 1907 2805 corpore

320 2840 428 2879 non
464 2827 848 2894 corrumpitur.
877 2829 1130 2897 Corporis
1174 2844 1409 2895 namque
1441 2829 1718 2896 corruptio
1738 2828 1907 2880 tribus

322 2917 496 2972 modis
524 2917 606 2980 fit,
647 2917 729 2970 vel
777 2933 897 2972 cum
923 2920 1052 2986 quid
1097 2920 1378 2973 marcessit
1405 2928 1458 2973 et
1496 2920 1715 2983 arescit,
1747 2929 1804 2971 ut
1854 2919 1906 2972 in

322 3009 606 3064 arboribus
639 3011 882 3065 videmus
913 3021 966 3066 et
1010 3012 1214 3075 herbis,
1255 3012 1334 3064 vel
1368 3027 1489 3065 cum
1521 3011 1904 3065 detrimentum

323 3100 405 3154 sui
435 3101 656 3169 patitur,
682 3112 739 3156 ut
763 3101 840 3156 sal
875 3102 957 3157 vel
999 3101 1181 3156 fenum
1224 3119 1345 3158 cum
1377 3105 1444 3158 de
1484 3104 1601 3157 loco
1634 3105 1699 3156 ad
1731 3103 1903 3157 locmn

320 3202 592 3258 movetur,
640 3193 722 3248 vel
767 3209 892 3248 cum
942 3195 1276 3259 dissolvitur,
1312 3206 1369 3248 ut
1397 3195 1584 3249 donms
1634 3210 1756 3249 cum
1791 3195 1906 3257 de-

321 3283 564 3348 struitur,
598 3283 682 3338 vel
717 3284 934 3354 aliqum!
980 3301 1074 3339 vas
1105 3301 1227 3339 cum
1271 3284 1557 3354 frangitur.
1605 3283 1757 3338 Nulla
1811 3302 1905 3338 au-

321 3387 428 3430 tem
478 3377 669 3430 harum
718 3376 778 3430 tit
829 3377 929 3431 nisi
973 3378 1057 3431 vel
1107 3378 1159 3431 in
1207 3393 1458 3447 corpore,
1493 3377 1575 3430 vel
1611 3378 1662 3431 iu
1699 3393 1756 3432 re
1787 3393 1904 3446 qua:

319 3468 536 3538 corpori
566 3469 781 3524 accidit.
810 3467 916 3523 Sed
960 3470 1140 3523 anima
1173 3485 1271 3522 nec
1300 3484 1498 3537 corpus
1525 3481 1626 3533 est,
1655 3485 1755 3523 nec
1789 3468 1905 3522 [ιιιιο

319 3560 483 3613 datur
524 3561 859 3630 incorpore.
909 3561 1066 3615 Nullo
1123 3561 1306 3630 itaque
1366 3561 1557 3614 hormn
1603 3563 1758 3614 modo
1785 3577 1905 3615 cor«

319 3653 609 3722 rumpitur.
643 3654 910 3708 Prmterea
939 3653 1055 3708 hace
1079 3655 1192 3723 ipsa
1224 3653 1503 3707 rationalis
1532 3654 1713 3706 anima
1739 3653 1905 3705 homi-

320 3740 404 3794 nis
434 3742 670 3811 speciem
693 3743 944 3814 complet,
973 3745 1226 3814 quoniam
1259 3744 1370 3814 ipsa
1397 3742 1712 3796 rationalem
1743 3740 1905 3796 eﬁicit

318 3831 612 3888 hominem.

389 3922 622 3978 Morsss.
665 3922 802 3990 Quid
875 3924 1112 3995 Spiritus
1187 3924 1486 3995 corporalis
1547 3939 1576 3976 a
1655 3921 1902 3976 rationali

319 4014 532 4070 dill'erat
567 4016 748 4071 anima
795 4027 1045 4087 patenter
1068 4019 1283 4088 agnovi.
1319 4018 1424 4072 Sed
1474 4019 1729 4086 quoniam
1781 4017 1904 4087 phi-

321 4107 531 4176 l050phi
559 4109 748 4164 dicunt
791 4110 841 4162 in
871 4109 1116 4165 homines
1144 4119 1253 4165 tres
1284 4125 1404 4164 esse
1431 4111 1661 4175 animas,
1689 4110 1901 4181 postulo

321 4207 380 4252 ut
408 4213 652 4267 quamam
682 4200 764 4253 ha:
794 4201 902 4253 sint
927 4201 1160 4269 aperias.

391 4287 626 4345 Psrars.
657 4289 790 4344 Tres
828 4291 930 4345 illze
956 4305 1090 4360 quas
1121 4292 1301 4344 dicunt
1328 4291 1543 4357 animm,
1574 4300 1699 4344 sunt
1723 4292 1900 4346 anima

317 4379 658 4449 vegetabilis,
689 4382 870 4434 anima
899 4382 1158 4443 bestialis,
1200 4382 1376 4434 anima
1426 4381 1724 4435 rationalis.

389 4470 621 4526 Mersus.
665 4471 864 4526 Harum
917 4471 1250 4543 singularum
1307 4487 1470 4542 opera
1519 4481 1573 4526 ct
1623 4472 1794 4527 oﬂicia
1843 4480 1901 4525 ut

319 4565 467 4620 dicas
491 4566 792 4636 expostulo.

387 4657 622 4713 Penus.
666 4657 749 4710 Ab
796 4659 920 4714 imis
947 4658 1013 4712 ad
1067 4659 1346 4728 superiora
1392 4645 1656 4728 gradatim
1707 4673 1897 4712 ascen-

318 4750 448 4804 dere
507 4750 657 4804 libet.
730 4747 1056 4821 Vegetabilis
1111 4751 1304 4804 animae
1375 4751 1479 4805 duo
1530 4760 1655 4805 sunt
1703 4749 1896 4804 oliicia.

317 4836 471 4892 Facit
537 4839 681 4892 enim
719 4853 897 4892 rerum
963 4839 1381 4902 incrementum,
1467 4849 1521 4894 ct
1583 4840 1900 4908 corporibus

319 4930 450 4998 ipsis
489 4939 709 5001 prmstat
763 4930 1175 4984 nutrimentum.
1231 4930 1341 4986 Hoc
1389 4941 1566 4985 autem
1613 4941 1900 5000 utrumque

321 5039 424 5076 non
453 5023 583 5078 facit
611 5023 712 5077 nisi
757 5038 853 5092 per
898 5033 1134 5092 quatuor
1178 5034 1384 5079 natura:
1412 5024 1662 5087 virtutes,
1694 5024 1900 5092 appeti-

323 5113 484 5168 tivam
534 5113 772 5178 scilicet,
814 5115 1171 5179 retentivam,
1220 5115 1539 5184 digestivam
1598 5123 1654 5167 et
1707 5115 1896 5184 expul-

323 5205 512 5260 sivam.
539 5206 608 5259 Et
637 5207 751 5261 haec
777 5207 959 5260 anima
998 5205 1051 5262 in
1076 5208 1326 5262 omnibus
1350 5207 1625 5262 invenitur
1653 5206 1899 5275 virgultis

319 5297 384 5351 :lc
428 5307 572 5352 terra
620 5300 988 5362 nascentibus,
1020 5309 1074 5354 et
1113 5300 1379 5354 universis
1419 5298 1731 5353 animalium
1779 5312 1898 5368 spe-

315 5386 523 5440 eiebus.
581 5385 764 5443 Oﬂicia
820 5399 1000 5444 autem
1051 5389 1294 5444 bestialis
1339 5390 1552 5454 animae,
1605 5403 1731 5443 vere
1771 5395 1898 5442 sunt

315 5480 566 5548 corporis
610 5494 819 5546 sensus,
885 5493 1066 5536 motus
1109 5482 1272 5536 etiam
1324 5483 1391 5536 de
1436 5483 1552 5536 loco
1579 5485 1644 5535 ad
1694 5481 1895 5537 locum.

313 5568 443 5626 Hae
474 5581 654 5625 autem
685 5571 738 5627 in
782 5573 1107 5629 animalibus
1149 5582 1353 5627 tantum
1387 5575 1676 5644 reperitur,
1701 5585 1754 5630 et
1782 5575 1898 5630 haec

313 5661 498 5716 anima
549 5677 673 5717 cum
757 5664 950 5735 spiritu
1012 5663 1283 5733 corporali
1345 5665 1496 5734 quasi
1575 5664 1895 5734 quibusdam

311 5753 549 5808 nexibus
575 5757 844 5810 counitur.
881 5756 1184 5811 Rationalis
1209 5767 1390 5813 autem
1421 5757 1614 5812 anima:
1639 5757 1753 5814 haec
1771 5767 1895 5815 sunt

309 5844 512 5914 olliz-ia,
585 5849 854 5913 meditari,
900 5849 1158 5904 meditata
1215 5851 1512 5919 recordari,
1557 5847 1890 5921 diacerncre,

620 5944 858 6005 Punor
881 5989 893 6002 .
942 5941 1174 6004 CLVII.

2011 1997 2160 2050 titiva
2215 1996 2442 2063 scilicet,
2516 1999 2798 2064 retentiva,
2858 1999 3121 2068 digestiva
3188 2007 3241 2053 et
3291 1999 3592 2069 cxpulsiva.

2010 2089 2338 2159 Corporibus
2388 2098 2568 2144 autem
2624 2091 2931 2160 hujusmodi
2988 2092 3294 2160 procreatis
3340 2091 3593 2145 omnibus

2007 2181 2226 2250 quidem
2290 2182 2606 2252 vegetabilis
2661 2181 2887 2234 adlnesit
2941 2182 3126 2234 anima
3178 2191 3234 2235 et
3281 2197 3377 2234 sua
3425 2181 3478 2234 in
3511 2182 3623 2250 eis,

2007 2275 2251 2328 exercuit
2305 2273 2500 2340 oﬂicia,
2549 2275 2845 2328 crescendo
2916 2274 3142 2339 scilicet,
3200 2275 3490 2327 nutriendo
3537 2283 3593 2326 et

2011 2363 2339 2435 generando.
2377 2364 2762 2420 Subtilioribus
2805 2374 2984 2420 autem
3016 2365 3258 2420 bestialis
3280 2366 3469 2434 juncta
3509 2379 3594 2419 est

2009 2457 2214 2520 anima,
2276 2464 2335 2510 ut
2363 2473 2458 2512 sua
2508 2457 2561 2510 in
2618 2457 2694 2510 eis
2721 2457 2977 2510 exhibere
3018 2466 3198 2526 posset
3219 2455 3416 2520 oﬂicia,
3457 2471 3596 2526 prae-

2009 2545 2203 2600 stando
2244 2545 2453 2600 scilicet
2487 2561 2705 2599 sensum
2731 2553 2784 2599 et
2817 2555 3024 2598 motum
3048 2546 3114 2599 de
3140 2544 3257 2598 loco
3285 2544 3351 2596 ad
3389 2543 3590 2597 locum.

2009 2635 2162 2702 Quod
2213 2646 2394 2690 autem
2445 2651 2511 2690 ex
2540 2635 2618 2689 eis
2647 2637 2888 2689 omnium
2933 2635 3359 2696 subtilissimum,
3389 2635 3593 2690 levissi-
3621 2701 3628 2712 .

2009 2742 2156 2781 mum
2198 2727 2301 2782 fuit
2328 2737 2382 2782 et
2423 2727 2968 2798 temperatissimum,
3015 2737 3067 2781 ct
3093 2727 3160 2780 ad
3191 2728 3588 2797 suscipiendam

2009 2818 2272 2872 rationem
2316 2819 2656 2888 aptissimum
2711 2817 2785 2870 illi
2828 2834 2886 2872 se
2935 2819 3216 2872 rationalis
3244 2819 3423 2872 anima
3448 2820 3589 2873 soci-

2008 2911 2194 2964 avltet
2220 2911 2306 2964 illa
2335 2926 2434 2966 sua
2471 2929 2588 2981 qua:
2627 2912 2976 2980 praediximus
3007 2910 3180 2965 oiiieia
3213 2911 3283 2965 ibi
3324 2911 3587 2964 exhibuit.

2008 2997 2122 3052 Hoc
2165 3001 2346 3070 itaque
2374 3003 2530 3054 modo
2565 3000 2721 3069 juxta
2754 3003 3084 3056 voluntatem
3118 3003 3209 3056 Dei
3255 3017 3319 3056 ac
3363 3004 3592 3072 disposi—

2011 3089 2233 3154 tionem,
2269 3100 2378 3144 tres
2407 3092 2511 3145 illa:
2541 3094 2734 3147 anima:
2759 3109 2948 3147 omnes
2977 3104 3351 3148 convenerunt
3397 3095 3449 3148 in
3491 3095 3560 3148 bo

2011 3181 2176 3245 tuine,
2207 3181 2260 3235 in
2292 3183 2615 3237 animalibus
2650 3184 3055 3240 irrationalibus
3083 3185 3419 3241 solummodo
3449 3188 3588 3240 duar.

2009 3272 2190 3328 Tertia
2221 3290 2400 3328 autem
2427 3274 2538 3328 sola
2571 3276 2622 3330 in
2659 3276 2944 3331 arboribus
2991 3284 3045 3332 et
3083 3277 3266 3331 herbis
3289 3294 3407 3347 qua:
3463 3292 3590 3331 nas-

2007 3374 2207 3419 cuntur
2241 3366 2306 3420 de
2351 3365 2560 3420 tellure.

2078 3456 2306 3514 Movses.
2349 3459 2492 3513 Bene
2533 3458 2606 3512 tui
2649 3458 2823 3529 gratia
2860 3458 3002 3529 quod
3040 3459 3350 3529 ignorabam
3397 3466 3584 3512 osten-

2007 3549 2153 3614 disti,
2180 3551 2274 3605 sed
2319 3567 2482 3604 unum
2525 3562 2695 3606 restat
2741 3554 2884 3622 quod
2912 3551 3040 3604 mihi
3098 3551 3308 3622 postulo
3363 3551 3585 3619 aperiri.

2006 3643 2138 3696 Cum
2168 3644 2309 3698 cnim
2343 3660 2570 3714 corpora
2605 3645 2785 3699 omnia
2830 3645 2897 3698 de
2939 3654 3172 3714 quatuor
3200 3644 3308 3708 sitit
3353 3644 3592 3697 clemen-

2007 3731 2076 3785 tis
2103 3720 2423 3802 composita,
2464 3736 2815 3789 vehementer
2845 3733 3084 3788 admiror
3111 3747 3284 3804 quare
3315 3733 3420 3787 alia
3469 3732 3590 3786 aliis

2005 3823 2240 3877 existant
2264 3823 2485 3878 leviora.

2078 3919 2313 3975 Psrnes.
2353 3920 2464 3974 lloe
2490 3921 2758 3992 contingit
2799 3921 2914 3974 sive
2944 3936 3011 3974 ex
3047 3921 3362 3975 diversitate
3413 3935 3586 3990 quan-

2005 4013 2220 4066 titatnm
2265 4012 2678 4074 elementorum,
2732 4013 2782 4064 in
2817 4028 3105 4082 corporum
3137 4012 3416 4065 creatione
3462 4012 3592 4065 intr.-

2005 4104 2238 4173 qualiter
2267 4103 2740 4172 adjunctorum,et
2785 4118 2853 4157 ex
2873 4104 3187 4157 diversitate
3220 4103 3588 4172 temperantia:

2003 4197 2325 4264 qualitatum
2358 4212 2567 4251 eorum.
2597 4193 2748 4262 Quod
2772 4197 2814 4250 si
2848 4195 3052 4266 largius
3092 4210 3251 4250 nosse
3285 4194 3584 4260 desideras,

2005 4292 2058 4345 in
2087 4290 2237 4344 libris
2276 4290 2520 4344 invenies
2563 4289 3026 4359 philosophormn,
3079 4288 3203 4356 quia
3243 4287 3309 4342 ad
3350 4301 3588 4357 praesens

2005 4384 2071 4438 dc
2120 4382 2424 4450 huiusmodi
2485 4397 2543 4436 re
2585 4381 2943 4451 explananda,
2997 4395 3098 4435 nec
3152 4390 3364 4447 tempus
3420 4379 3587 4433 habe-

2005 4493 2144 4540 mus,
2192 4491 2293 4530 nee
2344 4475 2544 4542 locum,
2592 4473 2658 4528 ad
2687 4482 2926 4528 vestrum
2957 4475 3136 4544 potius
3174 4483 3379 4527 estnos
3412 4472 3587 4528 redire

1927 4589 1982 4649 Β
2007 4567 2362 4636 propositum.

2076 4655 2306 4712 Movsss.
2352 4657 2468 4711 llnc
2501 4671 2673 4726 usque
2719 4655 2852 4710 satis
2895 4654 3266 4726 philosophice
3321 4654 3584 4720 tractasti,

2004 4761 2124 4815 qua:
2166 4746 2417 4800 distantia
2467 4746 2539 4800 sit
2581 4748 2722 4800 inter
2753 4745 3003 4816 spiritum
3029 4745 3365 4814 corporalem
3391 4743 3588 4797 etaui-

2003 4855 2147 4893 mam
2204 4839 2540 4894 rationalem.
2600 4840 2708 4894 Sed
2753 4840 3010 4910 quoniam
3077 4838 3256 4892 minus
3304 4837 3586 4892 doctorum

2003 4931 2276 5002 simplices
2306 4941 2514 4986 mentes
2545 4931 2824 4986 subtilium
2856 4932 3128 4986 rationum
3162 4929 3430 5000 profunda
3476 4946 3586 4985 non
3644 4981 3651 5003 ε

2004 5034 2309 5094 penetrant,
2335 5025 2580 5080 eamdem
2606 5025 2965 5080 diﬂ'erentiam
2995 5024 3130 5095 legis
3173 5032 3266 5078 aut
3296 5024 3587 5095 propheta-

2003 5132 2122 5171 rum
2153 5132 2353 5186 qumso,
2387 5118 2430 5172 si
2472 5118 2639 5184 vales,
2691 5117 3002 5173 testimonio
3033 5116 3224 5187 proba,
3257 5125 3316 5173 ut
3355 5133 3582 5188 quorum

2001 5208 2387 5279 profundarum
2470 5210 2739 5264 rationum
2811 5209 3053 5280 gravitas
3111 5225 3217 5264 non
3299 5209 3587 5265 illustravit

2003 5311 2261 5365 mentem,
2289 5299 2368 5352 eis
2398 5300 2590 5355 saltem
2621 5302 2922 5357 auctoritas
2960 5301 3124 5355 faciat
3151 5300 3333 5354 ﬁdem.

2073 5391 2307 5449 Parnus.
2351 5394 2406 5448 lu
2451 5397 2680 5450 exordio
2725 5396 2844 5451 libri
2921 5395 3196 5450 Geneseos
3245 5392 3456 5462 Moyses
3509 5388 3584 5442 ait

1999 5487 2299 5557 propheta:
2346 5486 2620 5543 Formavit
2657 5489 2796 5544 Deus
2849 5489 3114 5542 Ιιοιιιίιιειιι
3157 5487 3223 5540 de
3246 5484 3373 5539 limo
3407 5492 3580 5548 term,

1999 5586 2046 5631 et
2087 5577 2356 5646 inspiravit
2386 5578 2439 5632 iu
2465 5578 2654 5648 facient
2676 5579 2788 5648 ejus
2810 5578 3132 5648 spiraculum
3161 5575 3302 5643 vita,
3331 5583 3378 5629 et
3406 5572 3582 5642 [actus

1998 5678 2072 5723 est
2099 5670 2253 5724 homo
2281 5668 2336 5722 in
2374 5672 2606 5726 animum
2635 5671 2876 5725 viventem
2916 5667 3068 5741 (Gen.
3100 5667 3185 5740 tt),
3215 5682 3312 5738 per
3339 5665 3586 5736 spiracu-

1999 5758 2108 5816 lum
2139 5761 2348 5817 scilicet
2393 5761 2514 5819 vitce
2543 5763 2791 5834 spiritum
2818 5760 3180 5834 corporalem,
3206 5774 3304 5831 per
3343 5756 3584 5813 animam

1999 5867 2128 5908 vero
2156 5854 2452 5924 viventem,
2493 5855 2811 5915 rationalem
2850 5854 3152 5926 intelligens
3179 5851 3436 5907 animam.

3151 5947 3224 6016 19
