4038 6452
559 404 664 461 587

1485 396 1684 454 PETRI
1721 395 2065 452 ALPHONSI
2101 395 2150 450 Ε

2252 391 2480 450 1110Εο
2521 389 2915 446 CIIRISTIANI
3709 401 3791 461 εδδ

630 517 864 574 Musas.
897 519 1009 572 Per
1027 510 1354 585 spiraculum
1395 508 1514 563 vita:
1544 507 1862 562 rationalem
1903 507 2139 562 animam
2173 513 2218 570 Α
2249 506 2391 576 quod
2419 504 2599 559 anima
2625 504 2821 560 redibit
2853 502 2920 558 ad
2943 517 3164 575 corpus,
3191 516 3245 560 et
3266 504 3588 575 judicabitur
3608 523 3787 574 utrum-

554 621 656 663 nos
683 608 981 676 intelligere
1005 614 1311 673 possumus.

631 699 868 760 Pernus.
907 695 1061 761 Quod
1109 692 1244 747 dicis
1274 696 1419 744 stare
1463 703 1566 742 non
1616 697 1812 758 potest.
1856 683 1913 741 In
1954 683 2144 741 eodem

553 789 700 842 enim
746 789 838 840 lib.
886 787 938 838 in
981 782 1334 853 sequentibus
1374 781 1635 849 scriptum
1675 788 1758 833 est
1784 795 1798 831 :
1829 777 2146 847 Consumpta

553 896 626 932 est
652 880 818 932 omnis
842 895 965 931 caro
987 893 1105 947 qua:
1129 876 1431 929 movebatur
1445 889 1599 942 super
1621 883 1836 935 terram,
1855 871 2142 931 volucrum,

553 969 938 1034 animantium,
986 967 1271 1021 bestiarum
1310 977 1464 1037 atque
1496 965 1754 1034 reptilium
1785 979 1900 1034 quae
1942 973 2144 1031 reptant

553 1077 708 1128 super
741 1069 935 1112 tetram
957 1099 971 1122 ,
1014 1057 1242 1110 universi
1269 1057 1504 1108 homines
1525 1095 1538 1117 ,
1575 1063 1623 1106 et
1658 1064 1846 1107 cuncta
1881 1053 1934 1104 in
1960 1052 2145 1118 quibus

551 1151 874 1218 spiraculum
905 1150 1021 1203 vita!
1056 1159 1162 1213 est,
1202 1149 1255 1200 in
1286 1159 1427 1200 terra
1459 1155 1663 1199 mortua
1693 1154 1814 1198 sunt
1839 1143 1992 1215 (Cen.
2025 1149 2145 1212 vn).

555 1239 694 1292 Ecce
717 1239 1052 1291 enttmeratis
1081 1235 1414 1299 volucribus,
1453 1234 1820 1287 animantibus
1850 1233 2145 1287 bestiarum

554 1343 720 1400 atque
739 1329 1036 1400 rcptilibns,
1053 1329 1165 1384 sive
1186 1327 1519 1390 hominibus,
1544 1325 1720 1379 subito
1736 1323 1934 1387 intulit,
1953 1335 2146 1378 cuncta

555 1424 610 1476 in
633 1422 829 1491 quibus
865 1429 950 1476 est
977 1419 1303 1490 spiraculum
1329 1419 1450 1472 vita:
1474 1426 1686 1472 mortua
1724 1429 1868 1472 sunt.
1899 1416 1956 1470 Si
1985 1415 2149 1485 igitur

554 1531 655 1586 per
677 1513 1002 1585 spiraculum
1031 1514 1154 1567 vita:
1176 1512 1412 1566 animam
1435 1510 1659 1580 intelligi
1687 1511 1947 1565 voluisset
1975 1508 2145 1563 ratio-

555 1609 759 1672 nalem,
786 1605 894 1675 jam
927 1614 1122 1660 cuncta
1160 1605 1481 1660 rationalem
1507 1605 1748 1659 animam
1780 1605 2002 1658 habent.
2041 1601 2147 1655 Sed

556 1715 681 1754 cum
711 1697 850 1751 nulla
889 1705 1137 1752 creatura
1169 1705 1363 1766 praeter
1391 1697 1664 1751 hominem
1698 1695 2017 1750 rationalem
2053 1695 2147 1748 ha-

547 1789 682 1843 beat
711 1789 968 1855 animam,
997 1795 1212 1844 constat
1244 1787 1370 1857 quia
1403 1803 1501 1857 per
1537 1786 1866 1858 spiraculum
1893 1787 2020 1839 vitae
2051 1799 2145 1838 ne-

2249 612 2354 668 que
2379 595 2428 660 (I
2459 592 2583 650 Cor.
2612 611 2742 658 xm;
2775 593 2836 648 ll
2860 593 2982 648 Cor.
3017 611 3107 661 tu;
3145 595 3171 649 Ι
3207 596 3386 652 Thess.
3412 604 3502 668 tv).
3526 601 3616 658 IIic
3638 616 3790 665 autem

2249 697 2440 743 sensus
2457 688 2510 742 in
2531 686 2673 740 illius
2691 687 2987 756 prophetia:
3003 687 3384 756 etplanatione
3407 706 3537 746 sano
3552 695 3790 756 intellectu

2249 778 2464 847 concipi
2493 785 2692 848 potest,
2725 777 2794 829 ita
2824 787 2881 830 ut
2912 793 3011 832 nec
3042 776 3324 848 Scriptura
3360 781 3532 850 aliqua
3569 785 3647 841 vel
3673 791 3788 846 ratio

2250 867 2357 922 ulla
2389 870 2468 923 eis
2495 869 2740 922 videatur
2772 871 3068 924 contraria.
3097 871 3367 940 Quidquid
3391 883 3562 929 autem
3588 877 3636 930 in
3665 887 3793 936 tene.

2249 961 2428 1015 brosis
2455 961 2615 1015 dictis
2653 961 3062 1030 prophetarum,
3105 962 3290 1016 multis
3320 965 3488 1032 accipi
3519 979 3681 1034 potest
3700 988 3792 1027 ino-

2250 1051 2356 1114 dis,
2383 1052 2454 1104 ita
2476 1061 2532 1104 ut
2558 1052 2678 1120 quis
2701 1067 2822 1106 eam
2854 1067 3150 1122 exponens,
3185 1068 3283 1106 nec
3312 1069 3340 1106 a
3370 1052 3650 1124 Scriptura:
3673 1064 3794 1116 testi-

2250 1143 2466 1207 monio,
2504 1159 2605 1197 nec
2653 1160 2682 1196 a
2745 1144 2970 1197 rationis
3021 1147 3295 1199 eaorbitet
3334 1147 3555 1209 semita,
3586 1151 3703 1205 nihil
3727 1164 3794 1208 est

2249 1237 2636 1292 inconveniens
2677 1237 2724 1290 si
2763 1237 2885 1306 quis
2910 1253 3030 1291 eam
3061 1238 3314 1302 diverso,
3357 1239 3451 1292 sed
3493 1240 3630 1309 justo
3661 1259 3795 1313 expe-

2251 1331 2423 1384 suerit
2449 1347 2630 1384 sensu.
2665 1329 2721 1384 Si
2755 1329 2908 1398 cujus
2934 1340 3113 1383 autem
3145 1331 3268 1384 talis
3300 1331 3372 1384 sit
3400 1334 3672 1401 expositio,
3698 1353 3794 1406 qua:

2251 1424 2336 1478 vel
2367 1440 2395 1477 a
2425 1423 2703 1493 Scriptura
2751 1423 2832 1477 vel
2880 1438 2909 1477 a
2950 1423 3159 1478 ratione
3207 1433 3298 1476 aut
3345 1423 3417 1478 sit
3454 1434 3544 1477 aut
3589 1426 3795 1482 videatur

2250 1526 2536 1580 extranea,
2572 1530 2633 1568 ea
2665 1515 2814 1585 justo
2840 1514 3047 1582 judicio
3084 1529 3272 1568 carere
3316 1514 3517 1568 viribus
3556 1523 3634 1569 est.
3677 1520 3796 1571 testi-

2251 1609 2470 1662 mauda.
2503 1608 2768 1674 Quoniam
2795 1621 2923 1674 ergo
2953 1615 3042 1660 tua
3077 1607 3387 1674 explanatio
3418 1618 3525 1661 tam
3543 1608 3795 1679 Scriptura!

2251 1715 2413 1769 quam
2445 1699 2640 1754 rationi
2673 1699 2946 1753 invenitur
2976 1701 3252 1754 contraria
3274 1740 3288 1764 ,
3327 1701 3599 1770 :equitatis
3626 1701 3794 1770 judicio

2252 1800 2336 1845 est
2366 1790 2691 1860 repellenda.

543 1895 828 1951 quaquam
848 1881 1165 1934 rationalem
1195 1880 1858 1950 signiﬁcaveritanimam.
1887 1878 2143 1934 Salomon
2177 1865 2223 1924 Β
2321 1881 2552 1936 Movses.
2594 1878 2842 1946 Quonam
2890 1879 3051 1935 modo
3097 1881 3364 1935 sententia
3407 1896 3526 1936 mea
3565 1883 3630 1936 sit
3655 1881 3796 1954 ‘Scri-

560 1986 776 2041 quoque
805 1971 1241 2042 sapientissimus
1267 1971 1406 2026 idem
1430 1972 1668 2027 sentiens
1700 1972 1778 2025 ait
1808 1989 1820 2024 :
1852 1971 1980 2037 Quis
2006 1972 2146 2025 novit

556 2065 604 2116 si
625 2063 837 2130 spiritus
858 2063 1088 2130 ﬁliorum
1112 2063 1282 2116 Adam
1311 2064 1558 2117 ascendat
1581 2080 1812 2130 sursum,
1843 2075 1890 2116 et
1919 2065 1963 2117 si
1993 2065 2149 2133 spiri-

559 2166 642 2207 tus
656 2153 1015 2222 jumentorum
1043 2156 1322 2207 descendat
1346 2155 1627 2208 deorsum?
1649 2153 1847 2225 (Eccle.
1880 2156 1984 2226 ιιι.)
2009 2155 2148 2211 Ecce

559 2247 808 2316 Spiritum
840 2246 1076 2300 hominis
1106 2247 1360 2316 quoniam
1387 2256 1510 2315 post
1542 2262 1736 2316 corpus
1764 2247 2150 2320 incorruptibi-

547 2337 625 2390 'Iis
655 2346 954 2406 permanet,
1000 2352 1215 2390 sursum
1257 2338 1574 2403 ascendere,
1612 2338 1866 2408 Spiritum
1905 2339 2148 2410 veroju-

558 2437 865 2482 mentorum
896 2425 985 2495 qui
1033 2443 1153 2482 cum
1195 2443 1422 2497 corpore
1471 2428 1631 2481 simul
1677 2430 2048 2501 corrumpitur
2093 2439 2150 2486 et

559 2520 769 2585 interit,
797 2521 1048 2575 deorsum
1077 2519 1406 2574 descendere
1437 2521 1704 2589 perhibet.

633 2610 862 2666 lllovsns.
906 2610 1062 2665 Aliud
1095 2609 1410 2664 rationalem
1436 2611 1696 2675 animam,
1727 2613 1870 2667 aliud
1894 2615 2146 2684 spiritum

559 2703 897 2770 corporalem
926 2717 1046 2756 esse
1069 2718 1133 2756 ex
1166 2701 1418 2756 omnibus
1458 2703 1704 2771 partibus
1735 2706 2018 2760 manifeste
2056 2723 2148 2760 co-

536 2779 1084 2864 ,g‘novi,iipsumque
1134 2791 1381 2862 spiritum
1424 2793 1760 2862 corporalem
1802 2798 1868 2850 de
1919 2807 2149 2866 qnatuor

560 2885 952 2940 elementorum
980 2883 1359 2952 conjunctione
1382 2885 1516 2939 licri.
1542 2885 1806 2955 Spiritum
1831 2905 1961 2959 ergo
1987 2906 2148 2960 quem

560 2977 811 3031 Ezechiel
846 2977 1103 3046 propheta
1136 2992 1164 3028 a
1192 2987 1424 3047 quatuor
1451 2979 1635 3031 mundi
1668 2981 1910 3048 partibus
1940 2998 2003 3036 ex
2054 2981 2145 3038 Dei

554 3069 710 3135 jussu
741 3069 925 3123 venire
965 3069 1216 3137 praecepit
1248 3069 1462 3139 (Ezech.
1490 3071 1718 3141 xxxvii),
1750 3073 1995 3141 spiritum
2026 3089 2148 3128 cor-

562 3159 801 3229 poralem
854 3158 1075 3228 intelligi
1130 3159 1327 3212 debere
1365 3173 1660 3229 cognosco,
1703 3169 1758 3214 ct
1805 3161 1871 3215 de
1923 3163 2150 3217 mortuis

561 3265 699 3321 quos
725 3249 1007 3304 suscitavit
1031 3249 1171 3318 quod
1199 3249 1517 3304 rationalem
1542 3254 1778 3304 animam
1806 3265 2146 3322 receperunt,

565 3346 782 3402 licetsic
802 3363 830 3399 a
858 3345 1040 3400 multis
1067 3346 1344 3409 credatur,
1369 3345 1592 3409 nullam,
1613 3347 1901 3413 conﬁteor,
1923 3349 2150 3403 auctori-

562 3448 728 3492 tatem
791 3439 1022 3508 reperio.
1077 3437 1251 3506 Ipsam
1305 3445 1480 3491 tamen
1532 3453 1750 3508 quoquo
1800 3440 1959 3494 modo
2010 3440 2150 3494 facta

563 3529 726 3584 fuerit
766 3529 1253 3592 resurrectionem,
1295 3525 1508 3600 signum
1555 3528 1754 3584 futura:
1793 3533 2150 3586 resurreCtio-

563 3620 679 3683 nis,
713 3628 764 3672 et
787 3619 908 3672 dico
937 3628 991 3673 et
1030 3618 1192 3671 credo
1225 3617 1418 3685 fuisse,
1453 3621 1594 3688 quod
1625 3618 1766 3673 Deus
1807 3619 2015 3674 scilicet
2058 3635 2152 3674 no-

565 3722 713 3767 stros
738 3712 1062 3780 quando’que
1091 3710 1184 3780 qui
1208 3714 1384 3766 denuo
1402 3719 1575 3765 terras
1600 3710 1902 3764 inhabitent
1919 3712 2153 3766 resusci-

565 3811 776 3858 taturus
811 3803 882 3857 sit
915 3812 1172 3867 mortuos,
1220 3801 1672 3872 quemadmodum
1709 3802 1848 3856 idem
1887 3805 2150 3874 propheta

563 3895 812 3965 superius
838 3893 1072 3947 ostendit
1095 3893 1280 3948 dicens
1305 3911 1316 3946 :
1343 3891 1409 3944 Et
1441 3894 1614 3946 scietis
1636 3893 1758 3964 quia
1781 3910 1874 3963 ego
1902 3893 2151 3948 Dominus

563 4001 681 4038 eum
713 4000 964 4053 aperuero
998 3982 1238 4052 sepulcra
1267 3993 1467 4048 vestra,
1504 3994 1552 4036 et
1583 3984 1814 4037 eduxero
1839 4001 1926 4038 vos
1957 3987 2021 4038 de
2063 3995 2152 4038 tu-

560 4076 718 4130 mulis
753 4076 933 4130 vestris
975 4074 1196 4144 populus
1232 4091 1394 4138 meus,
1430 4083 1476 4128 et
1503 4074 1692 4128 dedero
1723 4076 1963 4144 spiritum
1983 4092 2154 4132 nteant

561 4170 615 4224 in
646 4170 808 4234 vobis,
833 4179 880 4224 et
915 4169 1169 4232 vixeritis,
1209 4177 1256 4221 et
1298 4168 1616 4238 requiescere
1647 4184 1733 4222 ros
1778 4167 1970 4236 faciam
2000 4183 2155 4237 super

559 4262 775 4316 humum
802 4271 1021 4314 vestram
1054 4259 1250 4330 (ibid.).

631 4351 866 4406 Pnrnvs.
905 4350 1018 4406 I‘Ioc
1049 4366 1177 4404 sane
1213 4351 1378 4420 potuit
1422 4351 1524 4404 diei
1567 4349 1632 4404 de
1677 4359 2022 4405 mortuorum
2069 4365 2155 4404 re-

560 4443 920 4498 suscitatione
947 4443 998 4495 in
1025 4443 1109 4496 die
1132 4441 1343 4510 judit-ii.

632 4535 870 4591 Movsas.
914 4534 972 4589 Si
1005 4535 1072 4589 de
1115 4535 1207 4589 illo
1238 4535 1468 4604 intelligi
1508 4534 1722 4588 volebat
1753 4533 1994 4601 judicio,
2043 4548 2149 4587 non
2183 4554 2229 4612 υ

561 4628 823 4681 debuerat
849 4625 901 4679 in
927 4625 1212 4679 sententia:
1248 4624 1353 4679 line
1389 4624 1569 4678 dicere
1602 4625 1917 4692 requiescere
1947 4641 2035 4676 vos
2063 4623 2149 4692 fn-

561 4721 696 4770 riam
725 4734 879 4786 super
902 4719 1117 4770 humum
1143 4728 1392 4770 vestram.
1417 4715 1570 4769 Tunc
1592 4714 1735 4768 enim
1761 4714 1962 4769 nemini
1989 4731 2151 4785 super

561 4816 762 4858 terram
801 4820 950 4858 suam
984 4805 1323 4875 requiescere
1350 4803 1558 4858 licitum
1591 4803 1716 4858 erit.

631 4893 864 4949 PETRUS.
908 4893 1144 4964 Requies
1175 4893 1276 4948 ista
1307 4893 1411 4948 hoc
1447 4891 1606 4947 modo
1651 4892 1825 4963 accipi
1856 4902 2062 4963 potest,
2093 4903 2148 4950 ut

562 4986 797 5040 animam
821 4985 1085 5056 signiticet
1116 4985 1457 5054 requiescere
1489 4984 1542 5038 in
1579 4999 1827 5055 corpore,
1859 4986 2002 5054 quod
2043 5001 2148 5039 non

562 5076 836 5132 immerito
873 5087 1031 5132 terra:
1071 5077 1285 5130 nomine
1315 5075 1382 5130 de
1417 5091 1522 5145 qua
1553 5085 1823 5145 sumptum
1861 5086 1942 5131 est
1973 5077 2148 5144 expri-

564 5170 751 5232 mitur,
783 5177 919 5223 teste
951 5169 1171 5237 insuper
1194 5165 1497 5235 Scriptura,
1523 5179 1643 5234 qua:
1679 5163 1990 5235 frequenter
2017 5165 2149 5220 illud

563 5259 782 5314 nomine
824 5269 981 5313 terrae
1009 5256 1262 5328 appellat.
1299 5256 1388 5309 Ait
1429 5256 1572 5311 enim
1598 5253 1848 5327 Moyses:
1882 5254 2149 5309 Formavit

562 5349 703 5404 Deus
743 5351 1004 5403 hominem
1045 5349 1110 5402 de
1153 5347 1279 5400 limo
1311 5356 1464 5401 terra:
1491 5344 1656 5418 (Gen.
1688 5345 1777 5416 ιι).
1817 5346 1952 5402 Ecce
1990 5347 2151 5401 homo

563 5457 686 5496 cum
713 5449 944 5510 quatuor
964 5438 1352 5493 elementorum
1373 5438 1433 5491 iit
1456 5436 1834 5508 conjunctione
1857 5435 2149 5506 perfectus,

564 5532 629 5585 de
664 5541 806 5585 terra
843 5537 1051 5583 tantum
1094 5543 1215 5597 qua;
1251 5537 1336 5582 est
1376 5544 1541 5582 untnn
1581 5527 1910 5582 elementum
1953 5525 2152 5579 dicitur

563 5622 759 5687 fartus,
797 5621 889 5675 sed
920 5636 1025 5674 non
1069 5621 1538 5684 incom'enienter,
1577 5620 1702 5688 quia
1742 5629 1897 5672 terrce
1936 5618 2151 5673 nomine

565 5716 834 5784 signiﬁcat
870 5729 1083 5783 corpus.
1136 5712 1439 5780 Intelligere
1489 5726 1778 5781 possumus
1829 5726 1957 5780 ergo
2008 5712 2150 5779 quod

566 5805 726 5860 dicit.
765 5805 928 5860 faciet
973 5820 1065 5859 eos
1111 5803 1453 5870 requiescere
1501 5815 1664 5871 super
1705 5801 1930 5855 humum
1973 5816 2146 5870 suam,

2247 1983 2423 2044 plura:
2445 1973 2742 2038 contraria,
2775 1973 2960 2027 audire
2981 1973 3232 2028 delectat.

2319 2065 2558 2120 Pramus.
2597 2063 2763 2118 David
2787 2064 3050 2134 propheta
3071 2065 3136 2118 de
3167 2065 3393 2119 mortuis
3419 2065 3593 2121 taliter
3617 2066 3759 2136 inquit
3783 2085 3793 2120 :

2249 2153 2501 2218 Sepulcra
2527 2171 2708 2208 eorum
2738 2155 2924 2208 domus
2955 2155 3166 2208 illorum
3194 2156 3246 2209 in
3277 2167 3564 2219 wternum;
3591 2158 3796 2212 taberna-

2249 2244 2368 2298 cula
2399 2260 2577 2298 eorum
2603 2246 2654 2297 in
2679 2246 2921 2314 progenie
2950 2243 3120 2315 (l’sal.
3152 2247 3364 2316 xu’tn).
3397 2247 3531 2302 Item
3556 2248 3617 2302 de
3644 2249 3797 2304 cadent

2250 2352 2310 2392 re
2339 2355 2352 2392 :
2380 2335 2625 2390 lntroibit
2655 2353 2815 2406 usque
2851 2339 2903 2390 in
2945 2339 3216 2406 progenies
3244 2347 3458 2407 patrum
3513 2355 3732 2398 suorum.
3759 2352 3796 2392 et

2249 2445 2411 2499 usque
2450 2430 2504 2482 in
2543 2438 2792 2482 wternum
2846 2445 2948 2481 non
2993 2429 3180 2482 videbit
3231 2429 3406 2482 lumen
3450 2431 3647 2500 (ξύει).
3697 2431 3799 2486 ltcut

2249 2519 2377 2575 alibi
2422 2523 2450 2575 ε’
2495 2519 2644 2574 Sicut
2703 2519 2960 2574 vulnerati
3025 2521 3341 2574 dormientes
3409 2522 3465 2576 in
3553 2523 3798 2590 sepulcris.

2247 2627 2469 2682 quorum
2511 2629 2613 2664 non
2651 2628 2704 2664 es
2735 2627 2932 2664 memor
2965 2612 3211 2681 amplius,
3240 2622 3288 2665 et
3326 2613 3428 2682 ipsi
3465 2616 3532 2666 de
3561 2631 3703 2667 manu
3730 2628 3802 2668 tua

2250 2703 2447 2771 repulsi
2476 2713 2594 2756 sunt
2627 2700 2800 2772 (I’sat.
2827 2717 2964 2755 LXXX
2977 2702 3092 2770 vn).
3119 2699 3219 2756 Job
3247 2703 3411 2756 etiam
3435 2704 3579 2758 idem
3603 2705 3804 2760 sentiens

2251 2792 2421 2846 dicit:
2457 2793 2716 2846 Memento
2752 2793 2876 2862 quia
2916 2804 3092 2846 ventus
3119 2804 3191 2846 est
3221 2793 3325 2846 vita
3358 2810 3497 2855 mea,
3539 2806 3585 2847 et
3621 2812 3711 2848 non
3744 2811 3806 2848 re-

2249 2891 2479 2935 vertetur
2509 2882 2690 2934 oculus
2717 2898 2860 2934 meus
2897 2894 2950 2934 ut
2987 2883 3155 2935 videat
3192 2883 3358 2946 bona,
3389 2900 3488 2936 nec
3520 2886 3716 2952 aspiciet
3743 2900 3805 2936 me

2250 2971 2393 3025 visus
2417 2971 2664 3024 hominis.
2698 2970 2854 3024 Oculi
2877 2973 2953 3024 tui
2980 2973 3032 3024 in
3059 2989 3157 3036 me,
3175 2982 3220 3025 et
3241 2989 3342 3025 non
3365 2974 3662 3027 subsistant.
3687 2972 3807 3028 Sicut

2251 3063 2580 3114 consumitur
2618 3060 2777 3113 nubes
2808 3069 2855 3113 et
2879 3061 3196 3129 pertransit,
3238 3061 3312 3114 sic
3339 3061 3431 3130 qui
3469 3063 3718 3115 descendit
3754 3061 3808 3111 ad

2253 3151 2451 3220 inferos
2479 3168 2580 3204 non
2613 3151 2880 3214 ascendet,
2914 3168 3006 3204 nec
3041 3162 3323 3205 revertetur
3355 3153 3501 3206 ultra
3535 3154 3586 3206 in
3632 3154 3812 3206 douuuu

2252 3259 2426 3306 suam,
2446 3259 2537 3296 nec
2561 3254 2962 3312 cognosceteum
2986 3243 3211 3312 amplius
3241 3243 3384 3296 locus
3417 3245 3539 3313 ejus
3573 3243 3685 3314 (Job
3714 3259 3808 3313 vn).

2251 3333 2397 3388 Idem
2425 3332 2594 3386 alibi:
2633 3331 2832 3384 Vadam
2861 3341 3034 3385 etnon
3085 3343 3316 3385 revertar
3361 3333 3430 3384 ad
3469 3345 3660 3388 terram
3699 3344 3810 3387 tene-

2253 3427 2461 3480 brosam
2518 3423 2654 3496 (Job
2687 3428 2768 3496 χ).
2801 3425 2940 3480 Item
2991 3425 3128 3478 idem
3159 3440 3172 3477 :
3208 3423 3382 3478 Homo
3423 3444 3546 3480 cum
3579 3425 3812 3478 dormierit

2253 3534 2356 3571 non
2389 3529 2616 3587 resurget
2649 3517 2770 3587 (Job
2813 3520 2946 3589 xw).
3000 3519 3256 3574 Salomon
3291 3521 3463 3573 etiam
3498 3521 3582 3574 his
3605 3533 3810 3572 COIISnlla

2252 3608 2416 3663 sentit
2467 3609 2656 3663 dicens
2697 3627 2709 3662 :
2771 3608 3003 3664 Viventes
3054 3613 3224 3665 sciunt
3276 3631 3330 3667 se
3377 3632 3492 3669 esse
3539 3615 3811 3670 morituros,

2254 3702 2449 3754 mortui
2481 3717 2600 3755 vero
2626 3701 2768 3772 .nihil
2805 3713 2995 3756 norunt
3023 3704 3280 3772 amplius,
3330 3723 3424 3761 nec
3469 3710 3654 3761 habent
3698 3703 3813 3757 ultra

2254 3794 2561 3860 mercedem,
2586 3795 2708 3864 quia
2741 3796 2984 3850 oblivioni
3014 3798 3212 3850 tradita
3243 3809 3315 3853 est
3349 3803 3609 3854 memoria
3642 3813 3811 3852 eorum.

2255 3885 2418 3938 Antor
2465 3902 2664 3955 quoque
2709 3895 2758 3939 et
2800 3888 2977 3941 odium
3020 3898 3068 3941 et
3118 3889 3313 3943 invidia
3353 3891 3457 3943 sim
3501 3890 3520 3942 ι
3571 3889 3811 3956 peribunt,

2255 3993 2347 4030 nec
2369 3977 2557 4031 habent
2579 3988 2778 4046 partem
2807 3979 2860 4032 in
2888 3978 2985 4032 hoc
3011 3979 3203 4032 sa’culo
3235 3989 3284 4033 et
3311 3979 3364 4034 in
3395 3998 3552 4049 opere
3585 3981 3714 4050 quod
3740 3979 3814 4031 sub

2254 4069 2362 4121 sole
2386 4067 2795 4137 geritur(Eccle.
2815 4076 2912 4125 Ix).
2930 4068 3068 4124 Ecce
3095 4070 3351 4125 Salomon
3379 4071 3812 4140 sapientissimus,

2255 4166 2576 4210 czeterortnn
2608 4157 3020 4212 auctoritatibus
3042 4174 3272 4212 conrors
3297 4160 3507 4223 eximit,
3532 4160 3672 4228 quod
3700 4173 3816 4210 mor-

2256 4246 2330 4300 tui
2361 4246 2564 4300 scilicet
2604 4248 2670 4301 ad
2712 4247 2813 4301 hoc
2839 4258 2894 4302 ut
2927 4260 3098 4302 terras
3127 4249 3452 4315 inhabitent,
3493 4246 3813 4304 resuscitandi

2257 4352 2362 4392 non
2391 4339 2519 4399 sint,
2550 4348 2602 4394 et
2633 4351 2808 4394 tamen
2850 4340 2992 4410 quod
3033 4341 3356 4410 quandoque
3396 4352 3685 4410 resurgant
3720 4356 3816 4408 per-

2257 4427 2406 4482 hibet
2437 4430 2650 4493 dicens,
2691 4432 2832 4499 quod
2881 4446 2984 4484 non
3034 4432 3230 4485 habent
3259 4442 3471 4501 partem
3512 4435 3564 4486 in
3608 4433 3688 4486 his
3717 4443 3815 4499 qua:

2257 4520 2355 4574 sub
2384 4519 2498 4575 sole
2535 4530 2816 4590 geruntur,
2849 4521 2902 4574 id
2934 4529 3018 4576 est
3047 4521 3099 4574 in
3137 4523 3387 4586 terrenis,
3421 4539 3522 4592 per
3569 4523 3668 4576 hoc
3700 4520 3818 4572 vide-

2256 4610 2381 4666 licet
2411 4613 2665 4676 innuens,
2700 4614 2841 4682 qttod
2869 4613 2920 4666 in
2952 4613 3036 4668 his
3062 4623 3273 4682 partem
3297 4614 3408 4667 sint
3437 4611 3696 4677 habituri,
3721 4623 3816 4680 qua:

2253 4717 2415 4773 supra
2445 4703 2612 4757 solem
2635 4705 2789 4768 liunt,
2822 4705 2871 4757 id
2895 4715 2980 4759 est
3008 4705 3060 4758 in
3088 4705 3421 4760 cmlestibus.

2324 4792 2559 4848 Movsas.
2587 4795 3018 4848 lntroductarnm
3051 4795 3319 4848 rationum
3339 4803 3435 4848 aut
3458 4794 3816 4850 auctoritatem

2252 4885 2518 4938 medietas
2563 4885 2792 4954 sapienti
2842 4885 3063 4940 cuilibet
3103 4885 3237 4940 satis
3281 4884 3582 4940 subiceret.
3625 4882 3820 4940 Verum-

2255 4985 2432 5032 tamen
2455 4977 2709 5046 quoniam
2735 4975 3128 5046 expositionem
3147 4985 3388 5030 nostram
3413 4986 3521 5030 tam
3552 4975 3820 5044 Scriptum

2253 5081 2413 5135 quam
2449 5065 2644 5119 rationi
2678 5064 3008 5118 contrariam
3035 5078 3158 5120 esse
3188 5065 3409 5131 dixisti,
3451 5074 3627 5120 restat
3664 5070 3821 5119 osten-

2254 5156 2352 5211 das
2385 5157 2436 5210 in
2474 5171 2580 5226 quo
2618 5172 2647 5210 a
2681 5156 2891 5211 ratione
2919 5156 3224 5213 dissentiat.

2320 5245 2555 5302 Psraos.
2607 5245 2796 5301 Nonne
2845 5247 3066 5302 Creditis
3107 5248 3258 5319 quia,
3292 5264 3417 5303 cum
3450 5248 3622 5304 vestri
3670 5257 3820 5302 resur-

2255 5339 2434 5394 rexint
2464 5340 2660 5394 mortui
2711 5339 3034 5413 adveniente
3077 5353 3276 5405 uncto,
3320 5343 3491 5396 Adam
3543 5353 3755 5411 quoque
3780 5345 3821 5388 et

2253 5430 2408 5496 Seth,
2438 5431 2814 5496 Mathusalem,
2842 5433 3139 5496 Abraham,
3164 5432 3315 5487 Isaac
3337 5443 3389 5487 et
3409 5432 3604 5498 Jacob,
3634 5431 3822 5500 Moyses

2255 5536 2308 5580 ct
2351 5526 2566 5590 Aaron,
2619 5527 2909 5595 cmterique
2968 5525 3291 5596 patriarcha:
3338 5535 3396 5581 et
3433 5527 3743 5595 propheta,
3781 5529 3825 5572 et

2254 5635 2445 5673 omnes
2471 5619 2602 5690 justi
2634 5619 2724 5688 qni
2763 5629 2888 5671 ante
2918 5619 3205 5672 adventum
3236 5617 3350 5685 ejus
3379 5620 3670 5683 obierunt,
3700 5612 3825 5685 pari-

2257 5719 2338 5764 ter
2361 5726 2484 5764 cum
2516 5711 2594 5764 eis
2625 5709 2730 5762 sint
2775 5708 3156 5774 resurrecturi,
3185 5719 3237 5762 et
3268 5709 3448 5762 omnia
3474 5707 3704 5761 humani
3727 5719 3830 5757 cor-

2253 5802 2400 5871 poris
2427 5800 2598 5856 olilcia
2635 5810 2853 5872 agentes
2887 5809 2939 5855 et
2982 5799 3280 5870 patientes,
3307 5799 3682 5869 pristinosque
3714 5794 3829 5848 ritus
