4038 6486
189 455 360 516 .589

1729 459 2018 517 DlALOGl.

3424 465 3536 520 590

261 572 582 639 recolentes,
610 573 836 644 antiquo
859 586 1006 630 more
1031 581 1205 628 terras
1236 569 1415 627 denuo
1442 572 1549 629 sint
1580 575 1852 630 inhabita-
1877 582 1925 638 Α
1955 574 2149 640 ciatur,
2182 577 2328 626 velut
2359 571 2632 627 Abraham
2663 580 2718 627 et
2760 571 2948 640 David,
2983 583 3036 630 et
3071 573 3255 640 Iosue,
3299 592 3532 646 quorum

263 664 396 729 turi,
437 671 489 716 el
517 661 702 716 Aaron
739 676 803 715 ac
831 660 926 715 ﬁlii
959 661 1074 731 ejus
1098 659 1422 715 sacriﬁcium
1450 669 1509 715 ut
1536 657 1838 718 olim‘obla-

270 753 400 820 turi,
423 763 477 808 et
500 770 530 806 a
562 752 746 824 Moyse
775 752 1198 808 sacerdotalibus
1223 753 1558 808 vestimentis
1587 754 1840 809 induendi

260 844 400 898 sint?

325 933 562 988 Moyses.
589 933 664 987 Ita
691 944 907 988 nostros
930 933 1179 988 doctores
1198 943 1385 987 cuncta
1409 933 1612 990 dixisse
1638 950 1840 1006 negare

259 1039 359 1077 non
389 1023 568 1077 valeo.

320 1113 556 1168 Psrnus.
599 1113 857 1180 Quisnam
889 1128 1020 1183 rogo
1059 1122 1186 1167 tunc
1234 1113 1502 1170 maximus
1548 1115 1654 1170 erit
1699 1132 1832 1186 pon-

259 1204 387 1258 til‘ex
405 1204 430 1256 ?

324 1294 554 1350 Movsss.
599 1294 730 1361 Quis
754 1297 935 1349 Aaron
962 1294 1134 1362 major
1163 1310 1283 1351 esse
1313 1298 1543 1366 poterit?

325 1382 567 1439 Penus.
609 1386 747 1452 Quid
778 1386 941 1456 igitur
972 1385 1038 1439 de
1075 1386 1337 1442 Eleazaro
1381 1388 1670 1458 multisque
1717 1389 1837 1444 aliis

261 1483 381 1527 tunc
422 1473 552 1537 ﬁet,
592 1474 683 1542 qui
711 1474 839 1528 olim
869 1489 1058 1529 omnes
1107 1476 1298 1529 summi
1331 1475 1478 1530 fuere
1522 1477 1837 1546 pontiﬁces?

259 1564 492 1618 Eruutne
542 1565 703 1618 simul
737 1581 842 1620 uno
877 1574 1114 1634 tempore
1142 1567 1382 1634 maximi,
1415 1584 1482 1622 an
1521 1569 1661 1624 illius
1685 1571 1834 1624 ordi--

260 1653 338 1707 nis
373 1653 635 1723 dignitate
667 1653 1056 1723 privabantur?
1084 1656 1140 1709 Si
1172 1656 1377 1712 dixeris
1405 1659 1619 1714 vivente
1653 1664 1832 1716 Aaron

257 1755 346 1796 eos
377 1756 594 1794 summo
623 1743 928 1797 sacerdotio
970 1741 1120 1814 fungi
1168 1759 1274 1799 non
1311 1761 1502 1815 posse,
1537 1749 1664 1817 quid
1706 1763 1834 1820 ergo

255 1831 332 1887 eis
361 1831 604 1900 proderit
651 1833 1019 1888 resurrectio?
1076 1832 1203 1889 Plus
1241 1836 1386 1889 enim
1417 1838 1483 1891 ad
1512 1838 1743 1895 dedecus
1775 1849 1831 1895 et

1942 664 2172 734 quisque
2210 662 2312 717 fuit
2356 679 2450 718 rex
2480 672 2645 734 atque
2679 665 2973 735 prepheta,
3005 665 3219 736 Moyses
3249 669 3411 723 etiam
3439 673 3532 740 qui

1941 766 1996 811 et
2025 773 2152 821 rex,
2187 765 2242 811 et
2267 757 2533 827 propheta
2573 765 2630 810 et
2679 756 2962 828 lcgislator
2991 759 3157 813 totius
3198 762 3408 817 exstitit
3436 779 3534 832 pa.

1941 851 2083 920 puli,
2117 850 2200 904 cui
2230 849 2360 920 legis
2411 847 2546 902 liber
2591 848 2698 902 tale
2749 850 3115 904 testimonium
3161 853 3409 920 perhibet
3455 855 3534 909 di-

1939 955 2069 995 cens
2101 957 2114 993 :
2160 938 2284 992 Non
2331 937 2555 991 surrexit
2595 937 2846 1005 propheta
2885 938 3027 993 ultra
3064 939 3116 993 in
3159 939 3361 1007 Israel,
3393 943 3531 996 sicut

1941 1029 2180 1098 Moyses,
2221 1045 2370 1099 quem
2415 1037 2584 1081 nosset
2638 1026 2892 1081 Dominus
2937 1029 3074 1097 facie
3110 1031 3180 1083 ad
3218 1032 3437 1101 faciem,
3473 1036 3529 1088 in

1939 1119 2178 1172 omnibus
2216 1119 2376 1188 signis
2415 1127 2569 1187 atque
2609 1117 2861 1185 portentis
2892 1134 3010 1187 qua:
3054 1120 3193 1172 misit
3219 1138 3375 1190 super
3408 1140 3528 1178 eum

1939 1209 2127 1270 (Deut.
2166 1209 2385 1278 xxxiv).
2428 1205 2616 1260 Nonne
2657 1221 2782 1260 cum
2825 1206 2911 1260 isti
2952 1209 3086 1262 tanti
3140 1210 3383 1281 talesque
3420 1215 3521 1268 viri

1938 1300 2245 1354 resuscitati
2281 1299 2422 1353 illius
2449 1299 2596 1352 uncti
2622 1296 2823 1351 fuerint
2866 1295 2972 1366 juri
3021 1298 3278 1366 subjecti,
3324 1319 3524 1370 nonne,

1938 1407 2139 1461 quaeso,
2170 1391 2360 1445 melius
2382 1391 2572 1445 luisset
2608 1390 2688 1443 eis
2730 1404 2796 1442 ne
2837 1391 3335 1446 resuscitareutur?
3381 1392 3528 1466 Prte-

1940 1492 2084 1536 terea
2123 1481 2230 1535 duo
2278 1482 2401 1536 inde
2437 1479 2874 1534 inconvenientia
2911 1482 3256 1550 proveniunt.
3289 1482 3346 1537 Si
3378 1485 3526 1538 enim

1938 1573 2115 1627 minor
2149 1589 2216 1626 eo
2248 1581 2333 1627 est
2371 1572 2613 1642 Moyses,
2645 1571 2927 1640 Scriptura
2972 1587 3102 1642 ergo
3136 1574 3430 1639 mentitur;
3476 1577 3524 1628 si

1936 1672 2113 1718 autem
2151 1663 2344 1733 major,
2379 1671 2526 1717 tanto
2551 1663 2671 1732 plus
2709 1661 3016 1718 viliﬁcatur.

2007 1754 2236 1810 Movsss.
2278 1754 2454 1825 Ipsum
2483 1771 2612 1826 ergo
2643 1755 2858 1826 Moysen
2891 1771 3070 1825 regem
3108 1771 3229 1812 esse
3253 1773 3530 1829 propona-

1939 1864 2078 1903 mus.

258 1922 684 1986 incommodum,
725 1938 885 1991 quam
913 1923 980 1978 ad
1018 1923 1182 1980 decus
1213 1933 1268 1980 et
1307 1926 1592 1982 utilitatem
1631 1929 1734 1984 erit
1755 1931 1833 1985 eis
1866 1927 1908 1985 Β
2006 1940 2242 1995 Penus.
2282 1939 2422 2006 Quid
2451 1955 2585 2010 ergo
2613 1948 2810 1994 unctus
2845 1939 2934 1994 ille
2965 1939 3209 1996 facturus
3239 1943 3354 1998 est?
3381 1943 3524 2010 Quid

257 2027 559 2084 resurgere,
579 2013 876 2084 meliusque
897 2015 977 2070 eis
1003 2014 1194 2070 fuisset
1217 2016 1271 2070 in
1303 2028 1476 2073 morte
1489 2033 1829 2088 permanere,

255 2118 414 2172 quant
449 2118 811 2157 arumnosam
842 2103 1040 2173 ducere
1069 2106 1234 2160 vitam
1254 2147 1269 2172 ,
1301 2106 1425 2162 licet
1451 2117 1506 2162 et
1537 2109 1703 2181 Moysi
1746 2110 1831 2165 lex

254 2194 305 2247 in
336 2195 439 2248 hoc
464 2193 609 2248 facta
640 2195 964 2259 destruatur,
995 2211 1097 2265 qua
1127 2207 1452 2267 prreceptum
1484 2200 1732 2264 habetur,
1765 2217 1832 2256 ne

249 2285 375 2354 quis
399 2284 595 2354 majori
631 2285 953 2340 sublimatus
987 2287 1177 2342 ordine
1222 2288 1446 2344 ulterius
1476 2291 1542 2344 ad
1571 2291 1830 2346 minorem

250 2376 560 2431 reducatur.
609 2378 665 2431 Si
723 2387 902 2432 autem
958 2393 1147 2434 omnes
1197 2380 1250 2434 in
1301 2382 1498 2435 summi
1543 2385 1831 2439 sacerdotii

247 2469 439 2524 ordine
463 2469 699 2546 aequales
749 2471 958 2525 futuros
983 2485 1104 2526 esse
1133 2473 1470 2528 concesseris
1499 2513 1516 2538 ,
1567 2475 1829 2529 honorem

245 2575 402 2614 suum
429 2561 614 2614 Aaron
662 2561 889 2626 adimis,
935 2562 1060 2630 quia
1108 2563 1289 2618 nullus
1327 2565 1470 2618 inter
1524 2566 1830 2635 complures

243 2651 505 2721 aequales,
547 2651 898 2707 excellentem
928 2653 1130 2709 habere
1160 2664 1338 2724 potest
1369 2657 1648 2712 honorem.
1688 2657 1831 2712 Prae-

243 2748 400 2794 terea
465 2739 648 2794 multis
711 2741 1056 2810 pontiﬁcibus
1113 2742 1280 2797 multa
1339 2747 1650 2800 necessaria
1707 2755 1832 2801 sunt

241 2834 470 2902 templa.
514 2832 588 2885 Ex
635 2833 738 2887 hoc
790 2846 919 2903 ergo
965 2833 1107 2887 aliud
1155 2833 1543 2891 inconveniens
1595 2837 1830 2907 itemque

241 2920 376 2990 legis
431 2922 732 2978 destructio
784 2923 1060 2992 sequitur,
1115 2925 1510 2995 prtecipientis,
1559 2941 1658 2982 nec
1708 2927 1830 2997 plus

241 3029 413 3082 quam
479 3030 645 3068 unum
695 3016 1066 3082 sacerdotem,
1125 3031 1226 3072 nec
1273 3016 1394 3084 plus
1453 3033 1613 3087 quam
1661 3034 1826 3073 unum

244 3104 493 3157 existere
523 3105 803 3173 templum.

311 3193 549 3249 Marses.
578 3194 968 3264 Argumentum
992 3195 1134 3264 quod
1161 3205 1266 3250 tuae
1292 3197 1470 3252 obstet
1498 3198 1692 3252 rationi
1720 3213 1825 3252 non

242 3286 438 3340 habeo.
469 3285 636 3341 Video
663 3262 808 3340 enim
838 3294 932 3340 aut
978 3262 1172 3341 novam
1202 3302 1299 3343 nos
1328 3288 1498 3358 legem
1545 3289 1824 3344 habituros
1852 3262 1894 3318 δ

243 3381 544 3432 concedere
576 3393 589 3431 :
614 3387 705 3433 aut
733 3376 900 3447 Moysi
934 3377 1104 3449 legem
1128 3391 1466 3448 nequaquam
1494 3387 1660 3435 totam
1689 3395 1823 3434 con-

246 3466 444 3521 sistere
468 3482 648 3536 posse.

317 3557 555 3612 Pe'raus.
583 3555 806 3611 Gaudeo
835 3556 959 3626 quia
981 3557 1226 3613 veritatis
1244 3557 1422 3613 lumen
1447 3571 1513 3612 ex
1537 3569 1687 3628 parte
1709 3558 1821 3628 jam

252 3648 430 3702 animo
459 3655 550 3702 tuo
579 3648 835 3702 illabitur.
875 3648 968 3702 Dic
990 3663 1141 3718 ergo,
1177 3648 1417 3718 nunquid
1461 3648 1640 3717 plures
1670 3665 1821 3720 reges

254 3736 480 3790 habituri
505 3736 660 3801 estis,
688 3751 754 3790 an
782 3738 984 3792 unum?

324 3828 546 3882 Movses.
591 3827 767 3882 Unum
793 3830 977 3898 utique
1001 3830 1201 3884 habere
1220 3830 1500 3893 debemus,
1531 3828 1669 3882 sicut
1698 3843 1821 3898 pro-

255 3918 410 3988 pheta
460 3920 708 3974 Ezechiel
757 3921 1003 3990 perhibet
1047 3921 1231 3976 dicens
1279 3934 1294 3974 :
1344 3918 1515 3973 Unum
1563 3930 1822 3989 pastorem

257 4025 424 4064 omnes
467 4011 724 4064 habebunt
772 4012 992 4082 (Ezech.
1034 4012 1276 4082 xxxvtt).
1327 4011 1382 4066 Si
1429 4013 1573 4066 enim
1621 4011 1822 4064 fuerint

254 4097 459 4165 plures,
505 4116 628 4154 cum
678 4103 975 4158 concordes
1020 4116 1140 4157 esse
1189 4117 1294 4156 non
1339 4111 1622 4171 poterunt,
1663 4102 1818 4170 regni

255 4204 439 4258 pacem
467 4193 782 4248 destituent.

331 4281 550 4340 Parcus.
575 4285 861 4354 Sapienter
891 4285 1212 4354 respondere
1238 4284 1526 4340 inchoasti.
1543 4283 1651 4338 Sed
1671 4284 1822 4354 quis-

257 4391 382 4430 nam
407 4378 492 4432 ille
521 4393 615 4432 rex
642 4379 748 4432 erit
775 4386 928 4446 potes
957 4377 1206 4432 edicere?

334 4467 550 4525 Moyses.
594 4467 839 4533 Unetus,
888 4469 940 4522 in
981 4467 1132 4536 cujus
1175 4468 1407 4522 adventu
1449 4467 1818 4537 captivitatem

256 4578 437 4618 sumus
462 4565 711 4629 evasuri,
758 4564 1062 4632 mortuique
1108 4562 1276 4616 nostri
1309 4571 1436 4616 sunt
1486 4561 1779 4614 suscitandi
1803 4599 1817 4625 ,
1852 4602 1897 4657 Β

255 4657 534 4726 nostrique
557 4655 753 4711 merito
783 4656 1129 4709 moderamen
1160 4654 1362 4708 habere
1391 4653 1552 4708 debet
1588 4654 1816 4723 imperii.

263 4743 550 4802 'sPsrsus.
583 4746 728 4800 Bene
770 4746 911 4814 quod
959 4746 1095 4800 dicis
1128 4759 1247 4799 esse
1289 4753 1499 4813 posset,
1552 4745 1596 4798 si
1631 4754 1822 4798 unctus

257 4835 354 4892 ille
379 4838 530 4894 homo
557 4847 614 4892 et
651 4837 796 4892 Deus
831 4845 995 4892 esset.
1033 4835 1091 4890 Si
1133 4850 1262 4889 vero
1298 4843 1356 4888 ut
1389 4835 1609 4891 creditis
1664 4835 1822 4889 homo

258 4934 460 4979 tantum
497 4925 714 4980 futurus
749 4927 850 4990 sit,
897 4926 1028 4993 quid
1069 4934 1195 4979 tunc
1233 4925 1540 4989 Abrahatn,
1589 4923 1736 4979 Isaac
1770 4935 1824 4980 et

253 5013 419 5069 Iacob
444 5026 566 5072 sunt
593 5017 813 5081 facturi,
844 5016 1053 5087 Moyses
1075 5017 1238 5070 etiam
1267 5017 1557 5085 caeterique
1593 5018 1820 5085 prophe-

256 5107 368 5160 tat?
393 5108 631 5180 Nunquid
654 5111 774 5178 ejus
800 5110 1158 5179 subjicientur
1197 5107 1424 5163 ditioni?

340 5197 552 5256 Herses.
578 5200 697 5257 Non
734 5201 931 5255 mirum
956 5201 1126 5255 videri
1158 5200 1337 5267 debet,
1359 5200 1403 5254 si
1432 5200 1548 5269 ejus
1586 5198 1821 5267 subjecti

252 5290 456 5346 fuerint
483 5293 753 5362 potestati.
796 5292 887 5348 Sic
922 5293 1072 5347 enim
1097 5300 1152 5344 et
1187 5288 1405 5345 Samuel
1431 5291 1704 5362 subjectus
1738 5298 1825 5345 est

253 5380 428 5448 Sauli,
449 5393 502 5439 et
534 5385 681 5440 Elias
710 5384 898 5439 Achab
917 5385 1056 5454 regi,
1088 5392 1144 5438 et
1177 5381 1402 5438 Elisaaus
1423 5380 1607 5436 Joram
1646 5390 1702 5437 et
1731 5380 1821 5436 alii

251 5473 412 5529 multi
448 5478 723 5548 propheta:
755 5476 971 5547 regibus
996 5477 1128 5532 suis.

331 5565 559 5624 Penus.
601 5569 806 5623 Rerum
839 5567 1183 5638 praesentium
1223 5564 1522 5621 similitudo
1557 5579 1664 5619 non
1693 5579 1824 5619 eun-

245 5657 421 5712 venit.
438 5655 592 5726 Nam,
621 5660 724 5713 etsi
743 5659 1034 5728 prophetae,
1053 5659 1145 5728 qui
1165 5657 1389 5711 minime
1405 5670 1560 5724 reges
1580 5652 1822 5719 fuerunt,

246 5747 468 5816 regibus
513 5749 712 5804 subditi
749 5748 981 5814 fuerint,
1023 5764 1128 5803 non
1165 5749 1284 5802 ideo
1320 5747 1573 5803 convenit
1607 5753 1696 5798 aut
1742 5751 1825 5797 est

241 5853 473 5897 necesse
499 5850 558 5896 ut
579 5856 675 5899 rex
699 5839 962 5910 propheta
983 5839 1234 5911 cuiquam
1264 5847 1482 5896 terreno
1505 5837 1621 5906 regi
1647 5836 1816 5906 subji-

1935 2032 2096 2086 ctiam
2130 2033 2436 2093 Abraham,
2469 2030 2620 2086 Isaac
2648 2045 2703 2086 et.
2736 2031 2903 2087 Jacob
2945 2041 3071 2088 sunt
3112 2033 3343 2100 facturi,
3382 2051 3522 2105 quos

1935 2122 2144 2194 Moyses
2190 2123 2305 2192 ipse
2344 2123 2471 2178 dum
2517 2125 2724 2179 viveret
2763 2125 2816 2178 in
2866 2133 3018 2178 tanto
3057 2127 3232 2194 pretio
3283 2126 3522 2181 habebat

1936 2213 2133 2285 (Exod.
2159 2216 2334 2285 xxx“)
2355 2256 2370 2281 ,
2398 2215 2541 2285 quod
2572 2231 2694 2270 cum
2724 2216 2928 2285 aliquid
2957 2233 2986 2269 a
3021 2217 3128 2271 Deo
3158 2217 3479 2287 implorabat
3502 2260 3516 2279 ,

1935 2319 2031 2374 pro
2049 2320 2233 2358 eorum
2255 2320 2440 2360 amore
2457 2321 2515 2360 se
2533 2308 2852 2375 adepturum
2871 2321 2992 2362 esse
3009 2307 3231 2362 orabat?
3250 2308 3304 2361 In
3325 2324 3521 2378 magno

1935 2397 1982 2452 si
2021 2397 2270 2452 attendas
2310 2398 2626 2452 discrimine
2655 2399 2806 2452 estis.
2850 2397 2956 2453 Sed
2985 2399 3105 2453 volo
3155 2408 3214 2452 ut
3253 2401 3430 2464 dicas,
3472 2400 3517 2454 si

1934 2488 2102 2553 nosti,
2129 2488 2500 2557 nunquidnam
2530 2489 2603 2542 illi
2629 2489 2720 2558 qui
2755 2498 2880 2543 tunc
2904 2490 3200 2544 suscitandi
3225 2499 3352 2544 sunt
3379 2505 3523 2544 mor-

1935 2580 2043 2645 tui,
2091 2590 2343 2634 naturam
2390 2590 2443 2636 et
2487 2591 2813 2652 potestatem
2854 2583 3130 2639 habebunt
3167 2584 3306 2639 ﬁlios
3355 2599 3518 2654 gene-

1933 2670 2129 2724 randi?

2002 2759 2234 2815 Movses.
2275 2760 2346 2817 Ut
2369 2763 2496 2831 quid
2524 2776 2881 2833 responsurus
2904 2764 2979 2819 sis
3009 2765 3244 2832 audiam,
3275 2765 3394 2820 illos
3423 2782 3516 2837 ge-

1933 2864 2219 2908 neraturos
2245 2855 2471 2923 negabo.

2002 2946 2236 3002 Penus.
2281 2945 2412 3000 Volo
2455 2947 2604 3015 prius
2652 2949 3011 3017 respondeas,
3060 2949 3102 3002 si
3154 2951 3516 3020 generationis

1930 3038 2164 3093 olﬁcium
2193 3038 2246 3091 in
2273 3037 2352 3093 eis
2377 3047 2568 3091 natura
2599 3039 2835 3109 negabit.
2867 3048 2957 3093 aut
2991 3040 3125 3110 legis
3146 3039 3356 3109 jussum
3383 3056 3513 3111 pro-

1931 3130 2160 3184 hibebit.

2000 3218 2229 3274 Nosses.
2269 3219 2428 3290 Legis
2469 3228 2740 3289 prmcepto
2798 3234 2894 3275 eos
2937 3221 3383 3290 constringendos
3425 3237 3514 3278 re-

1925 3313 2182 3382 spondeo.

1995 3406 2226 3461 Parnus.
2256 3406 2391 3460 Cum
2413 3407 2576 3476 igitur
2600 3404 2768 3476 Moysi
2798 3404 2882 3459 lex
2909 3405 3047 3460 ﬁlios
3076 3405 3346 3474 procreari
3373 3422 3510 3475 prae-

1924 3499 2108 3569 cipiat,
2132 3513 2326 3552 novam
2352 3513 2447 3551 vos
2479 3497 2647 3566 legem
2672 3497 2954 3552 habituros
2981 3498 3338 3563 demonstras,
3364 3498 3508 3568 quod

1923 3599 2006 3645 est
2035 3599 2224 3643 contra
2252 3588 2411 3642 ﬁdem
2441 3598 2704 3643 vestram.

1995 3703 2223 3757 Movses.
2256 3701 2459 3754 Natura
2493 3703 2573 3755 eis
2621 3715 2725 3754 non
2760 3702 2879 3770 iege
2918 3699 3324 3771 generationem
3369 3701 3508 3755 inhi-

1923 3794 2088 3848 bitam
2127 3808 2246 3848 esse
2277 3801 2480 3846 mutata
2513 3791 2630 3846 vice
2654 3791 2911 3860 probabo.

1993 3883 2228 3938 Perses.
2278 3883 2436 3937 Stare
2478 3883 2622 3952 quod
2681 3883 2819 3937 dicis
2860 3897 2964 3935 non
3018 3891 3218 3952 potest.
3269 3882 3505 3938 Auditus

1921 3977 2064 4030 enim
2113 3977 2401 4040 abhorret,
2448 3986 2503 4029 et
2539 3990 2692 4030 mens
2739 3975 2964 4030 credere
3015 3977 3246 4047 refugit,
3288 3979 3508 4048 aliquod

1922 4068 2123 4123 animal
2171 4067 2329 4122 modo
2381 4081 2498 4122 esse
2547 4067 2633 4120 cui
2684 4067 2755 4120 sit
2793 4067 3036 4122 naturale
3087 4083 3349 4138 generare
3393 4085 3502 4124 non

1919 4174 2098 4228 posse,
2123 4158 2223 4212 nisi
2252 4157 2432 4226 aliquo
2455 4156 2870 4220 interveniente,
2898 4156 3002 4210 vim
3027 4157 3318 4226 generandi
3344 4158 3505 4211 amit-

1923 4259 2018 4304 tat.
2051 4248 2201 4315 Quod
2230 4248 2273 4301 si
2305 4255 2552 4300 natttratu
2578 4246 2745 4314 ipsam
2769 4259 2887 4299 esse
2919 4246 3124 4300 dixeris
3154 4261 3370 4307 novam,
3395 4261 3502 4299 non

1923 4343 2087 4397 debes
2117 4342 2299 4395 dicere
2325 4353 2418 4393 eos
2455 4337 2886 4400 resuscitandas,
2927 4337 3023 4392 sed
3061 4351 3254 4391 novam
3283 4345 3501 4392 creata»

1925 4449 2040 4486 ram
2069 4431 2306 4484 futuram
2334 4429 2564 4484 similem
2596 4427 2784 4497 prima:
2812 4428 2865 4481 in
2906 4426 3080 4481 forma
3123 4435 3326 4481 tantum
3346 4467 3362 4492 ,
3394 4443 3499 4480 non

1925 4525 1976 4578 in
2009 4532 2207 4577 natura
2233 4529 2367 4586 tota,
2396 4519 2680 4574 comedent
2716 4518 2913 4590 quippe
2942 4526 2999 4572 et
3021 4517 3233 4583 bibent,
3272 4518 3366 4573 sed
3393 4533 3502 4572 non

1924 4615 2280 4688 generabunt.

1994 4726 2223 4782 Movses.
2270 4722 2538 4793 Quidquid
2587 4723 2849 4778 hactenus
2897 4729 3100 4776 mutata
3153 4721 3504 4776 altercatione

1924 4818 2084 4874 locuti
2114 4833 2321 4882 sumus,
2347 4831 2454 4870 non
2483 4825 2590 4868 tam
2620 4829 2686 4869 ex
2727 4814 2975 4869 veritatis
3002 4813 3312 4868 defensione
3339 4830 3503 4883 quam

1924 4925 1990 4965 ex
2030 4911 2462 4981 syllogismorum
2513 4906 2830 4976 ambagibus
2868 4905 3120 4960 diximus.
3161 4905 3320 4960 Fides
3357 4909 3502 4962 enim

1926 5009 2112 5054 nostra
2139 5009 2243 5061 est,
2276 4997 2402 5066 quia
2435 4995 2892 5066 quemadmodum
2924 5005 3122 5049 caetera
3152 4994 3505 5049 humanitatis

1925 5090 2122 5153 ollicia,
2151 5091 2230 5144 sic
2259 5101 2316 5144 et
2350 5089 2640 5158 generandi
2670 5098 2918 5143 naturam
2952 5089 3251 5153 habebunt,
3284 5093 3420 5146 adeo
3447 5102 3506 5145 ut

1927 5180 2206 5234 mulierem
2227 5179 2464 5248 quotidie
2492 5188 2895 5247 concepturam,
2925 5179 3166 5248 quatidie
3206 5181 3504 5250 parituram

1927 5272 2229 5328 credamus.

1997 5381 2233 5437 Penus.
2273 5379 2427 5446 Quod
2475 5381 2609 5435 dicis
2647 5379 2739 5435 vix
2790 5381 3038 5435 humana:
3081 5395 3243 5435 aures
3278 5391 3502 5450 possunt
3549 5426 3560 5434 .

1926 5473 2134 5530 audire.
2172 5471 2245 5527 Ut
2273 5473 2417 5526 enim
2449 5488 2567 5541 qua:
2595 5473 2728 5528 dicis
2751 5487 2880 5528 vera
2915 5473 3090 5527 fatear
3116 5487 3267 5536 esse,
3294 5473 3501 5527 sciliett

1928 5572 1988 5617 ut
2011 5562 2062 5616 in
2079 5570 2296 5616 unctum
2317 5571 2373 5615 et
2394 5561 2652 5617 credituri
2676 5571 2802 5617 sunt
2822 5578 3009 5617 omnes
3023 5569 3081 5616 et
3105 5561 3460 5616 resuscitandi
3481 5579 3498 5619 :

1928 5665 1984 5710 at
2028 5671 2150 5711 cum
2195 5655 2439 5724 quotidie
2489 5655 2629 5709 ﬁlios
2662 5662 3045 5724 procrearent,
3087 5651 3358 5722 profecto,
3401 5669 3500 5708 nec

1930 5759 2076 5804 terra
2113 5763 2207 5802 eos
2243 5756 2461 5816 caperet
2490 5748 2654 5802 etiam
2695 5747 2737 5801 si
2767 5746 3052 5815 dupliciter
3097 5744 3268 5814 major
3314 5755 3498 5809 esset,

1929 5849 2023 5896 aut
2052 5847 2250 5911 pontus
2283 5841 2444 5896 etiam
2485 5848 2628 5895 terra
2667 5838 2820 5893 ﬁeret.
2867 5845 2920 5889 et
2954 5837 3087 5894 adeo
3122 5834 3223 5892 loci
3261 5845 3483 5898 coarcta
