4038 6450
537 443 646 498 ’591

1473 432 1676 488 penu
1705 431 2051 488 ALPllONSl
2089 432 2177 487 ex
2212 431 2460 487 sumo
2501 429 2894 486 cumsuam
3682 441 3766 499 δίη

545 568 740 612 rentur
769 553 1034 625 angustia,
1062 547 1203 619 quod
1235 563 1338 600 non
1371 546 1777 614 haberentquae
1803 545 1983 600 coiere
2007 559 2126 614 pos-
2155 553 2202 609 Α
2234 545 2401 598 meris
2432 549 2608 597 denuo
2651 541 2984 596 cruciatibus
3035 541 3346 608 agitentur?
3397 541 3530 608 Quin
3580 544 3770 618 insuper-

541 658 666 704 sent
703 664 863 708 arva,
907 647 1013 699 imo
1061 643 1184 695 inde
1235 655 1452 706 semper
1498 648 1643 693 esset
1695 640 1838 694 inter
1881 655 1974 694 eos
2031 655 2128 708 pro

542 752 708 794 terra:
756 738 998 807 angustia
1030 744 1304 788 certamen
1345 740 1399 786 et
1438 733 1576 785 rixa.
1610 731 1744 786 Cum
1789 734 1917 787 item
1962 733 2128 788 susci-

541 839 722 884 tentur
761 843 970 890 omnes,
1019 825 1214 879 redibit
1254 825 1481 895 quisque
1511 825 1593 878 vir
1628 825 1692 877 ad
1722 841 1941 880 uxorem
1975 841 2129 880 suam

539 939 698 993 quam
730 923 939 985 habuit,
969 930 1062 974 aut
1090 920 1250 974 aliam
1281 935 1474 973 novam
1502 917 1754 973 habebit?

606 1014 840 1068 Movsss.
871 1013 1110 1080 Quisque
1139 1027 1270 1066 sane
1305 1011 1593 1066 rehabebit
1618 1027 1794 1066 suam.
1828 1010 1954 1066 llaec
1979 1025 2131 1064 nam-

535 1121 639 1176 que
667 1105 773 1158 erit
809 1104 1008 1158 laetitiae
1037 1103 1456 1159 consmnmatio.

609 1194 846 1249 Peritos.
875 1193 966 1247 Illa
992 1193 1154 1264 igitur
1180 1194 1377 1248 mulier
1401 1209 1520 1264 qua:
1547 1204 1669 1264 post
1694 1203 1805 1250 tres
1829 1207 1920 1248 aut
1945 1194 2128 1264 plures

533 1285 752 1339 habitos
778 1286 1004 1337 maritos
1035 1292 1117 1337 est
1149 1293 1365 1337 mortua
1385 1324 1399 1348 ,
1442 1285 1492 1337 in
1530 1285 1935 1340 resurrectione
1963 1302 2125 1354 quem

533 1394 602 1431 ex
643 1376 730 1432 his
755 1385 836 1432 est
866 1376 1148 1430 habitura?
1175 1375 1402 1446 (Matth.
1457 1392 1602 1442 xxn;
1634 1376 1765 1433 Luc.
1808 1393 1912 1438 xx;
1953 1377 2124 1432 Marc.

534 1469 658 1538 ιιι.)
711 1467 844 1521 Nam
870 1508 885 1532 ,
929 1468 974 1522 si
1033 1467 1264 1536 primum
1299 1468 1602 1522 habituram
1645 1469 2009 1538 responderis,
2043 1470 2127 1522 lex

535 1558 705 1628 Moysi
738 1557 1048 1613 destruetur
1073 1556 1328 1623 dicentis,
1355 1559 1498 1629 quod
1527 1567 1651 1628 post
1680 1559 1973 1613 secundum
2021 1576 2124 1614 non

534 1652 727 1705 debeat
763 1652 832 1706 ad
862 1651 1094 1720 primum
1147 1650 1322 1706 redire
1352 1652 1664 1713 ,marittnn;
1710 1653 1754 1707 si
1805 1667 1932 1706 vero
1959 1653 2124 1707 alium

534 1757 695 1814 quant
727 1741 962 1810 primum
1003 1741 1310 1801 habituram
1349 1743 1724 1812 responderis,
1775 1741 1826 1795 in
1868 1757 1934 1795 eo
1959 1743 2124 1796 etiam

535 1841 622 1886 est
657 1833 955 1886 destructio
981 1832 1134 1904 legis,
1165 1834 1353 1887 eadem
1395 1849 1632 1902 namque
1672 1832 1916 1901 jubente,
1947 1834 2124 1901 primo

540 1922 662 1974 viro
687 1921 914 1984 vivente,
946 1936 1045 1976 nec
1074 1937 1192 1975 eam
1223 1921 1566 1989 repudiante,
1598 1923 1848 1990 cuiquam
1881 1936 1984 1976 non
2023 1937 2120 1991 po-
2157 1905 2199 1958 Β

535 2013 661 2066 terit
691 2013 894 2067 nubere
931 2011 1076 2083 (Leu.
1104 2017 1219 2080 xx).
1267 2013 1372 2067 Sed
1401 2027 1526 2066 ecce
1568 2027 1692 2066 cum
1737 2022 1815 2067 tot
1851 2014 2117 2078 suscitati,

535 2114 721 2172 totque
754 2113 874 2173 post
913 2119 1006 2158 eos
1045 2103 1248 2159 fuerint
1279 2103 1421 2168 nati,
1456 2103 1679 2173 quilibet
1722 2105 1915 2159 borum
1961 2113 2124 2160 erunt

533 2197 858 2264 quandoque
892 2196 1181 2250 morituri?

605 2289 835 2343 Mor-tas.
862 2287 1196 2341 [inmortales
1221 2289 1415 2341 exinde
1438 2290 1852 2358 permanebunt.

609 2378 846 2431 l‘mucs.
881 2377 1042 2430 Ratio
1073 2389 1221 2430 Stare
1248 2394 1350 2430 non
1384 2394 1541 2448 posse
1569 2381 1710 2447 quod
1745 2381 1880 2433 dicis
1902 2383 2123 2434 demun-

534 2479 694 2524 strat.
726 2471 857 2522 Cum
887 2471 1029 2523 enim
1059 2471 1220 2523 homo
1245 2472 1562 2534 comederit,
1593 2472 1807 2538 biberit,
1829 2476 2121 2543 generandi

535 2578 692 2616 usum
720 2561 986 2624 habuerit,
1020 2575 1241 2616 necesse
1267 2573 1349 2615 est
1371 2565 1513 2630 quod
1540 2578 1605 2616 ex
1631 2576 1863 2632 quatuor
1889 2564 2125 2618 elemen-

535 2653 610 2706 tis
637 2653 970 2722 compositns
999 2652 1088 2705 sit.
1137 2652 1406 2720 Quidquid
1444 2664 1626 2706 autem
1677 2654 1856 2708 taliter
1905 2670 2126 2724 compo-

535 2744 698 2798 situm
725 2753 828 2806 est,
855 2743 904 2795 id
933 2742 1095 2795 etiam
1119 2741 1388 2808 corrumpi
1416 2757 1635 2795 necesse
1655 2754 1756 2796 est.
1789 2743 1927 2811 Ergo
1955 2754 2008 2798 ct
2032 2759 2125 2798 eos

539 2835 734 2890 mortis
762 2833 1096 2902 corruptioni
1137 2848 1257 2886 cunt
1293 2833 1471 2885 taliter
1515 2835 1797 2901 compositi
1829 2836 1968 2896 sitit,
1998 2835 2122 2891 sub-

530 2927 715 2998 jaccre
735 2926 1031 2980 necessitas
1050 2923 1578 2990 coneluditJtursus,
1594 2925 1638 2979 si
1662 2927 1994 2981 immortales
2013 2929 2126 2982 t'ue-

535 3017 669 3082 rint,
695 3017 805 3085 jam
851 3029 1189 3083 nequaquam
1224 3015 1464 3082 speciali,
1493 3031 1614 3084 qua:
1660 3031 1804 3068 nunc
1839 3026 1923 3068 est
1953 3017 2125 3070 homi-

535 3109 644 3172 nis,
677 3105 1039 3175 subjiciuntur
1065 3104 1390 3160 ditlinitioni.
1427 3106 1682 3161 Dillinitio
1721 3109 1864 3161 enim
1891 3109 2124 3165 hominis

537 3205 623 3251 est
652 3195 852 3248 animal
896 3194 1182 3257 rationale,
1215 3195 1462 3248 mortale.
1498 3194 1604 3249 Sed
1635 3196 1700 3250 de
1728 3197 2122 3253 immortalibus

536 3288 847 3341 hominibus
873 3285 1117 3340 ditiinitio
1145 3286 1246 3339 ista
1277 3286 1557 3356 prtedicari
1583 3303 1688 3341 non
1717 3298 1910 3358 potest.
1943 3289 2121 3358 Quare

535 3393 638 3433 nec
663 3376 915 3448 specialis
948 3377 1128 3431 homo.
1161 3375 1314 3431 Unde
1345 3392 1440 3445 per
1464 3378 1565 3431 hoc
1588 3379 1823 3432 mediunt
1849 3380 2124 3450 colligitur

534 3477 716 3530 recte,
749 3475 808 3520 ut
849 3480 986 3536 quos
1030 3466 1276 3520 homines
1321 3482 1507 3532 vocas,
1559 3468 1806 3524 homines
1855 3486 1960 3524 non
1991 3472 2119 3538 sint,

537 3559 682 3628 quod
755 3566 840 3613 est
905 3557 1313 3612 inconveniens.
1382 3558 1578 3613 lterum
1659 3560 1800 3614 sicut
1872 3563 2124 3631 superius

536 3650 812 3714 diximus,
863 3649 1192 3704 multitudini
1241 3665 1428 3704 corum
1476 3651 1712 3721 spatium
1751 3652 1913 3706 totius
1967 3663 2122 3708 terra:

535 3758 642 3796 non
689 3739 934 3796 sutlicere
966 3752 1174 3811 posset,
1221 3742 1267 3795 si
1315 3743 1485 3812 ipsam
1535 3744 1826 3798 maximam
1875 3747 2115 3800 multitu-

535 3835 714 3889 dinem
747 3834 1107 3888 immortalem
1148 3850 1481 3900 asserasnus,
1509 3851 1634 3890 cum
1685 3853 1845 3906 supra
1877 3840 1995 3892 sine
2039 3839 2120 3892 in-

535 3926 876 3980 termissione
918 3940 1013 3980 eos
1042 3936 1397 3996 generaturos
1430 3942 1552 3981 esse
1599 3928 1920 3990 dixerimus,
1969 3937 2024 3983 et
2072 3929 2116 3984 si

534 4015 602 4070 ad
651 4015 885 4085 lapidum
917 4017 1133 4070 modum
1161 4016 1378 4070 sibimet
1407 4030 1924 4086 supcrponcrentur,
1954 4019 2120 4074 nulla-

533 4115 692 4158 tenus
719 4105 770 4157 in
799 4105 1072 4174 duplicato
1108 4114 1268 4158 terra:
1297 4107 1475 4173 spatio
1499 4107 1971 4162 concluderentur.

604 4195 834 4250 Marses.
866 4197 1002 4250 Cum
1049 4197 1386 4251 immortales
1415 4213 1510 4252 eos
1536 4213 1656 4254 esse
1686 4198 1974 4254 defendere
2019 4215 2118 4256 ne-

533 4303 753 4356 queam,
787 4287 976 4341 saltcm
1012 4287 1272 4342 mortales
1303 4290 1619 4344 concedant.

604 4378 840 4433 l’nrnus.
871 4379 1004 4432 Cum
1037 4379 1331 4433 morituros
1364 4393 1459 4434 eos
1507 4394 1627 4435 esse
1659 4381 1954 4446 concedas,
1999 4381 2118 4438 volo

530 4469 704 4534 dicas,
735 4471 822 4524 illa
865 4470 1191 4526 resurrectio
1238 4481 1419 4524 utrum
1452 4471 1555 4525 erit
1585 4473 1663 4527 eis
1693 4475 1759 4526 ad
1800 4489 2014 4542 ptennni
2047 4489 2116 4528 an

528 4564 595 4616 ad
629 4576 909 4616 coronam.

600 4651 835 4707 Movsns.
864 4650 946 4705 Ad
990 4650 1219 4722 gloriam
1254 4661 1308 4707 ct
1349 4653 1614 4707 honorem
1656 4652 1744 4706 illa
1773 4653 1879 4706 erit
1931 4669 2115 4709 resur-

529 4744 726 4808 lectio,
754 4751 813 4796 ut
859 4742 1006 4797 uncti
1052 4743 1277 4814 gloriam
1314 4753 1367 4798 et
1407 4758 1631 4812 regnum
1677 4744 2032 4813 conspiciant,
2065 4755 2119 4801 et

530 4835 827 4908 perfectam
861 4835 1104 4905 corporis
1128 4845 1183 4890 et
1208 4836 1389 4890 cordis
1421 4835 1655 4889 habeant
1685 4835 1949 4896 laetitiam.

603 4929 840 4985 Peritos.
883 4928 960 4983 De
990 4938 1133 4983 statu
1167 4927 1389 4983 interim
1420 4927 1684 4982 bonorum
1724 4930 1895 4984 donec
1937 4943 2118 4984 resur-

532 5031 685 5093 gant,
730 5019 920 5074 audire
963 5020 1084 5076 volo
1133 5019 1262 5090 quid
1308 5020 1534 5080 sentias,
1581 5020 1790 5075 scilicet
1837 5031 2015 5075 utrum
2061 5021 2116 5076 itt

532 5111 710 5182 poenis
739 5126 807 5166 an
853 5111 910 5166 in
936 5111 1120 5184 quiete
1150 5123 1321 5181 usque
1350 5109 1418 5164 ad
1450 5111 1862 5167 resurrectionis
1906 5122 2119 5184 tempus

530 5211 910 5272 permaneant.

602 5292 836 5350 Morsu.
863 5291 1075 5359 Quietis
1101 5305 1196 5347 eos
1239 5290 1576 5352 beatitudine
1617 5309 1741 5354 cum
1771 5294 1882 5350 Deo
1911 5295 2118 5368 perfrui

530 5384 900 5440 certissimum
928 5391 1034 5438 est.

601 5473 842 5536 Penus.
885 5473 1334 5547 Quandoquidem
1364 5483 1423 5530 ut
1466 5477 1669 5533 asserta
1695 5475 1768 5529 ita
1797 5483 1903 5539 est,
1940 5490 2118 5534 resur-

534 5568 707 5623 rectio
745 5560 835 5625 illa
868 5569 936 5623 ad
978 5577 1193 5638 ptenam
1243 5568 1420 5639 potius
1448 5582 1611 5637 quam
1638 5566 1706 5620 ad
1734 5579 1991 5621 coronam
2035 5565 2118 5621 fu-

537 5669 655 5714 tura
679 5669 784 5715 est.
818 5657 952 5714 Cum
981 5659 1127 5713 enim
1157 5673 1300 5714 nunc
1339 5667 1557 5712 aeterna:
1583 5655 1708 5711 vita:
1745 5671 1971 5712 munere
1999 5657 2114 5727 glo-

534 5753 764 5817 rientur,
808 5767 904 5806 cur
935 5751 1128 5804 iterum
1176 5752 1230 5804 in
1272 5761 1564 5816 corporum
1604 5748 1890 5817 ergastulis
1938 5759 2115 5804 retru-

536 5846 755 5910 de‘n’tur,
786 5843 877 5898 ubi
913 5842 1076 5910 fame,
1107 5841 1220 5909 siti,
1248 5840 1469 5912 vigiliis,
1492 5849 1546 5897 et
1570 5841 1731 5897 variis
1761 5849 1924 5913 atque
1950 5843 2109 5898 innu-

2144 4593 2194 4651 Ι)

2233 637 2527 692 secundum
2555 649 2698 688 tuatn
2723 634 3040 688 sententiam
3063 640 3310 687 secundae
3351 636 3532 688 mortis
3555 637 3772 698 timorem

2231 737 2285 780 et
2341 741 2556 794 pinnam
2608 726 2966 779 sustinebunt.
3002 723 3093 777 llis
3136 725 3391 778 omnibus
3417 726 3546 779 satis
3579 731 3773 786 cuilibet

2232 826 2400 886 patet,
2436 816 2887 869 resurrectionem
2924 813 3066 866 illam
3109 815 3278 884 magis
3323 815 3426 869 illis
3465 818 3545 880 ad,
3570 820 3772 878 dedecus

2232 925 2393 978 quant
2427 909 2686 961 honorem
2720 919 2772 960 et
2802 906 3028 976 gloriant
3065 907 3203 960 fieri.
3459 971 3462 974 .

2302 1001 2532 1055 Marses.
2566 1000 2632 1053 Et
2659 1001 2703 1054 si
2735 1015 2879 1052 nunc
2933 999 2984 1051 in
3036 1000 3216 1064 quiete
3263 1009 3318 1053 et
3348 999 3551 1056 deliciis
3594 1017 3773 1071 perma-

2231 1103 2384 1157 nent,
2422 1093 2488 1146 de
2527 1092 2725 1160 quibus
2769 1090 2836 1144 ad
2865 1103 3154 1158 corporum
3205 1090 3312 1144 sint
3369 1092 3585 1146 redituri
3633 1109 3774 1165 angu-

2230 1183 2387 1243 stias.
2425 1181 2518 1236 sed
2545 1191 2722 1234 tamen
2757 1189 2904 1235 tanta
2934 1180 3014 1234 eis
3051 1179 3152 1234 erit
3180 1180 3467 1236 exsultatio
3494 1193 3613 1239 unct
3657 1201 3772 1252 prae-

2230 1275 2459 1329 sentiam
2489 1289 2735 1339 cernere,
2764 1285 2819 1329 et
2859 1271 2976 1340 ejus
3022 1286 3191 1342 regno
3219 1273 3522 1340 exsultare,
3554 1273 3775 1334 iiii-roso-

2229 1367 2389 1440 lyutis
2443 1376 2503 1420 ut
2554 1366 2681 1420 olim
2737 1365 3006 1429 habitare,
3049 1364 3102 1418 in
3152 1364 3350 1434 templo
3402 1377 3635 1421 veterum
3687 1370 3773 1422 ritu

2230 1460 2560 1524 sacrificare,
2614 1468 2672 1511 ut
2721 1468 2777 1513 et
2809 1473 3098 1528 corporum
3137 1472 3294 1528 prna
3335 1457 3408 1512 sit
3449 1459 3529 1512 eis
3554 1459 3704 1525 nulla,
3734 1472 3778 1516 ct

2229 1567 2392 1620 quam
2439 1550 2598 1604 modo
2649 1549 2870 1614 habent,
2920 1547 3136 1617 requies
3167 1547 3435 1603 habeatur
3476 1558 3650 1618 postea
3695 1565 3776 1623 pro

2230 1659 2476 1696 Illlltllllao

2300 1753 2535 1808 Ρετιιυε.
2562 1751 2715 1820 Quod
2747 1751 2883 1806 dicis
2924 1767 2953 1805 a
3000 1751 3246 1806 veritatis
3277 1750 3550 1806 exorbitat
3586 1753 3773 1808 semita.

2228 1845 2416 1899 Nullus
2431 1846 2573 1899 enim
2604 1845 2884 1914 praesentis
2908 1843 3090 1896 mundi
3123 1844 3296 1896 honor
3325 1854 3378 1898 et
3404 1843 3571 1914 gloria
3595 1853 3777 1900 aeterna:

2227 1938 2348 1988 vita:
2374 1934 2583 1987 deliciis
2605 1942 2657 1986 et
2685 1933 2852 2001 quieti
2883 1935 3289 2002 comparatione
3330 1935 3580 1987 convenit
3627 1934 3775 2004 aliqua

2225 2026 2350 2094 quia
2383 2039 2483 2078 nec
2509 2040 2616 2077 uno
2649 2032 2924 2078 momento
2953 2023 3236 2091 quisquam
3271 2023 3429 2092 hujus
3458 2024 3629 2076 mundi
3654 2034 3779 2093 pote-

2227 2123 2299 2175 rit
2347 2122 2463 2174 sine
2500 2119 2683 2173 labore
2734 2128 2789 2173 et
2838 2131 2995 2188 parua
3041 2118 3116 2170 uti
3169 2118 3396 2172 deliciis.
3447 2117 3588 2172 Illius
3626 2134 3775 2172 autem

2226 2213 2402 2266 beata:
2434 2210 2555 2263 vita:
2587 2209 2780 2276 gloria,
2814 2206 2958 2260 nulla
2993 2207 3363 2260 intercedente
3412 2205 3651 2261 molestia
3678 2222 3778 2275 per-

2227 2311 2409 2358 manet
2456 2315 2648 2371 perpes
2698 2312 2753 2353 et
2795 2299 3082 2359 continua,
3138 2300 3411 2365 prmcipue
3475 2313 3590 2352 cum
3642 2299 3775 2353 \‘estri

2227 2405 2492 2450 testentur
2530 2395 2798 2454 doctores,
2845 2406 3060 2444 omnem
3096 2391 3253 2459 hujus
3300 2392 3488 2444 mundi
3544 2392 3772 2446 honorem

2226 2497 2276 2542 et
2311 2488 2535 2555 gloriam
2591 2487 2730 2538 idem
2764 2500 2884 2538 csse
2913 2485 2979 2537 ad
3027 2483 3166 2536 illius
3211 2485 3335 2537 vitae
3373 2484 3614 2549 delicias,
3659 2486 3776 2551 quod

2226 2589 2308 2631 cst
2336 2593 2497 2630 unum
2532 2577 2598 2629 ad
2647 2577 2948 2645 sexaginta.
2983 2575 3136 2627 l'ntet
3173 2576 3392 2643 insuper
3439 2576 3663 2636 cuilibet.
3697 2575 3776 2629 nisi

2227 2669 2346 2736 quis
2406 2668 2574 2720 totius
2641 2667 2863 2720 rationis
2912 2665 2982 2720 sit
3023 2681 3253 2735 expers,
3309 2665 3780 2735 incomparabiliter

2228 2759 2400 2827 majus
2437 2778 2556 2814 esse
2604 2761 2858 2828 gaudium
2907 2774 3133 2814 cernere
3186 2756 3376 2824 Deum,
3415 2775 3578 2828 quam
3625 2759 3775 2823 talem,

2227 2851 2440 2921 qualem
2477 2866 2570 2905 vos
2601 2850 2798 2905 dicitis.

2297 2966 2524 3019 Morsras.
2558 2965 2904 3032 Qumcunque
2929 2963 3192 3017 hactenus
3219 2962 3382 3016 locuti
3413 2978 3618 3025 sumus,
3645 2963 3779 3016 ratio-

2227 3056 2440 3111 cinandi
2471 3065 2525 3110 ct
2572 3043 2985 3126 argumentatnli
3017 3071 3178 3108 causa
3210 3055 3479 3109 diximus.
3524 3054 3638 3108 [hec
3659 3054 3776 3108 enim

2227 3160 2312 3204 est
2363 3157 2562 3202 nostrzn
2610 3146 2730 3200 fidei
2777 3145 3063 3209 certitudo,
3089 3145 3215 3214 quia
3267 3145 3622 3200 resuscitandi
3673 3146 3778 3208 sint,

2150 3243 2196 3304 (ζ
2228 3239 2570 3301 comedendi,
2603 3251 2659 3292 ct
2708 3238 2950 3303 bibendi,
2982 3238 3097 3292 sire
3141 3239 3442 3306 generandi
3477 3249 3530 3293 et
3567 3247 3780 3292 naturam

2225 3343 2281 3387 et
2324 3347 2480 3385 usum
2532 3331 2640 3386 sint
2689 3330 3013 3393 habitaturi,
3057 3340 3111 3384 et
3163 3339 3285 3399 post
3344 3331 3497 3387 tnille
3551 3343 3780 3384 annorum

2227 3432 2497 3477 transacta
2559 3421 2863 3487 curricula,
2915 3421 2968 3474 in
3020 3430 3293 3489 perpetuae
3353 3421 3694 3476 beatitudinis
3735 3428 3780 3474 et

2225 3513 2650 3570 immortalitatis
2701 3528 2927 3584 regnum
2976 3511 3097 3567 sine
3141 3512 3322 3582 aliqua
3355 3524 3534 3568 morte
3581 3509 3780 3567 transfe-

2224 3605 2398 3660 reudi.

2291 3715 2528 3770 Peritos.
2579 3713 2638 3768 Si
2685 3713 3019 3769 tmtnortales
3074 3714 3350 3781 concedis,
3397 3716 3472 3769 ad
3523 3713 3779 3784 pristinum

2224 3808 2610 3862 inconveniens
2658 3807 2821 3861 redis.
2864 3806 3010 3860 Intra
3051 3806 3198 3861 mille
3243 3809 3452 3861 etenim
3502 3821 3691 3868 annos,
3736 3806 3776 3856 in

2225 3907 2432 3952 tantum
2485 3897 2772 3952 multitudo
2829 3898 3213 3967 propagabitur
3269 3914 3506 3964 eorum,
3561 3909 3615 3953 ut
3658 3896 3780 3952 nullo

2221 3991 2382 4045 modo
2412 3990 2554 4044 intra
2589 4000 2746 4044 terra:
2773 3989 3020 4043 concludi
3054 3989 3268 4044 valeant
3303 3992 3597 4046 ambitum.
3640 3989 3780 4044 Multo

2221 4083 2399 4136 minus
2448 4083 2612 4151 igitur
2652 4082 2719 4134 ad
2769 4080 3083 4135 incolendos
3129 4095 3289 4150 agros
3343 4082 3515 4136 ullum
3547 4079 3780 4151 supererit

2221 4175 2479 4242 spatium.
2515 4173 2740 4242 Insuper
2790 4172 2955 4226 etiam
3005 4172 3131 4226 illud
3185 4173 3327 4241 quod
3378 4190 3546 4242 supra
3577 4175 3781 4226 diximus

2219 4275 2304 4320 est
2358 4266 2410 4318 in
2469 4265 2774 4333 questione,
2827 4265 2953 4333 quia
3014 4265 3364 4333 patriarcha},
3421 4267 3689 4336 prephette
3733 4269 3778 4314 et

2219 4373 2408 4412 omnes
2427 4358 2579 4426 justi,
2608 4373 2699 4426 qut
2719 4356 2830 4425 jam
2855 4355 3129 4427 fulgebant
3155 4357 3207 4410 in
3230 4358 3425 4428 gloria,
3455 4360 3607 4414 novis
3630 4361 3780 4411 denuo

2220 4451 2398 4520 pretiis
2435 4450 2739 4504 subduntur
2771 4450 2972 4502 reducti
3021 4450 3086 4502 ad
3134 4465 3383 4518 corpora.
3433 4451 3564 4506 Item
3611 4448 3775 4502 aliud:

2221 4540 2394 4596 Omne
2425 4542 2570 4596 enim
2607 4541 2749 4608 quod
2778 4541 3036 4604 comedit,
3085 4541 3220 4598 bibit
3249 4551 3302 4596 et
3345 4545 3542 4613 gignit,
3571 4542 3782 4597 delecta.

2225 4643 2313 4688 tur
2339 4634 2505 4686 etiam
2538 4648 2602 4686 ac
2633 4633 2900 4696 tristatur,
2935 4633 3121 4702 procul
3149 4633 3312 4688 dubio
3341 4650 3409 4688 ex
3439 4645 3667 4704 quatuor
3689 4631 3780 4684 ele-

2220 4726 2418 4780 mentis
2448 4725 2805 4794 compositum
2837 4740 2942 4778 non
2981 4725 3283 4780 dubitatur.
3317 4727 3604 4792 Quomodo
3625 4734 3779 4779 autem

2219 4815 2362 4884 quod
2407 4829 2475 4867 ex
2519 4814 2602 4867 eis
2648 4814 3020 4881 componitur,
3045 4823 3100 4869 et
3141 4815 3491 4882 passionibus
3533 4811 3779 4885 pnedictis

2220 4904 2471 4970 afﬁcitur,
2501 4921 2623 4960 cum
2665 4905 2868 4959 eisdem
2913 4904 3196 4960 affectibus
3243 4905 3364 4961 sine
3405 4906 3695 4962 mutatione
3736 4903 3780 4955 in

2221 5013 2444 5067 regnum
2496 4998 2626 5053 illud
2673 4997 3069 5052 transferetur?
3117 4997 3226 5052 Sed
3275 5007 3334 5052 ιιι
3374 4999 3558 5055 omnia
3612 5007 3779 5050 conce-

2220 5091 2430 5156 damus,
2462 5091 2718 5159 quidnam
2745 5090 2812 5144 de
2831 5089 2918 5143 his
2946 5089 3037 5158 qui
3067 5089 3390 5145 adveniente
3413 5099 3579 5145 uncto
3599 5097 3652 5143 et
3677 5089 3781 5155 post

2221 5177 2482 5232 nascituri
2515 5186 2643 5232 sunt
2671 5193 2730 5232 es
2762 5177 3039 5233 dicturus?
3082 5176 3449 5235 Moriturosne
3492 5193 3616 5234 esse
3651 5187 3778 5230 asse-

2221 5271 2297 5326 ris
2326 5271 2532 5325 necne?

2289 5383 2520 5440 Messias.
2563 5382 2860 5438 Moriemur
2885 5398 3017 5439 sane
3047 5384 3100 5439 iu
3125 5383 3329 5440 Christi
3359 5384 3509 5454 regni
3548 5382 3667 5438 Bue.

2289 5473 2524 5536 PETRUS.
2559 5475 2696 5542 Quid
2751 5474 2916 5546 igitur
2967 5475 3165 5530 facient
3206 5486 3463 5544 parentes
3509 5485 3692 5527 eorum
3732 5465 3780 5520 il

2221 5576 2395 5622 morte
2423 5566 2698 5637 ipsorum?
2721 5565 2910 5621 Melius
2936 5581 3170 5635 namque
3191 5567 3296 5622 illis
3321 5567 3457 5621 foret
3480 5579 3591 5620 non
3619 5571 3778 5616 resur-

2219 5674 2366 5730 gere,
2413 5677 2575 5730 quam
2606 5668 2818 5713 tantum
2867 5659 3108 5714 do‘iorem
3153 5675 3218 5713 ex
3263 5673 3448 5713 eorum
3489 5661 3666 5711 morte
3701 5661 3779 5704 ω-

2219 5756 2441 5809 stinere.

2289 5843 2544 5918 Messes.
2564 5844 2814 5902 Dicamus
2845 5860 2970 5917 ergo
3000 5860 3094 5917 eos
3115 5860 3220 5899 non
3251 5859 3381 5900 "esse
3407 5842 3714 5898 morituros.

3970 3615 3971 3641 ι

3968 3715 3969 3739 l

3965 3801 3967 3839 l
