4038 6450
271 424 380 485 5'53

1756 424 2049 483 DlALOGI.

3454 423 3561 493 5M

342 535 590 594 Penus.
622 539 779 596 'l'unc
808 538 1062 594 mentitur
1080 537 1363 608 Scriptura
1387 552 1507 609 quae
1529 538 1681 604 dicit,
1700 539 1869 595 David
1902 547 1947 603 Α
1977 537 2352 607 deportabant.
2395 534 2592 605 Levita:
2624 532 2789 591 etiam
2822 518 3086 590 decimam
3131 530 3354 589 decimae
3394 546 3558 603 quam

240 652 247 657 ε
277 626 484 682 scilicet
522 626 577 680 in
621 628 833 697 psalmo
864 645 878 681 :
913 627 1044 695 Quis
1078 636 1156 683 est
1180 630 1335 683 homo
1373 629 1464 697 qui
1496 628 1622 684 vivet
1671 638 1721 683 et
1767 646 1870 684 non

279 718 464 773 ridebit
508 719 968 788 mortemHPsal.
1009 722 1300 792 uxxvm.)
1343 720 1591 792 Undique
1619 721 1803 791 igitur,
1825 722 1869 778 si

279 808 608 879 pcrpendas,
626 820 753 864 sunt
786 810 878 865 tibi
911 812 1119 867 semitae
1150 812 1375 867 rationis
1399 819 1453 867 et
1478 810 1685 882 diffugii
1714 811 1869 867 clau-

282 918 372 965 ste,
403 902 546 963 quod
579 903 885 958 nullatenus
920 918 988 959 eo
1033 918 1142 973 quo
1188 904 1323 959 dicis
1362 905 1524 960 modo
1552 904 1667 959 ﬁeri
1698 906 1870 974 possit

281 1002 616 1044 mortuorum
648 993 996 1058 resurrectio,
1026 1003 1247 1064 propter
1271 995 1414 1066 quod
1451 995 1591 1049 idem
1617 996 1866 1064 superius

280 1082 725 1140 tlestrnxeramus
750 1085 881 1156 legis
913 1086 1242 1142 testimonio.
1269 1088 1549 1155 Quomodo
1575 1102 1729 1156 ergo,
1760 1088 1868 1144 fra-

280 1180 380 1236 ter,
410 1176 591 1230 anima
625 1184 716 1231 tua
761 1176 1068 1245 hujnsmodi
1112 1178 1312 1234 fabulis
1351 1178 1659 1233 auscultans
1688 1188 1870 1250 potest

280 1265 588 1335 indulgere?
610 1267 817 1323 Mecum
842 1270 1026 1341 itaque
1054 1271 1266 1326 Domini
1297 1273 1724 1328 misericordiam
1744 1288 1862 1342 pre-

277 1369 425 1419 care,
458 1358 678 1412 utsicut
706 1373 812 1423 me,
844 1361 923 1415 sic
951 1373 1002 1416 te
1027 1377 1244 1432 quoque
1270 1365 1336 1419 ab
1368 1361 1529 1433 hujus
1568 1363 1856 1419 inﬁdelita-

278 1448 345 1501 tis
371 1449 618 1505 absolvat
648 1467 858 1507 errore.
883 1453 1081 1509 Amen.

852 1584 1155 1644 TITULUS
1191 1589 1278 1644 IV.

275 1693 354 1746 Ad
376 1696 752 1775 ostendendum
771 1699 987 1775 Iudaeos
1001 1709 1065 1757 de
1085 1713 1193 1757 tota
1211 1702 1321 1775 lege
1336 1703 1507 1775 Moysi
1514 1747 1527 1769 .
1552 1707 1656 1760 ηἰιὶ
1670 1724 1857 1774 parum

438 1767 731 1836 observare,
758 1781 806 1823 et
837 1771 968 1824 illud
997 1790 1183 1842 parum
1207 1767 1315 1828 υὲο
1342 1767 1447 1829 uati
1468 1767 1690 1844 placere.

1974 628 2313 698 accipiebant
2360 627 2565 682 eisdem
2606 624 2977 680 sacerdotibus
3016 623 3410 695 persolvehant.
3462 622 3562 679 So—

1973 722 2174 791 ptimus
2204 733 2383 775 autem
2414 735 2587 773 annus
2619 717 2917 773 Sabbatum
2932 725 3048 771 erat
3080 724 3259 780 terrae,
3292 716 3561 785 quinqua-

1973 814 2210 884 gesimus
2239 827 2369 866 vero
2389 809 2638 882 jubilaaus
2670 807 2818 879 (Leu.
2847 821 2995 878 xxv}.
3044 805 3151 861 Lex
3179 807 3339 861 etiam
3378 806 3558 861 omnis

1971 902 2133 973 lepra:
2162 911 2215 958 et
2244 902 2405 970 lepra:
2428 914 2759 971 percussum
2804 899 3089 969 vestigium
3125 897 3269 968 (Leu.
3316 901 3456 969 xm),
3502 905 3557 952 et

1971 993 2250 1049 domorum
2281 991 2573 1056 cicatricis,
2618 1000 2672 1046 et
2702 991 3099 1060 erumpentium
3131 990 3445 1060 papularum
3476 989 3556 1042 lu-

1968 1096 2153 1142 centes
2184 1085 2430 1150 maculae,
2482 1093 2538 1138 et
2586 1082 2639 1137 in
2667 1083 2846 1137 varias
2876 1084 3087 1152 species
3111 1082 3350 1136 colorum
3378 1092 3557 1137 mula-

1967 1188 2170 1244 torum,
2217 1187 2276 1231 ut
2322 1184 2507 1247 posset
2554 1176 2682 1231 sciri
2726 1190 2833 1242 quo
2865 1182 3107 1245 tempore
3139 1176 3395 1229 mundum
3424 1175 3555 1244 quid

1965 1266 2049 1320 vel
2075 1266 2408 1320 immundum
2432 1266 2933 1320 essetsacerdotnm
2952 1271 3069 1317 erat
3086 1261 3294 1331 judicio
3313 1264 3551 1318 subdita.

1962 1354 2072 1409 Lex
2102 1371 2317 1426 quoque
2342 1355 2459 1424 ejus
2480 1357 2568 1425 qui
2590 1356 2789 1408 ﬂuxum
2813 1354 3033 1408 seminis
3050 1353 3553 1424 patiebaturetmu-

1962 1444 2111 1499 licris
2143 1461 2263 1516 qure
2297 1448 2589 1500 menstruis
2650 1445 2984 1514 temporibus
3012 1445 3365 1513 separabatur
3402 1442 3549 1517 (Leu.

1960 1538 2077 1608 xv),
2128 1538 2505 1607 sacriﬁcioque
2545 1535 2936 1608 purificationis
2965 1552 3177 1600 eorum,
3206 1537 3549 1592 sacerdotum

1959 1629 2438 1685 constituebantur
2451 1627 2696 1680 arbitrio.
2728 1624 2784 1682 Si
2806 1627 2926 1696 quis
2949 1627 3183 1681 hominis
3202 1627 3399 1680 mortui
3431 1638 3553 1683 ten-

1961 1719 2157 1774 torium
2200 1717 2469 1783 introiret,
2511 1726 2605 1772 aut
2635 1717 2867 1772 cadaver
2897 1718 3063 1772 occisi
3106 1717 3395 1787 tetigisset,
3438 1718 3554 1771 sive

1958 1825 2021 1865 os
2052 1809 2194 1864 illius
2218 1819 2310 1863 aut
2335 1807 2640 1879 sepulcrum
2664 1818 2769 1862 tam
2802 1808 2917 1877 ipse
2945 1824 3107 1879 quam
3134 1810 3384 1863 universa
3420 1824 3551 1864 vasa

343 1894 573 1952 MOISES.
614 1898 873 1955 Cordium
902 1902 1255 1961 llluminatori
1292 1922 1399 1962 non
1431 1908 1701 1965 immerito
1731 1927 1858 1984 εἶτα-
1885 1895 1932 1956 Β
1965 1902 2211 1966 lentorii,
2256 1900 2533 1955 immunda
2570 1909 2746 1961 erant,
2800 1899 2969 1955 donec
3022 1901 3316 1955 combusta:
3368 1899 3552 1954 vitula!

274 1984 376 2038 tias
414 2001 535 2055 ago,
568 1990 657 2058 qui
693 2000 854 2048 tantae
897 1994 1160 2050 carcitatis
1196 2001 1479 2067 tenebras,
1517 2000 1617 2055 etsi
1642 2016 1784 2066 sero,
1822 2017 1854 2058 ιι

273 2087 457 2130 nostro
478 2078 683 2146 depulit
705 2082 907 2137 animo.
936 2083 1057 2139 Tibi
1082 2100 1299 2157 quoque
1326 2103 1430 2143 non
1458 2089 1653 2157 injuste
1684 2093 1858 2146 maxi-

273 2181 387 2219 mas
413 2178 599 2237 grates
626 2174 884 2241 rependo,
923 2175 1015 2243 qui
1043 2188 1097 2231 et
1122 2180 1585 2247 apertissimarnm
1616 2192 1668 2236 et
1698 2182 1854 2238 inex-

269 2263 642 2331 pugnabilium
673 2265 792 2321 luce
822 2267 1115 2333 rationum,
1151 2270 1311 2338 hujus
1338 2289 1367 2325 a
1402 2288 1487 2328 me
1523 2274 1747 2331 inﬁdelit
1787 2277 1857 2333 tis

269 2368 507 2409 errorem
566 2356 760 2412 tulisti.
815 2358 970 2415 Nune
1004 2361 1050 2415 si
1092 2362 1268 2432 placet
1296 2376 1532 2435 coeptum
1567 2383 1633 2421 ex
1663 2368 1857 2426 ordine

268 2460 632 2516 prOSeqttetts,
699 2462 1012 2520 sequentem
1086 2458 1485 2526 prapositorum
1543 2470 1852 2518 nostrorum

267 2536 413 2602 aperi
445 2546 679 2606 partem.
727 2538 919 2594 Dixisti
961 2542 1104 2596 enim
1154 2559 1254 2599 nos
1284 2545 1351 2599 de
1396 2548 1679 2618 przeceptis
1720 2549 1854 2621 legis

264 2625 552 2680 minimmn
591 2628 722 2697 quid
747 2645 928 2700 agere,
958 2640 1011 2684 et
1036 2631 1087 2685 id
1122 2632 1296 2701 ipsum
1326 2633 1436 2689 Deo
1467 2651 1572 2690 non
1613 2636 1849 2706 placere.

264 2717 417 2782 Quod
459 2734 631 2788 quare
672 2720 754 2774 vel
800 2737 906 2792 qua
946 2722 1249 2780 intentione
1296 2726 1532 2793 dixeris,
1579 2728 1856 2785 inbianter

261 2810 454 2864 audire
484 2812 761 2866 desidero.

328 2893 571 2950 Pnrnus.
612 2896 768 2961 Quod
808 2896 917 2951 dixi
953 2913 1047 2952 vos
1091 2901 1158 2953 de
1205 2898 1338 2969 legis
1391 2901 1658 2958 mandatis
1689 2905 1850 2958 mini-

260 2997 406 3035 mum
436 2984 570 3052 quid
600 2986 914 3048 observate,
948 3003 1044 3041 nec
1071 2990 1433 3055 auctoritatis,
1468 3006 1569 3045 nec
1596 2993 1850 3059 rationis,

257 3085 379 3124 cum
428 3071 639 3141 liquido
690 3083 895 3142 pateat,
949 3074 1153 3143 indiget
1182 3077 1520 3144 probatione,
1551 3090 1610 3133 ut
1638 3079 1689 3133 in
1722 3080 1854 3149 ipsis

255 3160 546 3216 sacriﬁciis
567 3164 783 3231 probari
807 3174 1006 3232 potest,
1037 3181 1160 3235 quae
1185 3180 1525 3237 nequaquam
1542 3167 1849 3225 celebratis.

253 3250 392 3306 Nam
421 3268 523 3306 nec
550 3254 671 3323 agni
702 3254 975 3308 victimam
1007 3264 1165 3319 prout
1191 3254 1319 3309 olim
1362 3257 1629 3311 matutino
1665 3267 1719 3312 et
1755 3274 1852 3314 ve-

252 3342 507 3409 spertino
539 3341 833 3396 immolatis
902 3353 1182 3414 tempore,
1244 3360 1346 3399 nec
1403 3347 1849 3413 neomeniarum,

253 3430 652 3497 Sabbatorum,
681 3435 1238 3506 cteremoniaruntque
1270 3436 1580 3492 holocausta
1609 3438 1853 3493 ccli-bra-

255 3526 340 3592 tis,
371 3540 476 3580 nec
501 3526 680 3594 panis,
708 3525 819 3579 vini
842 3535 896 3580 et
918 3526 1018 3581 olei
1051 3542 1172 3595 qua:
1194 3526 1445 3581 similiter
1471 3530 1851 3598 postposuistis

254 3615 517 3671 libamina
538 3616 730 3685 (Nam.
749 3632 950 3683 xxvtu;
976 3615 1125 3671 Psal.
1148 3619 1335 3688 uxx),
1365 3628 1456 3673 aut
1476 3620 1849 3689 quotidianum

255 3708 417 3763 etiam
449 3720 772 3778 apparatum
799 3723 1018 3775 mensae,
1051 3710 1104 3764 in
1134 3724 1239 3780 qua
1275 3712 1506 3780 septimo
1526 3728 1741 3782 semper
1761 3715 1850 3768 die

257 3816 425 3871 panes
455 3801 848 3871 propositionis
879 3801 1191 3857 ministrare
1214 3804 1379 3858 vestri
1411 3814 1594 3873 patres
1619 3820 1850 3861 consue-

260 3901 446 3948 verant
496 3892 699 3962 (Exod.
750 3893 901 3965 xxv).
956 3892 1272 3949 aninaria
1314 3909 1531 3966 quoque
1578 3896 1847 3952 matutino

266 3991 502 4051 tempore
550 3994 886 4055 prmparata,
936 3986 1250 4056 vespertino
1288 3986 1685 4051 accendebant,
1733 3988 1845 4043 eis-

270 4075 489 4143 demque
517 4074 851 4146 temporibus
880 4075 1176 4146 thymiama
1215 4075 1504 4133 thuribulis
1535 4076 1842 4140 impositum

275 4161 318 4215 in
372 4163 571 4234 templo
624 4165 856 4219 cremari
912 4163 1208 4233 faciebant,
1261 4167 1636 4223 ordinationes
1677 4167 1841 4222 etiam

278 4264 423 4324 atque
454 4258 737 4314 unctiones
783 4258 1164 4326 sacerdotum,
1216 4259 1505 4330 variasque
1554 4259 1844 4314 vestimen-

284 4352 438 4399 torum
474 4347 805 4403 mutationes
853 4345 1055 4419 (Exad.
1089 4350 1241 4419 xxx),
1272 4363 1371 4404 nec
1402 4348 1746 4404 multimodas
1789 4350 1841 4404 in

282 4439 532 4493 sumendis
552 4438 688 4493 cibis
708 4440 1025 4503 varietates,
1054 4439 1479 4494 ministeriorum
1507 4453 1723 4510 quoque
1749 4455 1845 4510 per

1956 1993 2229 2048 cineribus
2250 2007 2468 2061 aspersa
2510 1993 2904 2047 mundarentur
2937 1991 3116 2060 (Deut.
3148 1991 3283 2063 stv).
3314 1991 3550 2047 Praeter—

1955 2097 2019 2137 ea
2058 2083 2159 2137 alia
2205 2083 2602 2154 quamplurima
2628 2082 2814 2152 inlcge
2847 2091 3111 2152 prtecepta
3136 2091 3259 2137 sunt
3284 2080 3546 2154 (Lemtv),

1956 2188 2076 2245 quae
2113 2191 2142 2228 a
2174 2173 2329 2228 vobis
2372 2175 2484 2245 jam
2517 2175 2718 2228 dudum
2753 2173 2974 2229 omnino
3009 2173 3367 2242 praetermissa
3398 2183 3547 2228 sunt.

2027 2263 2258 2320 Movsss.
2279 2263 2353 2318 De
2370 2265 2501 2335 legis
2518 2265 2803 2335 praeceptis
2821 2280 2939 2335 qure
2954 2264 3175 2318 minime
3191 2263 3546 2321 observamus

1959 2371 2299 2428 nequaquam
2324 2356 2678 2427 redarguendi
2710 2371 2920 2419 sumus,
2941 2363 3130 2412 cumet
3154 2354 3329 2424 patria
3355 2365 3543 2409 nostra

1956 2448 2145 2505 exules
2198 2448 2397 2513 simus,
2453 2448 2760 2517 temploque
2813 2458 2868 2503 et
2922 2447 3179 2517 legitimis
3231 2460 3540 2500 careamus.

2026 2540 2261 2597 Pernus.
2293 2540 2671 2596 Excusationis
2699 2554 2915 2595 causam
2937 2538 3222 2593 invalidam
3249 2537 3542 2608 protulisti.

1953 2632 2089 2688 Nam
2118 2634 2162 2688 si
2195 2634 2306 2689 Deo
2333 2644 2509 2689 vestra
2531 2633 2799 2688 sacriﬁcia
2827 2639 3047 2701 accepta
3078 2638 3283 2694 essent,
3309 2644 3415 2682 non
3444 2642 3544 2683 vos

1953 2725 2029 2781 ita
2060 2726 2127 2781 de
2158 2736 2304 2781 terra
2332 2727 2606 2797 ejccissct,
2643 2733 2701 2779 ut
2731 2726 2848 2782 hzec
2889 2738 3009 2795 quae
3036 2721 3279 2793 jusserat
3307 2721 3532 2776 minime

1952 2818 2184 2889 possetis
2213 2818 2458 2889 implere.

2023 2907 2254 2963 Marses.
2295 2909 2450 2963 Absit
2477 2918 2535 2962 nt
2561 2923 2661 2963 nos
2687 2906 2811 2962 ideo
2854 2906 2920 2961 de
2951 2903 3068 2960 solo
3097 2914 3324 2975 paterno
3352 2918 3473 2973 exp:
3498 2902 3544 2959 Ἲι

1955 2996 2140 3065 lisset,
2189 3014 2256 3053 ne
2302 2997 2417 3066 ejus
2474 2997 2757 3068 praeceptis
2802 2995 3159 3053 obsecundari
3194 2994 3504 3050 valcremus

1955 3090 2210 3160 quoniam
2257 3106 2363 3143 non
2392 3100 2537 3145 esset
2582 3105 2719 3160 opus
2755 3089 3015 3159 sapientis
3061 3095 3116 3142 et
3153 3084 3284 3155 justi
3335 3086 3541 3156 aliquid

1950 3178 2159 3249 jubere,
2190 3179 2331 3249 quod
2374 3180 2514 3235 idem
2564 3179 2911 3249 postmodum
2962 3177 3076 3232 ﬁeri
3109 3176 3438 3248 prohiberet.
3475 3176 3542 3231 Et

1956 3266 2151 3320 iterum
2197 3282 2297 3320 cur
2324 3281 2387 3320 ea
2420 3281 2525 3320 non
2574 3265 2899 3331 fecerimus,
2954 3265 3219 3318 rationem
3265 3264 3462 3318 habeat
3506 3278 3540 3317 a

1953 3359 2109 3414 nobis
2130 3359 2369 3429 exigere,
2394 3360 2485 3414 sed
2508 3359 2634 3429 quia
2658 3359 2984 3429 deliquimus
3010 3358 3066 3412 in
3092 3369 3383 3428 conspectu
3399 3358 3535 3428 ejus.

1952 3450 2125 3504 iratus
2164 3451 2423 3505 adversus
2473 3465 2593 3514 nos,
2638 3449 2798 3520 cjecit
2840 3450 2907 3505 de
2953 3459 3096 3504 terra
3140 3449 3229 3503 ιιιιί
3277 3448 3393 3517 ejus
3426 3464 3533 3504 non

1951 3556 2239 3610 possumus
2266 3541 2488 3612 implere
2518 3551 2803 3611 przecepta.
2838 3540 3032 3595 Nostra
3071 3541 3251 3609 itaque
3290 3540 3541 3610 impossi~

1949 3632 2133 3687 bilitas
2169 3648 2273 3687 non
2297 3633 2403 3688 erit
2427 3632 2772 3703 inculpanda.
2820 3633 2993 3687 donec
3021 3641 3233 3703 tempus
3258 3632 3537 3697 adveniat,

1949 3738 2057 3793 quo
2089 3725 2154 3777 ad
2204 3731 2407 3778 terram
2458 3724 2812 3779 habitationis
2861 3733 3060 3779 nostra:
3093 3733 3449 3788 revertamur,
3482 3732 3540 3779 et

1951 3822 2078 3868 tunc
2116 3829 2179 3868 ea
2215 3812 2517 3882 qutejnssit
2552 3812 2710 3868 nobis
2744 3813 3002 3868 Dominus
3030 3829 3195 3883 opere
3235 3813 3535 3885 complebi—

1948 3918 2089 3967 mus,
2137 3904 2296 3973 eique
2335 3902 2662 3958 sacriﬁcium
2716 3912 2961 3959 nostrum
3011 3905 3346 3972 acceptabile
3391 3904 3532 3974 erit,

1947 3991 2401 4062 quemadmodum
2428 3993 2691 4062 propheta
2720 4001 2951 4046 testatur
2976 3991 3268 4048 Malaehias
3298 3993 3485 4048 dicens
3513 4010 3527 4049 :

1947 4079 2016 4134 Et
2046 4079 2262 4147 placebit
2289 4080 2397 4133 Deo
2429 4079 2753 4147 sacri/icium
2784 4078 2931 4133 Iuda
2958 4091 3005 4133 et
3037 4079 3371 4137 Hierusalem
3399 4082 3536 4138 sicut

1946 4172 2057 4225 dies
2081 4172 2281 4234 su'culi,
2308 4182 2356 4225 et
2379 4172 2513 4243 sicut
2545 4171 2673 4224 uum’
2694 4172 2899 4241 antiqui
2930 4170 3153 4240 (Malae.
3186 4174 3294 4243 III).

2016 4261 2254 4317 Penus.
2297 4242 2466 4330 Hujus
2511 4262 2812 4332 prophetia:
2867 4262 3259 4327 testimonium,
3303 4263 3435 4319 nihil
3462 4265 3532 4321 ad

1946 4366 2190 4409 nostrum
2220 4356 2415 4410 attinet
2439 4354 2790 4425 propositum.
2808 4352 2966 4421 Nam,
2989 4357 3031 4409 si
3059 4355 3452 4425 praecedentem
3476 4365 3534 4413 et

1943 4456 2260 4517 sequentem
2294 4445 2615 4501 discusseris
2645 4445 2951 4510 historiam,
2981 4446 3049 4500 de
3076 4446 3358 4501 sacriﬁciis
3388 4457 3531 4502 tem~

285 4527 498 4600 singulas
524 4531 896 4587 hebdomadas
924 4529 1347 4595 vicissitudines,
1382 4531 1677 4586 secundum
1709 4532 1842 4601 legis
1872 4571 1920 4630 θ
1944 4536 2016 4606 pli
2046 4538 2188 4607 quod
2219 4536 2401 4592 Esdra:
2448 4536 2781 4606 temporibus
2810 4536 3137 4592 aediﬁcatum
3177 4546 3279 4602 est,
3323 4538 3529 4593 dictum

285 4630 521 4690 preeepta
548 4622 835 4677 servabant
866 4620 1012 4692 (Leu.
1042 4621 1183 4693 vui),
1216 4620 1434 4676 Levitas
1460 4620 1624 4676 etiam
1646 4636 1840 4677 secun-

288 4711 391 4767 dum
407 4714 571 4784 legem
594 4715 795 4771 electos
820 4715 1148 4770 ordinabant
1173 4714 1352 4787 (Deut.
1381 4714 1516 4785 xw),
1543 4725 1599 4769 ct
1625 4716 1843 4771 musicis

287 4801 633 4864 instrumentis
661 4819 819 4879 prout
845 4806 1056 4881 Moyses
1085 4808 1394 4862 instituerat
1418 4807 1646 4877 psallere
1679 4807 1843 4862 facie-

286 4892 394 4948 bant
415 4898 597 4967 (Leuit.
627 4914 686 4954 ιιι
712 4917 728 4965 ;
783 4899 934 4954 Psal.
984 4897 1169 4967 Lux).
1197 4897 1629 4968 Primogenitmu,
1659 4908 1841 4953 autem

288 4986 489 5048 hominis
511 5005 676 5063 atque
703 4994 1102 5048 immundorum
1134 4991 1446 5046 animalium
1486 4992 1662 5060 pretio
1695 4990 1839 5045 redi-

289 5083 475 5139 mebant
506 5086 699 5159 (Nam.
731 5088 809 5157 κ).
854 5086 1267 5156 primitivosque
1302 5085 1558 5138 arborum
1605 5081 1834 5146 fructus,

286 5170 327 5227 in
355 5191 494 5233 csum
526 5181 739 5235 Domini
770 5179 1072 5235 offerebant
1099 5176 1295 5231 altario
1335 5174 1534 5247 (Exod.
1569 5177 1709 5245 XIII),
1743 5176 1833 5245 qui

284 5265 329 5319 in
354 5284 491 5325 esum
516 5271 891 5328 sacerdotibus
921 5270 1215 5326 credebant
1258 5268 1402 5339 (Leu.
1433 5269 1610 5337 unt).
1646 5266 1833 5321 Trium

282 5375 516 5420 annorum
544 5367 752 5421 fruetus
780 5366 832 5420 in
862 5363 1147 5419 arboribus
1171 5378 1522 5433 permanens,
1549 5359 1681 5414 nihil
1708 5375 1837 5414 con-

282 5450 499 5512 furebant
522 5460 796 5515 utilitatis.
827 5460 1030 5528 Quarto
1050 5472 1190 5512 anno
1210 5457 1386 5512 omnis
1416 5455 1443 5509 f
1443 5466 1626 5510 ructus
1646 5470 1833 5510 earnm

204 5566 211 5571 -
279 5546 699 5605 sanctilicahatur.
725 5550 982 5606 laudabili
1019 5550 1265 5604 Domino.
1301 5547 1579 5602 Primitias
1618 5561 1836 5618 quoque

280 5630 524 5697 fructuum
551 5644 929 5700 sacerdotibus
940 5641 1240 5698 oderchant
1258 5639 1448 5713 (Num.
1478 5655 1610 5695 svnt
1626 5657 1640 5706 ;
1658 5638 1829 5694 Exod.

281 5732 467 5803 xxxvi),
494 5743 547 5789 et
575 5750 644 5789 ex
673 5734 884 5789 duabus
914 5733 1139 5789 decimis
1173 5748 1336 5789 unam
1368 5730 1572 5787 dabant
1604 5730 1829 5798 Levitis,

280 5818 480 5879 alteram
534 5823 869 5881 llierus::lem
927 5825 980 5879 in
1032 5823 1158 5882 loco
1205 5832 1392 5881 sancto
1442 5822 1828 5883 comedendam

1944 4642 2065 4683 esse
2092 4628 2333 4683 invenies
2388 4627 2510 4697 (ΙΙΙ
2544 4627 2704 4683 lt‘sdr.
2736 4630 2879 4699 ml).
2922 4627 2998 4684 De
3037 4629 3203 4702 exilio
3231 4640 3411 4685 autem
3441 4646 3532 4686 ve-

1947 4725 2062 4772 stro
2084 4717 2229 4787 quod
2256 4717 2364 4772 dixi
2390 4717 2531 4773 idem
2558 4717 2843 4781 conﬁrmo,
2874 4717 3084 4773 scilicet
3111 4719 3255 4787 quod
3288 4720 3407 4773 ideo
3434 4736 3531 4776 vos

1943 4809 2009 4864 de
2049 4819 2191 4863 terra
2238 4807 2418 4875 cjecit,
2447 4825 2513 4863 ne
2542 4809 2808 4863 sacriﬁcia
2860 4809 3134 4875 faceretis,
3187 4812 3524 4877 neomcnias,

1942 4900 2030 4954 vel
2048 4900 2319 4970 quaslibet
2340 4899 2665 4955 festivitates
2694 4900 2945 4956 coleretis
2970 4901 3201 4971 pristino
3224 4916 3395 4968 more,
3424 4917 3526 4958 nec

1943 4994 2125 5061 templi
2159 4993 2344 5047 limina
2375 4994 2646 5053 tereretis.
2671 4993 2805 5048 Cum
2834 4995 2982 5049 enim
3011 4995 3153 5050 Deus
3177 5008 3275 5067 per
3304 4994 3525 5068 Moysen

1940 5087 2206 5142 sacriﬁcia
2237 5087 2349 5141 ﬁeri
2377 5087 2654 5158 praecepit,
2688 5087 2809 5143 ideo
2837 5089 3020 5160 utique
3060 5088 3209 5157 fecit,
3232 5099 3291 5144 ut
3320 5090 3371 5145 in
3400 5106 3523 5146 eum

1940 5186 2088 5234 recte
2112 5178 2415 5244 credentes,
2445 5189 2499 5232 et
2527 5189 2637 5233 tota
2670 5193 2793 5233 eum
2823 5190 3007 5235 mente
3050 5181 3357 5250 diligentes,
3389 5182 3524 5253 legis

1939 5287 2049 5328 suae
2085 5281 2352 5344 praecepta
2398 5287 2521 5326 cum
2551 5280 2752 5343 quanta
2782 5271 3012 5331 decebat
3061 5272 3421 5328 sollicitudine
3466 5282 3523 5327 et

1937 5364 2199 5418 munditia
2235 5363 2598 5432 custodirent,
2646 5378 2753 5418 non
2795 5363 2938 5432 quod
2985 5362 3161 5430 furta,
3208 5362 3521 5423 homicidia,

1935 5453 2179 5524 rapinas,
2218 5462 2273 5509 et
2313 5464 2509 5511 caetera
2539 5454 2844 5511 exercendo
2882 5454 3049 5518 vitia,
3102 5466 3203 5509 nec
3224 5468 3329 5508 non
3363 5451 3519 5506 idolis

1936 5546 2311 5614 sacriﬁcando,
2343 5546 2439 5602 llei
2464 5545 2634 5617 legem
2662 5546 2883 5618 indigne
2913 5544 3310 5611 tractarent,"et
3335 5543 3519 5597 multis

1939 5637 2125 5709 polluti
2165 5638 2428 5710 contagiis
2453 5678 2469 5705 ,
2515 5638 2624 5695 Deo
2655 5654 2784 5693 vero
2830 5635 3212 5699 sacriﬁcaturi,
3267 5643 3517 5688 sanctmn

1934 5730 2053 5801 ejus
2080 5730 2336 5805 templum
2364 5732 2571 5809 indigni
2603 5730 3036 5803 ingrederentur,
3064 5725 3523 5805 quemadmodum

1932 5823 2196 5895 propheta
2226 5823 2534 5883 Hieremias
2569 5832 2796 5879 testatur
2825 5820 3014 5876 dicens
3043 5836 3056 5873 :
3090 5816 3222 5874 Em
3259 5834 3345 5873 vos
3390 5834 3517 5872 con-
