4038 6468
520 452 630 508 5ῧό

1462 442 1669 505 PETRI
1706 448 2051 514 ALPilONSl
2094 446 2186 503 EX
2226 447 2473 507 JUDEO
2500 448 2897 507 CHRISTIANK
3658 459 3744 518 536

528 566 694 632 ﬁditis
738 569 880 620 vobis
925 563 979 617 in
1021 562 1182 617 verbis
1220 560 1480 616 mendacii
1521 579 1639 633 qua
1681 579 1782 618 non
1820 565 2106 635 proderunt
2136 568 2184 625 Α
2287 565 2520 622 Movsss.
2556 565 2614 621 In
2645 566 2750 622 hoc
2793 564 2960 620 verbo
3001 563 3098 618 tibi
3132 562 3232 633 ipsi
3266 561 3565 627 contrarius
3589 579 3744 628 osteu.

521 656 685 723 vobis,
713 655 906 724 furari,
935 652 1187 718 occidere,
1212 650 1523 715 adulterari,
1547 652 1739 721 jurare
1763 656 2108 718 mendaciter,

520 746 687 800 libare
705 745 939 808 Baalim,
957 753 1004 797 et
1030 743 1106 796 ire
1126 752 1241 811 post
1268 742 1391 797 deos
1414 742 1615 799 alienos
1644 760 1773 816 quos
1802 746 2107 816 ignorastis,

519 846 569 890 et
600 836 807 890 venistis
836 844 883 887 et
913 834 1127 888 stetistis
1162 850 1339 888 coram
1376 852 1456 889 me
1479 838 1535 889 in
1569 837 1730 890 domo
1768 838 1892 900 hac,
1922 838 1976 890 in
2003 855 2108 909 qua

516 926 810 978 invocatum
831 932 903 976 est
921 940 1106 977 nomen
1129 935 1383 990 meum,et
1398 925 1603 980 dixistis
1622 945 1640 982 :
1657 926 1884 982 Liberali
1903 946 2106 996 sumus,

515 1030 576 1068 eo
603 1012 740 1084 quod
769 1013 986 1082 fecimus
1007 1030 1181 1067 omnes
1203 1014 1617 1070 abominationes
1660 1018 1789 1072 istas
1828 1017 1963 1086 (Jer.
1983 1020 2105 1090 vn).

513 1103 872 1158 Abominatus
893 1111 975 1159 est
1006 1104 1188 1175 itaque
1204 1106 1345 1161 Deus
1368 1122 1529 1177 opera
1549 1117 1750 1172 vestra.
1766 1110 2103 1179 etvictimas,

514 1210 639 1251 cum
670 1196 921 1261 canticis,
949 1197 1262 1266 expulitque
1289 1213 1386 1253 vos
1413 1199 1479 1253 de
1507 1200 1707 1270 templo
1728 1216 1848 1266 suo,
1876 1212 1929 1257 et
1959 1211 2103 1259 terra

515 1284 661 1340 sicut
685 1284 852 1341 lsaias
880 1286 1144 1357 propheta
1176 1288 1514 1356 apertissime
1540 1291 1735 1346 talibus
1758 1293 1939 1348 verbis
1966 1294 2103 1349 insi-

514 1378 812 1444 ttuatzQuo
844 1379 973 1444 mihi
1010 1378 1396 1434 multitudinem
1417 1383 1751 1438 victimarum
1781 1394 2100 1456 vestrarum,

512 1468 640 1522 dicit
676 1468 966 1524 Dominus?
1005 1469 1201 1526 Plenus
1246 1489 1391 1536 sum,
1439 1473 1747 1531 holocausta
1787 1478 2012 1532 arietum
2052 1490 2101 1533 et

513 1559 720 1628 adipem
741 1562 1035 1630 pinguium,
1055 1573 1100 1616 et
1115 1564 1418 1633 sanguinem
1432 1565 1800 1634 vitulorum,et
1821 1585 2099 1639 agnorum,

454 1696 461 1701 .
512 1658 560 1701 et
604 1647 870 1702 hircorum
921 1649 1083 1704 nolui.
1142 1650 1272 1705 Cum
1324 1654 1563 1707 veniretis
1605 1664 1724 1710 ante
1772 1668 2100 1729 conspectum

511 1756 703 1805 meum,
735 1742 850 1811 quis
870 1742 1105 1813 qutesivit
1146 1743 1258 1797 haec
1287 1744 1351 1798 de
1379 1747 1622 1801 manibus
1660 1749 1863 1817 vestris,
1905 1759 1962 1803 ut
1992 1767 2102 1805 am-

511 1829 761 1885 bularetis
786 1833 839 1885 in
870 1834 1019 1887 atriis
1043 1834 1205 1888 meis?
1237 1834 1349 1889 Nec
1371 1837 1609 1905 offeratis
1624 1840 1761 1895 ultra
1779 1842 2097 1910 sacri/icium

2214 654 2381 719 deris,
2416 670 2538 709 cum
2569 655 2818 726 superius
2851 653 3057 709 dixeris
3084 653 3335 709 homines
3364 653 3499 710 illius
3525 664 3745 729 temporis

2211 745 2489 816 religiosos
2517 754 2570 801 et
2594 744 2772 814 justos
2799 745 2988 808 fuisse,
3016 754 3071 800 et
3100 743 3235 816 legis
3273 755 3529 818 prtecepta
3556 749 3747 810 ﬁdeliter

2211 836 2528 901 custodisse,
2560 853 2704 893 nunc
2733 846 2913 892 autem
2936 852 3124 892 eorum
3152 852 3315 907 opera
3339 838 3444 893 Deo
3456 841 3748 911 displicuisse

2210 927 2525 983 conﬁrmas.

2279 1015 2515 1074 Peritos.
2560 1017 2867 1074 Secundum
2895 1017 3040 1088 quod
3078 1017 3355 1088 legislator
3385 1018 3582 1091 Moyses
3607 1038 3633 1076 a
3658 1025 3748 1080 Deo

2206 1108 2378 1179 legem
2408 1120 2715 1178 acceperat,
2749 1118 2804 1164 et
2840 1108 2920 1164 eis
2947 1117 3323 1179 proposuerat,
3354 1123 3445 1164 eos
3472 1112 3616 1182 digne
3658 1130 3749 1168 ser-

2208 1213 2365 1253 vasse
2392 1214 2497 1254 non
2538 1198 2766 1269 denego.
2818 1196 2925 1252 Sed
2970 1208 3256 1269 postquam
3285 1196 3524 1252 Christus
3552 1201 3746 1264 advenit,

2206 1290 2299 1361 qui
2335 1289 2726 1361 prophetarum
2758 1304 2957 1344 arcana
2999 1289 3294 1353 revelavit,
3336 1298 3391 1344 et
3422 1290 3549 1361 legis
3575 1293 3753 1348 sublato

2204 1380 2506 1446 velamine,
2546 1378 2883 1452 spiritualem
2932 1379 3025 1451 qui
3070 1379 3272 1434 latebat
3320 1394 3535 1433 sensum
3578 1384 3752 1450 aperuit

2205 1473 2356 1544 (Luc.
2382 1473 2635 1545 xstv),ex
2667 1482 2794 1527 tunc
2818 1487 2923 1527 non
2946 1471 3243 1527 secundum
3274 1471 3510 1526 litteram
3536 1474 3752 1528 occiden-

2207 1570 2336 1627 tem,
2371 1563 2464 1618 sed
2510 1561 2807 1617 secundum
2839 1561 3089 1631 spiritum
3132 1560 3494 1615 viviﬁcantem
3546 1560 3623 1632 (11
3650 1561 3752 1618 Cor.

2204 1651 2288 1723 ιιι)
2314 1650 2508 1723 legalis
2536 1651 2841 1706 debuerunt
2865 1651 3108 1705 instituta
3136 1665 3376 1715 servare,
3409 1651 3645 1721 quoniam
3672 1654 3747 1723 qui

2204 1740 2379 1812 legem
2428 1740 2671 1805 dederat,
2719 1739 2911 1795 melius
2939 1755 3059 1794 eam
3088 1755 3248 1809 quam
3282 1740 3554 1810 pr0phette
3577 1741 3655 1810 qui
3680 1757 3758 1794 au-

2204 1830 2410 1885 ditores
2446 1828 2663 1884 fuerant
2689 1828 3041 1900 intelligebat.
3070 1827 3223 1895 Quod
3251 1828 3376 1897 quia
3411 1827 3581 1883 facere
3608 1830 3761 1899 negle-

509 1917 728 1987 frustra.
758 1919 1042 1976 Incensum
1078 1923 1401 1980 abominatio
1438 1938 1513 1982 est
1543 1930 1690 1985 mihi.
1737 1928 2098 1999 Neomeniam,
2131 1925 2177 1985 B
2205 1931 2403 1977 Χθνυηῑ
2427 1964 2442 1990 ι
2492 1922 2612 1977 ideo
2660 1936 2849 1976 eorum
2895 1921 3148 1990 antiquas
3194 1919 3599 1975 Observationes
3643 1922 3757 1975 Deus

508 2004 798 2063 Sabbatum
829 2020 877 2065 et
903 2010 1207 2079 festivitates
1247 2014 1384 2069 alias
1424 2034 1528 2072 non
1548 2019 1741 2089 feram.
1778 2020 1958 2093 Iniqui
1980 2034 2101 2078 sunt

508 2108 666 2153 castus
690 2102 868 2156 vestri.
912 2102 1186 2161 Kalendas
1225 2118 1425 2163 vestras
1453 2120 1499 2163 et
1529 2112 1883 2168 solemnitates
1906 2125 2102 2170 vestras

509 2188 668 2244 adivit
697 2193 876 2247 anima
897 2211 1034 2264 mea,
1063 2196 1207 2265 facta
1242 2210 1361 2252 sunt
1403 2201 1534 2255 mihi
1559 2201 1797 2258 molesta.
1843 2202 2101 2261 Laboravi

505 2284 788 2340 sustinens.
825 2284 978 2353 Quod
1012 2297 1067 2343 et
1104 2288 1408 2345 Hieremias
1445 2299 1736 2349 conﬁrmat
1763 2295 1950 2352 dicens
1985 2315 1997 2351 :
2033 2295 2099 2351 Ut

504 2377 633 2445 quid
666 2377 798 2431 milii
837 2379 956 2432 thus
998 2379 1062 2434 de
1103 2378 1246 2435 Saba
1285 2382 1518 2453 a/fertis',
1562 2394 1611 2439 et
1654 2386 1916 2442 calamum
1943 2406 2102 2445 suave

505 2468 731 2527 olentem
764 2470 828 2524 de
865 2480 1006 2526 terra
1041 2470 1368 2544 longinqua?
1409 2473 1883 2533 Holocaustomata
1933 2491 2101 2536 vestra

507 2574 614 2613 non
653 2570 772 2613 sunt
813 2570 1024 2630 accepta
1070 2571 1119 2615 et
1164 2564 1390 2618 victima:
1434 2575 1613 2620 vestris
1657 2583 1760 2621 non
1795 2569 2100 2637 placuerunt

505 2648 637 2703 mihi
684 2650 817 2721 (Jer.
862 2654 962 2723 vt).
1010 2653 1143 2708 Item
1197 2654 1369 2711 alibi:
1431 2655 1562 2711 Cum
1599 2659 1959 2729 jejuuaverint
1997 2679 2100 2717 non

504 2741 790 2796 exaudiam
835 2759 1013 2812 preces
1052 2760 1255 2811 eorum,
1296 2757 1343 2800 et
1385 2748 1429 2800 si
1473 2748 1750 2803 obtulerint
1774 2749 2103 2805 holocausto-
2154 2816 2163 2823 ν

501 2841 670 2900 mata,
694 2843 741 2888 et
768 2833 1035 2900 victimas,
1074 2853 1178 2891 non
1224 2838 1505 2907 suscipiam
1557 2856 1618 2893 ea
1665 2840 1800 2910 (Jer.
1840 2842 1976 2912 xiv).
2024 2843 2101 2898 De

506 2925 614 2980 hoc
643 2926 805 2980 etiam
842 2926 1010 2983 Amos
1045 2929 1309 2999 propheta
1351 2930 1427 2985 ait
1458 2945 1472 2984 :
1509 2929 1613 2985 Odi
1639 2942 1686 2985 et
1707 2934 1908 3003 projeci
1947 2935 2097 3004 festi-

505 3017 692 3071 vitales
720 3027 938 3081 vestras,
968 3029 1141 3074 etnon
1173 3021 1378 3088 capiant
1406 3022 1618 3076 odorem
1647 3033 1868 3077 cmtuum
1906 3034 2100 3079 vestro-

506 3125 653 3163 rum.
702 3107 858 3176 Quod
908 3112 954 3164 si
1006 3111 1287 3167 attuleritis
1316 3114 1443 3167 milii
1506 3114 1996 3183 holocaustomata,
2051 3127 2099 3173 et

502 3215 722 3254 munera
745 3210 912 3254 vestra
938 3217 1040 3256 non
1065 3205 1367 3272 suscipiam,
1403 3216 1451 3260 et
1474 3216 1593 3260 vota
1613 3207 1883 3277 pinguium
1913 3220 2099 3263 vestro-

501 3307 619 3346 rum
668 3308 772 3348 non
819 3294 1114 3364 respiciam.
1166 3296 1416 3366 Auferam
1458 3298 1742 3352 tumultum
1791 3302 2090 3355 carminum

503 3389 736 3445 tuorum,
767 3391 815 3436 et
851 3383 1057 3437 cantica
1085 3383 1216 3453 lyra:
1248 3395 1353 3439 tua:
1389 3403 1492 3440 non
1536 3388 1753 3442 audiam
1808 3390 1991 3460 (Amos
2013 3390 2091 3463 v).

504 3472 583 3527 De
607 3471 708 3527 hoc
735 3472 1254 3546 iterumMalachias
1286 3477 1400 3531 ait:
1440 3476 1563 3533 Non
1594 3488 1667 3534 est
1698 3481 1824 3534 mihi
1852 3480 2094 3538 voluntas

500 3565 558 3618 in
597 3565 779 3627 vobis,
821 3566 945 3620 dicit
989 3566 1246 3622 Dominus
1287 3570 1636 3637 exercituum,
1679 3583 1727 3626 et
1770 3591 1960 3629 munus
1994 3592 2096 3631 non

502 3654 787 3724 suscipiam
826 3656 888 3710 de
916 3673 1076 3712 nianu
1104 3668 1272 3712 vestra
1314 3658 1537 3730 (Malae.
1564 3660 1625 3729 ι).
1663 3661 1730 3716 Et
1762 3661 2047 3720 Psalmista
2078 3684 2092 3720 :

502 3744 838 3816 Sacrificium
866 3759 913 3803 et
943 3750 1260 3805 oblationem
1292 3752 1528 3818 noluisti,
1564 3771 1718 3811 aures
1758 3768 1932 3811 autem
1972 3775 2091 3830 per-

507 3839 685 3906 fecisti
724 3841 851 3893 milii
879 3839 1054 3911 (Psal.
1093 3842 1303 3912 xxxrx).
1333 3843 1433 3898 Per
1457 3843 1592 3901 Osee
1615 3862 1831 3917 quoque
1858 3848 2095 3921 PrOphc—

502 3940 614 3984 tam
660 3931 738 3985 sic
782 3931 858 3986 ait
904 3949 918 3986 :
959 3931 1175 3987 Cessare
1215 3933 1413 4003 faciant
1455 3952 1605 3990 omne
1646 3938 1900 4007 gaudium
1945 3940 2095 4009 ejus.

498 4022 885 4080 solemnitatem
929 4043 1076 4096 ejus,
1115 4028 1439 4082 neomeniam
1474 4029 1611 4096 ejus.
1636 4028 1923 4085 Sabbatum
1957 4032 2093 4100 ejus,

499 4124 551 4171 et
580 4117 759 4170 omnia
787 4117 924 4186 festa
948 4127 1238 4188 temporum
1258 4119 1372 4188 ejus
1397 4118 1544 4181 (Ose.
1575 4119 1657 4190 ιι),
1685 4130 1740 4175 et
1769 4121 1935 4176 multa
1964 4122 2092 4189 alia;

501 4223 622 4278 quae
648 4223 969 4265 enumerare
1005 4208 1226 4281 longum
1274 4222 1376 4265 est.
1415 4211 1541 4267 llatc
1572 4221 1695 4266 sunt
1728 4215 1996 4284 prsccipua
2042 4223 2097 4269 et

499 4300 712 4369 majora
746 4299 879 4371 legis
905 4311 1098 4358 vestra:
1125 4312 1417 4372 praecepta,
1446 4319 1590 4372 qum,
1625 4304 2097 4375 sicutprophetica

501 4390 803 4446 auctoritas
851 4399 905 4447 et
944 4392 1295 4460 praesentium
1343 4400 1645 4460 temporum
1684 4392 1888 4448 indicat
1928 4404 2093 4461 tetas,

503 4480 649 4537 Dens
679 4497 1016 4551 nequaquam
1049 4482 1162 4536 vult
1189 4482 1255 4536 de
1287 4497 1448 4535 manu
1487 4483 1760 4554 suscipere
1790 4495 1986 4539 vestra.

571 4571 799 4628 Movsss.
826 4570 1040 4635 Omnia,
1069 4587 1189 4641 quae
1215 4571 1469 4626 induxisti
1499 4575 1882 4642 prophetarum
1907 4579 2092 4646 verba,

499 4664 570 4722 de
610 4664 923 4736 Babylonia:
972 4663 1288 4732 captivitate
1340 4673 1395 4719 et
1440 4665 1672 4723 dicimus
1721 4677 1774 4723 et
1821 4670 2095 4726 credimus

500 4756 673 4812 fuisse
720 4756 1002 4826 prardicta,
1050 4764 1106 4810 et
1146 4755 1201 4811 in
1243 4761 1434 4836 eadem
1473 4758 1760 4829 completa.
1808 4759 1942 4815 Nam
1976 4769 2098 4832 post

500 4850 674 4918 ipsam
701 4856 756 4904 et
781 4847 1038 4904 divinitas
1081 4862 1180 4903 nos
1212 4849 1469 4919 respexit,
1503 4858 1557 4905 et
1586 4852 1859 4908 sacriﬁcia
1907 4862 2089 4908 nostra

498 4940 763 5009 suscepit.

571 5031 812 5087 Penus.
853 5031 1233 5103 Explanationi
1260 5042 1364 5090 tute
1388 5050 1540 5092 meus
1562 5035 1766 5105 optime
1790 5035 2092 5093 intellectus

497 5124 814 5180 concordat.
841 5123 974 5179 Cum
987 5125 1130 5180 enim
1155 5125 1298 5182 Deus
1321 5143 1419 5182 vos
1445 5127 1511 5182 de
1538 5126 1854 5197 captivitate
1869 5129 2094 5184 eductos

499 5214 569 5270 ad
601 5217 860 5287 templum
890 5218 1234 5288 patriamque
1260 5220 1499 5284 reduxit,
1535 5228 1684 5287 patet
1706 5220 1830 5288 quia
1861 5222 2092 5292 prophe-

500 5316 678 5360 tarum
707 5307 882 5363 minas
910 5308 1219 5378 complevit,
1263 5317 1319 5364 et
1363 5308 1536 5377 culpis
1572 5308 1794 5362 indultis
1839 5310 2091 5365 victimas

495 5404 712 5453 vestras
738 5400 1102 5471 acceptabiles
1130 5399 1342 5454 habuit.
1376 5397 1482 5453 Sed
1512 5414 1636 5453 cum
1672 5408 1859 5469 postea
1897 5400 1949 5454 in
1976 5401 2091 5469 pri-

495 5486 638 5541 stina
665 5489 869 5545 scelera
900 5488 1203 5555 redissetis,
1242 5487 1485 5556 pristinis
1516 5489 1693 5545 denuo
1728 5490 1904 5560 pmnis
1947 5490 2086 5544 mul-

494 5580 596 5634 tati
631 5582 787 5647 estis,
824 5590 882 5637 et
911 5588 1115 5652 quanto
1160 5579 1396 5634 secunda
1429 5581 1716 5650 captivitas
1762 5582 1934 5653 major
1959 5597 2087 5653 gra-

494 5672 725 5743 viorque
764 5673 890 5736 fuit,
937 5686 1101 5741 quam
1146 5670 1354 5739 prima,
1405 5682 1554 5728 tanto
1593 5673 1855 5742 majorem
1888 5674 1941 5728 in
1987 5673 2087 5730 hac

495 5775 660 5826 quam
709 5763 765 5819 in
809 5763 899 5817 illa
947 5760 1041 5816 Dei
1092 5776 1255 5831 super
1294 5777 1390 5821 vos
1442 5764 1612 5836 liquet
1660 5766 2085 5838 indignationem

496 5848 685 5907 fuisse.

2203 2014 2480 2085 suscipere
2527 2013 2738 2078 renuit,
2792 2012 3246 2082 quemadmodum
3295 2021 3350 2066 et
3406 2022 3612 2066 veteres
3651 2012 3762 2067 ritus

2203 2122 2340 2178 quos
2366 2115 2492 2161 ante
2527 2114 2835 2176 susceptam
2864 2121 2960 2175 per
2988 2120 3203 2159 manum
3232 2102 3403 2174 Moysi
3435 2104 3597 2173 legem
3619 2120 3755 2159 exco-

2202 2197 2386 2253 lebant
2423 2197 2566 2269 (Lev.
2602 2196 2779 2269 xvut),
2811 2204 2932 2267 post
2959 2194 3204 2250 eamdem
3249 2204 3559 2263 susceptam
3602 2194 3757 2263 prohi-

2201 2291 2320 2345 buit
2364 2304 2640 2357 exercere,
2671 2289 2806 2344 duas
2838 2287 3086 2341 videlicet
3132 2299 3351 2340 sorores
3398 2284 3553 2340 simul
3594 2286 3762 2340 ducere

2205 2394 2427 2447 uxores,
2459 2378 2544 2434 vel
2574 2378 2793 2433 amitam
2827 2391 3049 2432 uxorem
3081 2374 3348 2443 accipere,
3404 2375 3642 2430 omnibus
3664 2374 3762 2429 aui-

2203 2471 2438 2527 malibus
2466 2471 2608 2526 vesci
2636 2470 2817 2540 (Deut.
2851 2469 2984 2539 xiv).
3015 2467 3139 2522 llaec
3164 2476 3219 2522 et
3244 2467 3452 2522 similia
3480 2477 3597 2521 ante
3618 2467 3759 2534 legem

2203 2571 2448 2634 agentes,
2479 2562 2557 2616 rei
2593 2577 2696 2615 non
2729 2561 3089 2625 habebantur,
3142 2560 3237 2613 sed
3281 2566 3478 2627 postea
3504 2572 3651 2613 nemo
3670 2557 3767 2613 sine

2202 2664 2427 2725 peccato
2456 2652 2634 2708 facere
2664 2652 2861 2724 potuit.

2274 2743 2509 2800 Marses.
2547 2744 2746 2817 Legem
2777 2751 3019 2799 nostram
3049 2750 3210 2813 prout
3254 2741 3477 2815 Moyses
3514 2742 3678 2804 dedit,
3722 2750 3766 2797 et

2201 2838 2379 2892 sumis
2400 2847 2615 2908 patrum
2646 2845 2951 2892 nostrorum
2977 2837 3254 2904 generatio
3282 2837 3585 2905 antiquitus
3605 2834 3762 2897 coluit,

2202 2938 2258 2984 et
2298 2927 2376 2983 sic
2408 2928 2574 2983 etiam
2616 2944 2644 2981 a
2672 2927 2828 2983 nobis
2852 2942 2948 2999 per
2976 2926 3158 2981 omnia
3202 2929 3533 2981 servandam
3558 2934 3610 2980 et
3634 2924 3767 2980 credo

2207 3031 2262 3078 ct
2296 3036 2513 3077 censeo.

2274 3113 2512 3169 Penus.
2553 3111 2611 3167 Si
2668 3120 2877 3167 veteres
2923 3111 3059 3182 legis
3112 3111 3531 3167 observationes
3576 3108 3769 3164 Domino

2203 3205 2566 3277 acceptabiles
2613 3204 2869 3268 fuissent,
2921 3205 3047 3258 dum
3098 3219 3191 3259 eas
3236 3219 3410 3274 opere
3440 3201 3771 3273 complerelis,

2123 3266 2168 3330 C
2200 3266 2541 3368 nequ-aquam
2567 3312 2661 3351 vos
2688 3297 2752 3351 de
2785 3295 2987 3365 templo
3016 3303 3071 3350 et
3100 3294 3273 3365 patria
3298 3294 3573 3363 eiecisset.
3603 3292 3697 3347 Sed
3722 3298 3769 3344 ut

2205 3389 2312 3443 tuis
2352 3388 2692 3458 acquiescam
2725 3386 3087 3451 sermonibus,
3141 3395 3231 3440 tuo
3276 3395 3326 3440 te
3362 3383 3770 3456 redarguendum

2198 3494 2317 3535 esse
2341 3478 2858 3548 ostendamjudicio,
2875 3494 3021 3544 cum,
3038 3478 3324 3544 sicutdixi,
3351 3478 3493 3532 nihil
3509 3478 3606 3531 nisi
3628 3488 3770 3545 pauca

2199 3574 2264 3628 de
2291 3573 2422 3643 legis
2448 3570 2749 3628 observetis
2778 3571 3080 3643 praeceptis,
3115 3581 3165 3625 et
3199 3586 3302 3625 nec
3346 3571 3470 3641 ipsa
3515 3577 3664 3639 prout
3703 3567 3771 3622 lex

2203 3667 2447 3736 praecipit
2478 3682 2543 3721 ex
2575 3674 2687 3721 toto
2717 3665 3060 3726 custodiatis,
3114 3664 3562 3733 quandoquidem
3608 3675 3694 3715 ncc
3730 3660 3772 3712 in

2199 3756 2469 3820 Sabbatis,
2505 3771 2604 3811 nec
2633 3757 2685 3811 in
2711 3754 3160 3815 solemnitatibus.
3191 3762 3284 3807 aut
3312 3752 3544 3824 jejnniis
3570 3753 3772 3814 vestris,

2200 3857 2300 3902 aut
2331 3848 2581 3902 victimas
2619 3856 2715 3901 aut
2755 3845 2860 3900 alia
2888 3859 3008 3915 qua:
3039 3844 3345 3899 necessaria
3398 3853 3531 3899 sunt
3575 3852 3624 3898 ct
3663 3856 3775 3911 pra:-

2197 3947 2354 4008 cepta
2402 3938 2668 3993 habeatis.
2700 3936 2991 3993 Orationes
3021 3936 3182 3990 etiam
3231 3951 3372 4005 quas
3426 3935 3548 3989 loco
3592 3930 3777 3988 sacriﬁ-

2198 4029 2407 4084 ciorum
2443 4027 2666 4083 Domino
2690 4025 2937 4091 funditis,
2970 4042 3077 4080 non
3109 4034 3166 4080 ut
3192 4025 3564 4079 examliantur
3590 4025 3652 4077 ad
3676 4021 3778 4088 ejus

2201 4137 2361 4177 aures
2398 4120 2717 4175 ascendunt.
2752 4118 2865 4174 Nec
2896 4121 3000 4175 hoc
3046 4119 3451 4174 malevolentia:
3485 4134 3618 4173 mere
3651 4126 3781 4186 potes

2198 4222 2293 4267 aut
2337 4212 2504 4267 audes
2547 4212 2854 4276 ascribere,
2905 4227 3027 4267 cum
3080 4211 3299 4281 ipsimet
3332 4212 3509 4268 vestri
3556 4212 3777 4264 doctores

2201 4314 2465 4360 testentur
2492 4304 2659 4359 Deum
2704 4305 2773 4359 ab
2818 4302 2909 4358 illo
2936 4311 3178 4373 tempore
3208 4318 3405 4373 preces
3434 4312 3647 4358 vestras
3689 4314 3778 4353 non

2197 4397 2520 4465 suscepisse,
2545 4410 2651 4464 quo
2676 4394 2931 4464 templum
2957 4393 3293 4450 destructum
3317 4404 3429 4448 est.
3459 4394 3613 4464 Quod
3635 4392 3776 4445 etiam

2199 4488 2484 4542 Hieremiae
2529 4486 2803 4557 propheta:
2857 4485 3075 4540 ﬁrmant
3129 4486 3465 4541 auctoritate
3529 4481 3776 4540 dicentis:

2200 4578 2332 4633 Cum
2363 4579 2656 4633 clamarem
2682 4587 2731 4632 et
2761 4595 3034 4648 rogavero,
3066 4576 3289 4631 exclusit
3317 4579 3783 4632 orationemmeam

2204 4670 2435 4743 (ΤΙινειι.
2473 4669 2587 4739 ιιι).
2636 4668 2699 4722 Et
2727 4670 2933 4723 iterum
2966 4686 2981 4722 :
3020 4667 3325 4738 Opposuisti
3361 4668 3561 4722 nubem
3591 4666 3709 4727 tibi,
3735 4678 3788 4715 ne

2202 4774 2433 4817 transeat
2463 4762 2634 4817 oratio
2658 4760 2876 4833 (Tltren.
2913 4760 3020 4830 ιιι).
3040 4760 3105 4814 Et
3131 4761 3297 4816 Isaias
3328 4779 3342 4815 :
3386 4759 3459 4815 Et
3494 4777 3613 4814 cum
3638 4766 3790 4812 exten-

2201 4854 2381 4909 deritis
2419 4870 2606 4907 manus
2640 4861 2837 4907 vestras
2859 4892 2873 4916 ,
2917 4861 3149 4905 avertam
3180 4851 3362 4906 oculos
3394 4869 3545 4906 meos
3578 4868 3609 4904 a
3644 4846 3786 4904 vobis.

2198 4953 2246 4998 et
2291 4940 2919 5010 cum’multiplicaveritis
2973 4941 3300 5006 orationem,
3351 4956 3466 4995 non
3526 4935 3787 4993 exaudiam

2199 5031 2334 5097 (Isa.
2364 5032 2427 5099 ι).
2455 5030 2724 5085 Praeterea
2757 5043 2949 5083 omnes
2973 5043 3067 5083 vos
3090 5029 3389 5084 secundum
3417 5028 3594 5100 Moysi
3623 5026 3788 5095 legem

2198 5122 2461 5178 immundi
2507 5122 2661 5176 estis.
2693 5119 2883 5176 Nullus
2911 5121 3058 5176 enim
3111 5120 3164 5174 in
3197 5119 3349 5174 vobis
3377 5128 3490 5184 est,
3519 5119 3613 5189 qui
3657 5128 3784 5169 mor-

2199 5224 2411 5270 tuorum
2444 5223 2647 5269 attactu
2702 5212 2938 5284 pollutus
2984 5227 3091 5267 non
3134 5213 3206 5267 sit
3256 5208 3457 5284 (Nam.
3490 5211 3629 5279 xu).
3675 5205 3789 5273 Qua:

2200 5308 2408 5363 scilicet
2432 5306 2661 5372 macula,
2685 5306 2785 5360 nisi
2811 5303 3197 5376 conspersione
3225 5297 3433 5359 cineris
3469 5316 3655 5357 vacca:
3678 5294 3793 5351 rufa:

2197 5413 2309 5453 non
2341 5397 2548 5452 deletur
2571 5394 2715 5466 (Lev.
2742 5397 2856 5465 xv},
2883 5410 3045 5464 quam
3070 5410 3195 5450 cmn
3225 5394 3292 5448 ad
3316 5408 3573 5464 praesens
3600 5389 3788 5445 habere

2197 5504 2305 5545 non
2343 5488 2585 5560 possitis,
2618 5487 2688 5542 ah
2725 5487 3060 5541 immunditia
3104 5486 3322 5541 liberari
3370 5484 3646 5552 nequitis.
3687 5476 3796 5533 llu-

2194 5583 2355 5638 liercs
2381 5581 2547 5637 etiam
2578 5587 2771 5634 vestrm
2816 5593 3007 5633 omnes
3049 5578 3194 5632 ﬁuxu
3235 5576 3461 5648 pollutae
3486 5574 3792 5632 creduntur,

2191 5686 2316 5726 cum
2366 5668 2582 5739 pristini
2624 5668 2805 5722 desint
2835 5667 3175 5732 sacerdotes,
3218 5681 3457 5735 quorum
3506 5674 3628 5720 erat
3674 5657 3787 5715 reli-

2199 5774 2345 5819 ctum
2366 5762 2569 5834 judicio
2618 5761 2762 5816 inter
2804 5769 3137 5815 menstruam
3182 5768 3238 5814 et
3286 5757 3590 5827 sanguinis
3638 5751 3803 5809 luxus

2205 5855 2465 5928 pollutam
2517 5854 2843 5919 discernere,
2894 5861 2947 5909 et
2996 5851 3089 5909 ﬁlii
3136 5851 3201 5908 de
3246 5848 3579 5920 pollutione.
3616 5845 3807 5903 Omnes
