4038 6444
228 391 332 449 δίη

1718 395 2012 451 DlALOGf.

3403 399 3522 453 κε

232 517 450 575 quoque
477 508 589 561 cibi
632 506 796 562 vestri
845 506 976 575 legis
1006 504 1209 573 judicio
1258 506 1445 576 polluti
1492 509 1808 578 probantur.
1842 510 2091 565 Aminus
2139 510 2399 578 implevit,
2464 517 2644 577 postea
2686 509 2940 564 emendet
2992 511 3214 578 quando
3268 511 3508 564 licuerit.

235 593 370 650 Cum
412 593 599 664 igitur,
652 611 686 650 ο
733 595 958 666 Moyses,
1012 601 1119 648 tota
1167 610 1302 666 gens
1333 606 1512 650 vestra
1563 598 1824 666 probetur

238 685 465 756 polluta,
500 685 761 740 mulieres
782 701 971 741 omnes
994 686 1228 754 pollutae,
1269 697 1322 742 et
1356 688 1475 743 ideo
1504 704 1696 744 omnes
1731 690 1824 745 ﬁlii

238 776 304 830 de
333 775 637 844 pollutione
682 778 790 831 sint
833 778 965 842 nati,
997 779 1215 848 cibique
1241 779 1407 834 vestri
1454 780 1692 836 universi
1724 783 1826 836 im-

239 866 447 928 mundi,
495 877 553 920 et
596 883 784 922 eorum
834 870 1108 924 orationes
1154 885 1493 940 nequaquam
1548 871 1615 926 ad
1668 889 1826 928 aures

240 957 557 1024 perveniant
607 959 728 1025 Dei,
767 975 865 1014 nec
914 975 1077 1030 opera
1124 961 1374 1030 placeant
1420 964 1490 1017 ei.
1524 962 1824 1030 Quomodo,

242 1064 448 1116 quaso,
483 1049 650 1104 ullam
684 1061 908 1120 possunt
932 1052 1275 1107 securitatem
1305 1055 1525 1120 habere,
1571 1057 1711 1124 quod
1743 1056 1826 1110 vel

243 1139 512 1193 malorum
543 1139 708 1195 finem
742 1142 848 1196 sint
895 1143 1150 1208 habituri,
1200 1144 1286 1199 vel
1332 1146 1471 1214 apud
1521 1147 1688 1200 Deum
1720 1145 1830 1200 sint

244 1228 404 1284 ullius
425 1232 622 1300 pretii?
648 1230 764 1301 ipsa
786 1233 910 1303 quia
942 1250 1030 1289 me
1058 1237 1123 1290 de
1149 1250 1335 1290 eormn
1361 1235 1609 1290 liberavit
1641 1251 1829 1291 errore

244 1321 452 1378 debitas
493 1339 598 1393 ago
628 1326 849 1393 gratias,
881 1334 936 1382 et
976 1337 1034 1380 ut
1079 1336 1128 1382 te
1169 1328 1334 1382 etiam
1384 1328 1574 1385 liberet
1603 1327 1829 1384 devotus

243 1429 429 1470 exoro.
462 1415 658 1470 Amen.

847 1512 1148 1568 TITULUS
1181 1515 1241 1570 V.

249 1597 322 1652 De
361 1596 778 1656 Sarracenorum
824 1603 932 1672 lege
967 1605 1318 1667 destruenda,
1370 1615 1417 1658 et
1458 1607 1834 1661 sententiarum

617 1689 834 1726 suarum
867 1673 1088 1727 stultitia
1115 1675 1460 1744 confutanda.

326 1779 558 1836 Mersus.
615 1782 885 1838 Hactenus
937 1783 1173 1840 Judaicae
1231 1787 1407 1857 gentis
1463 1786 1594 1842 fides
1667 1804 1830 1858 quam

253 1873 424 1927 inanis
467 1883 523 1927 et
571 1874 881 1930 inconstans
925 1876 980 1930 in
1019 1878 1270 1932 omnibus
1310 1889 1487 1945 esset,
1539 1895 1834 1951 eorumque

253 1963 565 2032 obsequium
593 1980 757 2034 quam
795 1967 1169 2022 irrationabile
1213 1969 1323 2023 Deo
1369 1980 1532 2038 atque
1564 1971 1834 2040 ingratqu

253 2057 524 2119 existeret,
558 2057 644 2112 vel
682 2074 782 2113 cur
809 2059 876 2113 ab
901 2059 1140 2128 ejusdem
1175 2060 1277 2116 ﬁde
1307 2065 1620 2127 recesseris,
1650 2075 1703 2119 et
1727 2067 1836 2119 evi—

256 2145 582 2200 dentissimis
629 2149 842 2203 edidisti
877 2151 1222 2219 probastique
1269 2152 1589 2216 rationibus,
1624 2163 1679 2207 et
1707 2155 1836 2209 mihi

258 2237 306 2287 in
333 2244 535 2302 quanto
564 2239 955 2303 permanserim
995 2239 1255 2296 hactenus
1283 2245 1596 2298 monstrasti
1629 2260 1836 2299 errore.

259 2323 360 2378 Sed
412 2340 536 2378 cum
591 2335 874 2394 paternam
934 2329 1218 2398 reliqueris
1270 2331 1464 2396 fidem,
1522 2334 1691 2388 miror
1743 2350 1841 2389 cur

258 2419 686 2473 Chrisﬁanorum
739 2429 792 2474 et
842 2436 948 2475 non
1000 2424 1180 2493 potius
1235 2425 1662 2481 Sarracenorum
1717 2443 1840 2482 cum

259 2511 451 2580 quibus
492 2523 1094 2580 semper'conversatus
1139 2524 1300 2585 atque
1325 2519 1562 2573 nutritus
1601 2534 1660 2574 es
1692 2519 1839 2574 dele-

259 2605 396 2669 geris
439 2603 624 2658 fidem.
677 2603 832 2658 Libet
879 2605 1024 2659 enim
1068 2606 1234 2670 tnihi,
1286 2610 1740 2678 quemadmodum
1786 2611 1839 2664 in

263 2693 520 2749 llebraica
565 2697 638 2749 ita
670 2705 726 2750 et
752 2697 853 2750 hac
882 2707 1028 2750 secta
1061 2711 1396 2769 quaecunque
1424 2712 1612 2769 potero
1645 2700 1843 2756 inferre

261 2785 557 2849 obstacula,
612 2795 672 2839 ut
699 2781 838 2840 sicut
884 2787 951 2841 de
998 2798 1210 2852 nostra,
1247 2790 1328 2844 sic
1363 2801 1416 2844 et
1444 2792 1509 2844 de
1549 2793 1648 2846 hac
1678 2793 1843 2847 ratio-

265 2892 378 2930 nem
416 2878 741 2946 praetendas,
791 2893 897 2947 qua
946 2879 1150 2934 destrui
1185 2882 1384 2935 valeat.
1427 2883 1654 2952 Semper
1692 2886 1839 2939 enim

266 2978 321 3022 ut
350 2971 459 3025 dixi
491 2987 614 3025 cum
661 2973 741 3026 eis
787 2983 1139 3028 conversatus
1169 2975 1513 3028 etenutritus
1553 2990 1631 3040 es,
1675 2976 1842 3032 libros

267 3062 455 3132 legisti,
502 3063 738 3133 linguam
788 3063 1066 3134 intelligis,
1119 3075 1178 3118 ut
1223 3065 1366 3119 enim
1421 3065 1474 3119 in
1525 3081 1609 3119 me
1655 3084 1841 3122 eorum

267 3169 550 3223 personam
582 3154 897 3224 suscipiam,
944 3156 1083 3210 hanc
1133 3157 1316 3228 utique
1363 3171 1473 3226 pra:
1502 3160 1712 3213 creteris
1757 3159 1846 3214 de-

269 3239 472 3295 buisses
501 3242 724 3314 eligere,
755 3260 918 3314 quam
965 3254 1179 3300 constat
1221 3246 1446 3314 reliquis
1476 3247 1842 3305 honestiorem

269 3343 319 3387 et
349 3334 664 3390 habiliorem
693 3339 943 3392 existere.
981 3337 1090 3392 Lex
1115 3349 1197 3393 est
1230 3340 1272 3393 si
1317 3340 1531 3410 quidem
1572 3341 1740 3412 larga,
1779 3343 1847 3399 de

269 3427 550 3493 prmsentis
589 3428 714 3482 vitae
755 3429 964 3484 deliciis
1011 3429 1176 3483 multa
1227 3446 1452 3486 servans
1485 3433 1757 3499 mandata,
1793 3436 1844 3490 in

271 3531 370 3583 quo
393 3518 698 3572 ostenditur
730 3519 913 3572 divina
944 3521 1086 3574 circa
1120 3535 1213 3575 eos
1240 3522 1404 3576 fuisse
1429 3521 1643 3577 dilectio
1677 3527 1848 3579 maxi-

272 3625 374 3670 ma,
423 3611 736 3679 pariterque
784 3612 897 3666 suis
927 3611 1228 3666 cultoribus
1274 3613 1467 3682 gaudia
1520 3619 1850 3684 repromittit

274 3696 580 3752 iuell‘abilia.
611 3697 780 3768 Cujus
819 3701 1072 3755 videlicet
1113 3701 1245 3769 legis
1276 3704 1510 3757 radicem
1537 3706 1582 3759 si
1609 3721 1847 3774 (pueras,

276 3789 512 3843 invenies
568 3806 733 3860 super
782 3793 1108 3847 incouvulsae
1169 3793 1578 3849 fundamentum
1626 3798 1852 3854 rationis

277 3883 570 3938 fundatam.
612 3883 776 3954 Cujus
810 3888 882 3942 rei
910 3887 1159 3943 videlicet
1185 3889 1324 3958 quod
1358 3889 1496 3946 Deus
1515 3906 1609 3946 eos
1638 3893 1849 3963 dilexit,

275 3984 325 4027 et
355 3975 534 4031 multis
564 3978 846 4048 praeceptis
867 3993 960 4033 eos
987 3981 1203 4034 onerari
1236 3981 1426 4047 noluit,
1456 3985 1548 4037 sed
1591 3988 1850 4055 pepercit,

279 4070 487 4138 signum
520 4080 603 4125 est
633 4072 774 4140 quod
820 4072 1110 4142 quinquies
1139 4080 1342 4127 tantum
1379 4075 1430 4128 in
1463 4076 1549 4130 die
1576 4092 1733 4132 orare
1763 4094 1854 4134 eos

281 4160 551 4227 przccepit,
598 4161 726 4229 quin
769 4162 932 4215 etiam
983 4177 1201 4230 semper
1249 4174 1540 4232 antequam
1571 4175 1754 4229 orent,
1798 4177 1858 4220 ut

282 4249 573 4316 perfectam
625 4253 944 4306 munditiam
993 4252 1262 4318 habeant,
1307 4256 1506 4320 culum,
1559 4270 1853 4321 veretrutn,

284 4354 501 4406 manus,
546 4341 799 4408 brachia,
831 4343 1052 4406 faciem,
1085 4360 1177 4407 os,
1210 4360 1371 4400 nares
1393 4387 1406 4408 ,
1437 4360 1616 4411 aures,
1648 4347 1856 4415 oculos,

281 4433 518 4504 capillos,
548 4435 949 4498 decentissime,
970 4444 1026 4490 et
1051 4436 1116 4489 ad
1147 4436 1395 4490 ultimum
1443 4438 1606 4506 pedes
1653 4438 1852 4493 lavant.

1933 599 2109 654 Semel
2134 610 2316 654 autem
2349 615 2447 668 per
2475 599 2715 669 singulos
2761 615 2934 656 annos
2957 600 3197 671 {propter
3234 600 3401 657 solam
3426 616 3512 655 re-

1930 691 2291 760 cognitionem
2323 690 2709 760 prmeipinutur
2739 707 2928 746 omnes
2952 693 3029 746 ire
3061 692 3126 746 ad
3152 692 3242 747 Dei
3268 692 3509 758 domum,

1928 798 2048 850 quae
2085 791 2168 836 est
2192 782 2244 835 in
2273 781 2456 836 Mecba
2495 781 2802 846 videndam,
2830 792 2886 837 et
2921 782 2990 837 ibi
3017 783 3245 838 adorare
3278 797 3535 853 eamque-

1930 870 2346 926 inconsutilibus
2382 871 2708 940 tegumentis
2738 872 2907 925 induti
2939 873 3196 938 circuire,
3221 882 3275 927 et
3306 871 3534 942 lapides.

1931 967 2084 1028 prout
2115 959 2197 1014 lex
2232 960 2493 1028 prmcipit,
2525 975 2621 1028 per
2657 960 2830 1013 media
2861 961 3068 1016 scilicet
3097 962 3304 1017 femora
3326 961 3533 1030 jacerev

1929 1059 2076 1104 retro
2119 1065 2216 1120 pro
2263 1049 2552 1120 lapidando
2598 1049 2834 1104 diabolo.
2878 1049 3028 1106 Hanc
3063 1062 3242 1107 autem
3288 1054 3528 1111 domum—

1928 1141 2114 1195 dicunt
2143 1141 2311 1196 Adam
2360 1156 2482 1196 cum
2525 1141 2591 1195 de
2638 1141 2892 1212 paradiso
2927 1144 3245 1209 exsulasset,
3281 1146 3513 1201 Domino

1929 1231 2354 1296 exstruxisse,et
2373 1231 2623 1286 omnibus
2645 1231 2771 1286 filiis
2795 1231 2913 1300 ejus
2943 1232 3116 1288 donec
3139 1235 3204 1289 ad
3233 1233 3522 1290 Abraham.

1930 1323 2148 1377 advenit
2192 1321 2366 1376 locum
2406 1323 2671 1378 orationis
2719 1323 2913 1378 fuisse.
2943 1323 3216 1378 Abraham
3247 1335 3425 1380 autem
3457 1326 3516 1380 ﬁ-

1931 1411 2067 1466 delis
2091 1411 2182 1465 Dei
2215 1426 2426 1478 servus,
2453 1426 2572 1466 eam
2609 1413 2907 1476 roboravit,
2945 1421 3000 1466 et
3033 1414 3352 1468 instauravit
3378 1422 3435 1468 et
3459 1416 3512 1469 in

1930 1515 1993 1555 ea
2020 1500 2250 1556 Domino
2275 1511 2399 1554 veta
2445 1502 2613 1566 vovit,
2663 1509 2718 1556 et
2749 1503 3014 1557 sacriﬁcia
3049 1503 3260 1566 obtulit,
3303 1503 3517 1574 ﬁlioque

1933 1607 2029 1646 suo
2069 1591 2286 1647 nomine
2312 1591 2522 1646 lsmaeli
2553 1605 2674 1661 post
2711 1601 2940 1648 mortem
2985 1594 3224 1664 reliquit,
3257 1598 3414 1664 eique
3461 1607 3518 1650 et

1932 1685 2184 1740 omnibus
2233 1685 2356 1741 ﬁliis
2385 1685 2505 1755 ejus
2550 1703 2648 1757 per
2696 1688 2862 1742 multa
2909 1704 3172 1744 annorum
3223 1689 3513 1753 curricula,

1935 1774 2106 1830 donec
2129 1774 2436 1832 Mahometh
2465 1787 2626 1831 natus
2652 1787 2756 1844 est,
2787 1779 2978 1834 orandi
3033 1781 3224 1838 domus
3263 1795 3518 1850 perman-

1864 1861 1908 1918 B
1938 1869 2043 1933 sit;
2079 1884 2187 1938 quo
2217 1882 2364 1938 nato,
2414 1870 2660 1924 eamdem
2709 1871 2851 1930 Deus
2880 1871 3006 1937 sibi,
3039 1873 3362 1943 cunctisque
3402 1873 3517 1927 suis

1939 1961 2414 2029 generationibus,
2478 1961 2880 2016 haereditariam
2937 1975 2997 2018 ut
3049 1965 3151 2033 ipsi
3210 1967 3513 2034 perhibent,

1939 2052 2208 2121 promisit.
2238 2052 2597 2106 Adversarios
2651 2063 2910 2122 praeterea
2957 2055 3052 2109 Dei
3085 2065 3138 2110 et
3166 2069 3351 2110 eorum
3390 2073 3515 2126 pro-

1939 2143 2115 2210 pheta:
2167 2143 2418 2212 pnedari,
2468 2144 2768 2213 captivare,
2821 2145 3155 2213 interﬁcere,
3183 2155 3235 2200 et
3265 2147 3519 2201 omnibus

1941 2231 2112 2285 modis
2141 2231 2389 2301 persequi
2415 2241 2576 2301 atque
2601 2232 2782 2286 delere
2793 2231 3068 2301 iubentur,
3098 2234 3201 2288 nisi
3233 2235 3520 2305 resipisce-

1943 2338 2001 2376 re
2031 2331 2085 2376 et
2109 2323 2390 2377 ad-eorum
2435 2324 2594 2377 ﬁdem
2619 2326 2864 2380 converti
2894 2325 3181 2390 voluerint,
3214 2333 3306 2380 aut
3349 2329 3519 2380 servi-

1944 2414 2072 2468 tutis
2114 2413 2380 2468 indictum
2405 2428 2628 2470 censum
2657 2414 3032 2484 persolverint.
3063 2415 3534 2471 Absolutaetiam»

1942 2505 2022 2562 eis
2045 2514 2129 2560 est
2154 2506 2331 2561 omnis
2362 2521 2510 2572 caro,
2546 2517 2752 2576 prteter
2781 2506 2928 2577 porci
2955 2521 3179 2561 carnem
3213 2516 3270 2562 et
3294 2508 3519 2578 sangui-

1943 2614 2068 2653 nem
2099 2613 2197 2654 nec
2238 2614 2346 2654 non
2382 2598 2730 2652 morticinum
2760 2597 2827 2653 ad
2859 2599 3208 2654 vescendum.
3244 2597 3526 2668 Respuunt

1943 2691 2134 2757 etiam,
2190 2690 2451 2760 quidquid
2485 2690 2539 2744 in
2581 2689 2810 2756 alicujus
2837 2689 2915 2744 rei
2945 2691 3048 2745 nisi
3079 2689 3175 2745 Dei
3225 2690 3392 2746 fuerit
3434 2708 3524 2746 no-

1943 2781 2090 2836 mine
2117 2791 2514 2838 consecratum.
2540 2781 2689 2837 Licet
2718 2788 2914 2851 praeter
2941 2782 3043 2836 hoc
3063 2783 3144 2837 eis
3168 2783 3356 2839 eodem
3384 2792 3523 2839 tem-

1943 2890 2075 2946 pore
2100 2885 2330 2944 quatuor
2385 2874 2654 2945 legitimas
2701 2872 2903 2929 habere
2947 2889 3180 2942 uxores,
3207 2885 3260 2930 et
3283 2876 3531 2946 qualitas?

1947 2968 2225 3036 repudiata
2251 2967 2409 3021 aliam
2441 2981 2656 3036 semper
2677 2969 2945 3039 accipere,
2974 2969 3047 3023 ita
3076 2978 3276 3035 tamen,
3301 2977 3360 3023 ut
3388 2985 3530 3022 nun-

1946 3075 2108 3130 quam
2137 3059 2545 3129 quaternarium
2576 3069 2820 3116 transeat
2873 3076 3180 3115 numerum.
3211 3059 3270 3113 In
3299 3060 3526 3129 repudio
3587 3074 3593 3083 '

1947 3164 2160 3220 quoque
2193 3151 2294 3205 boc
2322 3151 2660 3214 observatur,
2710 3159 2770 3204 ut
2813 3165 2981 3220 usque
3013 3150 3172 3204 tertio
3200 3149 3250 3205 ei
3289 3148 3528 3220 quamli-

1948 3242 2038 3297 bet
2067 3241 2354 3312 repudiare
2400 3250 2456 3296 et
2505 3241 2752 3296 eamdem
2804 3256 2992 3296 rursus
3044 3242 3292 3311 recipere
3341 3240 3526 3296 liceat.

1947 3331 2232 3402 Emptitias
2259 3345 2389 3386 vero
2428 3340 2592 3400 atque
2621 3331 2868 3401 captivas
2897 3339 3247 3402 quotcunque
3299 3329 3530 3384 voluerit

1948 3423 2149 3478 habere
2179 3421 2382 3476 licitum
2409 3421 2538 3485 erit,
2565 3419 2660 3475 sed
2691 3429 2748 3474 et
2775 3419 3293 3475 easdemvendendi
3325 3419 3530 3474 denuo-

1949 3527 2053 3582 que
2081 3510 2296 3566 emendi
2326 3509 2550 3563 liberam
2601 3517 2924 3579 potestatem
2951 3507 3194 3572 habebit,
3221 3507 3300 3562 sic
3323 3515 3525 3571 tamen,

1949 3612 2030 3669 ut,
2060 3611 2343 3673 postquam
2374 3598 2541 3655 semel
2563 3598 2836 3668 gravidam
2856 3597 3066 3664 fecerit,
3098 3610 3439 3666 nequaquam
3469 3610 3541 3649 se-

1950 3697 2172 3750 alterins
2216 3694 2496 3750 servitutis
2537 3692 2668 3765 jugo
2697 3693 3002 3763 astringere
3037 3692 3223 3761 possit.
3269 3689 3540 3745 Concedi-.

1954 3794 2042 3840 tur
2071 3786 2292 3854 insuper
2320 3786 2400 3838 eis
2422 3784 2487 3838 de
2513 3784 2728 3854 propria
2756 3782 3082 3852 cognatione
3106 3782 3306 3835 habere
3331 3793 3532 3832 uxores

1953 3886 2013 3932 ut
2041 3875 2320 3946 sanguinis
2369 3873 2550 3943 proles
2594 3882 2890 3938 accrescat,
2918 3880 2974 3926 et
2999 3871 3192 3925 fortius
3240 3871 3380 3924 inter
3439 3885 3534 3923 eos

1955 3969 2205 4023 amicitize
2246 3965 2524 4021 vinculum
2564 3964 2766 4034 vigeat.
2803 3963 2878 4016 De
2909 3961 3342 4032 possessionibus
3377 3975 3536 4029 repe-

1957 4059 2130 4114 tendis
2149 4056 2354 4128 judicia
2385 4055 2509 4110 talia
2535 4063 2660 4109 sunt
2709 4053 2849 4123 apud
2882 4067 2996 4115 eos,
3026 4051 3204 4120 qualia
3235 4064 3356 4105 esse
3394 4051 3545 4119 apud

1958 4152 2211 4206 Hebraeos
2241 4150 2354 4220 ipse
2377 4148 2576 4218 optime
2609 4145 2772 4210 nosti,
2805 4153 2862 4198 ut
2890 4144 3090 4212 petitor
3129 4141 3361 4196 testibus
3388 4155 3544 4195 coma

1957 4243 2168 4312 probet,
2199 4250 2253 4294 et
2275 4247 2499 4310 negator
2517 4238 2823 4307 juramento
2847 4242 3018 4290 semet
3040 4242 3323 4302 expurget.
3350 4230 3540 4286 Testes

1959 4344 2138 4389 autem
2173 4331 2348 4387 nullos
2391 4331 2491 4384 nisi
2555 4328 2712 4382 valde
2762 4327 2983 4380 idoneos
3013 4325 3375 4393 probatusque
3417 4337 3536 4391 per-

1961 4439 2124 4480 sonas
2149 4423 2452 4492 suscipiunt
2479 4429 2533 4474 et
2560 4419 2757 4488 quibus
2793 4417 2908 4471 sine
2947 4415 3261 4484 juramento
3318 4413 3543 4468 credere

285 4503 390 4579 Hoc
420 4525 586 4587 facto,
630 4524 842 4593 publica
886 4541 1020 4580 voce
1049 4503 1466 4596 prteconantur,
1499 4545 1661 4582 unum
1691 4530 1854 4584 conﬁ-
1889 4547 1935 4604 ι)
1961 4514 2190 4587 Possm“
2242 4511 2300 4566 ¹¹¹
2341 4510 2661 4604 gemmam
2700 4507 2878 4604 sua"?
2920 4507 3059 4604 _ams
3113 4505 3372 4604 Mosam?
3400 4503 3544 4604 ,ιθξίδ

287 4626 453 4671 tentes
496 4615 700 4681 Deum,
741 4615 833 4686 qui
881 4615 1086 4670 nullum
1134 4616 1216 4670 vel
1265 4617 1496 4672 similem
1549 4618 1746 4672 habeat
1777 4619 1860 4674 vel

283 4706 576 4777 a-qualem,
627 4707 852 4776 ejusque
903 4705 1210 4762 Mahometh
1263 4721 1385 4762 esse
1434 4708 1768 4777 prophetam.
1803 4707 1859 4762 In

285 4816 420 4854 anno
446 4815 665 4869 quoque
686 4801 954 4869 integrum
983 4797 1511 4869 mensetnjejunant.
1547 4797 1862 4869 Jejuuautes

286 4900 456 4946 autem
479 4900 748 4946 nocturno
769 4889 1059 4946 comedunt
1077 4900 1336 4960 tempore,
1360 4891 1862 4956 diurnoabstinent,

287 4984 355 5037 ita
379 4992 436 5038 ut
457 4984 526 5038 ab
553 4997 616 5038 ea
643 4981 749 5037 diei
775 4983 903 5038 hora
927 4997 1032 5052 qua
1058 4983 1268 5053 nigrum
1294 4982 1359 5036 ab
1388 4983 1510 5036 albo
1533 4982 1865 5052 distinguere

287 5089 378 5144 per
408 5075 583 5129 visum
616 5084 866 5144 poterunt
905 5072 1087 5138 ﬁlum,
1133 5087 1302 5141 usque
1331 5073 1400 5128 ad
1429 5073 1559 5128 solis
1585 5087 1862 5139 occasum,

288 5182 440 5221 nemo
467 5167 779 5231 comedere,
808 5167 1017 5230 bibere,
1049 5175 1143 5220 aut
1179 5165 1364 5219 uxoris
1401 5164 1779 5219 commistione
1804 5181 1865 5220 se

291 5270 574 5327 prxsutnat
597 5259 820 5312 ftedare.
837 5259 964 5313 P05t
978 5258 1106 5312 solis
1128 5267 1304 5311 autem
1319 5272 1593 5322 occasum,
1614 5256 1784 5311 donec
1799 5257 1865 5311 ad

290 5354 558 5420 sequentis
586 5351 689 5406 diei
719 5350 1118 5419 crepusculum,
1149 5365 1362 5418 semper
1384 5349 1461 5403 eis
1492 5349 1612 5402 cibo
1637 5358 1689 5400 et
1716 5357 1864 5416 potu,

292 5441 624 5512 propriisque
654 5441 913 5494 uxoribus
937 5440 1302 5508 prouteuique
1328 5439 1475 5504 libet,
1503 5438 1660 5493 liceat
1683 5437 1780 5491 uti.
1809 5439 1867 5492 Si

294 5544 463 5586 tamen
480 5544 572 5586 aut
589 5532 902 5585 inﬁrmitate
918 5531 1460 5600 fueritprtegravatus
1474 5527 1632 5581 autin
1648 5527 1730 5582 via
1743 5529 1868 5595 erit,

292 5627 520 5694 quandiu
548 5636 642 5679 aut
671 5625 943 5693 languoris
976 5635 1069 5677 aut
1096 5623 1304 5677 itineris
1331 5621 1606 5675 duraverit
1634 5628 1869 5691 tempus,

294 5720 338 5771 ei
378 5721 790 5788 quibuseunque
821 5716 1052 5772 voluerit
1081 5723 1136 5770 et
1166 5715 1309 5769 vesci
1357 5710 1516 5768 simul
1564 5720 1618 5765 et
1656 5711 1754 5774 uti,
1793 5711 1871 5765 sic

298 5819 460 5865 lauer-
487 5821 541 5866 ut
589 5812 734 5880 quod
787 5809 868 5863 vel
921 5805 1256 5877 a'gritndinis
1290 5805 1370 5860 vel
1403 5804 1501 5858 vite
1551 5801 1871 5860 necessitate

1963 4621 2168 4662 morem
2191 4603 2519 4669 custodiunt,
2541 4610 2599 4656 ut
2620 4601 2711 4671 qui
2732 4601 2964 4656 hominis
2982 4597 3295 4668 sanguinem
3323 4595 3541 4657 fuderit,

1963 4699 2152 4754 eadem
2181 4711 2340 4766 poena
2370 4695 2638 4764 plectatur
2659 4692 2812 4765 (Gen.
2837 4694 2940 4763 ιχ),
2962 4701 3016 4747 et
3037 4690 3282 4761 quisquis
3312 4689 3364 4744 in
3387 4687 3543 4742 adul-

1964 4787 2101 4844 terio
2149 4785 2520 4856 deprehensus
2568 4782 2751 4845 fuerit,
2798 4797 2920 4836 eum
2951 4781 3196 4834 adultena
3229 4777 3433 4846 pariter
3465 4774 3546 4828 la-

1964 4881 2176 4952 pidetur
2227 4877 2371 4949 (Lev.
2412 4876 2529 4945 xx).
2586 4875 2689 4942 Qui
2743 4882 2928 4930 autem
2985 4888 3106 4927 cum
3167 4871 3406 4940 qualibet
3440 4869 3546 4921 alia

1968 4972 2268 5028 fornicatus
2325 4969 2509 5030 fuerit,
2559 4984 2702 5022 Lxxx
2763 4967 2988 5038 ﬂagellis
3037 4963 3358 5034 suhjacebit.
3398 4959 3546 5014 Furti

1967 5063 2091 5118 talis
2127 5059 2328 5114 indicta
2379 5067 2463 5113 est
2517 5073 2694 5128 paena,
2743 5067 2802 5112 ut
2847 5058 3019 5128 prima
3075 5065 3132 5112 et
3163 5053 3398 5110 secunda
3431 5053 3548 5104 vice

1966 5152 2241 5223 octoginta
2285 5149 2496 5221 ﬂagella
2541 5149 2828 5211 sustineat,
2879 5149 3036 5202 tertia
3088 5163 3330 5206 manum,
3355 5153 3547 5214 quarta

1970 5247 2159 5317 pedem
2197 5246 2439 5310 amittat,
2496 5251 2552 5297 et
2604 5241 2695 5312 qui
2729 5239 2952 5296 cuilibet
2981 5239 3184 5295 homini
3245 5237 3546 5292 membrum

1971 5337 2274 5402 abstulerit,
2303 5337 2464 5406 digno
2497 5336 2669 5405 pretio
2703 5335 2951 5389 redimet.
2984 5333 3107 5387 "me
3135 5333 3384 5386 universa
3414 5342 3550 5394 prmo

1972 5441 2127 5500 cepta
2165 5429 2372 5484 idcirco
2426 5438 2554 5482 sunt
2587 5442 2614 5478 a
2658 5428 2766 5481 Deo
2823 5426 3122 5495 proposita,
3177 5439 3246 5478 ne
3298 5423 3342 5476 si
3391 5419 3550 5473 nimis

1973 5520 2119 5589 larga
2153 5517 2406 5588 quaalihet
2442 5515 2672 5569 faciendi
2717 5522 2863 5568 esset
2907 5512 3143 5576 licentia,
3176 5510 3340 5564 totius
3373 5505 3550 5578 gentis

1976 5613 2132 5669 ﬁeret
2162 5613 2268 5667 cito
2299 5610 2473 5664 ruina.
2506 5608 2548 5662 A
2577 5609 2704 5662 vino
2726 5620 2942 5674 semper
2965 5604 3237 5659 abstinere
3268 5600 3546 5671 iubentur,

1973 5704 2228 5774 quoniam
2288 5702 2456 5757 fomes
2492 5708 2652 5755 estet
2701 5697 3051 5753 seminarium
3095 5695 3272 5750 omnis
3319 5693 3548 5763 peccati.

1978 5797 2101 5853 Hmc
2127 5806 2249 5854 sunt
2277 5797 2542 5868 prrccipua
2579 5795 2712 5864 legis
2737 5793 3014 5858 mandata,
3050 5789 3306 5860 quoniam
3336 5789 3557 5859 longum
