4142 6360
459 340 573 398 399

1439 337 1644 394 PETRI
1678 330 2022 392 ALPHONSI
2063 332 2156 389 EX
2191 332 2435 391 JUDIEO
2472 332 2862 390 CllRlSTlANl

3637 335 3745 392 000

460 468 620 515 esset
648 463 850 515 morari
878 458 932 515 in
962 458 1207 530 singulis.
1257 457 1517 513 Promisit
1551 457 1734 527 itaque
1772 457 1918 512 Deus
1946 455 2050 512 sibi
2079 459 2127 518 Α
2148 468 2281 523 suos
2307 455 2520 511 timeret
2543 453 2897 521 contribules,
2921 455 3045 523 quia
3072 466 3197 507 eum
3229 465 3331 521 pro
3363 465 3493 522 rege
3522 466 3632 510 non
3659 464 3741 510 te-

462 560 524 606 et
556 551 866 606 Mahometh
919 566 1021 606 suo
1069 548 1216 605 ﬁdeli
1267 549 1542 620 propheta:
1575 550 1945 615 credentibus,
1980 548 2054 605 le-

463 643 659 712 gisqne
698 642 816 709 ejus
843 642 1096 696 mandata
1131 640 1551 711 complentihns,
1608 642 1923 710 paradisum
1949 682 1965 706 ,
1997 642 2051 697 id

464 740 570 796 est,
616 733 829 786 hortum
860 731 1196 796 deliciarum,
1226 731 1714 803 praeterﬂuentibus
1752 734 1906 803 aquis
1928 734 2050 789 irri-

464 840 654 894 guum,
681 824 735 879 in
765 840 874 895 quo
927 826 1084 881 sedes
1118 828 1396 882 habebunt
1443 837 1766 898 perpetuas:
1800 829 2052 900 Proteget

464 928 564 968 eos
591 914 847 969 arborum
893 915 1108 978 umbra,
1157 928 1257 970 nec
1290 915 1492 986 frigore
1522 917 1845 988 atﬂigentur,
1876 934 2052 989 neque

464 1002 669 1058 calore.
727 1003 982 1059 Omnium
1045 1004 1347 1070 fructuum,
1394 1007 1638 1061 omnium
1686 1007 1932 1063 ciborum
1960 1027 2053 1065 ve-

464 1101 689 1148 scentur
734 1092 1045 1164 generibus.
1086 1092 1361 1163 Quidquid
1395 1095 1669 1164 appetitus
1703 1098 1901 1166 cuique
1929 1113 2054 1167 sug-

464 1189 643 1253 geret,
667 1197 857 1238 coram
883 1198 944 1239 se
965 1183 1256 1240 confestim
1294 1186 1551 1241 inveniet.
1598 1186 1804 1242 Sericis
1828 1189 2055 1243 induen-

465 1278 557 1328 ων
599 1272 843 1327 vestibus
868 1273 1315 1330 omnicoloribus.
1349 1276 1703 1332 Accubabunt
1730 1279 1784 1332 in
1823 1279 2050 1345 deliciis,

468 1372 525 1418 et
552 1363 727 1432 angeli
752 1364 1133 1433 pincernarnm
1183 1368 1490 1423 ministerio
1524 1369 1666 1425 inter
1689 1385 1785 1426 eos
1802 1386 1923 1425 cum
1956 1387 2053 1425 va—

469 1453 548 1509 sis
575 1455 758 1508 aureis
790 1465 845 1512 et
870 1459 1142 1527 argenteis
1167 1457 1616 1525 deambulabunt,
1655 1461 1706 1515 in
1739 1463 1921 1518 aureis
1947 1462 2050 1530 lac,

467 1542 525 1597 in
548 1547 823 1608 argenteis
850 1546 1037 1603 vinum
1070 1547 1376 1611 oll‘erentes,
1400 1558 1456 1605 et
1485 1552 2056 1610 dicentes:Comedite

466 1641 525 1685 et
547 1632 715 1689 bibite
754 1636 808 1691 in
835 1635 981 1691 omni
1009 1636 1216 1700 laetitia,
1249 1647 1301 1691 et
1328 1640 1471 1709 quod
1494 1640 1649 1695 vobis
1682 1642 1823 1698 Deus
1850 1645 2053 1712 promi-

468 1721 540 1774 sit
566 1737 692 1778 ecce
719 1724 1044 1795 completum
1090 1734 1191 1780 est.
1240 1724 1543 1797 Iungentur
1575 1730 1894 1801 virginibus,
1916 1747 2053 1802 quas

468 1826 573 1867 nec
615 1813 904 1878 humanus,
937 1832 1036 1871 nec
1062 1816 1428 1873 dmmoniacus
1471 1819 1693 1875 violavit
1741 1832 2046 1891 contactus,
2085 1794 2132 1853 Β

469 1902 747 1974 hyacinthi
763 1908 1056 1978 coraliique
1076 1910 1360 1979 splendore
1371 1911 1543 1965 forma
1560 1915 2044 1981 prmstantioribns.

467 1995 598 2051 llzcc
648 1997 787 2053 bona
819 2000 1092 2056 dabuntur
1134 2004 1504 2067 credentibus,
1554 2020 1663 2060 non
1705 2006 2051 2063 credentibus

466 2101 600 2143 vero
631 2088 741 2145 Deo
768 2098 821 2146 et
851 2093 1130 2162 propheta
1177 2093 1293 2162 ejus
1341 2094 1715 2161 Mahometho,
1745 2098 1849 2152 erit
1879 2097 2048 2152 infer-

468 2178 607 2234 nalis
638 2193 796 2250 pinna
830 2183 947 2237 sine
978 2182 1102 2240 ﬁne.
1136 2184 1581 2257 Quantiscunque
1609 2198 1788 2243 autem
1811 2192 2052 2260 peccatis

467 2271 698 2340 quisque
727 2272 999 2343 obligatus
1028 2272 1190 2330 fuerit
1219 2287 1275 2333 et
1303 2279 1357 2332 in
1382 2280 1470 2334 die
1493 2282 1684 2336 mortis
1708 2297 1820 2337 suae
1859 2284 1970 2339 Deo
1995 2293 2052 2339 ct

468 2357 819 2414 Mahometho
849 2362 1162 2430 crediderit,
1199 2366 1252 2419 in
1290 2367 1377 2421 die
1412 2367 1603 2436 judicii
1633 2368 1938 2425 Maometho
1968 2372 2051 2427 in-

470 2449 809 2505 tcrveniente
820 2451 999 2506 salvus
1011 2454 1135 2508 erit.
1162 2454 1289 2511 Huic
1301 2466 1355 2512 et
1371 2458 1474 2512 alia
1490 2460 1908 2529 quamplurima;
1931 2478 2053 2532 quae

468 2553 796 2593 enumerare
824 2539 1040 2611 longum
1081 2553 1184 2610 est,
1227 2559 1348 2600 cum
1373 2555 1426 2600 tu
1455 2547 1806 2605 nihiiominus
1835 2566 1863 2604 a
1884 2565 2051 2621 puero

469 2629 691 2684 noveris
713 2631 937 2700 scripta,
988 2642 1044 2688 et
1085 2634 1155 2688 ab
1202 2636 1351 2690 omni
1406 2636 1833 2696 Sarracenorum
1891 2653 2053 2711 gente

368 2780 379 2785 η
470 2720 709 2776 titaxima
729 2721 1090 2779 celebratione
1120 2724 1327 2793 habita,
1354 2742 1451 2781 cur
1476 2730 1657 2797 potius
1685 2730 2051 2789 Christianam

469 2831 634 2886 quam
661 2817 1076 2873 Musulmiticam
1113 2828 1353 2878 sectatus
1392 2836 1451 2876 es
1474 2822 1807 2894 religionem,
1839 2835 1894 2881 et
1915 2841 2053 2895 prae-

472 2909 642 2964 sentis
683 2912 809 2967 vitae
841 2911 1035 2968 melius
1063 2922 1119 2969 et
1147 2912 1342 2968 futurae
1371 2916 1581 2981 pariter
1624 2916 1882 2974 felicitate
1917 2919 2052 2974 frui-

472 3001 669 3055 turns?

545 3089 783 3148 Penus.
813 3093 1070 3160 Quamvis
1093 3095 1355 3151 orationis
1392 3105 1496 3153 tute
1532 3108 1840 3163 contextus,
1882 3100 2054 3172 pluri-

473 3196 621 3237 mum
650 3180 864 3238 decoris
882 3194 938 3239 et
965 3183 1268 3241 dulcedinis
1290 3187 1515 3254 habens,
1541 3192 1681 3260 apud
1710 3207 1805 3246 eos
1835 3192 1925 3262 qui
1957 3192 2053 3247 de-

473 3272 631 3329 licias
681 3271 927 3344 corporis
960 3291 1231 3332 summum
1267 3280 1463 3334 bonum
1496 3289 1708 3351 putant,
1740 3298 1846 3336 non
1874 3283 2052 3338 mino-

480 3380 600 3420 rem
653 3380 816 3436 quam
865 3367 910 3421 si
963 3368 1079 3437 ipse
1104 3368 1411 3425 Mahometb
1443 3372 1680 3435 adesset,
1707 3381 1930 3442 captare
1956 3374 2052 3429 be-

473 3458 834 3513 nevolentiam
857 3459 1054 3525 valeat,
1079 3461 1146 3515 de
1166 3476 1252 3515 me
1265 3470 1442 3517 tamen
1473 3463 1523 3517 id
1550 3477 1771 3532 sperare
1785 3475 1837 3520 te
1857 3465 2052 3520 mirum

474 3559 582 3612 est,
608 3558 668 3603 ut
696 3551 762 3603 ad
790 3550 894 3605 hoc
937 3551 1371 3620 persuadendum
1426 3553 1711 3620 institeris,
1740 3555 1793 3609 in
1839 3571 1946 3625 quo
1968 3571 2056 3611 me

476 3638 790 3694 nullatenus
838 3638 945 3693 falli
995 3655 1157 3709 posse
1199 3643 1511 3700 credideris.
1566 3644 1761 3700 Certus
1812 3649 1956 3702 enim
1995 3664 2056 3705 cs

476 3729 611 3783 mihi
644 3744 747 3784 non
805 3731 1197 3802 incompertum
1224 3748 1345 3788 esse
1366 3734 1488 3803 quis
1530 3734 1836 3792 Mahometb
1869 3737 2051 3807 fuerit,

478 3821 748 3889 quomodo
775 3820 969 3876 callida
998 3822 1343 3879 simulatione
1363 3826 1678 3894 prophetam
1700 3842 1759 3881 se
1777 3828 2056 3885 confluxe-

477 3913 575 3975 rit,
616 3921 671 3968 et
720 3914 786 3967 ad
843 3914 947 3969 hoc
972 3914 1392 3971 machinandum
1424 3918 1545 3988 quis
1571 3917 1686 3988 ejus
1712 3920 2056 3976 consiliarius

477 4006 773 4060 exstiterit.
806 4005 1006 4073 Unum,
1036 4023 1180 4073 reor,
1220 4009 1312 4064 tibi
1346 4011 1610 4066 incertum
1646 4020 1849 4077 manet,
1883 4012 2052 4083 ipsam

476 4094 809 4152 Mahomethi
841 4112 1000 4167 quam
1032 4099 1218 4154 dicunt
1274 4101 1574 4156 doctrinam
1624 4117 1786 4172 quam
1837 4103 2053 4156 inanem

469 4186 734 4257 iudicem.
770 4191 904 4243 Dum
936 4188 1102 4261 igitur
1127 4191 1289 4245 vitam
1316 4207 1603 4263 moresque
1628 4191 1745 4261 ejus
1778 4207 1897 4247 mea
1929 4207 2056 4246 nar-

476 4280 691 4335 ratione
713 4280 919 4351 digesta
941 4280 1199 4344 audieris,
1233 4291 1361 4337 tunc
1400 4298 1485 4337 me
1533 4283 1676 4338 scire
1713 4283 1781 4338 de
1814 4298 1880 4340 eo
1909 4283 2051 4353 quod

475 4386 671 4425 verum
700 4385 785 4427 εει
810 4380 903 4425 aut
933 4374 1164 4438 nescire,
1190 4373 1345 4427 facile
1373 4373 1739 4430 internoscere
1760 4376 1982 4444 poteris.

2153 552 2366 608 uerent,
2395 560 2519 600 cum
2559 545 2662 601 sibi
2709 553 2764 599 et
2800 543 3039 613 aequales
3106 541 3336 597 fuissent
3385 552 3441 598 et
3480 543 3741 614 majores.

2153 635 2307 691 Viam
2333 648 2509 693 tamen
2534 639 2850 707 excogitans
2880 650 2984 706 qua
3032 649 3127 690 rex
3174 633 3309 689 edici
3340 637 3624 704 potuisset,
3648 653 3745 694 vo-

2151 727 2252 783 luit
2304 743 2363 784 se
2415 731 2735 800 prophetam
2785 729 3118 799 confingere,
3159 742 3222 781 ea
3267 726 3522 783 videlicet
3570 725 3745 784 fretus

2153 821 2349 876 facetia
2391 822 2742 892 eloquentiae,
2795 839 2959 892 quam
3024 822 3166 893 apud
3198 821 3442 876 diversas
3471 821 3739 886 nationes,

2153 910 2281 965 dum
2308 913 2660 981 negotiationi
2700 913 3013 975 desudaret.
3054 912 3260 982 ingenii
3289 919 3605 981 susceperat
3664 911 3745 967 le-

2152 1000 2340 1066 vitate,
2364 1010 2417 1057 et
2449 1002 2553 1056 hoc
2581 1003 2747 1057 etiam
2781 1003 2924 1072 quod
2959 1015 3086 1057 tunc
3113 1002 3376 1072 temporis
3419 1002 3595 1073 major
3613 1018 3746 1073 pars

2154 1088 2354 1143 milites
2412 1099 2568 1144 erant
2600 1098 2765 1160 atque
2816 1091 3088 1162 agricolae,
3133 1101 3187 1145 et
3225 1091 3325 1160 ipsi
3383 1090 3497 1145 fere
3551 1106 3745 1146 omnes

2154 1178 2452 1235 idololatric
2479 1220 2493 1243 ,
2519 1190 2716 1251 praeter
2741 1183 3003 1252 quosdam
3025 1184 3115 1252 qui
3150 1182 3314 1254 Moysi
3350 1182 3522 1254 legem
3547 1199 3744 1240 secnne

2154 1268 2280 1323 dutn
2309 1269 2969 1329 Samaritanostenebant
3016 1274 3274 1328 ltzcretice
3317 1282 3374 1328 et
3422 1274 3556 1328 alios
3582 1274 3748 1331 Chri-

2155 1360 2362 1415 stianos
2408 1362 2498 1430 qui
2543 1361 2852 1417 Nestoriani
2892 1371 3050 1417 erant
3085 1374 3139 1418 et
3172 1362 3446 1419 Jacobittc.
3482 1363 3749 1421 Jacobitae

2154 1461 2334 1507 autem
2361 1464 2486 1509 sunt
2511 1455 3065 1524 hmretici,aqnodam
3103 1455 3303 1512 Iacobo
3325 1456 3475 1521 dicti,
3501 1457 3747 1511 circnm-

2157 1544 2417 1598 cisioncm
2446 1546 2828 1616 praedicantes,
2853 1546 3243 1617 Christumque
3273 1560 3379 1601 non
3426 1546 3633 1629 Deum._
3647 1550 3745 1603 sed

2157 1634 2428 1690 hominem
2478 1645 2684 1691 tantum
2726 1636 2931 1705 justum
2960 1639 3028 1693 de
3065 1638 3270 1707 Spiritu
3311 1650 3498 1695 sancto
3547 1656 3750 1696 conce-

2157 1735 2330 1796 ptum,
2365 1743 2429 1782 ac
2453 1729 2520 1784 de
2549 1729 2757 1801 virgine
2789 1740 3010 1797 natum,
3050 1746 3157 1786 non
3200 1731 3517 1786 crucifixum
3560 1740 3746 1787 tamen

2159 1833 2333 1887 neque
2363 1829 2636 1875 mortuum
2680 1823 2985 1876 credentes.
3015 1820 3140 1875 Fuit
3180 1822 3345 1878 etiam
3371 1837 3437 1876 eo
3465 1831 3740 1892 tempore,

2170 1907 2222 1961 in
2249 1908 2467 1978 regione
2493 1910 2818 1977 Antiochim,
2859 1912 3274 1966 archidiaconus
3296 1912 3515 1981 quidam
3536 1913 3747 1967 amicus

2160 1997 2492 2063 Mahometh,
2534 2009 2590 2054 et
2628 2000 2716 2055 hic
2743 1998 3013 2063 Jacobita.
3043 2003 3187 2055 unde
3214 2001 3283 2056 ad
3309 2002 3622 2055 concilium
3650 2017 3747 2057 vo-

2159 2096 2314 2142 catus
2359 2095 2463 2153 est,
2492 2098 2547 2143 et
2573 2089 2884 2144 damnatus.
2930 2089 3097 2159 Cujus
3145 2090 3509 2144 damnationis
3541 2090 3748 2159 pudore

2158 2177 2533 2242 contristatus,
2583 2178 2649 2233 de
2679 2179 2899 2248 regione
2944 2178 3173 2249 aufugit,
3213 2189 3269 2232 et
3318 2180 3388 2231 ad
3434 2177 3747 2234 Mahometh

2158 2267 2401 2321 devenit.
2437 2266 2606 2336 Hujus
2637 2268 2801 2339 igitur
2826 2269 2985 2323 nixus
3028 2278 3112 2323 est
3156 2269 3385 2323 consilio
3412 2268 3742 2332 Maltometh,

2126 2358 2301 2437 .quod
2329 2359 2606 2432 cogitabat
2643 2370 2697 2414 et
2722 2375 2817 2427 per
2843 2375 2902 2415 se
2945 2370 3122 2415 tamen
3170 2361 3468 2428 adimplere
3501 2376 3609 2415 non
3642 2375 3745 2429 po-

2161 2459 2324 2515 terat,
2379 2452 2443 2505 ad
2489 2449 2736 2505 effectum
2787 2452 3061 2523 perduxit.
3110 2451 3361 2506 Fuerunt
3399 2466 3617 2521 quoque
3639 2452 3747 2507 duo

2159 2538 2327 2595 Judaei
2355 2556 2421 2596 ex
2451 2541 2596 2596 illius
2616 2542 2831 2597 Arabiae
2875 2557 3010 2612 quos
3044 2541 3280 2596 diximus
3318 2542 3610 2604 hmreticis,
3638 2542 3749 2597 Ab-

2159 2633 2277 2688 dias
2305 2643 2360 2688 et
2398 2633 2814 2690 Caltbalahahar
2856 2636 3007 2697 dicti,
3038 2644 3094 2689 et
3122 2635 3174 2689 hi
3207 2635 3425 2705 quidem
3472 2634 3755 2689 Mahome-

2159 2723 2255 2776 the
2313 2737 2373 2777 se
2412 2723 2777 2779 adhibuerunt
2807 2764 2821 2787 ,
2855 2732 2909 2778 et
2937 2724 3004 2777 ad
3036 2724 3405 2792 complendam
3443 2724 3742 2778 stultitiam

2158 2811 2276 2879 ejus
2310 2812 2573 2866 auxilium
2606 2813 2970 2883 prmbuerunt.
3002 2815 3068 2868 Et
3099 2814 3151 2868 hi
3179 2825 3284 2868 tres
3332 2814 3504 2881 legem
3552 2813 3753 2870 Mallo-

2159 2905 2329 2960 methi
2359 2906 2587 2975 quisque
2619 2906 2921 2960 secundum
2954 2907 3202 2961 haeresim
3234 2921 3383 2960 suam
3429 2915 3751 2975 contempe.

2159 3007 2446 3064 raverunt,
2469 3009 2525 3053 et
2549 2999 2673 3052 talia
2707 3013 2829 3053 eum
2854 3011 2916 3052 ex
2942 3007 3096 3068 parte
3135 2998 3228 3053 Dei
3258 2998 3439 3052 dicere
3473 3007 3752 3052 monstra-

2159 3097 2378 3153 verunt,
2402 3104 2521 3157 quae
2547 3095 2602 3143 et
2634 3089 2875 3143 bmretici
2901 3086 3072 3143 Judaei
3099 3098 3154 3142 et
3177 3088 3416 3142 haeretici
3450 3087 3748 3143 Christiani

2157 3181 2249 3250 qui
2275 3192 2434 3236 erant
2462 3181 2514 3234 in
2546 3180 2746 3235 Arabia
2772 3196 2897 3237 vera
2923 3196 3044 3236 esse
3087 3180 3471 3245 crediderunt,
3500 3182 3592 3249 qui
3619 3196 3751 3238 vero

2157 3282 2352 3343 sponte
2390 3272 2618 3327 credere
2648 3272 2943 3327 noluerunt
2969 3273 3021 3326 vi
3066 3282 3247 3326 tamen
3287 3281 3341 3327 et
3363 3274 3526 3343 gladii
3555 3275 3749 3329 timore

2156 3365 2533 3420 crediderunt.
2563 3363 2631 3418 Et
2655 3365 2772 3432 ejus
2796 3365 3016 3434 quidem
3068 3380 3168 3419 nec
3194 3364 3358 3419 aliam
3402 3366 3743 3435 prophetiam

2154 3471 2258 3510 nec
2302 3454 2565 3508 miracula
2597 3453 2704 3508 ulla
2752 3455 3137 3510 scimussicut
3175 3456 3241 3509 de
3291 3454 3500 3525 Moyse,
3553 3453 3742 3518 Josue,

3782 1730 3795 1847 Ι

3776 2819 3798 3061 l

3838 3353 3871 3511 Ι

2157 3545 2432 3607 Samuele,
2479 3545 2631 3600 Helia
2683 3554 2740 3600 et
2795 3546 2990 3612 Elyseo
3025 3547 3354 3610 audivimus,
3381 3514 3545 3618 'quos
3574 3546 3746 3600 multa
3832 3514 3861 3617 ζ

2157 3637 2352 3692 fecisse
2376 3638 2640 3692 miracula
2664 3638 2916 3708 legimus.

2226 3750 2458 3804 Movscs.
2494 3748 2786 3819 Plerosque
2836 3750 3228 3819 prophetarum
3271 3750 3568 3818 credimus,
3604 3766 3746 3823 quo-

2155 3858 2275 3896 rum
2300 3841 2440 3895 nulla
2461 3842 2716 3898 miracula
2742 3843 2990 3914 legimus,
3020 3853 3080 3898 ut
3106 3844 3455 3912 Hieremiam,
3485 3845 3750 3913 Abdiaat,

2154 3931 2340 3996 Amos,
2359 3931 2520 3997 Osee,
2546 3943 2603 3988 et
2631 3933 2788 3987 alios.

2226 4023 2460 4078 Penus.
2490 4023 2547 4078 in
2574 4024 2676 4079 illis
2703 4024 2822 4079 ideo
2849 4025 3137 4094 qnxrenda
3171 4025 3430 4079 miracula
3462 4042 3567 4081 non
3593 4038 3743 4094 sunt,

2156 4113 2427 4183 quomodo
2470 4131 2642 4185 neque
2684 4116 2979 4170 novitatem
3031 4116 3268 4185 aliquam
3333 4117 3473 4186 legis
3510 4118 3743 4173 induxe-

2157 4214 2322 4272 runt,
2367 4220 2542 4276 neque
2590 4205 2841 4262 Mosaicre
2896 4208 3155 4262 doctrina:
3203 4207 3470 4262 ullatenus
3530 4219 3746 4263 contra-

2159 4298 2435 4363 dixerunt,
2477 4308 2532 4354 et
2571 4315 2692 4370 qua:
2733 4301 3108 4368 praedixerunt
3148 4315 3212 4354 ex
3266 4312 3425 4372 parte
3475 4301 3742 4372 completa

2156 4392 2554 4459 cognoscimus.
3453 4407 3456 4415 ν

3854 3626 3881 3709 i

3876 3714 3887 3741 ξ

3878 3748 3891 3771 ἶ

549 4463 782 4519 Marses.
824 4463 955 4518 Illud
989 4463 1264 4518 inhianter
1288 4472 1542 4534 exspecto
1572 4466 1761 4521 audire
1788 4466 1883 4522 abs
1908 4478 1981 4523 te.

2228 4480 2458 4537 Messes.
2482 4480 2595 4537 Nec
2618 4492 2670 4536 et
2696 4479 2967 4537 Abraham
3020 4468 3354 4537 Patriarclite
3405 4498 3543 4538 nova
3595 4482 3849 4573 divi-"V

550 4554 788 4609 PETRUS.
820 4554 1131 4608 Mahometh
1187 4554 1352 4624 igitur
1402 4565 1631 4625 utroque
1657 4568 1882 4625 parente
1897 4562 2056 4614 orba-

476 4657 571 4706 tus
599 4688 615 4717 ,
646 4651 748 4706 sub
777 4651 1025 4706 avunculi
1052 4651 1133 4707 sui
1159 4648 1396 4721 Panephi
1440 4651 1777 4720 patrocinio,
1813 4652 2058 4722 pueritiae

480 4745 656 4797 annos
690 4743 905 4813 agebat,
955 4743 1221 4799 idolorum
1271 4752 1401 4798 tunc
1440 4745 1701 4813 temporis
1730 4743 1896 4799 cultui
1931 4761 2055 4801 cum

479 4833 733 4890 universa
762 4845 918 4905 gente
946 4835 1187 4891 Arabum
1237 4834 1557 4903 inserviens,
1601 4836 2055 4907 quemadmodum

480 4926 681 4995 ipsein
706 4928 974 4987 Alcorano
1032 4947 1133 4987 suo
1187 4940 1444 5001 testatur,
1500 4932 1685 4988 dicens
1746 4934 1912 4988 Deum
1955 4933 2057 4991 sibi

481 5017 1037 5090 dixisse:0rphanus
1068 5024 1236 5088 fuisti,
1287 5034 1343 5079 et
1385 5033 1436 5078 te
1457 5024 1696 5092 suscepi,
1750 5025 1804 5080 in
1846 5040 2056 5092 errore,

481 5116 536 5163 et
560 5117 614 5162 te
633 5109 829 5172 direxi,
859 5126 1083 5180 pauper,
1105 5123 1161 5167 et
1187 5114 1530 5185 locupletari.
1572 5113 1701 5170 Post
1722 5115 2060 5187 aliquantum

481 5212 614 5253 vero
637 5212 903 5253 annorum
940 5202 1193 5269 spatium,
1224 5204 1591 5259 mercenarius
1619 5206 1759 5275 apud
1786 5206 2061 5264 nobilissi-

483 5306 627 5346 mam
664 5292 954 5362 quamdam
1003 5291 1218 5347 viduam
1256 5295 1473 5351 nomine
1520 5295 1857 5367 Chadigiam,
1911 5301 2061 5355 brevi

483 5386 558 5440 ita
587 5386 821 5442 dominae
845 5398 957 5440 suae
1001 5385 1238 5443 animum
1269 5388 1504 5445 obtinuit
1535 5430 1550 5458 ,
1581 5400 1641 5445 ut
1671 5390 1793 5463 jure
1826 5392 2061 5463 coniugii

479 5477 651 5535 rebus
698 5480 951 5536 omnibus
975 5490 1028 5535 et
1055 5494 1236 5535 rerum
1278 5480 1483 5551 pariter
1525 5483 1882 5538 dominatrice
1926 5483 2064 5553 poti-

480 5580 655 5625 retur.
680 5570 844 5641 Cujus
873 5571 1064 5644 opibus
1098 5573 1166 5628 dc
1203 5574 1547 5644 pauperrimo
1592 5574 1892 5631 ditissimus
1936 5573 2063 5629 ell'e-

479 5671 625 5730 ctns,
663 5664 716 5718 in
770 5674 972 5721 tantam
1018 5666 1263 5736 prorupit
1314 5667 1512 5723 mentis
1553 5668 1888 5736 superbiam.
1920 5667 2064 5738 quod

483 5764 712 5823 regnum
756 5754 996 5811 Arabum
1049 5755 1150 5812 sibi
1208 5757 1532 5828 spetandum
1561 5756 1926 5827 polliceretur,
1960 5754 2060 5814 nisi

2159 4573 2306 4629 nitus
2322 4573 2532 4628 dedisse
2553 4575 2804 4627 mandata
2853 4574 3072 4627 dubium
3118 4589 3227 4628 non
3255 4583 3360 4640 est,
3398 4576 3533 4629 sicut
3569 4575 3742 4629 sacri-

2159 4662 2421 4727 ficiorum,
2481 4665 2937 4719 comedendarum
2970 4665 3252 4729 carnium,
3289 4666 3740 4732 circumcisionis,

2158 4764 2212 4810 et
2232 4755 2458 4809 aliorum
2483 4758 2706 4810 rituum.
2738 4756 2849 4811 Cur
2869 4771 2998 4827 ergo
3020 4757 3102 4811 eis
3131 4758 3337 4827 absque
3358 4756 3742 4813 miraculorum

2158 4845 2276 4900 luce
2299 4846 2430 4901 fides
2455 4847 2694 4902 exhibita
2724 4863 2754 4902 ξι
2789 4847 3022 4917 posteris
3055 4848 3176 4902 est?

2229 4939 2463 4997 Peritos.
2505 4939 2630 4995 Ideo
2660 4941 2740 4994 eis
2766 4941 3037 4995 veraciter
3075 4941 3352 5005 creditur,
3386 4944 3647 5011 quoniam
3696 4941 3747 4996 is

2159 5031 2239 5087 eis
2261 5034 2519 5102 propheta
2572 5041 2861 5087 attestatur
2888 5074 2903 5097 ,
2946 5033 3012 5087 de
3043 5032 3197 5102 cujus
3245 5034 3561 5090 testimonio
3596 5049 3626 5087 a
3651 5048 3745 5089 nc-

2162 5123 2306 5177 mine
2326 5123 2626 5186 dubitatur,
2666 5122 2875 5194 Moyses
2930 5124 3201 5179 videlicet.
3234 5122 3743 5194 Mahomethusigi-
3812 5122 3815 5183 ἶ

2163 5220 2252 5267 tur
2291 5212 2524 5282 qualiter
2576 5214 2719 5267 inter
2769 5216 3066 5283 prophetas
3112 5216 3457 5285 recipiendus
3494 5217 3604 5282 sit,
3650 5218 3742 5285 qui
3810 5236 3817 5285 ς

3802 4940 3822 5141 1

3810 5260 3819 5295 Ι

2163 5302 2295 5356 nulli
2325 5303 2712 5373 prophetarum
2745 5304 2926 5375 aliqua
2956 5306 3347 5375 probabilitate
3361 5306 3748 5378 comparabilis
3812 5304 3819 5377 ἶ

2163 5404 2246 5450 est
2259 5394 2284 5448 ?

2237 5486 2473 5566 Moyses.
2497 5487 2679 5554 Quare
2722 5487 2863 5541 nulla
2887 5487 3271 5556 probabilitate
3311 5488 3745 5545 demonstratum
3814 5470 3825 5529 λ

2164 5577 2482 5646 prephetam
2515 5577 2745 5639 dixeris,
2774 5591 2934 5646 quem
2965 5576 3099 5630 satis
3121 5577 3403 5633 miraculis
3429 5582 3745 5632 denotatum

2164 5666 2476 5736 frequenter
2496 5668 2770 5724 audieris?
2791 5667 2977 5724 Nonne
3020 5668 3338 5738 prophetam
3366 5683 3494 5723 eum
3524 5668 3747 5724 brutum

2166 5757 2365 5814 animal
2415 5758 2514 5817 bos
2562 5758 2809 5817 videlicet
2859 5756 3117 5830 Doregele
3146 5759 3521 5829 nuncupavit?
3557 5756 3752 5816 Nonne
