4142 6360
286 2474 377 2561 ’L

332 2994 353 3097 l

434 314 531 372 ὕοι

432 443 530 499 per
556 435 843 497 utramque
881 429 1151 486 manicam
1212 430 1458 502 ingressa
1498 430 1623 486 luna
1650 432 1719 488 de
1747 434 1868 490 sinu
1929 452 2014 492 re—
2044 441 2091 497 A

432 518 737 585 dintegrata
769 518 1140 588 progrediens,
1191 521 1509 589 prophetam
1558 537 1681 577 eum
1720 525 2012 582 miriﬁcum

432 609 775 679 designavit?
821 610 1070 678 Nunquid
1126 613 1191 666 ad
1229 615 1331 669 hoc
1379 615 1826 675 innotescendum
1871 621 2014 676 illius

431 716 594 754 manu
618 700 855 756 demulsa
879 704 1023 756 Omni
1057 704 1254 772 populo
1276 705 1582 761 abluentem
1628 708 1863 763 mamilla
1896 711 2014 766 ovis

430 789 682 845 haustum
738 790 893 844 lactis
925 792 1196 860 pra-bon?
1242 794 1434 849 Mirum
1469 797 1633 850 etiam
1687 793 1828 864 fuit,
1869 800 2011 869 quod

427 894 550 935 cum
581 880 738 934 iicum
770 882 1019 936 arborem
1050 891 1107 936 ut
1131 882 1198 936 ad
1243 898 1302 938 se
1346 885 1556 939 veniret
1585 886 1818 951 vocavit,
1866 889 2012 944 venit

424 972 643 1043 quidem
669 972 832 1027 arbor
857 973 927 1026 ad
953 988 1101 1037 eum,
1134 983 1187 1028 et
1218 975 1334 1046 ipse
1357 977 1424 1030 de
1468 976 1650 1032 fructu
1679 978 1795 1048 ejus
1828 997 2012 1037 come-

425 1061 524 1123 dit,
555 1070 611 1115 et
641 1061 921 1117 brachium
947 1064 1066 1117 ovis
1092 1062 1234 1132 quod
1256 1064 1640 1121 invenenatum
1668 1068 1768 1123 sibi
1805 1082 1923 1124 erat
1954 1071 2008 1125 in

424 1152 649 1208 scutella
675 1153 980 1222 appositum
1012 1170 1135 1209 eum
1165 1169 1231 1209 eo
1268 1157 1507 1211 loeutmn
1533 1166 1616 1213 est
1653 1168 1707 1214 et
1733 1159 1890 1214 dixit.
1921 1160 2007 1216 Ne

421 1245 699 1309 comedas,
727 1244 853 1313 quia
883 1259 1002 1300 sum
1042 1246 1445 1302 invencnatum.

490 1334 728 1391 PETBUS.
782 1335 1000 1392 Frivola
1056 1346 1183 1392 sunt
1231 1353 1351 1408 qua:
1399 1339 1779 1409 prosequeris,
1828 1355 2005 1412 neque

416 1426 661 1481 omnium
709 1437 1014 1482 vestrorum
1061 1427 1268 1496 judicio
1314 1428 1419 1484 fide
1467 1430 1629 1502 digna
1680 1433 2003 1502 probantur,

416 1519 651 1573 maxime
672 1534 795 1574 cum
832 1520 947 1589 ipse
971 1519 1284 1577 Mabometh
1328 1522 1381 1576 in
1425 1522 1692 1578 Aleorano
1741 1539 1841 1580 suo
1871 1525 2004 1580 nihil

418 1609 526 1664 tale
562 1610 767 1673 retulit,
812 1612 908 1667 sed
959 1613 1138 1682 potius
1179 1614 1441 1685 quidquid
1476 1615 1529 1670 in
1556 1616 1826 1673 Alcorano
1851 1619 1915 1674 de
1937 1634 2003 1675 eo

414 1701 674 1772 scriptum
709 1719 814 1758 non
866 1702 1062 1770 fuerat,
1104 1705 1328 1762 omnino
1359 1722 1546 1762 verum
1614 1711 1763 1764 credi
1820 1712 2001 1781 prohi-

412 1791 611 1848 buerit.
643 1795 719 1850 De
764 1796 1035 1860 omnibus,
1097 1797 1295 1865 inquit,
1359 1799 1511 1854 multi
1570 1801 1741 1856 multa
1791 1805 2000 1859 mentiti

411 1894 560 1948 sunt,
606 1886 753 1956 quod
798 1902 868 1940 ne
909 1888 1042 1942 mihi
1091 1890 1393 1960 contingat,
1440 1891 1570 1946 illud
1619 1892 1792 1948 solum
1821 1895 1887 1949 de
1916 1911 2001 1953 me

409 1989 603 2029 verum
634 1985 905 2041 teneatur,
950 1978 1094 2046 quod
1134 1978 1391 2034 Alcoraui
1436 1980 1629 2038 fultum
1678 1986 2000 2043 auctoritate

405 2068 691 2138 probatur.
720 2067 824 2136 Qui
847 2085 945 2123 cur
970 2071 1293 2126 miraculum
1339 2088 1446 2127 nou
1476 2072 1680 2129 faceret
1708 2077 1999 2133 ostendere

404 2157 618 2224 volens,
646 2159 956 2229 loquentem
979 2163 1047 2216 ad
1071 2177 1129 2216 se
1146 2162 1740 2221 Dominumintroducit
1762 2167 1949 2224 dicens
1977 2186 1992 2224 :

405 2248 556 2303 Dixit
589 2250 847 2305 Dominus
878 2251 945 2304 ad
977 2267 1102 2306 me:
1138 2251 1261 2308 Ideo
1302 2265 1352 2310 te
1392 2253 1571 2310 facere
1603 2256 1860 2313 miracula
1888 2274 1994 2315 non

404 2341 684 2410 permitto,
706 2340 832 2409 quia
857 2382 874 2409 ,
905 2356 971 2397 ne
999 2342 1095 2398 tibi
1119 2344 1262 2399 sicut
1290 2345 1412 2400 aliis
1439 2347 1718 2416 prophetis
1748 2347 1800 2402 in
1830 2349 1996 2403 mira-

403 2430 544 2485 culis
606 2430 1019 2486 contradicatur
1076 2434 1263 2489 timeo.
1321 2434 1433 2490 Suo
1483 2451 1615 2507 ergo
1678 2438 1993 2494 testimonio

402 2522 606 2577 nullum
637 2521 834 2578 fecisse
873 2524 1093 2578 virtutis
1125 2525 1338 2597 signum
1388 2536 1758 2595 monstratur;
1795 2531 1991 2601 quibus

398 2614 523 2669 aliis
544 2614 759 2670 indiciis
784 2631 946 2671 verus
979 2618 1239 2686 propheta
1263 2617 1560 2687 probatur?
1583 2620 1788 2676 Indicia
1837 2637 1990 2676 nam-

399 2719 503 2773 que
533 2704 645 2759 veri
676 2705 956 2775 prophetae
984 2718 1110 2762 sunt
1159 2707 1398 2776 probitas
1426 2709 1573 2774 vitae,
1602 2710 1985 2767 miraculorum

398 2796 692 2862 exhibitio,
735 2797 1005 2853 dictorum
1047 2799 1289 2855 omnium
1318 2800 1470 2854 firma
1504 2801 1726 2858 veritas.
1760 2801 1987 2858 Bonitas

395 2890 519 2945 vita:
560 2889 613 2944 in
636 2891 982 2946 Mabometho
1011 2892 1269 2947 violentia
1287 2902 1549 2963 erat,qua
1581 2910 1640 2950 se
1664 2896 1982 2965 prophetam

394 2979 489 3035 Dei
521 2980 804 3042 praedicari
831 2981 879 3034 vi
918 2980 1178 3048 faciebat,
1223 2980 1367 3038 furto
1396 2993 1451 3038 et
1504 2987 1804 3054 rapacitate
1850 3002 1983 3056 gau-

1927 320 2035 377 DlA
2044 321 2174 379 LOG
2185 323 2223 379 Ι.

3593 334 3701 399 692

2194 433 2428 489 Movsss.
2460 434 2586 491 Rrec
2610 451 2709 508 pro
2733 446 2883 497 certo
2913 440 3080 507 ratio,
3108 457 3271 515 quam
3301 458 3394 517 qui
3415 447 3699 517 perspicue

2119 524 2417 594 inspexerit
2448 542 2571 582 vera
2600 529 2835 589 videtur.

2186 618 2423 675 Peritos.
2455 620 2607 686 Quod
2637 625 2887 691 superius
2914 641 2998 680 me
3016 625 3184 682 libros
3210 626 3428 700 legisse,
3458 629 3694 700 linguam

2115 712 2276 780 scire,
2307 713 2568 768 nutritum
2617 713 2733 771 fore
2781 733 2998 790 semper
3026 721 3170 775 inter
3237 722 3567 777 Sarracenos
3613 724 3695 777 di-

2114 804 2274 868 xisti,
2327 821 2432 860 non
2487 804 2693 862 idcirco
2759 812 3014 865 convenit
3066 821 3123 866 ut
3180 812 3390 867 illorum
3437 829 3698 884 assequar

2113 891 2285 965 legem
2296 932 2310 946 .

2182 985 2414 1040 Messes.
2477 984 2742 1054 Quoniam
2801 990 3086 1044 credebam
3137 1007 3257 1046 eam
3306 992 3501 1049 bonam
3551 1009 3694 1059 esse,

2112 1072 2233 1130 idco
2261 1083 2313 1129 te
2342 1090 2462 1130 eam
2498 1077 2696 1132 debere
2724 1079 2964 1148 recipere
2988 1079 3120 1137 dixi.

2182 1167 2420 1228 PETRUS.
2475 1171 2670 1227 Dixisti
2713 1172 2876 1226 etiam
2930 1172 3063 1243 legis
3108 1173 3320 1229 illorum
3370 1178 3604 1233 radicem
3637 1178 3692 1232 in

2110 1254 2445 1316 inconvulsze
2481 1261 2709 1316 rationis
2756 1258 3106 1316 fundamento
3133 1272 3524 1331 constructam,
3553 1268 3694 1322 unde

2108 1345 2162 1401 in
2221 1347 2444 1406 alternae
2492 1350 2881 1420 disputationis
2932 1366 3217 1421 campum,
3265 1358 3428 1409 verba
3488 1359 3690 1421 verbis,

2108 1444 2363 1498 mandata
2404 1445 2696 1508 mandatis,
2748 1445 3143 1511 discurramus,
3171 1447 3217 1503 si
3245 1463 3365 1502 eam
3398 1448 3536 1506 bene
3567 1448 3691 1504 lun-

2107 1534 2289 1589 datam
2326 1538 2570 1592 invenire
2594 1538 2909 1608 poterimus.

2178 1624 2415 1680 Movses.
2445 1625 2649 1681 Placet.

2177 1713 2415 1772 Penus.
2456 1716 2607 1785 Quod
2632 1717 2924 1788 quinquies
2948 1717 3312 1773 Mabumelttm
3342 1720 3395 1774 in
3420 1721 3507 1775 die
3531 1737 3693 1776 orau-

2031 1779 2076 1836 B
2104 1806 2231 1861 dum
2260 1808 2554 1877 prtecipere
2583 1809 2743 1873 dicis,
2769 1809 2889 1863 ideo
2926 1811 3110 1879 utique
3136 1809 3281 1871 fecit,
3315 1813 3437 1881 quia
3462 1814 3691 1868 consilio

2103 1897 2385 1951 doctorum
2424 1914 2645 1951 suorum
2699 1902 3072 1954 mediatricem
3115 1899 3424 1955 Judmorum
3453 1913 3506 1956 et
3533 1904 3691 1959 Chri-

2101 1990 2404 2045 stianorum
2452 1990 2622 2060 legem
2667 1992 2805 2046 eliici
2839 1992 3003 2046 voluit
3033 2007 3208 2053 somn.
3258 2009 3362 2046 non
3420 1995 3689 2064 probitate

2100 2081 2207 2145 sui,
2246 2096 2422 2151 neque
2479 2082 2752 2148 adjutorio
2792 2081 2909 2136 Dei.
2969 2081 3139 2137 Judaei
3190 2082 3335 2135 enim
3389 2085 3684 2139 secundum

2098 2170 2270 2241 legem
2302 2181 2384 2227 ter
2414 2172 2466 2226 in
2494 2173 2581 2227 die
2616 2182 2797 2239 orant,
2826 2171 3122 2226 Christiani
3172 2188 3299 2227 vero
3333 2173 3554 2243 septies,
3589 2176 3684 2229 sed

2098 2262 2203 2319 iste
2224 2279 2326 2319 nec
2358 2274 2441 2318 ter
2466 2281 2568 2320 nec
2595 2266 2813 2335 septies,
2841 2265 2934 2320 sed
2988 2265 3280 2335 quinquies
3325 2267 3537 2321 orando
3571 2276 3683 2323 ter-

2096 2352 2303 2406 ntinum
2336 2353 2480 2408 inter
2508 2362 2793 2422 utramque
2810 2353 3008 2424 posuit.
3036 2353 3187 2421 Quod
3220 2364 3508 2424 antequam
3527 2368 3685 2411 orent

2102 2442 2226 2497 illos
2261 2460 2454 2500 manus
2485 2455 2541 2501 et
2566 2446 2785 2501 brachia
2837 2456 2891 2501 et
2928 2455 3123 2501 caetera
3151 2448 3396 2516 corporis
3437 2446 3680 2503 membra

2095 2536 2321 2592 abluere
2352 2537 2559 2602 laudas,
2590 2555 2695 2594 non
2723 2539 2789 2593 ad
2812 2540 3117 2595 orationem
3163 2539 3417 2610 pertinet.
3446 2540 3528 2594 Ad
3557 2555 3683 2595 ora-

2092 2629 2293 2684 tionem
2335 2631 2550 2699 quidem
2591 2631 2822 2701 pertinet
2870 2631 3144 2696 mundari,
3191 2630 3524 2685 intrinsecus
3570 2646 3677 2686 non

2089 2720 2448 2775 extrinsecus.
2478 2719 2740 2774 Munditia
2765 2729 2947 2774 autem
2982 2720 3049 2774 de
3079 2718 3356 2773 ablatione
3409 2718 3679 2774 membro-

2088 2822 2206 2860 rum
2238 2807 2543 2875 pertinebat
2568 2807 2869 2863 cultoribus
2900 2807 3070 2863 stcllze
3099 2806 3452 2878 Veneris,qui
3484 2807 3678 2863 volen-

2090 2907 2169 2952 tes
2193 2914 2312 2953 eam
2342 2914 2523 2964 orare,
2553 2901 2620 2953 ad
2649 2899 2865 2954 modmn
2904 2899 3118 2954 femina:
3141 2915 3200 2954 se
3227 2899 3505 2970 aptabant.
3538 2898 3675 2966 Quia

2083 3002 2214 3043 vero
2241 2998 2442 3058 puncto
2472 2990 2645 3045 stellae
2690 2989 2923 3046 Veneris
2978 3004 3072 3044 rex
3126 2987 3348 3044 ell‘cctus
3391 2998 3497 3056 est,
3552 2988 3675 3045 ideo

393 3070 546 3136 deus,
578 3083 634 3126 et
654 3073 777 3142 igne
799 3071 1042 3129 libidinis
1080 3073 1132 3128 in
1164 3082 1374 3128 tantum
1404 3074 1644 3143 ferreus,
1672 3087 1732 3132 ut
1765 3088 1819 3132 ct
1851 3078 1980 3134 alie-
2006 3119 2048 3176 Ο
2086 3076 2200 3132 haec
2221 3078 2495 3148 prtecepit.
2526 3078 2792 3148 Tempore
2836 3079 3101 3135 orationis
3134 3078 3347 3148 publica
3397 3093 3531 3135 voce
3579 3093 3675 3135 eos

390 3177 520 3217 num
573 3163 790 3218 thorum
839 3162 1044 3221 fmdare
1111 3165 1380 3221 adulterio
1437 3176 1691 3238 tanquam
1752 3171 1977 3225 Domino

389 3254 741 3325 praecipiente
768 3271 875 3310 non
907 3258 1278 3324 erubesceret,
1323 3259 1466 3315 sicut
1525 3262 1592 3316 de
1645 3262 1831 3317 Zauab
1869 3263 1975 3319 lilia

388 3347 477 3403 las
508 3363 679 3404 uxore
732 3347 830 3403 Zet
877 3332 1428 3417 legitur.'Dotnintts,
1482 3353 1679 3423 inquit,
1733 3354 1825 3409 tibi
1877 3354 1977 3410 Zet

385 3448 611 3494 uxorem
658 3440 934 3496 dimittere
976 3451 1122 3495 tuam
1175 3444 1437 3514 praecipit.
1489 3444 1660 3512 Quam
1689 3445 1973 3502 dimissam

385 3530 502 3601 ipse
529 3531 632 3586 sibi
656 3531 918 3586 continuo
964 3531 1254 3600 copulavit.
1302 3532 1469 3601 Cujus
1515 3535 1822 3590 evidentius
1850 3551 1973 3605 pro-

383 3622 621 3693 phetiam
648 3638 810 3693 quam
842 3622 987 3676 nulla
1015 3623 1088 3678 sit
1111 3623 1272 3679 lassae
1298 3625 1486 3679 uxoris
1525 3623 1641 3692 ejus
1692 3627 1971 3696 turpitudo

379 3713 658 3787 patefecit,
694 3714 912 3784 quando
962 3714 1016 3768 in
1068 3713 1334 3768 adulterio
1380 3715 1795 3783 deprehensam,
1848 3731 1967 3771 eam

380 3807 677 3863 multorum
737 3806 1048 3862 testimonio
1096 3822 1203 3861 non
1242 3806 1657 3876 deprehensam,
1708 3822 1774 3862 eo
1826 3808 1969 3877 quod

379 3902 548 3957 nollet
585 3916 706 3957 eam
747 3901 1048 3965 dimittere,
1082 3898 1218 3954 falso
1263 3899 1532 3956 Gabrielis
1558 3899 1747 3955 nuntio
1775 3901 1969 3955 conﬁr-

378 3995 569 4048 mavit.
601 3994 678 4049 De
698 3993 856 4061 cujus
880 3993 997 4048 vitii
1020 3988 1285 4063 pot'cntia,
1335 3992 1577 4047 libidinis
1619 3990 1828 4045 scilicet
1853 3991 1969 4044 lan-

378 4086 537 4139 dasse
564 4083 731 4140 Deum
752 4083 969 4153 legitur,
1002 4098 1068 4138 eo
1089 4084 1234 4153 quod
1264 4083 1317 4138 in
1343 4097 1408 4138 eo
1435 4082 1763 4154 quadragies
1803 4098 1964 4153 supra

377 4175 674 4231 humanum
704 4176 925 4231 modum
955 4174 1281 4242 abundaret,
1325 4174 1711 4245 congratulans
1741 4174 1863 4240 sibi,
1898 4190 1965 4230 eo

378 4269 523 4339 quod
551 4269 735 4324 suavis
757 4266 893 4323 odor
918 4275 972 4322 et
1000 4267 1322 4336 speciositas
1351 4266 1636 4320 muliermn
1659 4267 1822 4322 dante
1854 4266 1964 4321 Deo

372 4361 666 4432 plurimum
700 4346 823 4415 eum
856 4357 1172 4415 oblectaret.
1204 4358 1280 4412 De
1311 4357 1716 4426 miraculisjam
1759 4360 1960 4413 dictum

2078 3166 2376 3236 praeconari
2405 3167 2610 3234 fateris,
2639 3168 2781 3237 quod
2833 3184 2936 3223 non
2966 3169 3219 3224 convenit
3247 3167 3481 3223 orationi
3504 3208 3520 3236 ,
3555 3168 3659 3223 nisi

2080 3255 2204 3324 quia
2230 3255 2377 3311 aliud
2416 3272 2610 3311 novum
2643 3257 2830 3327 nequit
2862 3257 3139 3328 imponere
3165 3256 3671 3329 signnmJejunare

2076 3361 2175 3416 per
2201 3363 2438 3402 mensem
2477 3347 2744 3418 integrmn
2767 3363 2881 3414 eos,
2917 3357 2975 3403 ut
3031 3350 3132 3410 ais.
3163 3353 3307 3419 quod
3336 3350 3670 3422 restringant

2075 3438 2205 3493 vitia
2239 3440 2422 3494 carnis
2467 3440 2743 3510 prmccpit,
2770 3440 2914 3509 quod
2942 3448 3026 3494 est
3052 3439 3265 3494 initium
3311 3440 3666 3510 pmnitentiae.

2077 3530 2182 3585 Sed
2213 3533 2323 3597 dic,
2351 3547 2537 3600 quaeso
2569 3572 2584 3596 ,
2619 3532 2775 3594 mihi,
2808 3531 2936 3602 quid
2967 3532 3185 3601 prodest
3219 3532 3359 3587 diem
3395 3531 3664 3603 jejunare,

2076 3629 2132 3676 et
2162 3632 2321 3677 nocte
2352 3631 2434 3678 ter
2455 3622 2541 3676 vel
2579 3633 2773 3692 quater
2798 3623 3105 3686 comedere,
3142 3634 3198 3678 et
3225 3625 3382 3679 bonis
3406 3625 3665 3681 carnibus

2072 3712 2405 3781 optimisque
2453 3712 2589 3767 cibis
2636 3712 2763 3777 frui,
2805 3723 2859 3768 et
2886 3712 3202 3768 mulieribus
3260 3715 3372 3768 uti?
3401 3713 3526 3770 Haec
3556 3732 3661 3772 non

2073 3801 2382 3865 debilitant,
2413 3803 2507 3855 sed
2540 3802 2720 3870 potius
2749 3800 3106 3856 corroborant
3134 3817 3376 3858 carnem.
3395 3804 3547 3871 Quod
3577 3819 3664 3859 se-

2070 3891 2177 3945 mel
2217 3892 2268 3945 in
2300 3908 2444 3946 anno
2473 3892 2611 3947 dicis
2638 3898 2733 3947 eos
2781 3893 2847 3946 ad
2895 3893 3115 3947 domum
3173 3895 3288 3956 Dei,
3324 3912 3443 3965 quac
3485 3905 3570 3950 est
3606 3896 3660 3951 in

2070 3980 2280 4046 Meeba,
2301 3982 2380 4035 ire
2411 3991 2630 4051 propter
2656 3983 3099 4052 recognitionem,
3131 3994 3185 4038 et
3210 3983 3281 4037 ibi
3311 3999 3472 4040 orare
3495 3999 3658 4053 quam

2068 4071 2257 4127 dicunt
2300 4071 2467 4126 fuisse
2489 4072 2619 4126 Adze
2663 4080 2720 4126 et
2771 4072 3029 4137 Abrahae,
3083 4089 3188 4131 non
3237 4091 3302 4129 ex
3335 4076 3660 4129 auctoritate

2067 4163 2313 4228 habent,
2376 4164 2471 4218 sed
2528 4163 2684 4233 quasi
2738 4173 3106 4219 commentum
3159 4163 3374 4234 aliquod
3429 4164 3656 4233 fingunt.

2065 4253 2371 4323 Antequam
2396 4254 2540 4308 enim
2569 4254 2737 4325 legem
2768 4255 3134 4325 prmdicasset,
3165 4256 3355 4310 domus
3378 4254 3659 4310 biecidnlis

2064 4344 2382 4417 plena,erat.
2417 4345 2523 4400 Sed
2560 4347 2604 4401 si
2636 4356 2713 4412 tu,
2745 4363 2778 4402 ο
2817 4346 3046 4418 Moyses,
3074 4348 3246 4402 scires
3290 4348 3465 4418 qualis
3514 4357 3659 4402 esset

373 4428 478 4508 est.
509 4454 585 4508 De
630 4451 789 4506 bellis
837 4459 1018 4505 autem
1074 4466 1196 4520 quae
1244 4448 1474 4503 Domino
1519 4450 1867 4519 prmcipiente
1908 4458 1961 4504 et
1994 4457 2038 4514 ι)
2067 4437 2257 4491 domus
2289 4437 2401 4502 illa,
2439 4446 2493 4491 et
2525 4428 2988 4507 quodsccretum
3043 4439 3117 4493 ibi
3173 4439 3398 4503 inesset,
3447 4449 3503 4494 et
3557 4450 3657 4493 cur

369 4546 658 4601 victoriam
706 4547 1063 4614 promittente
1104 4557 1162 4598 se
1202 4543 1391 4597 iniisse
1443 4541 1739 4608 fatebatur,
1772 4543 1961 4597 dentes

369 4634 490 4702 ejus
518 4636 740 4690 contriti
782 4636 836 4690 in
872 4635 1038 4700 bello,
1069 4633 1343 4704 faciesque
1370 4632 1579 4698 collisa,
1607 4632 1771 4687 multa
1794 4633 1957 4687 etiam

366 4731 541 4783 credes
564 4737 617 4784 et
656 4728 778 4799 luga
814 4743 1059 4791 suorum,
1084 4727 1371 4782 veritatem
1409 4734 1696 4790 testantur;
1749 4741 1871 4796 quae
1910 4725 1954 4780 si

367 4820 588 4891 angelus
613 4821 824 4875 Domini
847 4819 1060 4875 utdicis
1099 4834 1222 4872 eum
1240 4818 1566 4879 custodiret,
1592 4817 1818 4871 minime
1851 4815 1954 4871 sibi

365 4910 701 4978 acciderent,
733 4911 872 4966 sicut
898 4911 960 4965 de
988 4910 1101 4965 Elia
1126 4921 1181 4963 et
1222 4909 1400 4963 Eliseo
1425 4909 1655 4978 legimus
1683 4905 1801 4979 (Ill
1827 4905 1952 4978 Reg.

364 5004 504 5071 xu).
535 5018 672 5072 quos
713 5003 783 5059 ab
832 5003 1069 5058 inimicis
1116 5002 1231 5057 suis
1283 5015 1498 5069 semper
1544 5000 1745 5069 eripuit
1789 4999 1949 5066 Deus,

360 5105 523 5162 quem
556 5094 718 5148 etiam
740 5094 784 5149 si
823 5093 945 5150 talis
974 5101 1120 5148 esset
1175 5102 1235 5147 ut
1284 5091 1437 5159 dicit,
1480 5106 1696 5159 semper
1725 5089 1950 5145 victoria

364 5193 703 5251 sequeretur,
737 5192 795 5238 ut
839 5182 1081 5254 Moysen,
1105 5181 1266 5238 Josue
1295 5191 1350 5236 et
1382 5181 1571 5242 David,
1603 5194 1740 5250 quos
1766 5179 1951 5233 divino

357 5266 510 5338 jussu
541 5272 726 5341 praelia
786 5273 1215 5336 committentes,
1256 5286 1470 5341 semper
1506 5269 1733 5325 victoria
1781 5270 1951 5324 comi-

362 5359 573 5415 tabatur
601 5361 709 5435 (IV
741 5361 870 5435 Reg.
901 5379 954 5418 vt
980 5380 996 5429 ;
1024 5362 1193 5417 Exod.
1226 5377 1371 5426 xvii;
1408 5360 1591 5415 Iosue.
1622 5360 1685 5432 ι).
1716 5360 1771 5415 Si
1817 5374 1948 5417 vero

355 5450 522 5505 etiam
551 5455 816 5524 propheta
840 5470 1026 5517 verus,
1054 5462 1113 5507 ut
1141 5452 1244 5515 ais,
1270 5460 1434 5514 esset,
1477 5451 1660 5520 praelia
1690 5452 1946 5507 commis-

355 5555 516 5599 surus
546 5553 727 5599 utrum
758 5544 859 5599 sibi
878 5543 1018 5598 male
1044 5544 1287 5601 eveniret
1301 5543 1484 5598 sciret.
1507 5541 1788 5609 Quomodo
1815 5557 1944 5611 ergo

354 5650 476 5691 mea
519 5634 635 5708 lege
669 5636 892 5693 dimissa
921 5636 1064 5692 illius
1112 5650 1197 5690 me
1222 5634 1391 5708 legem
1422 5634 1557 5692 dicis
1574 5634 1753 5706 potius
1777 5648 1940 5705 quam

351 5728 724 5789 Christianam
749 5731 957 5803 insequi
984 5730 1215 5787 debere?

2064 4528 2190 4584 illuc
2231 4528 2608 4586 Mahowetbus
2639 4532 2759 4596 iret,
2793 4542 2845 4586 et
2874 4546 2995 4601 qua:
3029 4531 3082 4586 in
3139 4531 3256 4602 lege
3308 4531 3658 4586 inveniuntur

2053 4617 2218 4687 jussit
2242 4620 2441 4684 facere,
2467 4622 2622 4676 valde
2645 4622 2922 4676 mirareris
2949 4622 3094 4676 inde.

2132 4709 2365 4767 Mersus.
2399 4711 2545 4767 Istud
2578 4728 2705 4783 rogo
2746 4712 2878 4767 mihi
2909 4714 3052 4782 quod
3078 4712 3215 4766 dicis
3266 4710 3525 4766 insinues.
3558 4709 3653 4765 Li-

2058 4809 2149 4856 cet
2173 4803 2319 4856 enim
2353 4803 2494 4856 hanc
2532 4802 2703 4873 legem
2737 4804 2832 4857 tibi
2858 4802 3165 4872 praedicent,
3199 4817 3369 4869 quare
3397 4802 3500 4855 iter
3521 4803 3651 4857 illud

2056 4901 2111 4947 et
2132 4902 2330 4947 czetera
2356 4907 2477 4962 qua:
2505 4892 2588 4946 lex
2617 4894 2861 4964 praecipit
2902 4894 2972 4948 ibi
3024 4894 3202 4947 facere
3224 4891 3410 4960 juSsit,
3441 4894 3650 4949 nescio.

2129 4984 2364 5039 Ρετιιυε.
2395 4984 2646 5040 Breviter
2668 4987 2885 5056 quidem
2921 4985 3168 5041 volebam
3198 4986 3293 5039 tibi
3342 4986 3647 5053 netiﬂcare,

2054 5077 2149 5133 sed
2199 5078 2362 5133 modo
2406 5088 2628 5149 rogatus
2660 5080 2976 5135 monstrabo
3024 5089 3229 5150 aperte.
3264 5080 3380 5135 Duo
3412 5081 3506 5137 lilii
3552 5080 3651 5136 Lot

2052 5172 2229 5225 Amou
2261 5181 2315 5226 et
2346 5170 2525 5235 Moab,
2579 5172 2719 5226 banc
2771 5172 2990 5226 domum
3046 5168 3406 5236 honorabant,
3437 5183 3493 5227 et
3540 5175 3646 5227 duo

2050 5261 2192 5319 idola
2225 5263 2292 5318 ab
2316 5264 2520 5319 eisdem
2548 5264 2617 5320 ibi
2647 5263 2987 5330 colebantur,
3023 5263 3251 5320 alterum
3296 5280 3360 5319 ex
3392 5265 3539 5328 albo,
3568 5264 3645 5317 al-

2049 5369 2226 5413 terum
2257 5373 2323 5413 ex
2349 5359 2504 5429 nigro
2526 5359 2700 5428 lapide
2721 5372 2992 5429 paratum.
3016 5360 3223 5415 Nomen
3252 5359 3468 5430 quidem
3499 5358 3643 5416 illius

2047 5449 2191 5519 quod
2215 5463 2282 5503 ex
2326 5449 2482 5519 nigro
2534 5458 2653 5504 erat
2697 5450 2872 5521 lapide
2928 5449 3245 5510 Mercurius.
3281 5464 3476 5503 nomen
3510 5462 3640 5503 vero

2045 5542 2271 5597 alterius
2304 5541 2559 5597 Cbamos.
2593 5543 2831 5597 Alterum
2857 5541 2998 5613 quod
3027 5558 3092 5595 ex
3125 5542 3280 5611 nigro
3315 5539 3491 5606 lapide
3527 5548 3631 5604 est,

2044 5634 2099 5689 in
2127 5635 2333 5689 honore
2355 5632 2599 5699 Saturni,
2631 5633 2859 5690 alterum
2910 5634 3054 5704 quod
3083 5648 3149 5688 ex
3200 5630 3324 5687 albo
3344 5632 3397 5686 in
3425 5630 3631 5688 honore

2044 5725 2235 5783 Martis
2262 5726 2589 5784 aediﬁcatum
2616 5736 2717 5783 cst.
2746 5726 2903 5784 Bisin
2927 5741 3071 5783 anno
3090 5724 3328 5783 cultores
3349 5738 3537 5782 eorum
3562 5725 3632 5783 ad
