4038 6456
520 358 625 444 eos

1517 386 1720 445 PETRI
1760 385 2104 444 ALPllONSl
2136 386 2230 443 EX
2267 384 2516 445 ΠΗ)Εο
2548 384 2943 445 ΕΙῘΒΙΕἸἹΔΝΙ
3665 395 3743 454 ml

521 500 639 570 ipsa
698 502 1063 556 ascendebant
1129 499 1424 563 adoranda,
1476 498 1543 554 ad
1594 500 1824 556 Martem
1888 500 2107 570 quidem
2138 501 2406 569 Acogere
2457 498 2690 570 aliquem
2749 499 2993 567 credere,
3043 500 3137 556 sed
3183 502 3296 573 ipse
3341 503 3443 560 hoc
3487 509 3744 577 cupiditate

520 593 742 661 quando
760 592 842 646 sol
867 593 920 646 in
951 591 1183 661 primum
1223 590 1451 660 gradum
1504 591 1695 645 arietis
1739 592 1926 658 intrat,
1977 592 2104 661 quia

520 683 667 737 aries
695 683 871 737 honor
894 690 977 736 est
1012 680 1217 735 Martis.
1249 679 1307 734 In
1359 678 1512 748 cujus
1566 682 1919 748 discessione,
1947 691 2108 753 prout

519 788 639 829 mos
668 783 805 837 erat,
852 771 1057 841 lapides
1089 772 1455 842 iaciebantur.
1486 773 1569 829 Ad
1605 773 1902 830 Saturnum
1951 790 2098 842 vero,

520 866 736 935 quando
770 864 848 919 sol
872 865 924 917 in
947 864 1180 934 primum
1206 865 1431 934 gradum
1464 864 1615 919 libra:
1668 866 1860 929 intrat,
1889 865 2013 933 quia
2041 865 2107 920 li-

517 955 613 1011 bra
645 956 818 1010 honor
839 965 920 1009 est
952 955 1194 1010 Saturni.
1228 955 1380 1022 Quod
1415 956 1797 1013 tlturiﬁcabant
1824 957 1950 1012 nttdi
1980 967 2102 1012 ton-

517 1043 700 1113 sisque
736 1045 1022 1114 capitibus,
1057 1060 1226 1116 usque
1252 1047 1306 1102 in
1336 1046 1657 1102 hodiernum
1684 1049 1825 1103 diem
1851 1049 1903 1102 in
1934 1048 2103 1112 lndia,

518 1143 577 1189 ut
629 1137 782 1200 dixi,
830 1137 1159 1193 celebratur.
1211 1139 1417 1195 Arabes
1473 1154 1604 1195 vero
1659 1156 1781 1195 cum
1836 1141 2013 1196 Amon
2053 1150 2107 1195 et

516 1227 675 1285 Moab
742 1230 882 1286 idola
936 1232 1254 1288 adorabunt.
1309 1232 1683 1291 Mahometltus
1738 1245 1918 1289 autem
1984 1242 2107 1305 post

519 1317 737 1388 longum
791 1328 1003 1390 tempus
1034 1322 1284 1387 veniens,
1318 1324 1606 1393 pristinam
1662 1324 2105 1380 consuetudinem

518 1409 764 1477 nequivit
804 1410 1043 1475 auferre,
1072 1414 1166 1468 sed
1195 1415 1348 1483 quasi
1374 1416 1772 1485 quodammodo
1817 1431 1968 1471 more
1990 1432 2108 1471 mu-

519 1508 635 1555 tato
658 1500 1074 1559 inconsutilibus
1099 1509 1425 1572 tegumentis
1450 1518 1733 1576 coopertos
1761 1510 1978 1563 domum
2000 1509 2108 1565 cir-

521 1590 608 1645 cui
618 1606 672 1645 re
687 1592 956 1661 permisit.
973 1593 1078 1648 Sed
1101 1610 1166 1649 ne
1179 1596 1456 1651 videretur
1470 1597 1626 1652 idolis
1639 1598 1929 1667 praecipere
1941 1600 2109 1654 sacri-

520 1681 707 1744 ﬁcare,
736 1684 1082 1741 simulacrum
1108 1687 1329 1743 Saturni
1351 1692 1651 1765 construxit
1693 1691 1745 1745 in
1794 1691 2023 1760 pariete,
2050 1691 2104 1746 in

521 1775 719 1844 angulo
747 1778 960 1845 domus,
989 1795 1058 1834 ne
1092 1778 1260 1835 facies
1285 1790 1590 1851 appareret,
1608 1787 1827 1838 dorsum
1842 1798 1970 1838 vero
1988 1793 2107 1838 tan-

2208 586 2466 656 praecepit
2512 588 2775 657 pecuniae,
2805 596 2861 643 et
2905 596 2968 643 ut
3013 588 3264 645 inimicos
3309 605 3435 647 suos
3460 594 3743 657 destrueret.

2207 675 2323 732 Hoc
2370 687 2551 732 autem
2588 686 2650 732 ut
2702 677 2844 733 nosti
2902 692 3009 732 non
3062 678 3219 734 debet
3252 678 3389 744 ﬁeri,
3424 681 3527 737 imo
3565 685 3609 740 si
3645 692 3746 758 quis

2207 767 2441 837 aliquem
2489 778 2811 824 convertere
2853 767 3003 834 velit,
3048 783 3152 823 non
3197 784 3292 839 per
3320 769 3633 838 violentiam,
3669 780 3746 835 sed

2207 856 2492 929 diligenter
2522 869 2578 912 et
2618 857 2852 912 dulciter
2895 858 3001 915 hoc
3047 859 3227 915 facere
3274 860 3449 925 debet,
3483 865 3614 921 sicut
3651 869 3746 939 ipse

2206 944 2518 1001 Maltometli
2560 947 2614 1002 in
2663 962 2760 1003 suo
2806 956 3035 1003 testatur
3082 949 3375 1015 Alcorano,
3416 953 3512 1008 sub
3552 969 3745 1024 persona

2206 1035 2419 1090 Domini
2472 1037 2547 1092 ita
2595 1038 2828 1109 idipsum
2884 1039 3168 1095 dicentis:
3211 1039 3267 1095 Si
3316 1042 3473 1097 vellet
3527 1045 3749 1105 Dominus

2208 1125 2350 1181 Deus
2380 1136 2523 1192 tuus,
2557 1129 2721 1183 totius
2759 1129 2941 1185 saeculi
2979 1140 3166 1202 gentes
3192 1132 3490 1187 crederent.
3515 1134 3615 1190 Cur
3644 1153 3749 1208 ergo

2209 1222 2267 1268 ut
2310 1216 2534 1271 credant
2582 1219 2769 1288 cogis‘l
2813 1219 2938 1289 quia
2994 1220 3173 1275 nullus
3219 1221 3322 1277 nisi
3375 1223 3632 1281 voluntate
3675 1229 3748 1285 Dei
3791 1238 3830 1282 v

2209 1304 2402 1359 credit.
2432 1305 2499 1360 Et
2530 1306 2582 1360 in
2610 1307 2717 1362 alio
2744 1308 2883 1374 loco,
2908 1310 3081 1374 vobis,
3112 1310 3306 1380 inquit,
3335 1314 3575 1383 gentibus
3588 1320 3751 1377 veritas

2209 1395 2302 1449 Dei
2328 1394 2443 1463 jam
2472 1398 2635 1452 venit.
2668 1398 2769 1467 Qui
2800 1402 3115 1470 crediderit,
3139 1421 3237 1476 pro
3261 1406 3548 1476 semetipso
3574 1407 3752 1478 fecerit,

2209 1483 2300 1552 qui
2333 1499 2463 1539 vero
2499 1488 2788 1554 erraverit,
2815 1504 2913 1558 pro
2940 1494 3229 1563 semetipso
3251 1494 3462 1559 fecerit,
3488 1508 3540 1551 et
3563 1512 3651 1569 ego
3667 1515 3753 1556 non

2216 1585 2336 1626 sum
2370 1588 2535 1642 super
2570 1590 2665 1632 vos
2706 1576 2936 1647 bajulus.
2964 1580 3206 1651 Sequere
3227 1598 3377 1651 vero,
3415 1585 3568 1648 Deus,
3592 1587 3756 1658 inquit,

2210 1664 2353 1731 quod
2378 1666 2656 1721 revelatur
2683 1667 2803 1735 tibi,
2827 1678 2881 1724 et
2905 1682 3162 1741 exspecta
3200 1675 3372 1729 donec
3392 1673 3537 1729 Deus
3565 1676 3753 1745 jtnlioet,

2210 1755 2301 1822 qui
2331 1767 2492 1825 super
2523 1771 2712 1813 omnes
2753 1759 2919 1830 judex
2964 1772 3067 1817 est.
3098 1763 3227 1817 Item
3275 1765 3328 1818 iu
3357 1765 3565 1830 eodem,
3606 1766 3756 1824 Domi-

527 1875 639 1921 tum
667 1868 907 1923 exterius
933 1880 1015 1925 est
1035 1846 1551 1940 positumJlterum
1569 1872 1755 1928 Martis
1776 1875 2105 1930 scilicetido-
2138 1847 2183 1904 Β
2213 1858 2334 1940 “Ps”
2365 1846 2557 1940 imm“
2583 1849 2727 1905 Deus
2752 1860 2875 1940 ["95
2905 1853 3004 1908 sub
3033 1872 3134 1909 ¹¹¹¹³
3168 1857 3283 1927 lege
3311 1866 3536 1912 cm'cws
3561 1861 3602 1913 Si
3630 1861 3760 1915 vel!”

520 1956 630 2012 lum
645 1959 770 2028 quia
792 1961 1060 2030 sculptum
1085 1964 1342 2032 undique,
1362 1973 1481 2018 erat
1509 1966 1698 2020 subtus
1717 1975 1916 2021 terram
1949 1976 2005 2022 et
2031 1968 2108 2022 la—

524 2050 704 2118 pidem
723 2055 1120 2123 suprapositum
1140 2056 1308 2118 misit,
1325 2056 1630 2112 hominibus
1646 2074 1774 2114 vero
1795 2060 1886 2129 qui
1900 2061 1966 2114 ad
1981 2061 2111 2115 ado-

521 2140 751 2193 randum
768 2142 836 2195 ibi
852 2143 1203 2206 conveniunt,
1219 2142 1422 2213 lapides
1438 2144 1570 2200 istos
1581 2146 1814 2202 osculari
1829 2150 2106 2219 przecepit,

520 2237 575 2284 et
612 2229 907 2287 ltnmiliatis
933 2234 1211 2301 tonsisque
1240 2235 1506 2303 capitibus
1536 2237 1679 2293 inter
1712 2253 1872 2294 crura
1906 2240 2110 2310 lapides

522 2333 670 2379 retro
690 2323 930 2392 jactare,
963 2326 1056 2395 qui
1104 2326 1454 2383 bumiliantes
1493 2344 1551 2384 se
1593 2330 1755 2385 dorsa
1813 2331 2105 2399 denudaut,

520 2418 665 2487 quod
696 2428 779 2473 est
827 2420 1038 2489 signum
1072 2420 1204 2490 legis
1244 2421 1505 2490 pristinae.
1546 2422 1643 2493 Dic
1687 2439 1839 2496 ergo,
1868 2425 2104 2496 Moyses,

523 2523 629 2579 qua
663 2510 959 2565 intentione
984 2512 1084 2567 ista
1114 2515 1391 2582 przecepit,
1421 2515 1524 2568 nisi
1550 2530 1612 2570 ea
1643 2531 1747 2586 qua
1784 2517 1939 2571 dico?

592 2601 822 2659 Movsss.
861 2605 978 2659 Dixi
1018 2606 1110 2660 tibi
1168 2606 1524 2662 intentionem
1577 2623 1665 2662 me
1717 2608 1952 2673 nescire,
1980 2610 2107 2680 quia

523 2710 790 2765 nusquam
820 2696 995 2766 reperi
1027 2698 1311 2766 scriptum,
1341 2716 1505 2753 unttm
1534 2709 1713 2755 tamen
1749 2702 1815 2756 de
1841 2701 2109 2771 lapidibus

519 2783 785 2854 jar-ieudis
812 2787 944 2852 scio,
975 2788 1101 2857 quia
1146 2788 1212 2843 ad
1237 2786 1579 2860 eﬁ'ugandum
1612 2794 1884 2845 daamones
1913 2792 2016 2846 ista
2049 2807 2109 2847 se

524 2876 705 2932 dicunt
742 2878 936 2933 facere.
972 2879 1028 2934 lu
1068 2880 1220 2935 libris
1253 2880 1462 2935 illorum
1509 2883 1769 2952 scriptum
1818 2884 1926 2937 vidi
1980 2885 2107 2954 quia

521 2968 722 3024 Bomar
756 2972 976 3042 quidam
1024 2988 1090 3027 ex
1141 2974 1325 3027 decem
1373 2974 1537 3029 sociis
1587 2974 1914 3030 Mahometlti
1959 2992 2108 3032 more

524 3061 686 3116 solito
712 3062 920 3133 lapides
959 3064 1279 3118 deosculans
1311 3065 1390 3120 sic
1418 3080 1646 3121 exorsus
1675 3076 1778 3121 est.
1808 3064 1992 3127 Vobis,
2025 3066 2109 3121 in-

525 3152 659 3220 quit,
693 3153 956 3221 lapidibus
1001 3154 1143 3218 dico,
1172 3156 1315 3223 quod
1353 3171 1452 3211 nec
1494 3155 1751 3222 adjuvare
1785 3172 1882 3211 nec
1911 3171 2107 3212 nocere

521 3243 755 3311 potestis
797 3244 930 3307 scio,
986 3245 1100 3309 sed,
1161 3247 1289 3316 quia
1338 3246 1714 3304 Maltometltus
1760 3249 1908 3319 fecit,
1968 3250 2109 3306 illius

525 3346 737 3387 morem
768 3349 1056 3404 exsequor.

598 3423 835 3481 Pn'rnus.
863 3428 1015 3494 Quod
1050 3427 1230 3483 dixisti
1261 3428 1533 3498 lapidibus
1556 3431 1822 3499 jaciendis
1843 3435 2113 3492 daemonas

526 3515 788 3588 ell‘ugare,
832 3536 939 3574 non
978 3535 1316 3588 consequens
1357 3522 1498 3576 ratio
1541 3523 1755 3578 videtur
1800 3541 1941 3593 esse,
1985 3529 2111 3597 quia

528 3613 671 3677 quod
704 3628 807 3666 non
833 3613 1013 3682 aliquo
1037 3614 1336 3683 percipitur
1364 3630 1525 3671 sensu
1554 3630 1831 3685 corporeo,
1873 3618 2113 3688 ell‘ugare

530 3699 724 3755 leviter
747 3716 1087 3772 nequaquam
1123 3712 1321 3772 potest.
1351 3703 1577 3759 Nomine
1599 3721 1728 3761 vero
1758 3707 1942 3763 divino
1979 3706 2112 3763 eﬂ'u-

528 3803 726 3863 gautur
755 3793 1045 3849 daemones.

603 3881 834 3938 Mersus.
881 3883 1145 3951 Quoniam
1195 3887 1455 3956 quosdam
1485 3888 1664 3943 audivi
1710 3890 1954 3946 dicentes
2007 3893 2113 3947 daa-

530 3973 710 4026 monia
756 3973 956 4030 vidisse
998 3985 1054 4031 et
1098 3991 1163 4031 ea
1214 3978 1453 4040 audisse,
1482 3993 1545 4034 ac
1587 3980 1881 4037 collocutos
1919 3982 2108 4050 fuisse,

529 4063 703 4117 miror
727 4073 776 4118 te
805 4066 987 4121 dicere
1017 4082 1177 4124 sensu
1211 4084 1317 4124 non
1343 4071 1608 4138 corporali
1634 4072 1933 4143 percipere.

596 4152 831 4211 Perses.
859 4157 1010 4212 Licet
1037 4159 1262 4226 anget-ss
1285 4177 1547 4233 corporeo
1574 4178 1735 4217 sensu
1778 4179 1884 4215 non
1908 4165 2109 4236 percipi

524 4247 716 4314 possit,
753 4248 856 4303 illis
881 4259 1058 4307 tamen
1099 4253 1188 4321 qui
1218 4255 1515 4309 secundum
1542 4256 1795 4309 mandata
1837 4256 1930 4309 Dei
1963 4256 2111 4311 ince-

528 4338 683 4403 dunt,
711 4340 951 4397 visibiles
998 4342 1156 4399 ﬁunt.
1180 4343 1443 4400 Similiter
1476 4346 1720 4402 diabolus
1766 4347 1956 4401 amicis
2001 4348 2114 4403 suis

526 4429 753 4509 visibilis
781 4443 1025 4502 apparet.

2213 1938 2330 1992 sine
2361 1938 2631 1994 discordia
2666 1931 2911 2011 poneret.
2940 1945 3120 2017 Fingit
3151 1949 3276 2003 item
3312 1949 3362 2002 in
3385 1948 3495 2004 alio
3532 1949 3639 2004 loco
3665 1963 3759 2006 tan-

2211 2043 2375 2097 qttant
2420 2031 2523 2084 sibi
2577 2032 2720 2087 Deus
2761 2033 3032 2104 loquatur.
3063 2036 3200 2100 Non,
3226 2039 3427 2109 inquit,
3455 2040 3688 2095 violentia
3717 2042 3758 2095 in

2212 2120 2329 2189 lege
2367 2122 2527 2178 debet
2552 2138 2689 2187 esse,
2715 2125 2826 2194 jam
2867 2128 3067 2183 veritas
3093 2138 3148 2183 et
3185 2128 3401 2199 justitia
3438 2140 3660 2201 apparet,
3686 2133 3759 2202 qui

2208 2213 2440 2268 voluerit
2484 2225 2677 2284 sponte
2722 2232 2819 2272 sua
2869 2220 3074 2274 credat.
3103 2220 3233 2275 Item
3286 2222 3339 2276 in
3384 2223 3660 2288 Alcorauo,
3684 2240 3763 2279 vos

2211 2300 2475 2360 increduli
2517 2324 2624 2362 non
2653 2310 2795 2378 quod
2831 2312 3002 2366 oratis
3030 2326 3148 2377 oro,
3182 2328 3280 2368 nec
3304 2329 3471 2383 quem
3497 2329 3589 2369 oro
3603 2316 3762 2381 oratis,

2210 2406 2266 2451 et
2298 2413 2456 2467 quem
2488 2401 2731 2456 adoratis
2774 2416 2879 2456 non
2908 2403 3098 2469 adoro,
3141 2405 3273 2459 mihi
3315 2406 3429 2470 lex,
3458 2416 3513 2461 et
3540 2407 3675 2462 vobis
3696 2407 3764 2462 lex

2132 2548 2136 2552 ,
2211 2492 2437 2546 discors.
2483 2493 2549 2546 Et
2579 2494 2631 2548 iu
2687 2495 2794 2548 alio
2848 2495 2969 2551 loco
3023 2497 3097 2551 ait
3131 2496 3291 2551 :Nou
3349 2497 3619 2553 altercctis
3663 2514 3763 2552 runt

2210 2582 2434 2638 alterius
2471 2584 2605 2656 legis
2632 2587 2905 2656 gentibus,
2933 2587 3037 2642 nisi
3085 2588 3339 2645 mollibus
3391 2590 3588 2645 verbis.
3617 2591 3767 2658 Quare

2210 2689 2338 2745 ergo
2389 2678 2645 2746 prtedari,
2693 2679 2994 2749 eaptivare,
3045 2689 3099 2734 et
3147 2690 3338 2750 gentes
3398 2683 3450 2735 vi
3495 2696 3670 2752 cogere
3711 2683 3767 2736 ad

2210 2768 2536 2822 credendum
2584 2769 2766 2839 jussit,
2799 2781 2853 2826 et
2903 2773 3018 2827 haec
3068 2774 3250 2828 omnia
3298 2776 3525 2829 semitas
3551 2773 3635 2828 Dei
3669 2789 3773 2831 esse

2209 2858 2446 2914 fatetur?
2480 2861 2573 2916 Dic
2617 2863 2774 2928 mihi,
2807 2862 3039 2935 Moyses,
3082 2864 3258 2935 legem
3287 2879 3410 2936 qua:
3440 2880 3615 2921 secum
3639 2865 3771 2920 dissi-

2210 2949 2319 3010 det,
2352 2965 2521 3018 quare
2548 2966 2677 3022 ergo
2701 2953 2924 3009 credere
2948 2954 3130 3024 jubes.

2284 3041 2511 3098 Movsss.
2539 3044 2703 3099 Liber
2725 3044 2978 3101 Alcorani
3008 3046 3132 3102 talis
3159 3056 3263 3115 est,
3293 3049 3442 3119 quod
3464 3059 3516 3106 et
3538 3051 3768 3123 posterior

2160 3193 2179 3213 ς
2212 3135 2444 3202 primum
2474 3136 2702 3189 destruit
2731 3135 3000 3192 ordinem.

2288 3224 2521 3280 Pmnus.
2561 3226 2864 3281 Alcoranus
2898 3243 3004 3283 non
3030 3244 3192 3283 manu
3223 3228 3537 3287 Maltometlt
3569 3231 3771 3301 scriptus

2215 3325 2319 3381 est,
2348 3316 2393 3370 si
2421 3317 2565 3372 enim
2599 3317 2701 3372 hoc
2739 3318 2945 3374 faceret
2972 3321 3256 3377 ordinatus
3302 3330 3472 3379 esset.
3507 3323 3627 3378 Post
3651 3336 3808 3381 mora.

2213 3413 2324 3458 tem
2359 3420 2487 3459 vero
2537 3405 2731 3474 ipsius,
2775 3407 2905 3461 socii
2936 3405 3053 3474 ejus
3098 3410 3189 3479 qui
3218 3424 3406 3465 secum
3452 3412 3637 3466 morati
3677 3378 3807 3468 [ηε-ι’

2215 3506 2360 3564 rant,
2394 3498 2649 3568 quisque,
2697 3509 2755 3553 ut
2785 3502 2856 3554 ita
2915 3500 3116 3566 dicam,
3171 3502 3466 3559 lectionem
3516 3520 3658 3560 suam
3702 3520 3771 3559 re-

2215 3591 2492 3653 nuntiatis,
2520 3590 2849 3646 Alcoranum
2881 3606 3325 3663 composuerunt,
3362 3597 3509 3651 unde
3535 3597 3771 3652 nescimus

2215 3681 2338 3749 quis
2394 3682 2547 3751 prior
2599 3683 2720 3751 quis
2777 3685 3045 3753 posterior
3097 3684 3199 3739 fuit
3252 3687 3409 3741 ordo.
3445 3688 3568 3743 Ideo
3619 3697 3770 3740 autem

2216 3770 2523 3827 Maliometlt
2553 3774 2806 3841 praedari,
2842 3775 3140 3843 captivare,
3176 3785 3229 3831 et
3264 3788 3457 3845 gentes
3503 3777 3774 3832 interﬁcere

2210 3862 2395 3931 jussit,
2429 3865 2571 3934 quod
2599 3866 2805 3921 Arabes
2833 3866 2922 3936 qui
2952 3866 3117 3922 Deum
3159 3869 3473 3937 ignorantes
3505 3870 3555 3923 in
3589 3869 3772 3923 deserto

2216 3958 2530 4024 manebant,
2582 3958 2635 4012 in
2687 3958 3110 4033 przedationibus
3166 3960 3589 4026 delectarentur,
3633 3970 3683 4016 et
3728 3968 3775 4013 ut

2215 4048 2451 4103 maxime
2481 4049 2553 4103 illi
2579 4050 2883 4105 crederent.

2288 4138 2521 4194 Movsss.
2552 4139 2789 4195 [Estimo
2816 4157 3001 4196 verum
3032 4157 3153 4198 esse
3182 4145 3326 4214 quod
3354 4144 3514 4200 dicis.

2286 4248 2519 4305 PETRUS.
2552 4250 2706 4317 Quod
2757 4253 2893 4307 dicis
2929 4253 3049 4308 ~illis
3081 4253 3385 4309 absolutam
3435 4271 3558 4310 esse
3584 4270 3773 4310 omnem

2215 4353 2458 4404 carnem,
2514 4350 2711 4411 printer
2764 4343 2914 4410 porci
2973 4359 3194 4399 carnem
3247 4355 3302 4397 ct
3344 4350 3693 4418 sanguinem,
3731 4352 3777 4398 et

2216 4430 2561 4485 morticiuum
2605 4431 2671 4485 ad
2714 4433 3061 4498 vescendum,
3104 4435 3260 4489 nobis
3306 4452 3523 4506 quoque
3558 4434 3774 4489 absoluta

597 4522 828 4581 Morses.
853 4527 1001 4582 Istud
1022 4529 1239 4596 quidem
1252 4531 1443 4585 vellem
1471 4530 1633 4594 scire,
1649 4545 1755 4600 quo
1780 4530 2107 4601 magisterio,

2215 4532 2299 4578 est
2349 4524 2529 4579 omnis
2558 4538 2707 4578 caro.
2747 4523 2804 4578 ln
2858 4526 2961 4580 hoc
3014 4533 3221 4582 tantum
3274 4530 3484 4583 scilicet
3547 4530 3599 4583 in
3649 4526 3775 4596 potci

524 4626 702 4681 quave
727 4624 843 4670 arte
873 4615 993 4672 illos
1021 4617 1224 4682 videre,
1255 4619 1336 4672 vel
1364 4619 1596 4688 colloqui
1625 4632 1860 4688 possem.

600 4704 835 4761 Peritos.
861 4706 1043 4774 Quare
1077 4709 1221 4779 quod
1252 4710 1319 4765 ad
1351 4718 1401 4765 te
1428 4710 1650 4767 minime
1697 4711 1933 4783 pertinet
1969 4712 2110 4769 scire

522 4807 561 4845 «ι
582 4795 837 4854 sideras?

600 4885 836 4944 Morsrzs.
866 4888 982 4946 Non
1032 4899 1090 4946 ut
1122 4906 1284 4963 opera
1338 4908 1670 4962 exercerem,
1705 4895 1800 4951 sed
1827 4894 2108 4950 scientiam

530 4982 744 5030 tantum
765 4979 976 5035 vellem.

600 5063 834 5122 Penus.
867 5068 1146 5136 Quomodo
1173 5074 1315 5143 quod
1341 5090 1584 5131 errorem
1614 5083 1764 5129 tuttm
1798 5085 1995 5145 augeat
2029 5077 2110 5132 vis

526 5156 846 5214 addiscere?

600 5249 828 5307 Marses.
863 5252 1005 5308 Bene
1032 5272 1115 5311 me
1155 5258 1265 5313 Deo
1293 5260 1495 5330 gratias
1517 5259 1822 5322 rorrexisti,
1854 5261 1906 5314 in
1931 5260 2111 5315 verbis

529 5342 638 5400 tuis
669 5357 886 5398 sensum
916 5346 1100 5402 didici.

600 5433 832 5490 Peritos.
863 5435 983 5491 Jam
1016 5438 1150 5493 satis
1202 5440 1406 5492 dictum
1449 5446 1551 5502 est,
1603 5439 1671 5493 ad
1722 5439 1992 5509 inceptum
2033 5453 2114 5496 re-

528 5527 776 5582 deamus.
803 5527 939 5595 Quia
966 5528 1059 5582 Dei
1091 5529 1432 5585 adversarios
1458 5529 1831 5585 Maltometlnts
1855 5531 2107 5600 praedari,

529 5620 807 5688 captivare
844 5629 900 5674 et
948 5619 1256 5676 interﬁcere
1288 5620 1471 5689 jussit,
1515 5621 1686 5676 donec
1731 5622 1817 5676 vel
1863 5622 2109 5689 credere,

527 5714 616 5769 vel
661 5728 882 5769 censum
929 5714 1235 5784 persolvere
1280 5716 1591 5784 voluissent,
1639 5733 1745 5773 non
1792 5728 1874 5773 est
1906 5719 2009 5774 boc
2043 5733 2111 5774 ex

528 5802 628 5864 Dei
675 5803 949 5873 operibus,
1009 5819 1182 5875 neque
1232 5808 1622 5883 prophetarum
1687 5808 1905 5867 cuilibet
1951 5809 2109 5881 jussit

2216 4628 2379 4669 Carne
2418 4614 2813 4669 discordamus.
2865 4613 2979 4671 lloc
3007 4626 3188 4670 autem
3235 4616 3369 4673 fecit
3398 4617 3771 4677 Maltomethus,

2214 4715 2272 4760 ut
2300 4705 2352 4759 iu
2383 4720 2449 4759 eo
2477 4720 2505 4759 a
2538 4704 2654 4775 lege
2684 4721 2780 4760 sua
2806 4721 2904 4761 nos
2931 4705 3228 4761 Christiani
3252 4708 3613 4764 diﬁ'erretnus.
3644 4706 3776 4774 Quod

2213 4796 2281 4863 de
2328 4797 2589 4852 uxoribus
2617 4796 2803 4853 dixisti
2846 4797 3010 4852 licere
3038 4807 3273 4868 quatuor
3299 4800 3546 4871 accipere
3586 4808 3637 4851 et
3662 4810 3778 4866 qua-

2212 4887 2343 4941 libet
2389 4888 2668 4957 repudiata
2722 4887 2883 4943 aliam
2932 4890 3200 4959 accipere,
3254 4891 3359 4946 boc
3408 4890 3549 4945 nulla
3584 4889 3776 4959 quidem

2214 4980 2528 5050 praecipitur
2556 4982 2790 5047 ratione,
2818 4997 2994 5052 neque
3022 4982 3166 5037 enim
3195 4983 3297 5038 nisi
3325 4996 3485 5037 causa
3517 4982 3654 5035 ﬁlios
3677 4994 3779 5047 pro-

2213 5070 2454 5133 creandi,
2484 5079 2811 5139 prrrceptum
2840 5080 2923 5125 est
2949 5086 3171 5126 uxorem
3196 5069 3772 5141 accipere(Ler.xvnt).

2212 5159 2365 5226 Quod
2395 5171 2576 5216 autem
2606 5162 2884 5232 emptitias
2918 5170 2973 5217 et
2998 5163 3240 5232 captivas
3269 5163 3533 5233 quotlibet
3572 5164 3777 5231 possunt

2213 5251 2435 5315 habere,
2467 5251 2567 5306 hoc
2597 5252 2812 5319 quidem
2841 5262 3099 5320 quantum
3118 5252 3184 5306 ad
3213 5267 3312 5307 nos
3342 5251 3664 5307 adulterium
3688 5253 3776 5311 est,

2214 5346 2338 5415 quia
2365 5344 2638 5399 multoties
2684 5355 2836 5415 pater
2869 5346 2999 5399 emit
3024 5345 3256 5414 aliquam
3281 5354 3580 5416 stupratam
3608 5357 3640 5396 a
3660 5338 3776 5395 ﬁlio.

2213 5448 2268 5493 et
2295 5447 2485 5493 contra
2517 5437 2659 5493 ﬁlius
2685 5438 2768 5494 vel
2792 5435 2961 5493 frater
2984 5454 3012 5492 a
3041 5449 3195 5508 patre
3221 5448 3552 5507 corruptam.

2285 5531 2518 5586 Movsr-zs.
2564 5532 2621 5587 In
2667 5532 2849 5587 verbis
2895 5533 3003 5586 tuis
3032 5547 3218 5585 verum
3262 5532 3522 5585 creditur.
3558 5528 3629 5584 Ut
3667 5537 3780 5578 vero

2217 5622 2341 5675 talts
2386 5621 2652 5676 dissensio
2699 5622 2841 5676 inter
2870 5621 2987 5676 huic
3014 5630 3282 5692 prtecepta
3314 5631 3451 5686 erat,
3485 5632 3659 5688 quare
3686 5614 3780 5668 Ma-

2213 5712 2503 5768 bometbus
2530 5714 2620 5783 qui
2651 5722 2756 5769 tam
2788 5715 3002 5785 sapiens
3025 5714 3237 5767 videtur
3263 5712 3376 5767 ﬁeri
3395 5713 3579 5797 jussit.

2289 5805 2523 5863 Perses.
2556 5805 2935 5863 Maltomctltus
2967 5805 3118 5860 valde
3166 5805 3391 5861 feminas
3434 5802 3708 5873 diligebat,
3733 5803 3783 5851 ct
