4038 6452
306 371 409 429 605

1799 376 2093 437 DlALOGL

3481 383 3586 440 606

311 487 630 556 pernimium
679 488 996 544 luxuriosus
1025 493 1164 552 erat,
1195 492 1251 540 et
1292 484 1451 539 sicuti
1493 484 1726 555 ipsemet
1764 502 1898 558 pro-
1923 502 1973 559 Α
2000 490 2179 561 gentis
2206 490 2341 544 istos
2370 487 2422 544 in
2457 488 2850 546 consuetudine
2890 488 3116 545 insecuti
3149 497 3294 545 sunt.
3323 489 3586 549 Omnibus

312 575 480 629 fessus
508 583 615 641 est,
647 577 732 631 vis
777 576 1002 632 luxurie
1041 574 1394 647 quadraginta
1427 574 1709 631 hominum
1745 576 1800 632 in
1830 592 1896 633 eo

312 666 585 721 manebat.
630 666 701 722 Et
742 668 980 723 maxime
1020 667 1148 737 quia
1182 668 1392 722 Arabes
1440 667 1597 722 valde
1634 667 1897 724 luxuriosi

308 769 486 824 mut,
516 760 785 816 voluntati
815 778 1000 818 eorum
1025 770 1083 815 ut
1107 762 1395 817 crederent
1426 762 1711 818 satisfecit.
1745 763 1898 830 Quod

312 853 379 908 de
425 852 647 923 propria
687 854 1010 921 cognatione
1041 853 1237 907 habere
1280 868 1475 909 uxores
1523 854 1748 919 dixeris,
1781 870 1897 910 mos

309 949 425 995 erat
465 941 724 996 omnibus
771 950 896 996 tunc
928 942 1205 1010 temporis,
1236 950 1295 994 ut
1341 942 1483 996 inter
1522 956 1615 997 eos
1645 944 1899 999 amicitia:

309 1035 584 1092 vinculum
615 1036 847 1106 vigeret.
888 1036 1199 1105 Dejudiciis
1237 1036 1378 1092 unde
1414 1052 1575 1107 supra
1608 1038 1812 1103 dixisti,
1843 1038 1897 1094 in

307 1123 629 1193 quibusdam
661 1138 794 1178 sane
839 1123 1004 1195 Moysi
1050 1125 1394 1201 consentiunt
1439 1125 1565 1195 legi,
1597 1126 1650 1180 in
1677 1127 1901 1197 quibus-

308 1218 431 1269 dam
478 1230 612 1270 vero
654 1215 997 1279 dissentiunt,
1027 1216 1168 1285 quod
1214 1216 1520 1272 Mahometb
1554 1217 1680 1273 fecit
1708 1228 1762 1273 ut
1801 1219 1901 1273 ali-

305 1294 628 1376 quantulum
683 1307 896 1362 diversa
944 1316 1091 1362 esset
1122 1308 1202 1363 lex
1258 1323 1354 1364 sua
1400 1324 1430 1363 a
1484 1308 1598 1381 iege
1630 1309 1821 1382 Moysi.
1853 1312 1899 1365 Α

303 1400 433 1453 vino
472 1400 592 1455 ideo
627 1414 842 1469 semper
870 1399 1444 1467 abstinerejubcntur,
1481 1416 1549 1455 ne
1593 1400 1734 1458 forte
1766 1403 1900 1458 socii

307 1492 561 1547 inebriati
596 1491 966 1563 patefacerent
1005 1493 1218 1547 ruinam
1246 1492 1445 1564 p0puli.
1478 1494 1605 1561 Quae
1637 1496 1703 1550 de
1740 1508 1901 1565 para-

300 1584 425 1640 diso
455 1584 761 1654 praedicasti
806 1585 1268 1654 prtetermittenda
1318 1595 1467 1652 sunt,
1507 1587 1632 1655 quia
1681 1587 1895 1642 ratione

300 1690 410 1729 non
440 1683 670 1744 possunt
714 1674 1076 1744 comprobari.
1110 1673 1373 1743 Scparata
1417 1676 1617 1746 quippe
1650 1675 1825 1730 anima
1865 1692 1896 1731 a

298 1780 536 1836 corpore
562 1776 617 1821 et
640 1774 876 1836 quatuor
897 1765 1182 1822 elementis
1203 1781 1232 1820 a
1262 1780 1320 1821 se
1347 1766 1576 1822 invicem
1605 1768 1893 1838 separatis,

2000 597 2131 653 ergo
2178 582 2377 648 modis,
2439 597 2474 637 o
2527 581 2759 654 Moyses,
2802 598 3091 654 possumus
3128 598 3422 654 agnoscere
3458 598 3583 640 eum

1999 688 2173 743 neque
2203 688 2390 728 verum
2420 674 2740 743 prophetam
2765 690 2906 739 esse,
2931 690 3104 744 neque
3124 675 3268 730 dicta
3296 675 3438 731 illius
3455 691 3585 731 vera

1998 764 2134 821 fore.
2170 765 2326 821 Licet
2367 766 2552 821 multa.
2577 782 2698 835 qua:
2732 767 2800 823 de
2842 782 2907 822 eo
2933 768 3112 822 dicere
3142 783 3426 837 possumus
3448 783 3586 838 prae-

2003 856 2388 922 termittamus,
2428 873 2592 911 mrum
2623 867 2803 911 tamen
2822 858 2964 927 quod
2992 874 3090 913 nos
3114 867 3166 913 et
3197 874 3291 912 vos
3312 859 3586 913 credimus

1999 948 2448 1012 intromittamus,
2495 947 2771 1002 Christum
2832 949 3041 1003 scilicet
3088 964 3250 1017 quem
3302 949 3586 1016 mqualiter

1998 1040 2272 1095 credimus
2299 1047 2574 1094 mortuum
2603 1049 2657 1094 et
2680 1039 3025 1104 crucifixum,
3052 1040 3167 1109 ipse
3196 1042 3446 1110 denegat.
3493 1041 3587 1096 Ait

1999 1130 2142 1184 enim
2175 1130 2293 1200 ipse
2323 1149 2336 1185 :
2372 1130 2649 1186 Christum
2684 1122 2797 1186 non
2843 1130 3158 1186 occiderunt
3193 1148 3366 1202 neque
3401 1133 3581 1189 cruci-

2001 1216 2262 1283 fixerunt,
2297 1220 2390 1274 sed
2428 1219 2602 1273 visum
2651 1227 2736 1273 est
2781 1218 2903 1273 illis.
2936 1219 3052 1273 Non
3083 1221 3254 1275 solum
3299 1204 3479 1278 autem
3528 1223 3581 1277 in

2002 1311 2106 1365 hoc
2137 1312 2447 1366 mendacem
2495 1326 2617 1366 eum
2651 1310 2912 1375 invenies,
2953 1311 3048 1366 sed
3089 1327 3279 1367 onmes
3323 1313 3489 1370 libros
3529 1322 3584 1369 et

2000 1402 2386 1472 prophetarum
2436 1401 2581 1457 dicta
2629 1401 2829 1473 relege,
2881 1412 2936 1457 et
2990 1402 3044 1457 in
3082 1402 3292 1457 cunctis
3340 1420 3462 1467 qua
3515 1404 3585 1460 de

2002 1493 2131 1562 ipsis
2158 1494 2318 1559 dixit,
2347 1494 2634 1549 mentitum
2659 1494 2919 1563 reperies.
2952 1492 3234 1561 Quomodo
3275 1509 3409 1565 ergo
3434 1493 3584 1552 ilium

2001 1584 2316 1659 mendacem
2362 1600 2451 1640 me
2495 1585 2719 1640 credere
2754 1584 3015 1649 hortaris,
3060 1599 3183 1639 cum
3233 1584 3286 1638 in
3333 1585 3588 1641 omnibus
3658 1606 3664 1617 ν

2000 1674 2250 1730 fallacem
2298 1676 2607 1731 inveneris?
2646 1676 2738 1731 Dei
2770 1677 3154 1746 omnipotentis
3181 1677 3443 1745 deprecor
3474 1676 3588 1741 pie-

2005 1775 2196 1830 tatem,
2223 1774 2281 1819 ut
2313 1782 2398 1821 me
2440 1766 2510 1821 ab
2556 1766 2700 1822 illius
2726 1781 2913 1822 errore
2955 1767 3151 1823 liberet
3174 1776 3231 1823 et
3258 1781 3420 1836 quam
3443 1765 3586 1837 ccepi

298 1871 409 1910 non
436 1856 651 1911 'utetur
704 1857 867 1911 homo
904 1856 988 1911 his
1012 1857 1173 1912 rebus
1221 1858 1593 1922 saecularibus,
1625 1872 1693 1913 eo
1736 1858 1895 1914 modo
1927 1853 1969 1908 Β
1997 1854 2167 1926 legem
2195 1856 2424 1928 implere
2447 1858 2713 1928 perficiat.
2748 1858 2943 1913 Amen.

298 1961 410 2017 quc
444 1947 613 2016 prius,
642 1948 786 2016 quod
812 1963 973 2017 supra
1015 1947 1396 2005 damnavimus
1430 1951 1483 2005 in
1519 1950 1672 2005 titulo
1710 1952 1891 2015 tertio,

294 2036 387 2093 ubi
426 2038 593 2093 locuti
627 2055 815 2095 sumus
860 2041 927 2095 de
972 2042 1371 2097 resurrectione
1402 2051 1760 2098 mortuorum.
1794 2042 1887 2099 Sa-

291 2129 456 2199 piens
490 2130 715 2185 rninime
748 2129 1050 2199 huiusmodi
1080 2134 1388 2201 paradisum
1417 2136 1612 2200 credit,
1646 2151 1745 2191 nec
1774 2136 1895 2191 tali-

289 2221 394 2274 bus
461 2220 734 2288 decipitur
793 2221 994 2276 verbis.
1072 2220 1329 2278 llomines
1390 2235 1570 2279 autem
1627 2228 1890 2297 temporis

292 2310 660 2376 Mahomethi,
719 2313 835 2367 sine
889 2313 1027 2384 lege,
1061 2313 1179 2369 sine
1232 2315 1522 2384 scriptura,
1554 2317 1718 2371 totius
1766 2317 1891 2373 boni

291 2401 485 2466 inscii,
514 2412 714 2471 przeter
737 2402 984 2457 militiam
1013 2412 1356 2471 etaratrum,
1389 2416 1708 2476 appetentes
1739 2406 1894 2462 luxu-

288 2492 459 2557 riam,
489 2494 768 2564 deditique
819 2494 973 2566 gulae,
1023 2495 1183 2551 facile
1227 2499 1523 2553 secundum
1563 2499 1891 2556 voluntatem

287 2583 612 2638 eormndem
639 2585 919 2652 praedicari
943 2595 1210 2655 poterant.
1231 2587 1285 2641 Si
1316 2588 1462 2642 enim
1483 2587 1643 2644 aliter
1663 2589 1889 2656 faceret,

288 2691 392 2730 non
431 2676 503 2729 ad
535 2676 706 2745 legem
732 2693 885 2732 suam
917 2694 1010 2734 eos
1040 2678 1361 2746 impelleret.

357 2766 605 2823 Marses.
640 2769 860 2839 Absque
886 2769 977 2823 Dei
1000 2769 1271 2839 adiutorio
1303 2769 1422 2825 talis
1442 2784 1676 2841 namque
1697 2786 1890 2843 magna

293 2873 427 2928 gens
461 2875 569 2914 non
597 2860 650 2914 in
678 2877 801 2916 eum
827 2863 1093 2917 crederet.

356 2949 609 3007 Psrnus.
639 2951 696 3006 Si
744 2967 865 3007 cum
898 2953 990 3008 Dei
1035 2952 1305 3023 adiutorio
1334 2961 1530 3008 cuncta
1570 2955 1888 3026 peregisset,

287 3057 391 3095 non
453 3040 740 3097 multoties
785 3043 1029 3099 devictus
1079 3042 1290 3110 fuisset,
1321 3059 1421 3099 nec
1460 3053 1517 3097 ut
1559 3059 1719 3115 supra
1756 3046 1892 3100 dixi-

288 3147 433 3198 mus,
469 3134 665 3188 dentes
695 3133 835 3188 illius
865 3135 915 3190 in
948 3135 1086 3191 bello
1113 3137 1477 3205 crepuissent,
1501 3136 1592 3206 qui
1626 3145 1684 3190 ut
1708 3138 1887 3192 caeteri

287 3195 452 3296 rcges
496 3225 842 3291 vincebatur,
868 3234 922 3282 et
951 3195 1224 3283 vincebat.
1249 3195 1558 3297 aliquando.
1614 3226 1720 3282 Sed
1770 3235 1891 3297 post
1916 3195 1962 3257 θ

285 3327 529 3372 mortem
566 3316 736 3387 ipsius
779 3326 968 3372 omnes
1001 3318 1069 3373 ab
1110 3315 1226 3385 ejus
1268 3318 1383 3387 lege
1406 3316 1683 3371 discedere
1708 3317 1891 3372 volue-

286 3417 438 3464 runt.
473 3408 598 3479 Ipse
639 3396 783 3462 enim
831 3410 1042 3464 dixerat
1089 3412 1246 3464 tertio
1269 3410 1355 3463 die
1384 3424 1581 3479 corpus
1609 3424 1768 3463 suum
1797 3407 1890 3463 de-

186 3501 583 3590 vferendurn
608 3513 730 3555 esse
763 3499 830 3555 ad
874 3499 1091 3555 cmlum.
1133 3499 1198 3555 Ut
1229 3515 1359 3553 vero
1382 3498 1529 3554 illum
1575 3499 1888 3554 mendacem

285 3598 697 3663 cognoverunt,
723 3599 778 3645 et
815 3590 1048 3646 cadaver
1092 3589 1282 3645 fratcre
1311 3589 1582 3655 viderunt,
1614 3590 1892 3644 inhumato

285 3698 522 3752 corpore
584 3682 823 3736 maxima
878 3696 1005 3751 pars
1035 3682 1303 3737 discessit.
1355 3681 1508 3736 Alius
1554 3693 1733 3737 autem
1761 3682 1892 3737 Abi-

286 3774 449 3830 tharii
489 3773 661 3839 ﬁlius,
688 3775 905 3843 quidam
936 3790 1002 3828 cx
1026 3774 1214 3829 decem
1243 3773 1572 3828 Mahomethi
1598 3776 1889 3843 consociis,

282 3876 403 3937 post
426 3875 673 3922 mortem
707 3867 876 3936 ipsius
909 3881 1134 3938 regnum
1164 3867 1393 3937 adeptus
1425 3874 1530 3921 est.
1567 3866 1667 3933 Qui
1699 3868 1891 3923 blande

282 3958 639 4027 praedicavit,
668 3963 720 4010 et
765 3955 957 4011 callide
984 3956 1266 4010 admonuit
1292 3956 1358 4009 ad
1390 3955 1720 4010 credendum
1761 3972 1891 4028 gen-

290 4057 394 4114 tes,
421 4060 479 4105 et
528 4047 673 4102 dixit
722 4047 840 4103 illos
870 4062 974 4102 non
1021 4046 1162 4102 bene
1211 4048 1512 4118 intelligere
1557 4046 1890 4103 Mahomethi

284 4156 631 4197 sermonem.
686 4138 1086 4202 Maltomethus,
1124 4139 1320 4209 inquit,
1370 4154 1475 4193 non
1541 4138 1696 4203 dixit,
1746 4139 1890 4209 quod

286 4243 414 4288 ante
463 4231 811 4302 sepulturam
858 4231 941 4286 vel
989 4231 1296 4286 videntibus
1358 4231 1667 4286 hominibus
1713 4231 1892 4287 suble-

283 4332 515 4379 varetnr
550 4323 621 4376 ad
656 4322 873 4378 cmlum.
920 4323 1065 4376 Dixit
1098 4323 1296 4393 quippe
1330 4323 1471 4392 quod
1502 4331 1623 4393 post
1648 4323 1890 4393 sepultu-

283 4432 402 4472 ram
480 4417 781 4487 corporis,
834 4418 1007 4488 angeli
1081 4433 1204 4473 eum
1260 4418 1626 4474 nescientibus
1682 4418 1890 4474 cunctis

281 4509 523 4565 delaturi
581 4519 766 4564 essent
787 4511 854 4564 ad
902 4510 1123 4574 coelum,
1157 4510 1324 4576 unde,
1373 4510 1499 4579 quia
1547 4511 1730 4565 statim
1784 4526 1889 4565 non
1922 4536 1968 4592 ι)

281 4613 405 4654 eum
464 4598 833 4669 sepelierunt,
885 4599 1087 4654 idcirco
1124 4598 1314 4655 ftetere
1360 4599 1578 4670 incepit,
1611 4611 1667 4654 ut
1702 4601 1889 4656 statim

284 4691 645 4761 sepeliretur.
682 4690 796 4745 llac
852 4706 982 4762 ergo
1026 4707 1188 4745 causa
1217 4701 1430 4762 gentem
1480 4693 1532 4746 in
1561 4708 1749 4750 errore
1775 4694 1891 4764 pri-

282 4780 428 4834 stino
487 4795 796 4851 parumper
863 4780 1116 4834 detinuit.
1168 4779 1284 4835 Duo
1342 4780 1541 4837 fratres
1595 4783 1891 4853 scriptores

280 4867 661 4930 Mahomcthi,
710 4869 927 4924 nomine
971 4868 1177 4933 Hazan,
1223 4878 1278 4924 et
1318 4869 1792 4943 llozain,jcjuniis
1837 4879 1893 4927 et

279 4962 491 5033 vigiliis
538 4960 765 5016 fortiter
807 4977 1034 5031 corpora
1068 4974 1428 5028 macerantes,
1458 4978 1595 5033 pene
1635 4965 1700 5019 ad
1741 4979 1889 5020 mor-

280 5060 391 5110 tem
436 5055 810 5110 devenerunt.
837 5053 1001 5110 Pater
1045 5070 1174 5111 vero
1215 5070 1404 5112 eorum
1444 5071 1586 5127 saepe
1616 5057 1756 5112 filios
1790 5056 1887 5112 ad-

277 5144 579 5208 monebat,
631 5158 700 5198 ne
750 5158 848 5213 per
892 5153 999 5199 tam
1044 5143 1261 5215 longam
1321 5145 1743 5201 macerationem
1793 5160 1889 5200 sua

276 5233 599 5305 fatigarent
653 5248 898 5303 corpora.
945 5234 1065 5305 ipse
1108 5246 1286 5290 autem
1328 5235 1514 5291 videns
1551 5235 1669 5291 illos
1697 5236 1892 5291 stultos

276 5343 427 5394 esse,
475 5338 539 5383 et
590 5326 658 5381 ad
706 5327 899 5381 mortis
945 5328 1142 5381 ostium
1176 5343 1284 5397 pra:
1339 5328 1507 5382 nimio
1550 5327 1735 5383 labore
1776 5326 1889 5396 jam

276 5419 610 5486 devenisse,
655 5418 723 5473 de
772 5418 1119 5474 Mahometho
1166 5420 1242 5473 uti
1286 5428 1407 5474 erat
1454 5434 1566 5474 rem
1612 5419 1888 5489 patefecit.

274 5513 519 5583 Cognita
554 5520 738 5565 autem
771 5512 1009 5580 nequitia
1052 5512 1193 5566 illius
1218 5527 1246 5566 a
1274 5522 1452 5583 patre,
1489 5524 1773 5581 cmperunt
1800 5527 1891 5567 co-

274 5605 542 5665 medere.
592 5612 649 5656 et
689 5604 873 5657 vinum
910 5603 1115 5667 bibere,
1145 5613 1202 5658 et
1239 5604 1382 5659 sicut
1424 5602 1477 5657 in
1509 5618 1603 5657 sua
1631 5602 1747 5674 lege
1776 5602 1889 5657 for-

275 5694 412 5747 titer
460 5703 632 5748 antea
666 5694 1003 5764 perstabant,
1043 5694 1119 5749 ita
1164 5694 1397 5764 denique
1441 5693 1614 5764 legem
1643 5693 1893 5764 quamvis

272 5798 385 5838 non
426 5799 499 5839 ex
543 5791 657 5838 toto
685 5782 960 5838 dimittere
1001 5796 1299 5855 creperum.
1329 5784 1432 5842 Sed
1473 5785 1718 5856 qusedam
1765 5801 1890 5856 pars

2564 1947 2867 2004 TITULUS
2926 1948 3009 2003 Vi.

2598 2041 2677 2096 De
2707 2042 2983 2095 Triut'lale.

2067 2133 2297 2191 Messes.
2324 2134 2473 2190 Satis
2500 2134 2783 2205 hucusque
2805 2146 2995 2190 contra
3024 2144 3230 2191 sectam
3260 2144 3498 2191 nostram
3526 2142 3584 2190 e:

1995 2235 2201 2280 sectam
2248 2224 2676 2281 Sarracenorum
2736 2227 3069 2295 disputatum
3119 2235 3222 2281 est.
3275 2225 3582 2294 Utramque

1997 2314 2163 2377 enim,
2202 2323 2314 2368 tum
2368 2329 2434 2370 ex
2470 2315 2702 2378 ratione,
2738 2322 2850 2368 tum
2902 2330 2969 2370 ex
3031 2314 3352 2369 auctoritate
3392 2312 3582 2368 confa-

1997 2404 2146 2458 tasti.
2174 2402 2330 2459 Nunc
2382 2414 2565 2459 autem
2596 2404 2773 2474 qualis
2820 2406 2892 2459 sit
2938 2416 3028 2459 tua
3085 2404 3220 2459 ﬁdes
3260 2419 3487 2473 expone,
3523 2413 3580 2460 et

1995 2495 2211 2549 modum
2244 2506 2346 2549 tua:
2372 2494 2714 2550 credulitatis
2744 2495 2845 2549 sub
2871 2494 3124 2565 capitulis
3158 2493 3450 2565 distingue.

2063 2585 2301 2641 Pernus.
2334 2585 2390 2639 lu
2422 2586 2526 2641 mei
2568 2587 2833 2656 principio
2876 2586 3024 2647 libri.
3056 2601 3189 2640 mea:
3212 2583 3327 2653 jam
3359 2584 3579 2639 modum

1994 2679 2335 2733 credulitatis
2388 2678 2489 2733 sub
2540 2679 2708 2732 tltulis
2759 2679 2853 2732 tibi
2909 2678 3155 2747 praedixi.
3185 2676 3342 2732 Nunc
3397 2685 3580 2732 autem

1992 2786 2175 2840 quer
2205 2772 2303 2825 sub
2332 2772 2570 2839 quolihet
2603 2770 2756 2824 titulo
2775 2770 2828 2824 in
2850 2772 3038 2825 eodem
3055 2770 3474 2839 disputando,ct
3510 2769 3576 2823 li-

1993 2871 2112 2914 ceat
2144 2859 2237 2913 tibi
2262 2859 2307 2913 si
2331 2860 2568 2929 potueris
2583 2874 2702 2929 qua:
2723 2875 2753 2912 a
2777 2874 2862 2914 me
2882 2860 3028 2913 dicta
3052 2859 3252 2913 fuerint
3276 2859 3577 2914 destruere.

2064 2948 2296 3005 Marses.
2352 2949 2463 3005 lluc
2508 2950 2775 3014 desidero,
2836 2951 2881 3005 si
2933 2960 3141 3021 potero.
3190 2949 3343 3004 Nunc
3398 2951 3582 3020 itaque

1999 3040 2261 3108 incipiam
2291 3055 2535 3111 qmerere
2582 3041 2648 3096 de
2678 3041 2852 3110 prima
2890 3051 2994 3096 tua:
3039 3041 3375 3096 credulitatis
3406 3054 3579 3112 parte,

1995 3130 2208 3186 scilicet
2233 3132 2506 3202 quomodo
2534 3133 2675 3187 Deus
2700 3143 2784 3188 est
2814 3148 2971 3197 unus,
2999 3142 3051 3187 et
3076 3142 3186 3188 tres
3215 3148 3481 3203 personae,
3506 3135 3581 3189 ita

1994 3234 2047 3277 ut
2086 3224 2229 3278 nulla
2283 3224 2474 3279 harum
2525 3227 2768 3280 anterior
2812 3227 3137 3281 naturaliter
3183 3226 3288 3281 alia
3335 3235 3583 3297 tempore

1992 3314 2084 3383 sit,
2120 3329 2218 3370 nec
2249 3314 2354 3369 alia
2403 3315 2839 3372 substantialiter
2877 3326 3161 3385 separetur
3191 3318 3261 3372 ab
3291 3316 3413 3381 alia,
3444 3331 3583 3386 quas

1994 3408 2243 3465 videlicet
2287 3409 2581 3464 Christiani
2631 3410 2845 3465 Patrem
2892 3421 2945 3465 et
2979 3410 3171 3465 Filium
3218 3422 3274 3467 et
3318 3413 3581 3484 Spiritum

1994 3508 2242 3555 sanctum
2275 3501 2483 3556 dicunt.
2523 3501 2725 3556 Deinde
2757 3502 2825 3555 de
2873 3501 2993 3555 aliis
3042 3512 3144 3556 tua
3176 3504 3418 3572 partibus
3462 3516 3582 3558 cre-

1992 3593 2234 3647 dulitatis
2274 3594 2694 3664 disputabimus,
2729 3596 2901 3649 donec
2952 3609 3141 3650 omnes
3192 3594 3578 3665 compleamus.

1992 3683 2234 3753 Explana
2286 3700 2416 3755 ergo
2463 3685 2590 3753 quid
2621 3686 2729 3741 sint
2772 3685 2857 3740 ba:
2907 3693 3019 3739 tres
3062 3699 3332 3754 personae,
3378 3694 3435 3740 et
3477 3684 3583 3741 hoc

1992 3774 2227 3842 primum
2256 3774 2669 3828 rationabiliter.

2065 3864 2302 3920 Pernus.
2341 3865 2472 3920 Volo
2503 3874 2611 3919 tres
2634 3879 2919 3935 personas,
2949 3867 3332 3932 substantiam,
3357 3866 3577 3937 sapien-

1998 3957 2152 4021 tiam,
2196 3967 2252 4012 et
2298 3957 2626 4012 voluntatem
2675 3959 2872 4012 dicere.
2904 3959 3027 4013 ldeo
3074 3968 3253 4013 autem
3290 3973 3582 4028 personam

1994 4046 2227 4115 primatu
2258 4044 2614 4100 substantiam
2638 4045 2877 4114 appello,
2905 4047 3028 4116 quia
3058 4048 3109 4101 in
3140 4047 3254 4116 ipsa
3288 4047 3433 4102 etde
3463 4047 3581 4115 ipsa

1992 4142 2117 4187 sunt
2146 4133 2412 4203 sapientia
2454 4142 2506 4187 et
2540 4132 2809 4198 voluntas,
2840 4143 2896 4188 et
2934 4135 3047 4204 ipsa
3079 4135 3144 4189 de
3189 4133 3357 4199 nullo,
3388 4149 3583 4205 quam-

1993 4225 2077 4279 vis
2106 4236 2215 4279 tres
2244 4240 2491 4293 personae
2521 4240 2710 4279 omnes
2745 4224 2852 4279 sint
2881 4242 2984 4279 una
3016 4226 3337 4281 substantia.

2062 4315 2294 4371 Movsss.
2323 4318 2623 4372 Possuntne
2654 4317 2863 4372 ratione
2888 4318 3112 4371 inveniri
3139 4317 3253 4372 haec
3280 4316 3411 4371 tria?

2068 4407 2303 4463 Penus.
2347 4406 2598 4462 Possunt.
2626 4406 2761 4462 Nam
2812 4408 2863 4461 in
2912 4408 3082 4477 prima
3127 4416 3283 4476 parte
3323 4408 3427 4463 mei
3456 4407 3582 4465 libri

1994 4503 2061 4556 de
2123 4500 2429 4555 substantia
2480 4500 2697 4569 quidem
2750 4499 2883 4556 satis
2933 4500 3287 4569 firmiterque,
3336 4499 3461 4569 quia
3509 4499 3581 4556 sit

1997 4592 2367 4657 tractavimus,
2420 4606 2519 4646 nec
2568 4591 2707 4645 ultra
2760 4591 2829 4647 de
2877 4606 2940 4645 ea
2978 4605 3225 4660 quaerere
3255 4590 3578 4661 indigemus.

1993 4680 2101 4736 Sed
2133 4692 2313 4737 utrum
2340 4682 2604 4752 sapientia
2634 4691 2690 4738 et
2718 4682 2969 4738 voluntas
2998 4682 3099 4753 ipsi
3126 4682 3293 4737 insint
3329 4683 3582 4739 substan-

1995 4774 2101 4837 tiae,
2138 4783 2309 4829 restat
2330 4774 2747 4845 explanandum.

2064 4864 2298 4922 Movsns.
2332 4865 2447 4922 lloc
2477 4866 2753 4938 interrogo
2781 4880 2904 4936 ego.

2063 4957 2303 5013 Per-nus.
2361 4957 2495 5012 Cum
2545 4958 2708 5027 igitur
2762 4965 2976 5013 constet
3041 4971 3169 5012 vere
3218 4957 3582 5014 substantiam

1992 5062 2138 5112 esse,
2161 5058 2218 5102 et
2243 5048 2412 5117 ipsam
2440 5047 2759 5103 creatriccm
2783 5047 3024 5101 omnium
3058 5062 3261 5112 rerum,
3285 5056 3341 5102 et
3371 5048 3579 5102 initium

1992 5140 2356 5205 iuitiatarum,
2406 5148 2461 5195 et
2512 5138 2790 5194 factriccm
2840 5139 3193 5203 facturarum,
3236 5156 3461 5197 necesse
3500 5149 3581 5196 est

1995 5243 2054 5287 ut
2087 5232 2625 5302 habeatsapientiam
2653 5228 3091 5298 et'voluutatem,
3126 5242 3186 5287 ut
3213 5234 3419 5287 scilicet
3440 5232 3581 5287 sciat

1992 5325 2122 5394 quid
2173 5323 2355 5379 facere
2398 5323 2548 5391 velit,
2590 5331 2880 5392 antequam
2921 5321 3103 5376 facere.
3155 5321 3285 5377 velit
3330 5320 3457 5390 quia
3500 5320 3573 5373 fa-

1994 5414 2124 5476 ciat,
2151 5422 2205 5468 et
2240 5423 2300 5467 ut
2343 5413 2503 5468 etiam
2552 5421 2841 5483 antequam
2870 5428 3006 5482 opus
3036 5414 3087 5465 in
3119 5411 3581 5466 demonstratione

1993 5506 2240 5574 prodeat,
2274 5505 2425 5575 prius
2469 5505 2521 5558 in
2570 5505 2749 5558 animo
2799 5503 3145 5571 imaginando
3188 5503 3474 5567 formatur,
3523 5514 3580 5559 et

1995 5600 2110 5654 lucc
2142 5598 2454 5667 imaginatio
2498 5607 2582 5651 est
2626 5596 2913 5667 sapientia.
2944 5595 3075 5649 Cum
3098 5603 3277 5648 autem
3306 5594 3384 5648 sic
3413 5594 3575 5664 sapit,

1994 5702 2088 5746 aut
2133 5691 2284 5758 facit,
2319 5699 2414 5745 aut
2466 5705 2574 5745 non
2620 5690 2765 5744 facit.
2808 5687 2925 5742 Non
2962 5699 3141 5740 autem
3187 5686 3334 5750 facit,
3380 5687 3425 5742 si
3468 5701 3574 5740 non

1999 5784 2143 5841 velit.
2190 5783 2246 5839 Si
2279 5798 2405 5840 vero
2453 5780 2600 5850 facit,
2657 5791 2708 5838 ct
2762 5779 2892 5846 vult,
2935 5788 2989 5835 et
3034 5778 3149 5834 haec
3188 5789 3271 5837 est
3310 5777 3571 5854 voluntas.
