4142 6360
443 302 551 364 ωἳ

1330 298 1537 359 PETRI
1574 300 1914 360 ALPHONS!
1953 301 2042 360 EX
2070 300 2320 360 JUDA'IO
2355 300 2749 358 CHRISTIANI

3606 305 3715 360 €08

441 418 589 490 Ergo
630 422 861 494 apparet
893 415 947 471 in
995 421 1181 469 nostro
1224 425 1498 480 sermone,
1542 428 1680 484 opus
1708 413 1890 485 praeirl
1937 428 2025 471 sa-
2051 415 2097 474 A
2126 420 2391 483 tempore,
2435 424 2613 482 neque
2653 410 2960 469 substantia
3006 413 3249 471 anterior
3282 413 3436 484 ipsis,
3461 424 3714 484 potestne

442 510 644 582 pientia
690 519 747 565 et
796 507 1088 562 voluntate.
1134 505 1318 561 Mundi
1366 520 1501 578 ergo
1533 506 1780 572 Greater,
1832 522 2023 563 creare

443 601 645 670 aliquid
698 599 962 670 nequivit,
1006 605 1298 669 antequam
1342 599 1398 655 in
1448 616 1515 656 eo
1548 615 1742 672 sapere
1786 608 1935 657 esset
1966 607 2023 656 et

440 693 596 746 velle.

510 781 740 834 Movsss.
773 777 971 833 Verum
999 787 1103 835 est.

508 872 742 927 Parens.
775 872 918 943 Ergo
967 872 1108 928 Deus
1151 880 1236 929 est
1273 871 1603 941 substantia,
1646 874 1934 946 sapientia,
1965 883 2021 930 et

436 967 707 1020 Voluntas.

511 1055 742 1111 διοιδεῖ..
798 1055 998 1111 Verum
1051 1064 1152 1112 est.
1206 1054 1311 1110 Sed
1356 1055 1531 1112 adhuc
1571 1057 1802 1126 probare
1831 1058 2018 1124 habes,

439 1146 564 1215 quia
595 1146 709 1201 htec
743 1144 1009 1214 sapientia
1055 1155 1112 1201 et
1138 1145 1412 1209 voluntas,
1440 1148 1771 1203 mterualiter
1812 1149 1866 1203 in
1909 1149 2021 1204 Deo

437 1246 586 1304 sunt,
633 1247 684 1291 et
727 1237 798 1292 ab
831 1251 898 1293 eo
937 1237 1047 1292 sint
1092 1238 1503 1308 inseparabiles,
1535 1255 1637 1296 uec
1668 1255 1766 1311 per
1808 1250 2020 1312 tempus

439 1328 573 1397 ipsis
595 1329 837 1383 anterior
871 1338 955 1384 est
980 1338 1037 1384 ut
1057 1330 1257 1386 credis.

510 1419 745 1475 l’s‘rttus.
782 1419 1104 1477 Veritieabo.
1136 1422 1270 1479 Cum
1301 1424 1446 1479 enim
1476 1434 1708 1490 constet,
1730 1427 1856 1497 quia
1879 1428 2020 1485 Deus

437 1511 759 1581 sapientiam
788 1512 985 1569 habeat
1012 1523 1066 1569 et
1112 1515 1447 1572 voluntatem
1479 1520 1622 1573 scire
1660 1519 1938 1583 debemus,
1974 1521 2020 1577 si

438 1604 557 1659 htec
598 1606 862 1673 sapientia
911 1614 965 1660 et
997 1607 1243 1664 voluntas
1270 1609 1323 1663 iu
1365 1624 1431 1664 eo
1469 1610 1791 1676 existentes,
1829 1620 1883 1667 et
1915 1627 2019 1667 non

440 1706 765 1762 separentur
790 1695 859 1748 ah
885 1711 972 1758 eo.
1001 1707 1093 1752 aut
1121 1708 1275 1753 extra
1300 1714 1448 1766 cum,
1473 1715 1541 1754 an
1568 1700 1856 1771 aliquando
1896 1716 2017 1757 cum

440 1800 505 1841 eu
530 1787 659 1849 sint,
691 1787 981 1858 aliquando
1008 1805 1134 1846 non.

508 1877 742 1932 Movsss.
776 1879 972 1934 Verum
1018 1888 1103 1935 est
1142 1882 1267 1952 quia
1304 1882 1354 1936 in
1379 1898 1445 1937 eo
1466 1891 1613 1947 sunt,
1645 1890 1700 1939 et
1729 1900 1834 1942 nev
1863 1901 2021 1957 sepa-

438 1977 630 2023 rantur
675 1969 744 2024 ab
780 1985 867 2033 eo,
916 1972 1041 2040 quia
1077 1973 1182 2027 nisi
1224 1973 1303 2028 sic
1331 1984 1496 2039 esset,
1544 1985 1673 2032 tunc
1703 1977 1844 2033 Deus
1874 1988 2022 2035 esset

436 2074 544 2114 non
584 2059 819 2129 sapiens,
854 2073 1141 2134 postquam
1187 2072 1332 2119 esset
1371 2069 1609 2135 sapiens.
1648 2078 1703 2123 et
1733 2080 1877 2125 esset
1902 2071 2021 2128 sine

432 2151 734 2216 voluntate,
787 2165 1071 2223 postquam
1130 2156 1410 2213 habuisset
1461 2160 1833 2227 voluntatem,
1891 2164 2019 2234 quia

434 2241 554 2296 ﬁeri
588 2258 693 2296 non
723 2254 923 2312 potest,
950 2257 1007 2300 ut
1035 2257 1321 2319 postquam
1364 2251 1416 2305 in
1454 2266 1520 2306 eo
1554 2254 1667 2307 sint
1699 2266 2020 2324 separentur

434 2334 506 2388 ab
528 2349 613 2397 eo.
640 2336 742 2391 nisi
773 2351 872 2406 per
913 2340 1189 2409 accidens,
1217 2350 1273 2398 et
1317 2344 1572 2402 accidens
1601 2361 1707 2402 non
1747 2348 2020 2403 invenitur

432 2441 489 2480 tu
521 2440 607 2480 eo.

504 2516 740 2574 Plz-reus.
769 2518 1062 2578 Benedicat
1086 2533 1139 2580 te
1165 2525 1328 2594 Deus,
1356 2527 1482 2597 quia
1528 2530 1668 2585 bene
1705 2531 2017 2587 intellexisti

433 2610 722 2664 veritatem
752 2620 808 2665 et
836 2615 1174 2679 concessisti,
1212 2625 1267 2671 et
1312 2618 1510 2673 bonam
1536 2620 1694 2675 fidem
1736 2634 1788 2676 te
1818 2622 2019 2678 habere

434 2700 776 2754 monstrasti.
807 2699 914 2756 Sed
965 2705 1141 2760 adhuc
1173 2707 1337 2761 debes
1363 2707 1656 2777 inquirere,
1687 2722 1864 2766 utrum
1905 2714 2019 2770 haec

432 2791 699 2859 sapientia
743 2803 800 2849 et
831 2795 1079 2852 voluntas
1125 2798 1235 2854 sint
1280 2810 1517 2868 aeterna),
1550 2802 1633 2858 vel
1678 2803 1890 2861 initium
1921 2791 2019 2862 ha-

433 2885 669 2939 buerint.

504 2974 738 3034 Movsss.
766 2979 1003 3034 Ponatur
1029 2981 1189 3036 modo
1219 2982 1344 3054 quia
1379 2982 1592 3039 initium
1620 2985 1930 3044 habuerint.

503 3068 739 3128 PETRUS.
797 3071 949 3126 Tunc
1004 3072 1169 3128 verba
1220 3084 1306 3129 tua
1341 3076 1443 3130 sibi
1487 3085 1612 3132 sunt
1640 3081 2014 3150 repugnantia.

433 3162 626 3217 Dixisti
648 3163 818 3229 enim,
849 3166 973 3235 quia
1009 3165 1149 3222 Deus
1172 3184 1276 3223 non
1302 3177 1480 3239 potest
1500 3186 1622 3227 esse
1644 3188 1751 3227 non
1779 3175 2016 3244 sapiens,

434 3262 723 3323 postquam
769 3266 915 3312 esset
962 3260 1201 3326 sapiens,
1254 3275 1352 3317 nec
1384 3262 1498 3315 sine
1526 3262 1828 3330 voluntate,
1869 3276 2019 3336 post-

435 3359 598 3415 qnam
634 3347 912 3403 habuisset
951 3350 1307 3405 voluntatem.
1363 3351 1585 3420 Deinde,
1618 3355 1742 3424 quia
1794 3356 2019 3424 posuisti

434 3439 654 3492 easdem
699 3441 951 3497 habuisse
981 3443 1331 3514 principium,
1361 3453 1488 3500 tunc
1531 3445 1823 3517 aliquando
1857 3448 1911 3502 in
1955 3463 2021 3505 eo

434 3541 578 3594 sunt,
613 3532 903 3603 aliquando
934 3550 1062 3589 non.

508 3622 743 3679 Movscs.
780 3625 891 3680 Iloc
923 3627 1211 3682 assertioni
1253 3643 1386 3683 mete
1426 3628 1651 3686 minime
1678 3639 1761 3686 est
1802 3640 2023 3687 contra-

436 3715 599 3770 rium.
635 3716 752 3769 Dixi
777 3719 922 3772 enim
950 3720 1223 3789 superius.
1247 3721 1411 3775 Deum
1440 3736 1545 3775 non
1572 3738 1731 3793 posse
1754 3725 2021 3796 sapientia

434 3818 490 3861 et
530 3807 805 3863 voluntate
847 3826 1051 3871 carere.
1080 3822 1361 3882 postquam
1411 3813 1683 3869 habuerit.
1717 3816 1853 3884 Quia
1891 3832 2022 3872 vero

435 3901 655 3954 easdem
710 3902 1038 3971 principium
1085 3904 1287 3961 habere
1339 3907 1623 3973 concessi,
1676 3923 2020 3980 nequaquam

436 3994 741 4049 contradixi
768 4010 892 4050 eum
926 4011 1083 4065 posse
1111 3996 1332 4065 habere,
1361 4000 1504 4070 quod
1533 4014 1641 4054 non
1676 4000 1946 4057 habuerit.

505 4087 741 4144 PETRUS.
775 4086 939 4148 Sane.
967 4073 1010 4144 si
1063 4092 1348 4147 exordium
1396 4093 1723 4161 habuerunt,
1754 4103 1848 4149 aut
1878 4095 2022 4151 Deus

433 4194 529 4234 eas
563 4181 788 4241 ereavit,
822 4188 915 4233 aut
946 4181 1072 4249 ipsa:
1096 4196 1174 4235 se.

507 4270 737 4326 Movsss.
794 4270 991 4326 Procul
1048 4273 1213 4327 dubio
1268 4273 1412 4331 Deus
1470 4291 1565 4331 eas
1622 4277 1849 4343 creavit,
1893 4278 2019 4349 quia

435 4363 579 4418 nulla
612 4379 699 4418 res
728 4364 961 4433 seipsam
999 4372 1168 4418 creat.

2125 505 2343 576 aliquod
2363 506 2557 562 borum
2606 507 2768 562 trium
2796 508 3037 565 anterius
3064 524 3187 565 esse
3213 508 3393 579 aliquo
3421 509 3716 568 locutionis

2123 598 2336 654 ordine.

2194 689 2432 745 Penus.
2460 689 2642 746 Potest
2673 690 2946 760 equidem,
2973 698 3029 746 et
3063 700 3148 747 est
3187 693 3378 750 ordine
3403 695 3713 766 nominum,

2125 797 2231 841 non
2257 791 2473 838 natura.
2496 780 2553 837 In
2583 784 2884 839 substantia
2909 784 3053 839 enim
3076 795 3203 840 sunt
3229 789 3491 859 sapientia
3520 798 3576 845 et
3608 806 3711 845 vo-

2121 873 2326 941 luntas,
2351 886 2407 929 et
2432 875 2555 930 ideo
2580 884 2662 930 est
2693 876 2886 946 prima.
2917 874 3195 946 Sapientia
3241 893 3371 934 vero
3412 881 3532 935 ideo
3560 883 3715 953 prior

2121 975 2206 1022 est
2236 966 2538 1030 voluntate,
2564 967 3046 1036 quia,priusquam
3085 978 3303 1023 creator
3327 969 3528 1039 aliquid
3558 972 3707 1039 velit,

2121 1066 2337 1127 oportet
2355 1073 2478 1112 eum
2502 1070 2696 1127 sapere
2741 1057 2870 1126 quid
2900 1056 3048 1111 velit.
3076 1057 3188 1112 Hac
3220 1058 3402 1129 itaque
3429 1061 3712 1118 nominum

2121 1150 2369 1204 ordinata
2408 1148 2642 1214 ratione,
2686 1147 3011 1210 substantia,
3045 1148 3314 1217 sapientia
3351 1158 3407 1204 et
3435 1150 3715 1204 voluntate

2122 1241 2367 1297 anterior
2394 1249 2496 1303 est,
2523 1251 2579 1296 et
2608 1239 2876 1310 sapientia
2916 1241 3161 1294 anterior
3187 1240 3486 1295 voluntate.
3532 1239 3713 1295 Simili

2121 1333 2286 1388 etiam
2312 1332 2471 1386 modo
2499 1332 2552 1386 in
2578 1331 2661 1386 his
2696 1329 3027 1397 nominibus,
3065 1329 3229 1386 Pater
3267 1332 3498 1395 scilicet,
3539 1330 3717 1387 Filius

2121 1432 2177 1478 et
2225 1422 2462 1493 Spiritus
2509 1430 2751 1476 sanctus.
2800 1420 2926 1475 Ideo
2970 1430 3151 1475 autem
3188 1420 3255 1476 de
3299 1420 3604 1487 hujnstnodi
3651 1435 3715 1476 re

2123 1524 2301 1571 tecum
2332 1516 2541 1584 egimus
2591 1514 2664 1568 ita
2710 1528 2918 1577 crasse,
2960 1521 3019 1568 ut
3049 1523 3125 1574 ιιι.
3155 1514 3247 1584 qui
3290 1514 3573 1571 subtiliora
3602 1528 3712 1569 non

2122 1606 2380 1678 percipis,
2428 1607 2531 1660 isto
2562 1604 2753 1660 saltem
2802 1604 2964 1660 modo
3018 1606 3315 1676 quidquam
3367 1606 3492 1662 inde
3523 1621 3714 1676 posses

2124 1698 2424 1768 percipere.
2463 1696 2617 1765 Quod
2671 1698 2738 1763 si,
2776 1714 2899 1752 cum
2951 1697 3134 1765 aliquo
3186 1699 3312 1754 inde
3367 1700 3714 1767 loqueremur

2052 1781 2096 1840 D
2125 1788 2457 1854 Christiano,
2490 1787 2660 1843 multo
2707 1789 2838 1873 inde
2878 1789 3133 1845 subtilius
3183 1805 3305 1845 cum
3340 1804 3406 1845 eo
3435 1790 3715 1860 disputare

2120 1896 2430 1952 possemus.

2194 1974 2425 2029 Movsss.
2464 1973 2596 2029 Cum
2640 1974 2806 2046 igitur
2835 1977 3046 2030 ratione
3069 1978 3373 2032 ostenderis
3420 1976 3589 2031 Deum
3623 1991 3715 2034 sa-

2119 2067 2380 2137 pientiam
2416 2076 2468 2123 et
2492 2067 2824 2122 voluntatem
2856 2068 3077 2129 habere,
3115 2080 3362 2139 potestne
3393 2069 3445 2124 in
3476 2069 3716 2139 alicujus

2121 2159 2417 2215 authentici
2446 2158 2564 2214 libri
2609 2159 2832 2229 reperiri
2866 2161 3035 2224 serie,
3063 2160 3378 2215 Creatorem
3427 2161 3604 2228 ipsum
3652 2159 3711 2214 in

2120 2252 2307 2308 mundi
2331 2252 2633 2317 creatione,
2666 2253 2930 2323 sapientia
2961 2260 3015 2307 et
3035 2252 3306 2307 voluntate
3331 2268 3483 2305 nsum
3514 2251 3706 2307 fuisse.

2190 2345 2425 2400 Panos.
2457 2343 2656 2398 Etiam.
2708 2344 2782 2398 De
2831 2343 3098 2413 sapientia
3153 2343 3297 2396 enim
3346 2341 3611 2396 Salomon
3652 2341 3712 2396 in

2118 2432 2435 2490 Proverbiis
2478 2434 2554 2488 ait
2585 2451 2599 2488 :
2653 2432 2909 2487 Dominus
2938 2433 3177 2503 [undavit
3207 2431 3459 2501 sapientia
3492 2442 3709 2492 terram,

2120 2523 2367 2578 stabilivit
2413 2522 2567 2578 caios
2613 2523 2895 2593 prudentia
2950 2520 3134 2593 (Prov.
3161 2523 3265 2592 Ill).
3311 2521 3384 2575 De
3431 2520 3713 2575 voluntate

2121 2631 2254 2671 vero
2310 2615 2484 2670 David
2532 2616 2585 2669 in
2634 2614 2851 2671 Psaltuo
2890 2633 2904 2669 :
2937 2613 3130 2669 Omnia
3182 2628 3502 2686 quacunque
3551 2610 3713 2668 voluit

2122 2707 2244 2778 fecit
2269 2708 2286 2777 (
2297 2704 2441 2761 Psal.
2480 2706 2622 2771 cut).

2194 2795 2422 2849 Movsss.
2459 2793 2521 2847 Et
2563 2792 2692 2862 quid
2739 2801 2821 2848 est
2848 2793 2990 2863 quod
3028 2800 3081 2847 tu
3106 2792 3400 2847 secundam
3429 2788 3713 2847 Trinitatis

2120 2897 2320 2943 vestrae
2374 2901 2660 2956 personam
2698 2885 2916 2939 nomine
2963 2884 3087 2949 isto,
3129 2886 3272 2955 quod
3317 2894 3400 2939 est
3446 2883 3711 2955 sapientia

2121 2973 2471 3042 nuncuparis,
2497 2988 2617 3027 cum
2643 2971 2867 3026 verbum
2896 2971 3193 3041 appelletur
3214 2973 3282 3027 ah
3314 2971 3455 3026 aliis.

2194 3067 2431 3123 Psrnos.
2465 3065 2521 3119 in
2553 3065 2655 3120 hoc
2697 3078 2827 3119 sane
2856 3064 3216 3118 contrarietas
3246 3072 3331 3119 est
3372 3062 3538 3116 nulla.
3572 3062 3713 3117 Ver-

2124 3162 2254 3217 bum
2295 3175 2529 3229 namque
2556 3159 2648 3213 Dei
2698 3158 2936 3228 perfecta
2968 3156 3084 3226 ejus
3113 3167 3194 3211 cst
3226 3158 3488 3228 sapientia
3515 3174 3529 3210 :
3567 3157 3715 3227 quod

2123 3263 2179 3309 et
2200 3253 2484 3310 Psalmista
2510 3251 2746 3307 ostendit
2772 3265 2894 3305 cum
2922 3251 3053 3305 dicit
3082 3265 3097 3303 :
3140 3249 3303 3305 Verbo
3346 3250 3566 3304 Domini
3596 3252 3718 3305 acii

2123 3345 2322 3415 ﬁrmati
2345 3354 2465 3398 sunt
2486 3340 2659 3411 (Psal.
2687 3341 2882 3412 xxxu).
2919 3342 3071 3397 Patet
3101 3342 3267 3413 igitur
3290 3342 3417 3412 quia
3449 3342 3715 3413 Sapientia

2126 3438 2220 3492 Dei
2249 3446 2304 3490 et
2335 3438 2559 3491 verbum
2590 3433 2725 3503 ejus.
2760 3433 2899 3487 idem
2929 3441 3035 3488 est.

2198 3529 2428 3585 Movsss.
2460 3527 2731 3583 llacteuus
2763 3528 2830 3582 de
2853 3526 3234 3596 explanatione
3263 3525 3547 3584 Trinitatis
3577 3528 3715 3585 satis

2123 3619 2498 3692 philosophice
2538 3615 2805 3684 tractasti,
2836 3617 2930 3672 sed
2974 3619 3163 3673 vellem
3194 3633 3301 3672 una
3345 3619 3534 3674 saltem
3567 3619 3718 3676 Seri-

2125 3721 2406 3782 pturarnm
2448 3708 2775 3764 auctoritate
2803 3707 3093 3778 approbari
3142 3707 3196 3762 in
3244 3708 3355 3763 Deo
3381 3708 3564 3781 plures
3592 3724 3716 3766 esse

2123 3820 2407 3877 personas.

2197 3894 2431 3951 Penus.
2474 3892 2590 3949 Non
2623 3909 2728 3947 una
2777 3889 3020 3962 probabo
3046 3892 3140 3946 sed
3182 3890 3447 3962 pluribus,
3479 3907 3579 3947 nec
3616 3892 3714 3946 ob-

2129 3989 2308 4053 tectis,
2339 3988 2434 4044 sed
2467 3988 2669 4056 apertis
2691 3985 3139 4056 intelligentibus.

2197 4083 2429 4139 Movsss.
2458 4081 2644 4136 Pande
2668 4095 2821 4149 ergo.

2195 4176 2432 4237 Penus.
2465 4173 2597 4242 Qua:
2632 4181 2717 4228 est
2741 4187 2827 4227 res
2849 4173 3110 4244 apertior,
3143 4183 3198 4227 et
3238 4171 3302 4226 ad
3334 4172 3436 4225 hoc
3464 4184 3718 4241 compro-

2122 4266 2359 4323 bandum
2404 4264 2689 4329 valentior,
2716 4279 2879 4335 quam
2913 4265 3191 4318 nominum
3240 4263 3330 4318 Dei
3378 4263 3715 4333 explanatio,

2126 4368 2185 4414 ut
2214 4359 2420 4413 Elohim
2450 4367 2505 4413 et
2533 4357 2780 4411 Adonei?
2805 4355 3013 4411 Elohitn
3047 4356 3193 4410 enim
3226 4355 3587 4425 pluralitatem
3621 4355 3717 4409 de-

507 4454 745 4513 Ρετιιυε,
781 4454 940 4523 Ergo;
970 4456 1017 4510 si
1064 4455 1205 4512 Deus
1246 4471 1340 4511 eas
1390 4459 1616 4524 creavit,
1646 4474 1767 4513 cum
1812 4459 2019 4513 initium
2052 4465 2098 4524 ι)
2127 4456 2418 4512 monstrat,
2469 4446 2623 4517 cujus
2672 4444 2949 4515 singulare
3000 4454 3083 4499 est
3135 4442 3328 4498 Elolm.
3360 4444 3494 4499 Cum
3532 4455 3713 4499 autem

436 4550 745 4618 habuerint,
801 4551 1033 4618 iudiguit
1091 4549 1205 4619 ipse
1235 4548 1463 4605 Creator
1509 4551 1614 4605 alia
1660 4552 1942 4620 sapientia,
1968 4564 2022 4606 et

436 4642 734 4705 voluntate,
767 4641 961 4711 quibus
991 4656 1086 4697 eas
1106 4651 1341 4707 erearet,
1372 4650 1445 4710 cl,
1475 4650 1534 4695 ut
1561 4642 1763 4696 dictum
1788 4650 1894 4703 est,
1929 4657 2022 4697 ne-

438 4747 590 4787 cesse
635 4744 717 4788 est
762 4733 1036 4801 operaturi
1075 4731 1397 4801 sapientiam
1447 4732 1647 4787 habere
1680 4740 1735 4788 et
1771 4731 2021 4786 volunta-

440 4835 573 4885 tem,
606 4834 898 4894 antequam
930 4825 1058 4895 quid
1103 4833 1381 4896 operetur,
1421 4832 1475 4880 et
1521 4825 1599 4879 sic
1632 4825 1683 4879 in
1727 4824 2017 4879 infinitum.

440 4912 676 4969 Necesse
703 4930 832 4981 etgo
858 4927 939 4970 est
967 4926 1023 4970 ut
1051 4914 1315 4985 sapientia
1342 4925 1396 4970 et
1423 4915 1673 4969 voluntas
1694 4915 2026 4970 aiternaliter

440 5007 497 5059 in
555 5003 664 5059 Deo
699 5005 825 5066 sint,
857 5017 911 5059 et
958 5007 1028 5061 ab
1073 5022 1137 5061 eo
1185 5006 1599 5076 inseparabiles,
1631 5021 1730 5061 nec
1780 5005 2025 5060 anterior

441 5096 548 5151 illis
599 5097 671 5152 sit
722 5109 983 5167 tempore.
1029 5098 1093 5152 Et
1119 5100 1223 5155 hoc
1268 5109 1354 5155 est
1391 5099 1533 5169 quod
1564 5098 1810 5169 cupimus
1838 5098 2027 5170 expla-

440 5203 594 5244 nare.

513 5281 745 5337 Movsss.
806 5280 1005 5335 Verum
1058 5291 1163 5349 est,
1222 5291 1425 5338 rectum
1474 5283 1617 5339 enim
1668 5292 1753 5340 est
1790 5293 1845 5340 et
1895 5285 2028 5340 utile

440 5370 659 5428 veritati
689 5386 789 5426 nos
811 5386 1072 5426 annnere.

510 5464 747 5522 Penus.
784 5465 890 5521 Sed
919 5475 1083 5521 restat
1113 5465 1421 5529 dicendum,
1445 5468 1793 5536 qutcharum,
1821 5466 2028 5522 scilicet

441 5559 721 5628 sapientia:
746 5569 800 5612 et
833 5558 1145 5624 voluntatis,
1184 5558 1398 5613 dicatur
1424 5557 1615 5624 Filius,
1647 5567 1702 5612 et
1733 5573 1852 5627 qua:
1899 5555 2027 5625 Spi-

437 5645 580 5704 ritus
610 5657 856 5705 sanctus.

516 5734 748 5794 Ioves.
798 5738 935 5795 Cum
980 5754 1108 5812 ergo
1138 5740 1281 5797 nulla
1314 5754 1501 5799 earum
1534 5737 1773 5795 anterior
1818 5734 1923 5792 alia
1956 5735 2026 5790 sit

2123 4539 2247 4593 dico
2293 4537 2505 4601 Elohai,
2547 4536 2651 4591 tale
2698 4545 2783 4591 est
2811 4551 2874 4590 ac
2897 4536 2942 4590 si
2985 4537 3222 4589 dicerem
3257 4535 3349 4588 Dei
3381 4535 3505 4598 mei,
3535 4536 3717 4605 pluru-

2123 4631 2328 4685 litatem
2358 4630 2604 4692 deorum,
2635 4637 2869 4682 ctunam
2901 4636 3108 4681 tantum
3138 4627 3367 4681 dicentis
3407 4641 3713 4696 personam,

2123 4738 2246 4776 cum
2288 4737 2424 4785 ,vero
2471 4720 2733 4802 Ειοιιιιριῇ⁵
2765 4719 2909 4783 dico,
2939 4718 3094 4787 quasi
3124 4717 3360 4772 dicerent
3402 4719 3480 4771 Dii
3516 4717 3710 4780 nostri,

2126 4814 2489 4886 pluralitatcm
2550 4822 2908 4878 utrorumque
2954 4810 3240 4881 signando,
3293 4820 3348 4864 ct
3392 4811 3615 4863 deorum
3662 4819 3719 4863 et

2127 4909 2366 4976 ipsorum
2415 4904 2731 4959 dicentium.
2791 4902 2942 4971 Quod
2996 4902 3100 4956 etsi
3152 4900 3308 4956 Elohi
3348 4901 3583 4966 dicatur,
3612 4898 3719 4953 tale

2125 5008 2210 5054 est
2243 5014 2308 5053 ac
2351 4997 2398 5053 si
2443 4997 2734 5063 diceretur,
2768 4993 2911 5050 Deus
2957 5008 3128 5049 tuens.
3161 4992 3266 5047 Sed
3314 4993 3418 5047 hoc
3464 4991 3518 5045 in
3570 4990 3716 5044 nulla

2127 5090 2393 5146 llebraica
2432 5089 2705 5144 invenitur
2751 5087 3041 5155 scriptura,
3087 5085 3230 5155 quod
3297 5084 3496 5153 aliquis
3554 5084 3718 5136 homo

2128 5185 2297 5239 Deum
2331 5197 2566 5252 unquam
2600 5179 2753 5236 Elohi
2782 5179 3098 5250 appellaret,
3125 5179 3396 5248 quamvis,
3420 5176 3717 5231 secundum

2129 5275 2298 5345 ipsius
2325 5272 2604 5328 llebraicte
2634 5270 2829 5341 lingua:
2843 5269 3081 5341 regulas,
3102 5269 3207 5323 dici
3237 5269 3427 5338 possit.

2199 5364 2430 5419 Messes.
2470 5361 2604 5417 Nam
2638 5361 2692 5415 in
2725 5370 2908 5416 vestro
2935 5360 3211 5415 invenitur
3239 5357 3534 5429 Evangelia
3556 5355 3718 5413 Cbri~

2128 5466 2270 5512 stum
2318 5457 2372 5511 in
2405 5470 2565 5511 cruce
2607 5452 2763 5510 Elolti
2815 5451 3114 5524 appellasse
3159 5448 3353 5523 (Marc.
3383 5466 3484 5518 xv;
3517 5447 3714 5504 Matth.

2128 5550 2323 5619 xxv").

2200 5638 2438 5695 Perses.
2473 5636 2586 5694 Hoc
2614 5634 2834 5708 quidem
2869 5636 2999 5692 mihi
3047 5636 3255 5694 nullum
3284 5648 3405 5693 esse
3433 5631 3557 5690 novi
3584 5643 3713 5686 eon-

2131 5733 2380 5789 trariutu.
2404 5729 2653 5788 Christus
2678 5731 2822 5786 enim
2850 5727 3018 5786 Deum
3044 5728 3263 5786 Patrem
3294 5725 3579 5784 invocabat
3605 5733 3717 5777 una
