4142 6360
207 985 356 1040 ’κὶα

403 387 505 445 609

1896 380 2188 438 Dl.\LOGl.

3569 388 3672 448 6w

402 510 609 566 scilicet
650 514 857 562 tantum
905 504 973 560 de
1025 504 1199 558 tribus
1245 517 1493 571 personis
1513 543 1526 564 ,
1562 514 1725 555 unam
1771 510 1982 556 tantum
2014 508 2059 566 Α
2092 507 2461 560 tantummodo
2491 504 2658 560 Deum
2683 520 2824 570 esse,
2848 507 2913 562 ad
2943 507 3124 577 plures
3153 507 3280 562 deos
3311 505 3438 560 illud
3465 503 3671 559 referre

401 603 527 656 alia.
555 599 726 654 Simili
756 597 912 651 modo
945 597 998 649 in
1047 595 1265 649 nomine
1299 595 1442 663 quod
1472 602 1555 648 est
1584 593 1737 645 Adon
1764 633 1778 657 ,
1825 592 1874 646 id
1900 601 1982 646 est

403 694 681 748 Dominus.
737 689 870 742 Nam
901 704 1022 742 cum
1070 687 1300 740 dicimus
1331 686 1503 747 Adon.
1552 684 1982 751 singularitatem

401 787 762 843 (lenioristrat,
794 796 914 832 cuin
945 779 1174 838 Adonai.
1211 778 1366 846 quasi
1397 777 1582 830 dicam’
1611 777 1818 828 Domini
1854 775 1978 839 mei,

401 876 758 946 pluralitatem
790 869 1052 939 signando
1103 869 1464 931 dominorum,
1498 879 1550 921 et
1581 867 1824 921 dicentes
1864 865 1984 918 uui-

404 979 565 1022 tatcm
598 985 611 1019 :
653 980 774 1017 cum
806 973 985 1016 autem
1024 962 1145 1014 diro
1168 961 1455 1032 Adonemj,
1482 960 1636 1029 quasi
1673 959 1846 1011 diram
1882 958 1992 1034 [ιο-¹

401 1059 530 1114 mini
574 1057 765 1117 nostri,
797 1063 849 1107 et
897 1052 1080 1122 plures
1110 1052 1387 1112 Doodnos,
1413 1060 1465 1104 et
1499 1052 1679 1120 plures
1718 1047 1981 1118 signando

398 1151 808 1203 dit-enteszcum
835 1157 962 1197 vero
988 1143 1109 1197 dico
1134 1126 1498 1209 Atloui,quasi
1525 1140 1699 1192 dicam
1727 1137 1981 1190 Dominus

396 1253 591 1301 meus,
643 1246 693 1290 et
749 1233 1035 1287 Dominum
1087 1245 1252 1284 unum
1281 1271 1296 1292 ,
1340 1241 1394 1282 ct
1439 1229 1706 1283 dicentem
1744 1227 1982 1280 notando

399 1344 583 1381 ltttttttl.
636 1326 748 1380 [lue
781 1341 909 1378 vero
959 1323 1175 1377 nomine
1215 1323 1375 1375 homo
1409 1329 1614 1374 tantum
1645 1317 1714 1371 ab
1741 1317 1976 1381 homine,
2027 1317 2030 1322 ’

398 1419 490 1472 sed
535 1415 676 1469 Deus
705 1430 969 1484 nnSqnam
995 1414 1073 1468 sic
1099 1411 1360 1482 appellari
1393 1410 1686 1463 invenitur.
1715 1404 1848 1460 Cum
1876 1406 1980 1458 ita-

399 1524 502 1577 que
546 1511 596 1562 in
629 1507 925 1578 Scriptnris
965 1505 1140 1559 sacris
1192 1505 1493 1571 reperiatur
1543 1501 1686 1554 Deus
1719 1497 1977 1567 appellari

399 1597 585 1659 Elolia,
615 1607 666 1650 et
691 1597 866 1655 Adon.
895 1596 1035 1662 quod
1067 1593 1417 1660 singulariter
1448 1592 1587 1644 Deus
1619 1588 1700 1643 vel
1727 1589 1980 1642 Dominus

399 1686 808 1754 interpretatur,
850 1700 982 1753 ergo
1026 1691 1109 1736 est
1142 1698 1296 1734 unus.
1329 1681 1390 1734 Et
1433 1680 1567 1733 alias
1613 1695 1736 1732 cum
1785 1677 1978 1730 iterum

396 1779 702 1848 reperiatur
728 1774 989 1844 appellari
1023 1773 1254 1836 Eloltitu,
1282 1781 1337 1825 et
1367 1772 1597 1833 Adonai,
1630 1769 1771 1838 quod
1801 1768 1980 1837 plura-

2089 613 2193 650 nou
2228 613 2532 666 possumus.
2565 599 2645 652 Ad
2687 615 2853 653 unum
2884 615 3012 670 ergo
3047 600 3236 665 Deum,
3269 608 3322 654 et
3346 597 3526 668 plures
3547 609 3670 666 per-

2089 703 2249 740 sonas
2289 688 2412 741 illud
2449 689 2636 742 referri
2671 705 2894 743 necesse
2922 698 3024 743 est.

2160 780 2387 832 Marses.
2427 781 2482 834 Si
2524 782 2622 834 lioc
2659 783 2872 848 quidem
2928 779 3271 844 ostenderis,
3304 778 3419 848 jam
3465 778 3669 848 optime

2088 875 2228 942 quod
2259 873 2579 940 proposuisti
2626 874 2906 942 probatum
2940 875 3060 926 erit.

2158 964 2391 1018 PETRUs.
2432 965 2656 1029 Quodsi
2708 963 2815 1017 Deo
2846 963 3145 1028 upilulante
3184 962 3286 1016 hoc
3333 961 3430 1015 tibi
3480 970 3667 1015 osten-

2087 1055 2235 1118 dero,
2260 1057 2450 1109 credcs
2489 1069 2651 1108 unum
2704 1064 2758 1108 et
2795 1055 2974 1123 plures
3002 1054 3303 1122 personas?

2157 1146 2392 1200 Morses.
2428 1146 2635 1198 Nullum
2667 1161 2796 1200 sane
2842 1156 3016 1198 tecum
3051 1161 3215 1212 super
3242 1146 3342 1198 liac
3380 1161 3438 1199 re
3476 1144 3668 1199 feriam

2085 1248 2324 1308 pactum,
2350 1239 2442 1292 sed
2473 1247 2675 1290 tmitum
2704 1247 2909 1290 attente
2941 1237 3132 1290 vellem
3171 1236 3380 1290 audire.

2154 1325 2391 1382 l’ernus.
2440 1326 2570 1379 Novi
2600 1336 2750 1380 certe
2781 1327 2962 1380 cordis
3011 1327 3085 1378 tui
3133 1326 3411 1390 duritiam,
3445 1325 3538 1379 sed
3589 1336 3666 1380 ta-

2085 1433 2206 1472 men
2233 1417 2343 1486 jam
2377 1416 2503 1470 illud
2533 1417 2624 1470 tibi
2658 1418 2964 1480 ostendam,
3004 1433 3100 1486 per
3129 1417 3234 1471 hoc
3265 1417 3408 1470 enim
3439 1417 3664 1470 forsitan

2084 1509 2210 1564 boui
2242 1508 2468 1576 alicujus
2521 1525 2728 1562 memor
2775 1514 2904 1563 eris.
2938 1509 2991 1561 lu
3033 1508 3124 1562 lib.
3163 1511 3345 1578 itaque
3398 1509 3668 1563 Samuelis

2084 1602 2341 1669 scriptum
2380 1611 2483 1663 est,
2514 1601 2639 1670 quia
2690 1617 2812 1656 cum
2868 1601 3190 1654 Pliil;stlt?int
3237 1616 3420 1672 arcam
3455 1601 3667 1672 Domini

2084 1701 2272 1744 contra
2317 1706 2375 1744 se
2399 1692 2585 1745 venite
2607 1692 2874 1753 viderent,
2902 1691 3174 1746 dixerunt.
3212 1668 3421 1764 Eleittem
3455 1688 3667 1742 Elii/nm

2085 1777 2168 1848 (11
2204 1777 2334 1848 Reg.
2375 1779 2489 1842 tv).
2550 1781 2602 1833 id
2640 1789 2753 1840 est,
2785 1781 2839 1831 hi
2879 1789 3001 1833 sunt
3049 1781 3124 1832 dii
3173 1783 3263 1849 qui
3301 1775 3667 1849 percusserunt

395 1868 601 1922 “Itth!!)
637 1867 928 1934 signiﬁcat,
977 1865 1158 1933 plures
1201 1864 1642 1916 demonstrantur
1684 1860 1781 1912 dii.
1826 1858 1977 1924 Quod
2012 1859 2053 1916 Β
2083 1866 2370 1936 Λῖαῃριιιηι
2405 1869 2545 1920 onmi
2577 1873 2731 1936 plaga
2782 1872 2835 1920 in
2885 1873 3111 1922 deserto.
3163 1869 3262 1924 llic
3306 1871 3532 1924 enimet
3566 1885 3666 1924 uo—

393 1961 610 2014 videtur
641 1956 997 2011 contrarimu.
1032 1956 1138 2008 Aut
1183 1954 1326 2006 enim
1377 1968 1513 2008 unus
1546 1951 1650 2003 erit
1692 1951 1860 2009 Deus,
1889 1957 1982 2001 aut

391 2049 595 2119 plures.
621 2049 675 2101 In
707 2047 814 2101 Deo
851 2057 1030 2100 autem
1063 2061 1168 2098 non
1198 2055 1281 2098 est
1321 2045 1419 2096 lioc
1443 2042 1800 2096 contrarium.
1829 2039 1981 2105 Quod

392 2140 538 2192 enim
566 2152 626 2191 se
670 2137 928 2206 singulari
958 2136 1175 2188 nomine
1203 2132 1511 2202 appellavit,
1554 2132 1620 2184 ad
1660 2147 1819 2184 uuam
1860 2145 1979 2198 pro-

394 2226 538 2282 fecto
591 2227 810 2296 respicit
854 2225 1259 2288 substantiam,
1307 2224 1449 2291 quod
1483 2237 1610 2275 vero
1662 2221 1875 2290 plurali,
1912 2220 1978 2272 ad

392 2319 575 2388 plures
609 2333 890 2388 personas.
935 2315 1029 2368 Est
1076 2313 1221 2368 enim
1265 2329 1402 2367 unus
1440 2312 1582 2366 Deus
1633 2313 1686 2364 iu
1735 2311 1980 2380 pluribus

393 2410 660 2480 personis.

464 2507 694 2562 Movsss.
726 2505 878 2571 Quod
924 2504 1038 2558 lucc
1069 2502 1288 2556 nomina
1320 2499 1411 2555 Dei
1446 2497 1651 2552 Elobim
1684 2499 1886 2553 scilicet
1923 2507 1978 2552 et

393 2600 601 2656 Adonai
647 2598 1007 2668 pluralitatem
1045 2593 1389 2664 significant,
1424 2591 1718 2645 secundum
1764 2589 1976 2659 regulas

394 2693 529 2745 artis
559 2689 895 2742 litteratoria:
933 2685 1216 2753 contingit.
1261 2682 1414 2749 Quod
1447 2695 1574 2734 vero
1613 2679 1753 2733 Deus
1801 2695 1861 2733 se
1903 2680 1975 2733 ita

393 2781 699 2852 appellavit,
735 2779 892 2832 nullis
922 2787 1143 2832 coactus
1177 2773 1394 2844 regulis,
1423 2773 1514 2826 scd
1541 2769 1692 2838 juxta
1723 2771 1974 2840 placitum

395 2888 548 2928 suum
591 2871 738 2936 fecit,
771 2881 826 2923 et
857 2867 1126 2938 placitura
1171 2864 1388 2933 quidem
1437 2877 1595 2917 suum
1628 2862 1790 2915 nullis
1818 2859 1977 2916 debet

393 2964 593 3034 regulis
620 2962 919 3032 subjacere.
1899 2963 1974 3018 ,ξ

464 3055 700 3110 Ρετιιυε.
732 3051 927 3107 Verum
973 3049 1170 3120 quippe
1194 3055 1280 3102 est
1309 3045 1526 3100 nomina
1564 3043 1652 3097 illa
1683 3042 1844 3097 nullis
1877 3043 1944 3098 de

391 3147 521 3204 bere
553 3145 751 3214 regulis
777 3142 1040 3213 supponi,
1086 3140 1179 3194 sed
1223 3141 1346 3204 hoc,
1375 3139 1418 3191 si
1449 3136 1668 3205 propria
1709 3136 1836 3198 sint,
1866 3150 1972 3188 non

393 3201 735 3309 appellaiiva.
783 3201 925 3289 Stiiit
971 3241 1152 3286 autem
1201 3230 1315 3284 haec
1359 3227 1712 3298 appellativa,
1747 3237 1802 3280 et
1849 3225 1972 3280 ideo
2001 3201 2046 3260 (ἶ

390 3329 594 3400 regulis
621 3337 766 3382 recte
795 3326 991 3380 debent
1028 3321 1254 3390 supponi
1277 3361 1289 3381 ,
1335 3321 1475 3373 sicut
1505 3318 1754 3386 superius
1789 3315 1975 3385 expla-

391 3423 661 3476 navimus.
689 3419 896 3486 Itaque,
935 3414 1024 3468 tibi
1068 3411 1418 3482 singulariter
1446 3409 1816 3479 proferuntur,
1860 3406 1974 3460 siu-

391 3513 760 3586 gularitatem,
791 3509 878 3562 ubi
913 3521 1042 3561 vero
1073 3505 1372 3574 pluraliter,
1408 3501 1775 3573 pluralitatem
1805 3498 1973 3568 signi-

392 3604 577 3665 ﬁcant,
630 3597 1086 3671 quemadmodum
1141 3595 1448 3648 invenimus
1495 3593 1546 3645 in
1598 3590 1834 3655 Genesi,
1875 3589 1970 3643 Lot

389 3694 611 3764 angelos
649 3689 948 3760 appellasse
998 3685 1208 3740 Adonai
1257 3682 1410 3754 (Gen.
1445 3684 1580 3752 xu),
1621 3683 1719 3735 boc
1760 3691 1842 3734 est
1875 3681 1974 3733 Do-

389 3785 520 3840 mini
571 3782 696 3845 mei,
729 3781 855 3850 quia
890 3777 1066 3848 angeli
1100 3777 1206 3829 duo
1239 3776 1480 3844 profecto
1526 3783 1702 3828 erant.
1744 3773 1808 3826 Et
1837 3772 1971 3838 alias

389 3877 444 3932 in
497 3877 685 3929 eodem
733 3873 869 3926 libro
913 3869 1096 3924 Labau
1145 3869 1434 3937 increpans
1462 3864 1652 3926 Jacoli,
1697 3866 1774 3918 ait
1816 3863 1971 3916 :Cur

389 3967 600 4038 furatus
626 3982 678 4018 es
721 3962 914 4016 Eia/mi
945 3959 1097 4031 (Gen.
1129 3960 1318 4020 sitsi),
1354 3957 1456 4012 hoc
1482 3965 1585 4020 est,
1614 3957 1740 4008 deos
1779 3955 1970 4008 meos?

387 4036 529 4115 Elin
554 4057 784 4113 Psalmis
812 4053 1086 4109 invenitur
1129 4051 1431 4121 scriptum:
1489 4036 1600 4118 Ego
1644 4049 1756 4101 dixi
1789 4046 1971 4099 Elohi-

388 4163 580 4206 mntem
615 4147 785 4218 (Psal.
811 4149 1019 4213 Lxxxi),
1054 4146 1105 4200 id
1135 4154 1239 4209 est,
1274 4145 1346 4197 dii
1375 4143 1529 4197 estis.
1562 4142 1625 4195 Et
1656 4142 1722 4194 ad
1753 4139 1969 4194 Israeli-

389 4242 555 4297 ticam
602 4239 853 4310 populum
887 4237 1148 4292 Dominus
1183 4252 1278 4306 per
1309 4235 1530 4306 Moysen
1565 4234 1810 4310 loquens,
1841 4231 1914 4284 ait
1951 4245 1965 4283 :

389 4331 514 4386 Non
536 4301 746 4384 ItttDeDis
767 4328 975 4382 Etohim
1006 4301 1197 4380 Marini
1220 4301 1414 4396 (Exod:
1441 4330 1557 4393 xx),
1574 4301 1674 4378 hoc
1702 4301 1810 4384 est.
1841 4325 1969 4376 deos

387 4424 611 4477 alienos.
646 4419 924 4475 Similibus
965 4433 1179 4487 quoque
1217 4417 1548 4471 testimoniis
1591 4416 1714 4469 libri
1741 4415 1970 4483 prophe-

391 4522 568 4567 tarum
609 4511 742 4564 satis
773 4508 1142 4562 abundabunt.

459 4604 690 4658 Morsss.
748 4601 900 4654 Licet
949 4610 1225 4653 ostensum
1270 4597 1339 4652 sit
1389 4597 1601 4651 Eloliim
1645 4606 1700 4651 et
1757 4596 1962 4652 Adonai

387 4695 750 4767 pluralitatem
800 4691 1127 4762 signiﬁcare,
1155 4707 1276 4744 cum
1319 4699 1494 4743 tamen
1531 4691 1597 4742 de
1628 4689 1736 4742 Deo
1779 4689 1966 4742 dicun-

390 4798 498 4852 tur,
528 4785 837 4855 siguilicant
874 4782 1329 4854 singularitatem,
1367 4781 1510 4851 quod
1539 4797 1633 4852 per
1669 4792 1846 4836 actum
1877 4783 1962 4836 cui

386 4877 751 4947 adjunguntut‘
799 4884 1036 4938 notatur,
1079 4888 1203 4927 cum
1247 4872 1504 4943 singulari
1557 4887 1685 4927 voce
1729 4873 1962 4927 dicatur.

387 4968 528 5023 Dicit
571 4970 716 5022 enim
750 4966 816 5020 de
863 4967 1009 5027 Deo,
1047 4964 1190 5034 fecit,
1219 4964 1350 5018 dixit
1398 4961 1549 5033 (Gen.
1589 4967 1657 5032 ι),
1693 4963 1775 5016 vel
1819 4965 1964 5019 aliud

385 5058 589 5128 aliquid
637 5057 781 5123 tale,
821 5067 878 5112 et
920 5071 1027 5110 non
1069 5055 1303 5120 dicitur,
1333 5053 1616 5120 fecerunt,
1653 5054 1768 5110 sive
1812 5054 1963 5109 dise-

386 5159 531 5204 runt.

455 5237 691 5293 PETRUS.
715 5235 839 5291 llzec
861 5243 946 5290 est
975 5251 1094 5290 mea
1125 5236 1442 5299 auctoritas,
1474 5238 1616 5304 quod
1647 5252 1840 5290 nomen
1867 5236 1961 5292 Dei

384 5329 664 5400 pluraliter
706 5329 923 5394 dicitur,
967 5338 1022 5382 et
1057 5338 1212 5382 actus
1242 5328 1612 5397 singulariter,
1646 5344 1709 5382 ac
1738 5343 1834 5396 per
1859 5329 1960 5385 hoc

383 5427 550 5488 patet,
587 5418 715 5486 quia
765 5417 904 5470 Deus
931 5431 1070 5470 unus
1110 5425 1192 5470 est
1222 5417 1274 5470 in
1317 5418 1560 5486 pluribus
1590 5419 1854 5487 personis.
1889 5420 1958 5472 Et

385 5518 564 5562 tamen
595 5517 650 5562 ut
675 5523 866 5562 omnes
895 5517 1017 5562 tuas
1043 5506 1381 5576 obiectiones
1410 5507 1723 5576 praecidam,
1741 5523 1968 5576 possum

382 5598 602 5668 quidem
633 5599 1026 5663 demonstrare,
1057 5607 1114 5653 et
1140 5612 1340 5653 nomen
1377 5597 1472 5654 Dei
1503 5606 1557 5654 et
1590 5598 1765 5668 ipsum
1795 5600 1958 5656 etiam

384 5699 564 5746 actum
608 5689 888 5761 pluraliter
932 5689 1186 5761 proferri.
1237 5688 1392 5756 Quod
1436 5688 1566 5745 licet
1592 5690 1665 5744 ita
1710 5690 1802 5758 sit,
1838 5707 1958 5748 cum

375 5780 491 5852 jam
518 5783 770 5857 superius
798 5781 980 5842 multis
1016 5791 1296 5842 ostensum
1333 5782 1405 5840 sit
1440 5782 1741 5842 rationibus
1789 5799 1956 5842 unum

2083 1971 2206 2010 men
2243 1956 2330 2008 Dei
2369 1966 2423 2009 ct
2449 1968 2601 2010 actus
2625 1956 2909 2025 pluraliter
2941 1957 3233 2026 profertur.

2154 2041 2384 2103 Mors-es.
2420 2048 2528 2117 Ego
2558 2063 2688 2102 sane
2735 2063 2832 2117 per
2885 2050 2988 2102 hoc
3018 2052 3163 2118 quod
3202 2065 3564 2117 pr0posueras
3614 2058 3666 2106 te

2081 2137 2338 2209 probasse
2385 2155 2488 2193 non
2539 2141 2802 2194 concedo.
2875 2140 2998 2193 llaec
3055 2140 3199 2193 enim
3253 2140 3464 2193 dicebat
3533 2155 3666 2209 gens

2081 2245 2187 2284 non
2231 2245 2394 2281 unum
2417 2269 2431 2292 ,
2472 2232 2563 2282 sed
2593 2229 2772 2296 plures
2802 2229 2932 2284 deos
2962 2232 3211 2294 credens,
3240 2242 3295 2282 et
3337 2230 3664 2298 opinabatur

2081 2321 2205 2389 quia
2241 2319 2420 2388 plures
2449 2327 2633 2373 essent
2663 2319 2735 2374 dii
2769 2319 2951 2385 Israel,
2987 2320 3443 2387 quemadmodum
3481 2327 3536 2372 et
3578 2319 3663 2373 sui

2079 2424 2170 2463 era
2179 2428 2208 2465 tt
2219 2421 2256 2464 t.

2153 2505 2385 2558 PETBUS.
2421 2503 2869 2572 Quandoquidem
2914 2505 3014 2557 lioc
3066 2517 3170 2556 non
3213 2503 3466 2556 concedis
3493 2543 3508 2567 ,
3548 2503 3661 2567 jam

2081 2596 2176 2650 tibi
2237 2595 2576 2650 consimilem
2628 2593 2681 2646 in
2727 2594 3118 2662 prophetarum
3174 2592 3326 2645 libris
3377 2595 3660 2646 ostendam

2079 2702 2407 2742 sermonem.
2432 2685 2522 2738 Est
2557 2685 2701 2738 enim
2741 2686 3001 2752 scriptum
3049 2683 3102 2737 iu
3143 2683 3339 2738 Genesi
3383 2701 3396 2736 :
3434 2683 3660 2737 Locutus

2077 2789 2150 2831 est
2185 2777 2437 2830 Dominus
2465 2777 2532 2828 ad
2569 2776 2734 2829 Jucob
2765 2789 2784 2826 :
2814 2773 3000 2842 Surge,
3033 2786 3080 2828 et
3113 2777 3336 2828 ascende
3371 2775 3586 2839 Bel/rei,
3612 2786 3660 2829 et

2076 2869 2254 2921 habita
2286 2867 2380 2927 tbi,
2405 2867 2593 2936 {neque
2613 2865 2782 2919 altare
2809 2865 2935 2929 Deo,
2959 2867 3048 2936 qui
3073 2866 3313 2934 apparuit
3338 2867 3428 2918 tibi
3449 2867 3660 2935 quando

2078 2959 2318 3028 fugiebas
2361 2957 2577 3026 fratrem
2619 2968 2768 3010 tuum
2798 2955 2953 3026 (Cen.
3010 2959 3198 3023 xxxv).
3236 2957 3331 3010 llic
3373 2959 3569 3026 quippe
3607 2968 3664 3012 et

2077 3066 2274 3104 nomen
2306 3049 2399 3103 Dei
2445 3059 2499 3103 et
2533 3059 2711 3114 actus,
2749 3049 3096 3120 singulariter
3127 3050 3418 3118 profertur.
3456 3050 3659 3106 Deinde

2078 3143 2336 3212 scriptum
2381 3150 2466 3196 est
2517 3142 2570 3194 in
2612 3142 2799 3196 eodem
2853 3141 2992 3195 libro
3038 3152 3367 3210 praeceptum
3445 3140 3657 3195 Domini

2076 3235 2242 3291 Jacob
2273 3235 2542 3304 implesse.
2592 3233 2851 3303 Sequitur
2880 3233 3024 3286 enim
3065 3249 3078 3286 :
3129 3232 3538 3302 zEdi/icuvitque
3587 3233 3661 3285 ibi

2076 3328 2284 3390 altare,
2337 3336 2384 3379 et
2431 3324 2711 3393 appellavit
2775 3340 2961 3378 nomen
3019 3323 3122 3377 loci
3170 3324 3354 3376 domus
3403 3324 3516 3377 Dei.
3581 3323 3656 3377 lbi

2075 3419 2216 3472 enim
2245 3417 2494 3486 apparuit
2532 3415 2580 3468 ei
2611 3415 2770 3476 Deus,
2812 3429 2934 3466 cuin
2963 3410 3172 3482 fugeret
3209 3415 3435 3466 lratrem
3469 3428 3650 3468 suum.

2075 3507 2174 3562 llic
2203 3517 2381 3561 autem
2411 3516 2463 3558 et
2495 3505 2635 3559 Deus
2685 3515 2737 3557 et
2787 3506 3056 3574 apparuit,
3091 3503 3144 3556 in
3179 3502 3444 3557 llcbraico
3476 3502 3656 3572 plura-

2075 3597 2197 3653 liter
2219 3596 2510 3668 profertur.
2543 3596 2784 3650 [labetur
2807 3595 3010 3664 quippe
3040 3593 3110 3647 ibi
3141 3594 3348 3648 Eloliim
3395 3604 3447 3649 et
3476 3595 3654 3664 Niglu,

2074 3691 2216 3760 quod
2262 3688 2544 3759 pluraliter
2568 3695 2941 3758 apparuerunt
2967 3687 3258 3755 signiﬁcat.
3287 3685 3342 3741 Si
3373 3687 3517 3741 enim
3547 3689 3657 3741 sin-

2073 3782 2332 3852 gulariter
2384 3781 2636 3850 apparuit
2691 3781 2872 3834 dicere
2920 3779 3117 3842 vellet,
3178 3778 3327 3848 Nigla
3363 3781 3652 3850 posuisset.

2049 3883 2204 3948 ktein
2234 3874 2398 3926 etiam
2432 3873 2482 3926 iu
2518 3872 2656 3926 libro
2701 3870 2970 3925 Samuelis
3007 3872 3172 3924 David
3203 3873 3426 3926 laudans
3461 3873 3652 3936 Deum,

2074 3965 2148 4018 ait
2179 3980 2193 4018 :
2225 3963 2356 4028 Qua:
2383 3973 2456 4016 est
2490 3973 2685 4020 autem.
2719 3971 2772 4014 ut
2816 3967 3038 4030 papulas
3063 3973 3182 4014 tuus
3211 3961 3400 4024 Israel,
3429 3980 3552 4032 gens
3597 3966 3652 4018 in

2072 4067 2237 4114 terra,
2267 4062 2477 4121 promer
2499 4066 2654 4120 quam
2683 4051 2773 4102 irit
2813 4051 2972 4111 Deus,
3007 4061 3062 4102 ut
3108 4053 3380 4104 redimeret
3415 4071 3530 4106 eum
3555 4054 3656 4108 sibi

2072 4144 2124 4195 in
2147 4140 2435 4212 populum?
2461 4137 2809 4209 (llReg.vtt.)
2827 4138 2922 4191 llic.
2950 4139 3112 4192 etiam
3137 4140 3388 4193 similiter
3407 4152 3459 4194 et
3489 4142 3650 4203 Deus,

2072 4243 2125 4287 et
2151 4232 2266 4295 ivit,
2306 4231 2357 4284 in
2411 4230 2676 4283 llcbraico
2712 4228 2916 4297 plurale
2944 4239 3046 4283 est.
3080 4230 3176 4284 Hic
3221 4233 3365 4284 enim
3403 4232 3655 4286 similiter

2072 4325 2303 4378 habetur
2335 4322 2572 4386 Eloliim,
2603 4330 2658 4375 et
2687 4322 2874 4385 llalcu,
2926 4322 3067 4391 quod
3114 4331 3194 4375 est
3226 4323 3460 4389 ivcrunt,
3494 4321 3649 4388 cujus

2071 4415 2346 4485 singulare
2367 4426 2448 4468 est
2476 4413 2662 4468 lialac.
2709 4414 3020 4466 Redimcret
3062 4423 3264 4476 autem,
3295 4423 3346 4466 et
3379 4414 3502 4478 sibi,
3533 4414 3644 4466 sin-

1999 4534 2043 4589 ι)
2071 4507 2278 4576 gulare.
2324 4507 2455 4560 Item
2490 4507 2541 4560 iu
2575 4506 2846 4560 lliet'etnia
2899 4505 3093 4576 legitur
3123 4524 3135 4559 :
3171 4506 3422 4558 Dominus
3473 4517 3648 4559 autem

2069 4599 2210 4652 Deus
2232 4608 2305 4651 est
2331 4614 2500 4659 verus,
2533 4597 2670 4650 Deus
2702 4599 2890 4663 rivens,
2920 4609 2965 4650 et
3000 4613 3091 4650 rea:
3129 4599 3472 4665 sempiternus
3513 4597 3647 4666 (Jer.

2068 4692 2146 4761 Χ).
2175 4689 2272 4744 llic
2305 4691 2503 4744 iterum
2533 4701 2588 4742 et
2634 4690 2792 4750 Deus,
2818 4699 2874 4742 et
2901 4689 3107 4749 vivens.
3143 4689 3196 4741 in
3238 4689 3500 4744 l‘lebraico
3531 4689 3652 4759 plu-

2068 4781 2254 4834 raliter
2285 4780 2504 4834 dicitur.
2539 4777 2672 4832 Cum
2705 4780 2868 4845 igitur
2896 4779 2948 4832 in
2988 4777 3285 4847 Scripturis
3329 4778 3418 4832 Dei
3451 4793 3648 4833 nomen

2067 4881 2120 4924 et
2148 4886 2324 4936 actus,
2359 4869 2682 4940 quandoque
2724 4871 3090 4939 singulariter,
3133 4869 3456 4938 quandoque
3481 4871 3648 4924 etiam

2067 4963 2349 5033 pluraliter
2377 4962 2706 5032 proferatur,
2748 4973 3036 5030 utrumque
3068 4971 3238 5032 patet,
3270 4962 3397 5031 quia
3419 4972 3472 5016 et
3502 4962 3647 5017 Deus

2067 5071 2206 5108 unus
2233 5064 2337 5119 est,
2370 5065 2424 5108 et
2450 5054 2635 5123 plures
2659 5069 2921 5123 personae.

2137 5145 2369 5200 Marses.
2411 5144 2545 5199 Cum
2593 5160 2660 5198 ex
2722 5145 3033 5198 nominibus
3082 5143 3174 5198 Dei
3223 5153 3500 5200 ostenSum
3552 5145 3649 5213 sit,

2066 5253 2234 5291 unqu
2281 5250 2399 5290 esse
2449 5236 2615 5289 Deum
2646 5236 2698 5289 in
2733 5235 2975 5305 pluribus
3005 5237 3273 5306 personis,
3303 5248 3469 5290 restat
3493 5252 3641 5304 quae-

2069 5330 2294 5382 rendum
2346 5343 2444 5381 cur
2494 5339 2602 5382 tres
2657 5336 2865 5382 tantum
2907 5329 3013 5382 sint
3055 5345 3297 5398 persona:
3344 5330 3486 5383 sicut
3519 5342 3642 5382 cre-

2064 5419 2169 5480 dis,
2199 5427 2254 5472 et
2293 5432 2399 5470 non
2436 5417 2578 5481 duze,
2619 5418 2700 5472 vel
2731 5429 2963 5487 quatuor
2992 5420 3078 5472 vel
3105 5419 3313 5488 plures.

2134 5509 2370 5563 PETRUS.
2395 5505 2531 5561 illud
2566 5523 2696 5562 sane
2720 5509 2832 5578 jam
2863 5509 3114 5579 superius
3143 5508 3504 5573 ostendimus,
3531 5516 3644 5564 tres

2064 5601 2276 5656 scilicet
2309 5613 2430 5654 esse
2481 5612 2765 5668 personas,
2821 5615 2944 5655 cum
2982 5600 3048 5653 de
3104 5598 3207 5654 hoc
3236 5613 3332 5668 per
3373 5599 3644 5653 rationem

2063 5707 2370 5766 ageremus,
2412 5695 2555 5764 quod
2579 5695 2624 5747 si
2657 5703 2710 5747 tu
2741 5692 3033 5748 dissentias
3072 5706 3193 5745 cum
3219 5691 3330 5760 jam
3361 5705 3428 5746 ex
3465 5691 3643 5746 norni-

2061 5785 2222 5842 nibus
2253 5785 2345 5842 Dei
2378 5784 2559 5857 plures
2583 5799 2703 5841 esse
2730 5798 2991 5857 personas
3011 5783 3368 5852 concesseris,
3400 5783 3486 5841 dic
3511 5798 3650 5857 ergo

4113 4205 4119 4359 fl

4109 4417 4115 4516 il
