4038 6456
1432 394 1632 451 PETRI
1670 395 2014 453 ALPHONSI
2056 397 2146 453 EX
2187 396 2434 456 ΠΗ).Εο
2467 399 2858 458 CIIRISTIANI
3663 417 3746 476 6i!

511 520 645 583 quot
687 525 953 589 personas
982 522 1207 565 numero
1245 507 1466 562 credere
1493 509 1730 565 volueris
1756 551 1769 574 ,
1818 518 1872 565 et
1908 525 2010 581 ego
2046 510 2090 564 si
2123 513 2166 570 Α
2199 510 2400 581 aliquo,
2432 513 2533 567 nisi
2582 522 2790 568 tantum
2828 516 3025 572 mentis
3063 517 3340 574 intellectu
3367 516 3678 590 'perspicuo,
3705 541 3750 585 ct

513 619 730 674 possunt
763 603 999 658 rationes
1031 609 1147 654 tuas
1174 598 1494 653 debilitabo.

585 736 813 790 Movses.
864 735 974 801 Ego
1023 742 1169 787 certe
1218 747 1392 801 neque
1443 733 1578 789 duas
1620 750 1794 805 neque
1828 748 1959 804 tres,
1995 755 2094 796 nec

512 827 676 879 ullum
726 825 888 879 credo
923 839 1209 878 numerum
1255 839 1634 893 personarum,
1665 828 1766 884 hoc
1792 846 1918 884 vero
1949 848 2094 887 alue-

512 916 634 979 sivi,
663 923 721 969 ut
751 915 855 969 tuis
887 915 1194 970 rationibus
1225 919 1587 974 contrairem.

577 1047 815 1104 Penus.
847 1049 1089 1105 Trinitas
1119 1052 1334 1121 quidem
1364 1055 1560 1110 subtile
1591 1057 1719 1125 quid
1750 1067 1832 1114 est
1878 1069 1930 1115 et
1959 1062 2092 1116 inel-

508 1136 690 1200 l'abile,
721 1147 777 1191 et
803 1140 869 1192 ad
898 1140 1294 1209 explanandqu
1320 1143 1557 1212 difﬁcile,
1589 1148 1655 1202 de
1681 1165 1786 1220 qua
1819 1145 2090 1220 propheta:

509 1243 612 1281 nou
644 1228 747 1281 nisi
782 1230 992 1284 occulte
1024 1231 1187 1286 locuti
1211 1242 1336 1287 sunt
1367 1246 1421 1288 et
1451 1237 1552 1290 sub
1582 1239 1866 1304 velamine,
1884 1245 2088 1312 quoad-

507 1337 679 1390 usque
732 1324 880 1378 venit
907 1324 1178 1389 Christus,
1231 1329 1321 1395 qui
1355 1330 1422 1383 de
1451 1330 1622 1384 tribus
1671 1351 1775 1386 una
1819 1339 2085 1405 personis,

507 1412 744 1467 ﬁdelium
777 1414 921 1468 illam
955 1417 1225 1471 mentibus
1258 1434 1354 1486 pro
1378 1436 1563 1474 eorum
1593 1425 1852 1480 revelavit
1877 1431 2088 1497 capaci-

508 1515 640 1559 tate.
674 1504 730 1558 Si
778 1514 957 1560 tamen
1007 1510 1260 1563 attendas
1303 1511 1576 1580 subtilius,
1607 1523 1661 1568 et
1700 1516 1828 1570 illud
1863 1518 1952 1572 Dei
1988 1537 2086 1573 nu-

507 1612 649 1664 men,
686 1600 828 1667 quod
865 1601 917 1653 in
958 1602 1184 1656 secretis
1222 1613 1556 1659 secretorum
1605 1608 1953 1676 explanatum
2009 1613 2086 1666 iii-

507 1688 741 1752 venitur,
775 1689 1054 1758 inspicias,
1089 1699 1234 1756 mm,
1264 1709 1458 1748 nomen
1489 1695 1704 1764 inquam
1755 1701 1913 1752 trium
1946 1701 2087 1756 litte-

506 1791 722 1842 rarum,
749 1782 996 1848 quamvis
1023 1795 1253 1851 quatuor
1280 1784 1486 1850 ﬁguris,
1531 1803 1633 1842 una
1666 1805 1897 1860 namque
1931 1793 1996 1846 de
2023 1794 2084 1846 il-

503 1868 569 1922 lis
599 1872 870 1938 geminata
903 1875 986 1928 bis
1020 1877 1292 1937 scribitur,
1321 1879 1366 1930 si
1401 1879 1618 1946 inquam
1654 1881 1780 1935 illud
1808 1884 2079 1953 inspicias,
2117 1850 2157 1906 Β

502 1963 710 2017 videbis
759 1966 882 2033 quia
914 1966 1054 2020 idem
1088 1983 1282 2024 nomen
1312 1981 1366 2024 et
1393 1988 1557 2024 unum
1604 1974 1674 2027 sit
1705 1983 1758 2029 et
1812 1978 1935 2031 tria.
1975 1977 2082 2034 Sed

502 2055 644 2121 quod
678 2071 842 2109 unum
875 2067 978 2118 est,
1009 2059 1076 2112 ad
1105 2061 1367 2116 unitatem
1395 2065 1741 2130 substantiae,
1775 2069 1916 2138 quod
1955 2086 2083 2125 vero

504 2144 626 2205 tria’,
679 2145 745 2198 ad
780 2145 1102 2202 Trinitatem
1161 2153 1379 2219 respicit
1429 2169 1808 2217 personarum.
1857 2157 2083 2215 Constat

500 2243 679 2288 autem
706 2251 899 2291 nomen
933 2238 1059 2293 illud
1093 2242 1174 2295 liis
1210 2253 1442 2312 quatuor
1469 2247 1683 2316 figuris,
1713 2257 1732 2295 ν
1764 2258 1817 2305 et
1847 2261 1885 2310 Π
1905 2261 1960 2306 et
1984 2264 2005 2313 Ἰ
2030 2265 2085 2308 ct

497 2335 572 2386 ηε
599 2341 828 2393 quarum
865 2329 907 2382 si
940 2331 1166 2399 primam
1200 2343 1403 2388 tantum
1438 2338 1785 2406 conjnnxeris
1815 2352 1867 2396 et
1891 2359 2088 2399 secun-

501 2417 646 2483 dam,
679 2425 698 2463 ν
738 2418 943 2473 scilicet
971 2430 1025 2475 et
1049 2433 1115 2486 Π,
1145 2424 1250 2477 erit
1275 2441 1404 2480 sane
1433 2443 1626 2483 nomen
1661 2447 1847 2488 unum.
1874 2433 2004 2488 Item
2035 2436 2079 2490 si

501 2515 792 2563 secundam
822 2520 874 2564 et
900 2515 1130 2579 tertiam,
1163 2528 1201 2574 Π
1231 2517 1435 2594 scilicet
1464 2530 1517 2574 et
1545 2530 1601 2584 Ἰ,
1628 2522 1739 2590 jam
1770 2525 1990 2580 habebis
2005 2527 2082 2580 al-

503 2588 698 2653 terum.
752 2601 1032 2667 Similiter,
1075 2608 1120 2660 si
1185 2605 1428 2664 Iertiaid‘
1470 2623 1673 2670 tantum
1743 2620 2081 2686 cnpnlaveris

501 2701 665 2760 atque
693 2705 961 2762 quartam,
988 2698 1196 2754 scilicet
1223 2709 1245 2760 Ὶ
1288 2713 1343 2756 et
1377 2715 1442 2766 Π,
1481 2705 1721 2761 invenies
1750 2720 1804 2763 et
1836 2713 2076 2767 tertium.

501 2781 711 2840 Rursus
740 2787 784 2840 si
816 2804 1003 2844 omnes
1044 2792 1206 2845 simul
1235 2794 1287 2847 in
1322 2794 1513 2850 ordine
1560 2801 1942 2865 connexueris,
1974 2821 2077 2859 non

499 2875 606 2927 erit
635 2876 738 2929 nisi
784 2895 976 2934 nomen
1028 2898 1216 2950 unum,
1251 2884 1392 2940 sicut
1441 2886 1493 2940 in
1530 2889 1631 2944 ista
1679 2898 1823 2958 patet
1863 2907 2080 2963 gemue-

503 2968 622 3023 trali
660 2971 850 3040 lignra.

566 4181 839 4256 Perpende
868 4188 1051 4258 itaque
1089 4205 1121 4245 ο
1149 4187 1361 4260 Moyses
1389 4205 1553 4260 quam
1600 4197 1872 4244 secretum
1904 4198 1975 4242 srt
2019 4199 2073 4243 et

495 4283 692 4340 subtile
715 4301 906 4342 nomen
950 4288 1092 4342 istud
1145 4299 1200 4344 et
1241 4290 1540 4351 inell'abile,
1567 4298 1624 4343 et
1654 4289 1796 4357 quod
1834 4304 1939 4343 non
1969 4290 2073 4343 nisi

494 4381 790 4449 perspicaci
834 4385 1031 4440 mentis
1063 4387 1282 4450 intuitu,
1313 4395 1369 4441 et.
1400 4385 1664 4455 profunda
1698 4385 1874 4441 valeat
1903 4402 2071 4456 agno-

494 4479 571 4532 sci
595 4481 937 4551 indagatione
959 4526 972 4549 ,
1008 4493 1241 4538 testante
1285 4484 1468 4553 Moyse
1495 4483 1583 4552 qui
1619 4484 1694 4538 ait
1726 4483 1778 4538 in
1813 4484 2072 4540 Dentero—

494 4580 712 4634 nomio:
747 4579 887 4636 Scito
935 4583 1090 4637 hodie
1135 4593 1182 4637 et
1215 4585 1386 4650 cogita
1429 4594 1484 4637 tu
1513 4586 1567 4638 in
1607 4586 1764 4640 corde
1790 4588 2071 4656 tuo,'quod

491 4679 746 4736 Dominus
769 4685 877 4752 ipse
913 4694 987 4738 est
1033 4683 1192 4748 Deus,
1242 4685 1294 4738 in
1325 4685 1450 4739 caelo
1493 4704 1726 4754 sursum,
1762 4699 1810 4743 et
1845 4691 1900 4743 in
1930 4699 2070 4744 terra

490 4781 756 4847 deorsum,
781 4792 828 4835 et
853 4799 954 4836 non
985 4784 1049 4836 sit
1077 4783 1212 4838 alius
1241 4784 1422 4856 (Deut.
1448 4786 1544 4856 ιν).
1571 4788 1672 4844 Ubi
1694 4790 1838 4844 enim
1869 4789 1922 4844 in
1963 4789 2070 4844 La-

493 4880 604 4934 tino
633 4881 849 4949 ponitur
875 4881 1216 4951 Dominus,in
1244 4885 1472 4942 Hebraio
1498 4889 1715 4958 quidem
1749 4893 2068 4961 praedictum

492 4995 685 5035 nomen
727 4981 992 5048 invenies,
1031 4985 1118 5040 ubi
1160 5000 1286 5042 vero
1334 4988 1472 5044 Deus
1505 4990 1558 5044 in
1607 4990 1822 5058 Latino,
1873 4993 1928 5047 in
1965 4993 2067 5050 lle-

489 5080 637 5134 brzeo
667 5079 921 5135 scribitur
950 5082 1179 5152 Elohim,
1214 5086 1355 5155 quod
1379 5087 1746 5156 pluralitatem
1776 5091 2065 5161 signiticat.

491 5174 562 5232 Ut
582 5188 760 5232 autem
789 5190 1092 5249 patescerct
1120 5187 1366 5243 eumdem
1395 5203 1519 5243 esse
1561 5187 1728 5242 Deum
1760 5191 1850 5260 qui
1873 5201 1929 5247 et
1955 5196 2067 5248 siu-

486 5279 656 5348 gulari
684 5285 903 5352 proprio
929 5294 983 5340 et
1013 5285 1558 5357 pluraliappellativo
1594 5302 1943 5362 nuncupatur
1974 5309 2067 5351 vo-

485 5382 697 5449 cabulo,
741 5387 835 5440 sed
871 5397 926 5442 et
971 5403 1038 5442 ne
1070 5389 1249 5458 plures
1295 5391 1424 5444 deos
1467 5389 1584 5444 lore
1628 5403 1918 5462 putarent,
1975 5396 2067 5452 ad-

480 5480 692 5549 junxit,
723 5495 770 5538 et
828 5503 929 5540 non
974 5488 1040 5541 sit
1087 5489 1245 5542 alius.
1275 5488 1430 5554 Quod
1457 5505 1587 5545 vero
1631 5493 1769 5549 dixit
1806 5495 2020 5567 Moyses
2046 5539 2061 5565 ,

483 5583 614 5637 scito
656 5594 703 5638 et
735 5588 901 5656 cogita
945 5599 1000 5640 tu
1043 5590 1096 5641 in
1133 5589 1288 5642 corde
1318 5600 1407 5643 tuo
1453 5591 1650 5661 (Exod.
1694 5595 1819 5666 xx),
1873 5611 2062 5655 revera

485 5681 720 5738 insinuat
754 5687 880 5756 quia
938 5689 1170 5742 nominis
1200 5689 1357 5758 hujus
1388 5705 1583 5746 arcana
1635 5697 2061 5763 subtilitas,'ne-

484 5795 589 5850 que
614 5785 754 5851 visu,
777 5801 952 5856 neque
983 5787 1191 5853 auditu,
1209 5802 1383 5856 neque
1413 5790 1480 5845 de
1509 5795 1784 5862 corporeis
1811 5799 2062 5856 sensibus

2199 602 2341 655 tniro
2368 603 2537 671 possit
2566 605 2821 673 perpendi
2849 606 3087 675 ingenio.
3119 607 3304 664 Potest
3325 611 3489 664 etiam
3521 612 3574 666 in
3601 617 3749 674 multis

2197 686 2316 740 aliis
2330 687 2566 746 Trinitas
2583 693 3004 758 denotari,sicut
3032 696 3083 750 in
3105 697 3332 753 ﬁmbriis
3361 716 3500 770 quas
3525 701 3750 764 Dominus

2199 777 2340 833 filios
2369 779 2533 837 Israel
2568 784 2620 837 in
2661 787 3006 841 vestimentis
3037 789 3148 842 suis
3185 804 3283 858 per
3318 789 3537 861 Moysen
3582 793 3748 853 habere

2196 871 2452 940 praecepit
2499 873 2684 928 dicens
2735 893 2748 928 :
2787 874 3026 945 Loquere
3061 877 3187 945 ﬁliis
3231 879 3423 943 Israel,
3452 893 3498 935 et
3532 884 3662 940 dices
3695 893 3748 943 ad

2194 975 2311 1024 eos,
2357 972 2410 1014 ul
2442 962 2644 1030 faciunt
2693 967 2791 1020 sibi
2836 969 3073 1034 ﬁmbrias
3114 972 3167 1023 in
3218 973 3428 1041 angulis
3473 975 3746 1047 palliatum,

2193 1061 2438 1116 ponentes
2468 1053 2523 1104 in
2569 1055 2642 1107 eis
2685 1055 2838 1108 vittas
2869 1057 3257 1126 hyacinthinus,
3291 1078 3424 1131 quas
3475 1081 3595 1118 cum
3642 1070 3750 1124 side-

2196 1143 2672 1205 rint,recordentur
2697 1151 2928 1202 omnium
2953 1153 3323 1206 mandatorum
3353 1154 3565 1210 Domini
3592 1157 3746 1226 (Nam.

2192 1235 2328 1302 XIX).
2362 1235 2620 1290 Fimbriae
2651 1239 2848 1308 quippe
2891 1240 2992 1294 illa:
3035 1251 3270 1309 quatuor
3318 1255 3476 1300 erant
3524 1247 3748 1316 lilorttm,

2192 1326 2288 1380 sed
2337 1327 2758 1396 duplicatorutu,
2793 1331 2847 1384 in
2900 1335 3164 1401 superiori
3218 1337 3436 1403 quidem
3489 1339 3572 1392 sui
3630 1353 3750 1408 parte

2195 1425 2304 1471 tres
2335 1420 2505 1472 nodos
2537 1421 2820 1486 habentes,
2850 1424 2902 1477 in
2937 1424 3179 1479 inferiori
3221 1443 3350 1482 vero
3381 1429 3657 1485 duos.Sed
3677 1450 3753 1502 per

2191 1509 2276 1562 [ila
2309 1522 2562 1578 quatuor,
2595 1527 2828 1582 quatuor
2851 1520 2978 1570 anni
3006 1527 3246 1587 tempora
3281 1522 3652 1591 designantur,
3676 1540 3752 1593 per

2190 1598 2403 1652 lilorum
2449 1616 2580 1656 vero
2621 1605 2991 1673 duplicitateiu
3038 1608 3154 1660 dies
3183 1619 3238 1662 et
3265 1622 3476 1674 noctes,
3528 1613 3751 1669 videlicet

2191 1700 2249 1740 ut
2280 1701 2520 1758 quatuor
2550 1695 2676 1747 anni
2704 1696 3056 1764 temporibus,
3084 1697 3245 1752 iidem
3277 1708 3388 1753 toto
3425 1716 3589 1765 anno,
3624 1715 3751 1759 nocte

2189 1797 2404 1850 quoque
2445 1793 2501 1837 et
2531 1785 2636 1850 die,
2675 1787 2765 1841 Dei
2823 1789 3202 1842 mandatorum
3251 1807 3526 1848 memores
3571 1807 3748 1852 essent.

2189 1871 2318 1926 Nam
2351 1889 2445 1941 per
2489 1883 2598 1931 tres
2628 1879 2796 1932 nodos
2837 1884 3148 1949 superiores
3172 1921 3187 1946 ,
3236 1880 3476 1936 Trinitas
3507 1900 3748 1953 persona-

2189 1981 2330 2030 rum,
2386 1982 2482 2036 per
2532 1969 2666 2023 duos
2712 1982 2893 2025 autem
2929 1975 3238 2039 inferiores,
3273 1976 3380 2029 duo
3433 1976 3751 2033 insinuantur

2187 2059 2556 2125 Testamenta,
2584 2063 2668 2116 lex
2697 2064 2904 2119 scilicet
2936 2066 3150 2130 Moysis,
3181 2077 3236 2122 et
3270 2068 3641 2139 Evangelium.
3663 2070 3750 2125 No-

2187 2159 2330 2205 tatur
2385 2168 2601 2222 quoque
2650 2154 2888 2208 Trinitas
2943 2158 2994 2210 in
3056 2159 3228 2213 tribus
3282 2160 3748 2224 benedictionibus,

2183 2242 2381 2311 quibus
2409 2245 2590 2298 Aaron
2622 2253 2675 2298 et
2707 2245 2798 2298 lilii
2833 2248 2950 2316 ejus
2984 2248 3384 2303 benedicebaut
3429 2250 3555 2304 ﬁliis
3603 2251 3747 2306 Israel

2183 2349 2251 2388 ex
2303 2347 2574 2404 praecepto
2609 2337 2822 2391 Domini
2874 2339 3106 2393 dicentis
3148 2341 3214 2394 ad
3254 2340 3510 2410 Moysen:
3544 2342 3748 2412 Loquere

2182 2424 2360 2477 Aaron
2409 2435 2455 2478 et
2488 2425 2613 2492 ﬁliis
2644 2426 2756 2494 ejus
2786 2441 2802 2477 :
2840 2425 2928 2480 Sic
2973 2429 3282 2482 benedice:is
3324 2430 3454 2498 ﬁliis
3490 2431 3670 2497 Israel,
3701 2442 3744 2486 et

2182 2515 2364 2567 dicetis
2391 2515 2464 2568 eis
2493 2529 2510 2566 :
2553 2515 2838 2570 Benedicat
2869 2518 2963 2570 tibi
2992 2520 3248 2574 Dominus
3272 2561 3287 2586 ,
3321 2534 3367 2576 et
3411 2526 3661 2579 custodiat
3685 2537 3742 2587 te,

2183 2606 2418 2658 Ostendat
2470 2605 2728 2660 Dominus
2775 2609 3168 2676 faciem-suam
3201 2613 3314 2678 tibi,
3363 2625 3410 2666 et
3463 2616 3748 2670 misereatur

2182 2696 2278 2758 tui,
2303 2706 2563 2749 conuertat
2585 2697 2838 2751 Dominus
2865 2687 3061 2754 uultum
3084 2719 3236 2756 suum
3262 2704 3332 2756 ad
3354 2715 3404 2758 le
3426 2747 3440 2769 ,
3480 2717 3529 2760 et
3566 2709 3646 2761 det
3668 2710 3746 2767 tibi

2180 2803 2360 2856 pacem
2389 2787 2578 2858 (Num.
2605 2793 2706 2859 vi).
2742 2790 2836 2845 llis
2864 2795 3062 2862 quippe
3093 2795 3564 2852 benedictionibus
3591 2815 3747 2854 sacer-

2183 2881 2277 2934 dos
2302 2881 2458 2936 alicui
2484 2882 2816 2938 bcnediceus
2838 2924 2852 2948 ,
2887 2897 3175 2953 protensas
3207 2897 3341 2959 ante.
3375 2890 3581 2944 vultum
3608 2906 3741 2945 suum

2183 2971 2388 3039 palmas
2419 2982 2680 3041 utrasque
2727 2975 2962 3028 tenebat.
2991 2977 3125 3030 Cum
3168 2993 3299 3032 vero
3329 2979 3550 3035 dicebat
3588 2983 3743 3036 Domi-

2187 3079 2289 3116 nus
2318 3077 2479 3131 quem
2512 3063 2777 3120 l‘lcbraice
2825 3066 2917 3119 illo
2946 3068 3090 3136 quod
3123 3084 3285 3138 supra
3339 3072 3575 3128 diximus
3620 3076 3742 3128 trino

2185 3160 2242 3206 et
2297 3167 2405 3206 uno
2464 3154 2682 3208 nomine
2717 3155 3082 3224 exprimebat,
3127 3169 3234 3214 tres
3285 3162 3486 3231 digitos
3534 3165 3740 3234 priores,

2187 3243 2433 3314 pollicem
2463 3245 2744 3310 videlicet,
2776 3247 3048 3313 indicem,
3091 3259 3254 3319 atque
3295 3255 3532 3308 medium
3575 3272 3742 3310 manus

2185 3335 2468 3404 utriusque
2510 3345 2688 3392 rectos
2730 3337 2889 3394 altius
2920 3341 3198 3410 erigebat,
3249 3353 3304 3397 et
3349 3345 3498 3399 dicto
3533 3347 3602 3400 ita
3644 3349 3738 3402 Do-

2183 3428 2350 3492 mino,
2385 3429 2583 3499 digitos
2631 3439 2689 3483 ut
2726 3430 2876 3500 prius
2914 3433 3243 3488 remittebat.
3273 3435 3381 3490 Sed
3414 3439 3500 3492 dic
3530 3441 3670 3507 mihi,
3707 3455 3741 3497 ο

2183 3519 2412 3590 Moyses,
2443 3521 2570 3590 quid
2605 3523 2768 3576 trium
2800 3523 3090 3591 digitorum
3119 3525 3354 3582 elatione
3386 3531 3573 3584 melius
3596 3547 3736 3601 quam

2182 3610 2468 3666 Trinitatis
2507 3613 2828 3668 excellentia
2861 3617 3062 3684 poterit
3101 3617 3483 3688 allegorizari?
3515 3622 3654 3688 Quod
3695 3623 3737 3678 si

2181 3705 2312 3774 quid
2345 3706 2489 3759 aliud
2521 3721 2683 3776 super
2710 3708 2794 3763 his
2825 3718 3015 3764 notare
3047 3719 3098 3764 tu
3127 3711 3340 3767 noriset
3369 3713 3567 3778 valeas,
3594 3715 3732 3780 milii,

2179 3812 2364 3866 quaeso
2402 3799 2577 3853 edisse
2587 3815 2693 3854 ras.

2247 3929 2481 3986 Movses.
2533 3932 2675 3987 Sane
2728 3948 2904 4004 neque
2952 3935 3078 3990 illud
3125 3939 3268 4008 quod
3317 3941 3547 4008 dixistis,
3583 3957 3732 4011 neque

2177 4023 2472 4092 quidquam
2506 4023 2652 4078 aliud
2689 4041 2850 4094 super
2877 4027 2993 4082 hmc
3026 4045 3264 4100 unquam
3291 4036 3607 4090 notavimus.
3638 4035 3727 4089 Sed

2177 4129 2276 4168 nec
2303 4115 2551 4170 doctores
2581 4118 2751 4172 nostri
2784 4119 3060 4190 quidpiam
3099 4124 3401 4180 notandum
3443 4143 3560 4182 esse
3600 4127 3724 4183 disco

2178 4215 2327 4260 runt.

2245 4317 2479 4397 PETRlls.
2531 4343 2668 4410 Quid
2717 4345 2879 4400 etiam
2931 4348 3034 4402 nisi
3067 4349 3279 4405 trinitas
3321 4367 3652 4422 personarum
3682 4356 3726 4407 in

2175 4449 2240 4489 eo
2265 4436 2410 4505 quod
2457 4437 2589 4490 dicit
2635 4437 2800 4492 Isaias
2849 4441 3111 4509 propheta
3158 4446 3338 4498 notari
3393 4457 3578 4516 potest,
3609 4448 3725 4500 trina

2105 4532 2149 4590 ι)
2177 4527 2428 4583 videlicet
2454 4518 2767 4598 angelorum
2788 4547 2918 4586 voce
2939 4532 3274 4588 laudantium
3299 4538 3468 4592 Deum
3494 4547 3547 4592 et
3569 4539 3727 4592 dicen-

2177 4621 2306 4672 tium
2338 4636 2350 4672 :
2381 4618 2629 4686 Sanctus,
2664 4633 2896 4686 sanctus,
2923 4635 3156 4687 sanctus,
3189 4626 3448 4682 Dominus
3479 4629 3611 4683 Deus
3641 4627 3726 4684 Sa-

2175 4709 2371 4764 baoth?
2401 4710 2536 4782 (Isa.
2564 4713 2668 4781 vi.)
2711 4713 2821 4768 Cur
2849 4716 2992 4769 enim
3027 4724 3109 4770 ter
3157 4727 3366 4774 tantum
3418 4731 3627 4777 sanctus
3659 4721 3729 4772 di-

2173 4810 2301 4854 cunt
2329 4802 2502 4870 magis
2525 4817 2685 4871 quam
2723 4804 2911 4870 semel,
2939 4805 3020 4860 vel
3045 4807 3147 4872 bis,
3179 4809 3260 4862 vel
3291 4810 3491 4876 decies,
3519 4811 3597 4866 vel
3621 4826 3727 4865 cen-

2175 4894 2291 4956 ties,
2321 4893 2403 4948 vel
2439 4895 2546 4948 alio
2597 4911 2824 4951 numero
2863 4898 3084 4966 aliquo?
3113 4898 3225 4954 Cur
3259 4901 3306 4955 si
3354 4901 3584 4958 breviter
3625 4902 3722 4954 lau-

2173 4985 2303 5040 dare
2328 4985 2526 5040 vellent
2578 4989 2748 5042 semel
2797 5000 3010 5045 sanctus
3058 5007 3165 5045 non
3212 4992 3495 5048 dicerent?
3541 4994 3595 5049 Si
3616 5007 3730 5047 vero

2172 5077 2424 5142 multum,
2456 5093 2554 5133 cur
2580 5095 2686 5134 non
2725 5093 3006 5137 centenam
3037 5083 3119 5138 vel
3144 5085 3444 5156 millenam,
3469 5089 3553 5144 vel
3590 5089 3727 5142 innu-

2169 5185 2375 5225 meram
2405 5169 2617 5226 laudem
2647 5173 3003 5230 exhiberem?

2241 5302 2470 5359 Movses.
2496 5303 2605 5360 Nos
2631 5306 2852 5375 quidem
2883 5309 2938 5362 in
2969 5310 3287 5380 angelorum
3331 5313 3491 5371 laude
3522 5329 3722 5371 causam

2168 5395 2367 5449 nullam
2413 5399 2563 5453 vocis
2619 5397 2764 5456 illius
2821 5401 3009 5469 trium,
3061 5403 3167 5458 nisi
3224 5405 3484 5475 placitum
3538 5409 3724 5464 scimus

2167 5486 2426 5556 ipsorum.

2237 5617 2468 5677 Pernus.
2508 5623 2562 5677 Si
2589 5625 2654 5678 ad
2687 5625 2897 5696 singula
2941 5641 3062 5697 quae
3093 5645 3426 5701 proposuero
3465 5634 3723 5690 nescimus

2166 5716 2538 5781 reSponderis,
2569 5719 2698 5787 quid
2724 5719 2868 5775 aliud
2898 5737 3061 5790 quam
3087 5734 3138 5777 te
3160 5726 3361 5780 victum
3385 5736 3441 5781 et
3463 5727 3720 5784 contraire

2167 5803 2499 5860 nescientem
2535 5807 2757 5865 lateris?
2797 5811 3052 5868 TeStatur
3085 5830 3217 5872 sane
3247 5827 3300 5872 et
3341 5817 3503 5873 David
3549 5830 3717 5886 perso-
