4038 6452
298 382 408 442 6ἰὸ

304 512 504 552 narum
565 497 858 551 trinitatem
905 507 1023 546 cum
1072 491 1203 547 dicit
1251 511 1264 545 :

303 587 386 661 [et
431 586 842 655 eonﬁrmamini,
873 580 1007 655 ete.]
1046 594 1092 636 et
1134 584 1369 636 virtutem
1401 581 1536 650 ejus.
1581 593 1627 635 et
1662 584 1878 651 quwrite

303 681 494 750 faciem
530 679 647 746 ejus
675 691 870 743 semper
899 670 1070 743 (I’sal.
1100 671 1233 741 etv).
1278 671 1414 738 Quid
1445 680 1524 724 est
1558 672 1704 728 enim,
1737 671 1880 740 quod

303 769 486 823 dixit:
528 769 750 836 quwrite
781 765 1058 818 Dominum
1082 773 1129 816 et
1158 764 1394 816 virtutem
1421 763 1552 830 ejus.
1587 775 1636 816 et
1665 765 1880 832 quwrite

305 860 497 928 facient
523 857 781 927 ejus,uisi
812 857 1036 925 qua-rite
1066 853 1299 917 Patrem,
1335 863 1390 907 et
1418 853 1633 917 Filium,
1669 864 1724 907 et
1754 853 1878 922 Spi-

303 951 507 1006 ritum?
538 951 639 1016 Qui
669 963 898 1017 namque
929 961 1021 1016 per
1050 947 1303 1000 virtutem
1341 938 1550 998 Domini
1588 945 1689 998 nisi
1715 944 1883 1000 Filius

301 1043 448 1109 ejus,
491 1043 582 1110 qui
619 1057 745 1093 vero
795 1055 888 1108 per
933 1038 1126 1092 faciem
1153 1076 1168 1100 ,
1228 1037 1326 1090 nisi
1383 1035 1618 1104 Spiritus
1662 1047 1881 1092 sanctus

302 1131 670 1200 intelligitur?
725 1130 878 1198 Quod
914 1129 957 1182 si
997 1138 1049 1182 tu
1105 1128 1248 1180 aliud
1291 1128 1590 1194 intelligas,
1623 1128 1879 1182 edissere.

302 1221 434 1275 Ila:c
484 1221 672 1288 itaque
716 1228 1020 1272 sanctarum
1048 1216 1353 1269 testimonia
1386 1214 1786 1285 Scripturarum
1817 1217 1884 1271 de

302 1312 556 1364 trinitate
591 1323 970 1378 personarum,
1027 1307 1158 1360 satis
1187 1306 1610 1374 intelligentibus
1639 1305 1883 1360 suilieere

304 1411 596 1470 poterunt.
632 1399 688 1454 Si
721 1400 863 1452 enim
897 1406 1086 1451 cuncta
1133 1413 1251 1465 qua:
1307 1411 1519 1466 possem
1565 1411 1726 1466 super
1771 1397 1885 1450 hare

301 1490 630 1543 inducerem
658 1486 984 1549 testimonia,
1004 1485 1141 1539 liber
1161 1501 1222 1540 ea
1252 1501 1476 1557 magnus
1506 1500 1612 1540 non
1643 1495 1882 1553 caperet.

307 1583 380 1633 be
415 1580 500 1632 his
535 1579 700 1641 igitur
729 1579 1012 1632 hactenus.
1047 1577 1103 1631 Si
1149 1577 1276 1648 quid
1325 1586 1504 1631 autem
1537 1576 1681 1631 aliud
1710 1577 1882 1635 habes

303 1670 676 1741 interrogare,
709 1685 775 1724 ne
805 1671 1052 1724 moreris.

867 1775 1166 1832 TITULUS
1224 1775 1331 1831 VII.

1797 379 2088 438 DIALOGI.

1317 467 1545 557 Quwrite
1602 490 1880 546 Dominum
1909 504 1958 558 Α
1986 494 2124 546 vobis
2145 501 2220 546 est
2242 495 2482 549 molestos
2511 511 2618 552 esse
2645 496 2960 562 hominibus,
2986 497 3109 569 quia
3137 497 3338 552 molesti
3358 467 3480 554 estis
3509 510 3557 554 et

3441 374 3547 440 bit

3358 464 3392 481 Α

1980 584 2090 639 Deo
2130 587 2283 640 meo!
2329 584 2551 657 Propter
2579 591 2674 644 hoc
2703 591 2849 644 dabit
2880 591 3136 646 Dominus
3171 591 3278 662 ipse
3307 595 3447 647 vobis
3485 596 3560 649 si-

1979 689 2173 743 gnum:
2197 676 2334 730 Ecce
2365 679 2504 748 virgo
2525 683 2799 749 concipiil,
2829 693 2876 735 et
2901 683 3069 750 pariet
3097 683 3290 750 filium,
3325 694 3374 739 et
3400 701 3558 739 voea-

1981 765 2049 817 bi.‘
2077 781 2259 819 nomen
2285 767 2397 836 ejus
2429 768 2736 824 Emmanuel
2775 770 2926 841 (Luc.
2963 787 3008 835 t;
3045 771 3236 826 Matth.
3263 773 3321 836 t).
3352 774 3417 827 Et
3445 775 3561 829 hare

1981 855 2202 922 quidam
2245 858 2524 926 prophetia
2551 870 2769 930 propter
2800 861 3075 915 Christum
3107 863 3249 917 dicta
3274 872 3380 932 est,
3409 875 3466 920 et
3492 864 3560 920 ad

1979 941 2193 996 beatam
2219 959 2314 1012 per
2337 947 2581 1014 angelum
2608 947 2830 1001 Mariam
2862 951 3110 1018 repetita.

2052 1033 2281 1088 Movsss.
2317 1037 2382 1090 Et
2415 1039 2682 1106 quomodo
2713 1039 2816 1092 hoc
2845 1049 2990 1094 stare
3020 1041 3216 1108 poterit
3236 1082 3250 1103 .
3279 1043 3418 1111 quod
3446 1044 3560 1098 hate

1982 1139 2100 1191 quae
2127 1125 2192 1176 ad
2224 1125 2405 1178 Achaz
2437 1129 2709 1182 nuntiavit
2737 1130 2924 1192 Isaias,
2949 1142 3171 1201 propter
3200 1133 3474 1190 Christum
3503 1145 3562 1190 ut

1984 1215 2185 1268 asseris
2217 1216 2357 1268 dicta
2391 1218 2500 1270 sint
2524 1228 2575 1270 ct
2599 1218 2824 1271 Mariam
2853 1259 2866 1282 ,
2908 1236 3028 1273 cum
3075 1223 3142 1276 ab
3181 1223 3364 1278 Achar.
3393 1240 3562 1293 usque

1985 1302 2052 1354 ad
2094 1301 2317 1355 Mariam
2369 1304 2558 1370 multa,
2587 1316 2644 1358 ut
2685 1306 2799 1374 ipse
2849 1310 3012 1374 nosti,
3041 1324 3306 1364 annorum
3338 1323 3561 1367 centena

1986 1391 2344 1446 transierint?

2057 1480 2291 1538 PETRUS.
2342 1485 2397 1538 Si
2449 1495 2673 1556 propter
2728 1487 3002 1543 Christum
3053 1501 3106 1545 et
3153 1491 3378 1546 Mariam
3417 1495 3561 1550 dicta

1987 1583 2106 1622 esse
2153 1586 2258 1624 non
2290 1573 2492 1638 credis,
2541 1585 2762 1645 propter
2783 1591 2942 1646 quem
2988 1593 3117 1650 ergo
3155 1581 3369 1652 prolata
3399 1582 3565 1640 fuisse

1988 1659 2186 1713 arbitra
2199 1661 2306 1714 ris?

2061 1752 2290 1809 Movses.
2361 1755 2610 1812 Profecto
2666 1771 2888 1829 propter
2965 1778 3189 1818 uxorem
3248 1765 3451 1832 Achaz,
3510 1775 3566 1822 et

307 1871 590 1935 Quomodo
628 1869 785 1939 Virgo
811 1869 983 1923 Maria
1005 1911 1019 1932 ,
1053 1871 1114 1922 de
1153 1868 1353 1936 Spiritu
1385 1880 1562 1923 sancto
1598 1871 1889 1939 concipiens
1927 1851 1966 1904 Β
1995 1841 2159 1939 ωίξηη
2185 1841 2300 1911 eius
2334 1844 2622 1939 liuidum"
2656 1848 2744 1916 (μή
2779 1850 2843 1903 de
2871 1866 2931 1904 (³³
2959 1861 3117 1905 "ams
3145 1862 3245 1906 es"

646 1942 759 1993 sine
808 1941 903 1993 uiri
948 1945 1313 1992 commixtione
1356 1942 1568 2009 peperit.

379 2029 621 2084 Mosscs.
659 2029 779 2083 lam
823 2030 888 2083 de
934 2028 1102 2081 Maria
1148 2028 1269 2081 volo
1316 2029 1607 2095 edisseras,
1660 2029 1891 2098 qualiter

303 2135 432 2174 eam
475 2121 597 2174 sine
630 2120 733 2173 viri
789 2119 976 2189 c0pula
1032 2120 1307 2189 peperisse
1346 2118 1498 2190 (Luc.
1529 2136 1578 2187 t;
1627 2120 1814 2174 Matth.
1850 2119 1888 2192 ι)

303 2217 526 2279 credas,
557 2224 612 2269 et
647 2230 744 2286 ego
771 2215 814 2269 si
846 2223 1032 2284 potero
1071 2215 1373 2268 contraiho.

379 2306 624 2360 Pernus.
662 2306 944 2360 Credimus
990 2320 1120 2360 sane
1177 2304 1382 2373 Spiritu
1433 2313 1625 2359 sancto
1669 2305 1719 2359 in
1770 2320 1888 2359 eam

305 2397 752 2466 Supervenieule,
781 2396 982 2449 virtute
1008 2394 1269 2447 Altissitui
1302 2395 1470 2462 ipsam
1511 2396 1888 2458 obumbrante,

305 2488 377 2541 de
409 2489 586 2556 ipsius
631 2485 914 2550 membris,
956 2494 1014 2538 ut
1061 2484 1168 2537 Deo
1211 2483 1432 2552 placuit,
1475 2484 1618 2538 vires
1650 2485 1700 2538 in
1727 2501 1889 2538 unttnt

305 2577 659 2638 convenisse,
691 2585 746 2628 et
793 2575 866 2628 ita
898 2590 1014 2629 eam
1049 2574 1163 2628 siue
1186 2574 1288 2628 viri
1338 2574 1526 2642 copula
1554 2575 1887 2643 concepisse.

382 2668 621 2723 Movses.
682 2667 816 2720 Mira
871 2665 1086 2734 quidem
1141 2680 1227 2719 res
1269 2674 1324 2718 et
1369 2665 1434 2718 ad
1488 2665 1890 2734 intelligendum

307 2757 570 2823 diﬂicilis,
627 2756 1082 2825 quemadmodum
1123 2755 1192 2808 de
1229 2764 1399 2808 matre
1431 2756 1570 2808 filius
1597 2757 1712 2809 sine
1745 2767 1893 2825 patre

308 2849 527 2904 carnali
561 2847 707 2917 gigni
740 2846 994 2915 potuerit.
1026 2845 1280 2898 Videmus
1308 2846 1448 2899 enim
1495 2847 1545 2899 in
1596 2848 1693 2900 ista
1729 2849 1895 2902 homi-

310 2955 448 2993 num
480 2951 742 2992 cousneta
775 2935 1143 3005 generatione.
1174 2935 1297 3004 quia
1326 2936 1424 2988 ttisi
1459 2937 1665 2991 duabus
1689 2939 1893 2992 naturis

309 3025 794 3088 convenientibus,
830 3025 931 3078 viri
960 3025 1173 3094 quidem
1202 3041 1264 3080 ac
1294 3023 1526 3092 femiuze,
1555 3027 1714 3081 homo
1736 3045 1896 3098 gene-

308 3117 427 3170 rari
463 3131 572 3170 noo
606 3115 804 3184 possit.

386 3209 633 3262 Ρετιιυε.
661 3208 770 3261 Cur
815 3205 916 3260 ista
950 3207 1228 3276 generatio
1278 3207 1411 3261 mira
1448 3209 1538 3262 tibi
1579 3211 1810 3275 videtur,
1843 3223 1897 3267 et
1924 3180 1966 3238 ο

311 3299 645 3360 iuelfabilis,
685 3314 806 3351 eum
856 3298 967 3366 jattt
1019 3298 1351 3351 consimilem
1410 3300 1681 3362 audieris,
1734 3316 1896 3370 quant

309 3388 601 3440 credimus
637 3398 689 3440 et
741 3405 837 3442 nos
864 3397 919 3442 et
964 3404 1087 3450 vos,
1136 3388 1301 3441 Evam
1333 3389 1577 3443 videlicet
1621 3393 1736 3444 sine
1787 3409 1900 3445 tua-

314 3489 401 3533 tre
438 3480 506 3533 de
537 3489 728 3547 patre,
777 3481 876 3534 hoc
919 3491 999 3535 est
1040 3482 1105 3534 de
1149 3496 1311 3534 carne
1358 3483 1524 3535 Adam
1578 3486 1898 3554 procreari?

313 3567 482 3637 (Cen.
513 3569 600 3635 tt.)

393 3659 634 3713 Movses.
669 3659 849 3714 Potuit
896 3675 1024 3715 sane
1072 3661 1350 3731 generatio
1383 3661 1470 3714 illa
1509 3665 1651 3718 sicut
1692 3675 1746 3720 et
1792 3667 1898 3720 ista

315 3764 417 3819 per
455 3749 776 3802 miraculum
809 3750 946 3811 fieri,
977 3751 1069 3803 sed
1103 3752 1166 3803 de
1204 3751 1305 3803 ista
1350 3753 1564 3818 quidem
1597 3754 1739 3820 quod
1786 3753 1900 3807 fue-

319 3843 394 3895 rit
424 3842 809 3894 auctoritatem
837 3843 1114 3907 habemus,
1145 3839 1310 3910 lloysi
1340 3842 1588 3896 videlicet
1615 3843 1769 3912 (Cen.
1816 3848 1898 3913 tt),

317 3937 409 3990 cui
435 3936 619 3989 nullus
661 3935 980 3989 contradicit
1011 3935 1298 4004 legitimus,
1332 3935 1397 3988 de
1430 3935 1518 3988 illa
1547 3950 1673 3989 vero
1705 3937 1900 3989 nullam

319 4039 459 4098 puto
490 4029 874 4081 auctoritatem
908 4027 1168 4092 invenies,
1202 4027 1245 4080 si
1297 4035 1474 4079 tamen
1503 4026 1568 4080 de
1598 4025 1749 4081 libris
1775 4043 1901 4096 pro-

320 4121 620 4188 phetarum
646 4119 878 4188 aliquam
905 4118 1147 4171 audieris
1173 4116 1374 4186 profer.

395 4211 640 4265 Pcrnus.
681 4210 795 4262 Non
837 4225 993 4262 uuam
1026 4210 1239 4277 quidem
1289 4225 1450 4278 super
1498 4209 1804 4279 hujusmodi
1847 4226 1903 4264 re

317 4304 504 4356 dicam
565 4302 981 4364 auctoritatem,
1035 4301 1128 4354 sed
1185 4301 1382 4353 multas
1409 4339 1423 4363 ,
1465 4316 1585 4354 cum
1617 4301 1683 4354 de
1725 4301 1902 4354 futura

318 4391 532 4446 (ἰὴν-ἱειὶ
568 4391 872 4455 nativitate,
901 4390 1083 4443 multis
1106 4405 1156 4443 tu
1196 4390 1325 4443 locis
1349 4390 1620 4459 pnelocuti
1649 4392 1755 4445 siut
1783 4407 1904 4460 pro-

318 4483 507 4548 phetze

391 4570 629 4623 Movscs.
653 4569 706 4621 Si
731 4569 872 4638 quod
906 4569 1039 4622 dicis
1062 4566 1328 4632 effeceris,
1358 4578 1502 4621 tuam
1535 4569 1720 4638 procul
1743 4571 1904 4624 dubio

321 4661 490 4714 fidem
526 4659 813 4711 tutaheris.

413 4751 660 4804 Penus.
718 4751 772 4803 ln
805 4749 994 4817 primis
1047 4749 1213 4820 igitur
1271 4750 1558 4804 recordare
1624 4750 1750 4819 quid
1815 4767 1908 4820 per

319 4842 526 4895 Isaiam
554 4841 622 4894 ad
650 4841 828 4893 Aehaz
859 4841 1061 4895 dictum
1090 4849 1192 4905 est,
1226 4855 1404 4909 regem
1450 4839 1623 4895 Juda:
1655 4856 1910 4910 superve-

321 4930 612 4984 nientibus
641 4929 784 4983 enim
815 4944 978 5000 super
1005 4945 1126 4984 eum
1166 4929 1412 4984 hostibus
1439 4931 1575 4994 suis,
1608 4946 1733 5001 rege
1763 4931 1912 4986 vide-

320 5021 458 5075 licet
484 5021 779 5085 Armeniae,
811 5030 867 5074 et
914 5035 1039 5088 rege
1091 5020 1270 5082 Israel,
1305 5021 1384 5074 sic
1430 5021 1495 5074 ad
1545 5036 1669 5075 eum
1702 5021 1912 5076 locutus

321 5123 411 5168 est
443 5113 615 5168 Isaias
649 5129 662 5166 :
700 5111 782 5166 Ne
811 5113 1015 5176 timeas,
1066 5111 1261 5180 inquit,
1301 5127 1334 5164 ο
1380 5113 1560 5166 Acha:
1587 5152 1602 5178 ,
1635 5115 1762 5182 quia
1805 5130 1912 5168 non

322 5208 647 5259 destruetur
687 5203 1040 5264 Hierusalem,
1074 5211 1128 5256 et
1163 5218 1229 5257 ne
1266 5202 1494 5257 dubites.
1548 5202 1674 5258 Pete
1713 5205 1805 5258 tibi
1841 5207 1912 5259 si-

322 5310 491 5364 gnum
525 5310 560 5346 a
599 5293 808 5346 domino
854 5292 965 5346 Deo
997 5303 1084 5345 tuo
1126 5294 1180 5346 in
1217 5292 1536 5361 profoudum
1567 5295 1780 5363 inferni,
1812 5297 1915 5350 sive

326 5384 384 5435 in
412 5382 681 5436 excelsum
707 5391 970 5451 supra;et
996 5383 1130 5437 dixit
1160 5384 1372 5438 Achaz:
1397 5381 1519 5437 Non
1545 5395 1713 5453 petant
1737 5397 1783 5438 et
1812 5402 1915 5440 non

324 5475 545 5526 tentabo
578 5473 857 5526 Dominum
887 5473 1018 5544 (Isa.
1053 5477 1177 5545 vtt).
1210 5476 1342 5530 Cum
1365 5488 1544 5530 autem
1577 5481 1917 5547 cognovisset

325 5563 506 5617 Isaias
527 5603 542 5625 ,
569 5564 695 5631 quia
733 5579 840 5618 ttou
869 5566 1008 5618 bona
1041 5567 1145 5620 fide
1174 5568 1400 5622 dixisset
1423 5569 1625 5632 Aehaz,
1659 5572 1764 5623 ittto
1790 5573 1915 5640 quia

326 5657 506 5711 Deum
548 5673 653 5710 non
695 5658 927 5724 timeret,
976 5670 1067 5712 attt
1119 5671 1348 5722 amaret,
1395 5664 1766 5728 respondens:
1807 5663 1917 5716 Au-

327 5751 467 5812 dite,
529 5750 726 5820 inquit,
775 5767 894 5820 ergo
951 5752 1133 5804 (Ionius
1182 5752 1345 5806 David
1385 5769 1400 5805 :
1455 5753 1686 5822 nunquid
1729 5772 1916 5822 parum

2066 1933 2298 1989 Pernus.
2341 1935 2554 1990 Falsum
2589 1949 2670 1990 cst
2697 1942 2837 2007 quod
2879 1942 3034 2006 dicis,
3067 1952 3120 1996 et
3149 1945 3248 1997 hoc
3279 1960 3374 2013 per
3401 1946 3566 2014 impe-

1994 2027 2173 2080 ritiam
2233 2029 2514 2092 astrttitis,
2574 2029 2657 2082 vel
2716 2035 2839 2098 quia
2897 2031 3005 2086 Deo
3056 2048 3156 2087 nec
3209 2025 3563 2090 reverentiam

1993 2133 2091 2171 nec
2128 2119 2384 2172 honorem
2423 2118 2711 2186 exhibetis,
2741 2121 2866 2189 quin
2897 2122 2960 2174 de
3000 2139 3063 2176 eo
3098 2125 3311 2178 mentiri
3343 2136 3398 2178 et
3428 2128 3566 2181 male

1993 2211 2194 2263 sentire
2237 2211 2597 2278 prmsumatis.
2647 2212 2721 2264 Eo
2751 2229 2983 2282 namque
3015 2224 3253 2284 tempore
3281 2218 3420 2284 quod
3451 2217 3566 2271 hate

1993 2297 2060 2350 ad
2110 2297 2289 2350 Achaz
2337 2297 2480 2351 dicta
2529 2307 2672 2361 sunt,
2721 2298 2834 2366 jam
2897 2310 3013 2354 crat
3047 2317 3137 2356 rex
3188 2306 3320 2372 ipse,
3371 2307 3464 2359 sed
3513 2316 3569 2359 et

1993 2385 2133 2440 ﬁlius
2173 2389 2289 2458 ejus
2332 2388 2591 2443 Ezechias
2637 2405 2826 2444 novent
2868 2390 2979 2458 jam
3028 2409 3197 2447 annos
3253 2395 3562 2450 transierat.

1994 2477 2090 2531 Die
2138 2479 2338 2531 etenim
2391 2481 2561 2548 prima
2621 2481 2768 2550 regni
2817 2482 2998 2534 Aehaz
3049 2492 3168 2537 erat
3218 2485 3326 2553 ipse
3379 2486 3566 2554 viginti

1995 2582 2280 2635 annorum,
2340 2580 2392 2624 et
2452 2571 2699 2641 regnavit
2753 2573 2910 2626 anuis
2956 2575 3247 2630 sexdecim.
3309 2576 3569 2632 Ezmhis

1996 2670 2172 2714 autem
2205 2663 2341 2715 illius
2368 2679 2516 2727 suus,
2556 2664 2645 2734 qui
2673 2665 2718 2716 ei
2754 2665 3031 2732 proximus
3061 2665 3112 2718 iu
3149 2682 3310 2735 regno
3337 2683 3555 2721 succes-

1997 2751 2067 2806 sit
2097 2752 2284 2820 viginti
2326 2755 2563 2823 quinque
2589 2771 2756 2807 annos
2799 2756 3047 2816 habebat,
3080 2761 3295 2824 quando
3345 2774 3570 2826 regnare

1997 2844 2179 2910 cmpit.
2242 2843 2440 2897 Novem
2509 2846 2688 2914 itaque
2755 2861 2926 2899 annos
3000 2846 3234 2900 habebat
3283 2848 3571 2914 Ezechias,

1997 2934 2209 3001 quando
2257 2944 2407 3001 pater
2441 2951 2568 2988 suus
2607 2951 2697 2989 rex
2745 2936 2966 2990 elfectus
3000 2946 3104 2990 est.
3141 2937 3262 2992 Ilarc
3311 2939 3472 3006 igitur
3503 2941 3570 2992 de

1999 3037 2102 3090 qua
2168 3023 2375 3092 agimus
2444 3026 2744 3092 prophetia,
2820 3040 2990 3094 neque
3062 3041 3279 3096 propter
3345 3043 3569 3082 uxorem

1999 3111 2200 3177 Achaz,
2233 3130 2404 3182 neque
2451 3130 2671 3184 propter
2702 3117 2866 3171 lilium
2909 3133 3062 3171 suum
3111 3118 3394 3172 Ezechiatt:
3425 3119 3570 3172 dicta

2000 3214 2100 3258 est.

2071 3295 2299 3351 Movses.
2349 3296 2476 3350 Volo
2532 3298 2694 3365 igitur
2737 3298 2864 3352 ntibi
2915 3301 3166 3355 ostendas
3215 3310 3270 3355 et
3314 3301 3571 3375 explanes

2001 3388 2232 3455 qualiter
2283 3398 2500 3457 propter
2548 3387 2788 3452 Mariam,
2834 3399 2888 3443 et
2939 3391 3054 3458 ejus
3104 3392 3271 3445 lilium
3309 3393 3450 3446 dicta
3502 3393 3573 3446 sit

2001 3478 2102 3530 ista
2137 3480 2438 3548 prophetia.

2071 3567 2309 3623 Psruus.
2350 3567 2511 3621 Multa
2568 3580 2716 3625 certe
2771 3572 2820 3624 in
2876 3572 3004 3640 ipsis
3055 3575 3346 3644 prophetiae
3395 3576 3574 3629 verbis

2003 3659 2310 3725 inveniam,
2359 3661 2554 3729 quibus
2605 3661 2959 3730 perfacillime
3027 3667 3344 3720 convincam
3403 3668 3576 3735 ipsant

2003 3766 2107 3804 nou
2161 3763 2382 3822 pmpter
2434 3754 2614 3807 Achaz
2667 3756 2746 3808 vel
2809 3755 2976 3809 filium
3028 3758 3163 3826 ejus.
3213 3759 3321 3812 imo
3358 3768 3577 3828 prOpter

2005 3840 2224 3894 Mariam
2264 3852 2320 3894 et
2367 3841 2532 3895 filium
2573 3843 2687 3910 ejus
2733 3845 3008 3898 Christum
3060 3847 3227 3902 fuisse
3281 3852 3573 3918 prolatam.

2004 3927 2151 3982 Licet
2195 3932 2340 3983 enim
2400 3933 2466 3985 ad
2533 3933 2713 3987 Achaz
2766 3934 3076 4002 loqueretur
3125 3941 3410 4007 propheta,
3471 3956 3576 3994 non

2005 4021 2175 4072 solum
2225 4031 2402 4076 tamen
2464 4025 2530 4076 ad
2571 4040 2718 4090 eum,
2773 4027 2853 4079 vel
2885 4027 2950 4080 de
3009 4043 3106 4082 suo
3158 4039 3397 4097 tempore
3436 4033 3576 4084 dicta

2003 4117 2086 4162 est
2132 4112 2431 4179 prophetia.
2486 4113 2708 4184 Propter
2756 4115 2855 4169 ltoc
2909 4117 3052 4169 enim
3081 4119 3281 4172 dictum
3315 4127 3396 4172 est
3437 4119 3576 4187 (lsa.

2004 4201 2101 4270 vn)
2131 4218 2144 4253 :
2172 4202 2382 4265 Audite,
2425 4204 2610 4256 domus
2657 4205 2858 4268 David,
2889 4222 3012 4264 uou.
3057 4208 3216 4274 Audi,
3252 4219 3326 4273 tu,
3373 4211 3576 4263 Achaz.

2005 4293 2138 4346 Item
2176 4297 2317 4361 quod
2360 4296 2652 4362 propheta:
2705 4295 2860 4348 Dabit
2910 4295 3182 4360 Dominus,
3231 4298 3426 4367 inquit,
3472 4302 3580 4367 ipse

2006 4385 2144 4439 vobis
2185 4387 2412 4454 signum,
2456 4386 2581 4454 quia
2632 4387 2856 4450 addidit,
2895 4389 3026 4457 ipse,
3058 4405 3120 4443 ac
3158 4390 3202 4442 si
3239 4390 3441 4444 diceret
3473 4406 3578 4444 non

1936 4476 2164 4569 Dalius,
2229 4491 2296 4528 ex
2357 4475 2457 4530 hoc
2512 4485 2690 4545 potest
2753 4478 2976 4548 intelligi
3045 4479 3214 4547 ipsum
3297 4481 3580 4534 Dominum

2008 4567 2217 4634 signum
2268 4580 2388 4620 esse
2437 4565 2695 4620 futurunt.
2746 4569 2896 4634 Quod
2927 4569 3087 4622 etiam
3138 4569 3417 4638 pluraliter
3459 4571 3578 4632 ait,

2009 4658 2174 4722 vobis,
2197 4667 2250 4712 et
2279 4671 2384 4710 non
2412 4657 2529 4721 tibi,
2555 4659 2795 4711 inttuitur
2825 4675 2928 4713 non
2947 4669 3165 4728 propter
3190 4661 3387 4724 Acbaz,
3413 4661 3494 4714 vel
3516 4663 3584 4714 ad

2011 4748 2183 4816 ipsum
2203 4748 2374 4803 solum
2400 4750 2500 4804 hoc
2523 4749 2685 4804 fuisse
2708 4750 2929 4803 dictum.
2949 4749 3052 4802 Sed
3072 4759 3124 4803 et
3147 4751 3290 4819 quod
3307 4750 3580 4819 sequitur:

2011 4834 2146 4890 Ecce
2171 4841 2309 4908 virgo
2360 4841 2610 4910 concipiet
2649 4850 2698 4893 et
2742 4841 2910 4908 pariet
2937 4841 3127 4908 ﬁlium,
3160 4851 3205 4894 et
3254 4843 3448 4894 vocabit
3492 4858 3588 4895 no-

2015 4943 2129 4981 men
2148 4931 2260 4998 ejus
2281 4931 2622 4996 Emmanuel,
2647 4943 2894 5000 patenter
2923 4931 3160 4986 insinuat
3191 4948 3294 4985 uou
3327 4935 3393 4985 de
3417 4947 3586 4987 uxore

2013 5017 2216 5081 Acbaz,
2271 5019 2354 5072 vel
2430 5019 2540 5073 tilio
2593 5020 2709 5088 ejus
2787 5020 2990 5077 dixisse
3061 5023 3399 5091 prophetam.
3450 5021 3586 5084 Nam

2014 5123 2190 5178 neque
2219 5109 2496 5164 mulierem
2532 5113 2838 5164 maritatam
2891 5113 3152 5184 virginem
3189 5123 3453 5176 vocasset,
3488 5129 3588 5167 uec

2017 5197 2336 5254 miraculum
2385 5201 2598 5270 aliquod
2641 5211 2784 5256 esset
2829 5202 2940 5257 sive
2996 5205 3208 5274 signum
3235 5245 3250 5269 ,
3310 5205 3587 5260 mulierem

2015 5289 2194 5344 virum
2251 5291 2538 5346 habentem
2604 5304 3013 5363 concepturam,
3082 5296 3165 5350 vel
3218 5296 3388 5349 filium
3449 5294 3590 5348 forte

2016 5383 2336 5450 parituram.
2388 5383 2527 5450 Quin
2573 5393 2630 5440 et
2681 5386 2732 5438 in
2781 5387 2885 5440 hoc
2916 5387 3058 5456 quod
3114 5387 3309 5440 ibidem
3362 5386 3584 5453 legitur,

2017 5474 2240 5539 uocabit,
2281 5475 2387 5528 duo
2439 5483 2563 5528 sunt
2600 5475 2867 5540 notanda,
2917 5477 3124 5532 scilicet
3163 5477 3304 5544 quod
3349 5485 3397 5528 et
3449 5475 3589 5528 Deus

2019 5565 2097 5620 sic
2147 5565 2401 5635 appellari
2431 5566 2626 5620 Filium
2677 5569 2913 5632 volebat,
2956 5578 3010 5620 et
3056 5569 3195 5635 quod
3250 5568 3365 5619 sine
3397 5582 3591 5620 carna-

2020 5657 2054 5710 Ii
2099 5670 2252 5726 patre
2303 5660 2453 5728 virgo
2495 5659 2633 5712 foret
2673 5674 2894 5727 puerum
2933 5660 3198 5728 genitura.
3231 5658 3459 5726 Propter
3489 5658 3591 5712 hoc

2020 5750 2165 5804 enint
2194 5751 2288 5816 ait,
2334 5750 2556 5816 vocabit,
2602 5767 2664 5807 ac
2708 5751 2751 5805 si
2783 5751 3007 5815 diceret,
3065 5751 3179 5822 ipsa
3215 5761 3391 5806 tamen
3423 5764 3588 5807 voc;-
