4142 6360
435 381 544 438 615

1367 368 1566 423 PETRi
1606 363 1945 421 ALPllONSl
1983 362 2076 417 EX
2115 359 2358 417 JUDAEO
2399 359 2805 415 CllRlSTlANl

3607 355 3712 412 816

428 489 528 547 bit.
574 497 631 544 et
676 501 782 543 non
841 490 1012 554 pater.
1076 477 1336 532 Novimus
1396 476 1561 528 etiam
1631 475 1772 543 quod
1833 486 2008 542 neque
2041 491 2085 548 Α
2115 474 2276 526 verba
2330 487 2538 538 eorum,
2589 479 2645 525 et
2675 472 3007 525 sientverba
3041 469 3320 524 hominum
3364 468 3500 526 febri
3549 485 3710 528 acuta

431 567 633 652 aliquid
690 577 872 631 Acbaz
926 573 1067 624 lilius
1126 583 1298 636 neque
1346 567 1632 634 quisquam
1680 565 1818 618 alius
1850 564 2009 616 homo

431 673 690 742 temporis
737 669 898 728 illius,
946 664 1050 716 boc
1099 661 1318 714 nomine
1379 660 1522 727 quod
1566 669 1648 711 est
1697 653 2012 709 Emmanuel

372 751 390 761 δ
431 769 501 822 sit
525 767 767 817 vocatus.

502 855 734 909 Messes.
778 848 943 904 Miror
969 861 1100 899 sane
1133 859 1294 912 super
1339 852 1410 906 te,
1443 843 1560 894 viro
1599 841 1792 908 linguae
1817 849 2015 892 nostra:

431 959 542 1003 tam
583 946 779 1015 perito,
809 940 951 1010 quod
980 940 1050 992 ita
1092 939 1251 990 verba
1285 935 1590 991 conluudis.
1623 944 1677 985 et
1705 931 2016 997 Scripturas

431 1035 716 1109 pervertis.
731 1031 913 1099 Neque
941 1029 1108 1092 enim,
1137 1038 1194 1079 ιιι
1227 1029 1337 1094 ipse
1364 1025 1526 1085 nosti,
1547 1023 1724 1090 posuit
1754 1024 2016 1089 propheta

433 1144 629 1182 nomen
652 1127 704 1178 in
740 1123 1028 1182 Hein'aieo,
1055 1119 1195 1185 quod
1221 1117 1481 1184 virginem
1509 1115 1695 1166 reddat
1725 1114 1774 1164 in
1803 1111 2016 1163 Latino.

433 1221 587 1287 Quod
637 1218 678 1272 si
747 1216 925 1268 facere
975 1212 1159 1274 vellet,
1215 1211 1399 1276 utique
1456 1206 1671 1259 bethula
1733 1203 2018 1273 posuisset.

433 1311 622 1366 Posuit
667 1318 846 1361 autem
889 1306 1091 1366 balma,
1143 1303 1285 1370 quod
1325 1300 1558 1370 puellam
1603 1306 1811 1350 tantum
1852 1294 2022 1364 signi-

436 1405 580 1458 ﬁcat.
1483 1433 1486 1436 ~

508 1492 741 1545 Ρετιιυς.
785 1487 983 1551 lnjuste
1031 1483 1292 1554 profecto,
1335 1498 1366 1534 o
1403 1481 1635 1551 Moyses,
1666 1475 2020 1541 eontradicis,

440 1599 540 1638 nec
591 1583 782 1648 linguae
845 1593 996 1630 nsum
1063 1577 1355 1635 llebraicm,
1397 1575 1480 1626 vel
1529 1559 1779 1624 naturam
1860 1584 2024 1638 agno-

439 1691 594 1730 scere
661 1674 871 1725 videris.
942 1669 1129 1721 Mulier
1171 1684 1400 1733 namque
1461 1667 1573 1718 sive
1640 1664 1852 1730 juvenis
1913 1661 2026 1714 sive

441 1783 678 1826 annosa;
730 1765 968 1833 quaudiu
1029 1773 1206 1814 autem
1267 1759 1486 1829 juvenis
1547 1767 1650 1819 est,
1737 1757 1909 1824 virgo,
1979 1754 2026 1807 si

2119 565 2507 628 laborantium,
2544 563 2625 616 vel
2657 563 2762 616 alio
2806 563 2995 617 morbo
3024 563 3392 626 delirantium,
3441 563 3590 619 nullo
3619 579 3713 620 or-

2121 656 2247 708 dine.
2332 664 2458 708 sunt
2516 670 2793 720 connexa,
2863 654 2941 707 sic
2975 663 3031 708 et
3097 656 3486 724 prepbetarum
3542 655 3711 711 verba

2119 747 2265 801 nulla
2319 758 2446 800 sunt
2496 747 2907 800 continuatione
2961 745 3190 816 prolata,
3235 763 3334 800 nec
3385 748 3514 816 quid
3562 749 3714 816 prius

2120 839 2303 892 dicant
2336 839 2632 906 respiciunt
2653 879 2666 899 ,
2692 839 2806 891 sive
2833 839 3101 907 posterius
3121 877 3137 901 ,
3172 837 3273 890 nisi
3317 838 3452 892 sicut
3475 839 3554 892 eis
3585 855 3710 894 san-

2121 938 2240 982 etns
2295 928 2497 981 revelat
2547 928 2804 996 Spiritus.
2863 927 3044 995 Quare
3087 929 3165 982 sie
3221 939 3346 983 sunt
3391 931 3555 984 verba
3596 933 3712 986 haec

2122 1025 2517 1074 connectenda:
2557 1019 2817 1090 Butyrum
2860 1031 2906 1073 et
2939 1021 3038 1074 mel
3067 1005 3318 1086 comedet,
3365 1031 3422 1074 ut
3454 1026 3587 1077 sciat
3632 1041 3713 1078 re-

2121 1113 2340 1181 probare
2370 1112 2590 1177 malum,
2627 1123 2674 1166 et
2705 1113 2895 1182 eligere
2919 1113 3136 1178 bonum,
3173 1115 3300 1184 quia
3341 1126 3471 1170 ante
3510 1119 3714 1171 subau-

2125 1202 2272 1255 ditur
2320 1218 2483 1270 quain
2553 1205 2822 1266 comedat,
2869 1205 3005 1258 sciet
3055 1205 3348 1273 reprobare
3413 1208 3615 1262 malum
3661 1221 3718 1263 et

2124 1294 2321 1364 eligere
2368 1295 2583 1348 bonum.
2641 1294 2766 1348 ιιωο
2797 1295 2940 1348 enim
2983 1305 3065 1350 est
3114 1297 3368 1352 bebraiea
3409 1301 3634 1360 veritas.
3663 1309 3719 1352 et

2125 1383 2214 1436 hic
2237 1384 2455 1437 demum
2514 1384 2700 1436 linitur
2741 1384 2828 1438 illa
2860 1401 2980 1453 qua:
3021 1396 3242 1454 propter
3281 1387 3716 1441 incredulitatem

2124 1475 2417 1536 Aebaz,ad
2458 1475 2675 1527 domum
2707 1475 2875 1528 David
2913 1476 3055 1530 dicta
3086 1486 3170 1529 est
3211 1478 3515 1546 prophetia.
3558 1476 3713 1542 Nam,

2127 1571 2266 1636 quod
2299 1567 2482 1620 statim
2525 1569 2790 1635 sequitur,
2821 1576 2962 1620 terra
2997 1567 3405 1638 derelinquctar,
3429 1579 3484 1622 et
3519 1581 3717 1623 cmtera

2129 1669 2350 1728 propter
2415 1659 2558 1712 aliud
2606 1660 2834 1723 dicitur,
2898 1660 3038 1712 sicut
3099 1671 3154 1713 et
3204 1661 3332 1714 alibi
3388 1663 3717 1716 invenimus.

2133 1750 2353 1820 Legitur
2372 1751 2515 1803 enim
2541 1752 2592 1804 in
2624 1751 2842 1806 Exodo:
2879 1752 3021 1805 Dixit
3063 1752 3268 1821 Moyses
3297 1756 3365 1807 ad
3394 1754 3674 1808 Dominum
3701 1770 3716 1808 :

443 1869 621 1912 autem
661 1867 940 1923 corrupta,
984 1864 1158 1922 potest
1220 1851 1519 1917 tmncupari
1582 1849 1774 1902 nahra.
1832 1847 2019 1899 l‘lalma
2057 1847 2097 1904 Β
2129 1844 2259 1908 Quis
2297 1860 2390 1912 ego
2419 1860 2534 1896 sum
2583 1854 2638 1896 ut
2684 1846 2870 1898 cadam
2918 1847 2985 1897 ad
3024 1841 3380 1908 Pharaonem,
3421 1860 3466 1900 et
3495 1850 3718 1901 educam

443 1963 573 2001 vero
625 1954 846 1999 vocatur
891 1944 1055 2004 nulla,
1106 1941 1206 1993 nisi
1239 1939 1307 1992 sit
1353 1950 1406 1990 et
1442 1937 1655 2004 juvenis
1700 1947 1754 1990 et
1804 1935 2025 1988 intacta.

445 2037 596 2103 Quod
649 2047 832 2089 autem
895 2033 1100 2086 addidit
1151 2031 1413 2098 propheta
1466 2029 1532 2080 de
1579 2041 1746 2096 puero
1798 2027 2026 2078 dicens:

442 2129 704 2200 Butyrum
746 2138 793 2181 et
825 2125 925 2178 mel
969 2127 1222 2186 comedet,
1257 2133 1309 2173 ut
1365 2123 1493 2172 sciat
1528 2121 1801 2186 reprobare
1832 2117 2029 2170 ntalth

444 2232 491 2274 et
542 2222 729 2289 eligere
777 2220 988 2280 bonum,
1034 2217 1142 2277 die,
1171 2229 1378 2282 quaeso,
1422 2229 1454 2264 o
1505 2211 1736 2280 Moyses,
1779 2209 1908 2278 quid
1936 2223 2032 2277 per

451 2311 558 2366 mel
618 2309 747 2363 illud
793 2308 1016 2378 intelligi
1068 2307 1237 2359 vomit.
1294 2315 1348 2358 et
1391 2303 1686 2374 butyrum?
1741 2302 1908 2355 voluit
1956 2301 2031 2354 ibi

449 2401 688 2470 aliquam
744 2399 968 2452 inrmere
1015 2396 1350 2466 allegoriam,
1408 2395 1488 2449 vel
1559 2393 1666 2448 mel
1711 2392 2034 2462 simpliciter

453 2490 675 2561 protulit
700 2499 754 2543 et
780 2489 1033 2558 butyrum
1055 2488 1078 2540 ?

529 2581 756 2636 Movsss.
835 2578 944 2633 Nos
1015 2580 1212 2648 quippe
1277 2577 1405 2632 illud
1485 2591 1858 2646 nequaquam,
1929 2574 2033 2628 nisi

455 2671 778 2740 simpliciter
823 2669 1190 2737 intelligimus,
1242 2668 1448 2720 scilicet
1499 2666 1624 2734 quia
1668 2665 1880 2732 sapiens
1907 2663 2032 2727 erit,

455 2763 690 2829 bonique
721 2772 774 2813 et
808 2759 934 2812 mali
966 2760 1349 2810 discretionem
1381 2757 1622 2816 habebit,
1657 2755 1794 2819 ideo,
1841 2754 2032 2821 inquit,

454 2853 554 2907 mel
617 2853 844 2905 comedet
887 2860 934 2903 et
987 2850 1253 2917 butyrum,
1319 2849 1465 2917 quod
1521 2847 1676 2900 dulce
1743 2854 1826 2900 est
1875 2855 2036 2914 atque

457 2948 678 3000 bonum.

527 3035 760 3089 Inuus.
805 3031 920 3086 Non
961 3031 1082 3086 ideo
1127 3045 1256 3084 sane
1291 3029 1507 3099 sapiens
1553 3038 1635 3084 est
1684 3028 2034 3096 reputaudus,

457 3133 600 3200 quod
647 3126 750 3179 mel
784 3125 1030 3178 comedet
1070 3133 1126 3177 et
1160 3123 1434 3191 butyrum.
1470 3120 1622 3175 Licet
1653 3121 1798 3174 enim
1845 3124 1956 3174 sint
1985 3129 2039 3173 et

2130 1935 2269 2003 ﬁlios
2299 1933 2468 1987 Israel
2529 1936 2592 1986 de
2647 1934 2926 2004 Egi/pio?
2989 1936 3093 2001 Qui
3154 1937 3288 1989 dixit
3352 1939 3434 1992 ei:
3474 1939 3586 2009 ligo
3631 1956 3722 1993 ero

2133 2039 2321 2089 tecum,
2350 2042 2395 2080 et
2425 2027 2520 2080 hoc
2553 2027 2767 2080 habebis
2798 2029 3004 2097 signum
3033 2029 3173 2098 quod
3203 2031 3433 2082 miserim
3488 2039 3556 2083 te.
3591 2030 3721 2083 Cum

2132 2118 2374 2170 eduxeris
2417 2116 2667 2184 populum
2702 2134 2872 2170 meum
2913 2117 2976 2170 de
3009 2117 3240 2188 .Egypto
3293 2119 3586 2172 immolabis
3611 2119 3720 2174 Deo

2133 2225 2287 2273 super
2322 2218 2546 2261 montem
2576 2210 2754 2262 istum.
2788 2208 2916 2262 Cant
2959 2210 3202 2263 eduxeris
3246 2212 3493 2279 papa/um
3546 2226 3721 2263 meum

2137 2298 2331 2367 (Exod.
2366 2299 2470 2370 in),
2521 2309 2651 2364 ete.;
2709 2299 2924 2368 signum
2972 2314 3094 2353 esse
3148 2299 3354 2353 videtur
3396 2299 3535 2353 illius
3575 2299 3721 2368 quod

2135 2391 2370 2460 aitque!
2401 2391 2629 2442 miserim
2656 2399 2726 2453 te,
2761 2391 2852 2443 sed
2898 2404 3002 2443 non
3041 2400 3144 2443 est.
3188 2389 3392 2442 Educto
3427 2390 3570 2442 enim
3622 2403 3723 2458 po-

2135 2483 2262 2552 pqu
2291 2484 2354 2536 de
2380 2481 2614 2553 .Egypto
2642 2491 2697 2535 et
2745 2481 2927 2551 Moyse
2967 2497 3126 2551 super
3167 2491 3404 2536 montem
3433 2480 3581 2534 illum
3621 2483 3725 2534 im-

2137 2576 2390 2641 molante,
2417 2574 2532 2642 jam
2562 2575 2965 2644 cognoscebant
2992 2591 3180 2629 omnes
3202 2573 3446 2646 Moysen.
3504 2584 3559 2629 et
3595 2588 3724 2643 pro-

2137 2667 2375 2738 phetam,
2439 2676 2552 2721 eta
2616 2668 2844 2721 Domino
2891 2670 3110 2720 missum
3165 2681 3305 2721 esse.
3351 2666 3512 2721 Aliud
3563 2667 3726 2736 igitur

2139 2774 2288 2812 more
2347 2760 2620 2827 prOphetae
2670 2760 2836 2828 coepit
2887 2759 2955 2812 ibi
3015 2757 3225 2828 Moyses
3307 2758 3490 2812 dicere
3560 2772 3724 2826 quam

2139 2852 2278 2918 quod
2321 2849 2466 2918 prius
2504 2850 2750 2903 dixisset.
2791 2849 2943 2915 Quod
2989 2849 3032 2902 si
3081 2849 3449 2911 eontradicas,
3495 2861 3546 2901 et
3578 2849 3722 2915 quod

2141 2944 2355 3010 signum
2392 2941 2518 2994 illttd
2567 2943 2731 2995 fuerit
2766 2956 2998 3011 quaeras,
3048 2942 3190 3016 scias
3210 2955 3332 2995 esse
3355 2941 3568 3010 signum
3594 2938 3724 2993 illud

2139 3032 2279 3102 quod
2313 3033 2427 3086 ait:
2464 3032 2576 3100 Ego
2603 3049 2690 3086 ero
2742 3041 2911 3085 tecum
2953 3032 3088 3101 (lsa.
3122 3031 3262 3100 vin).

2213 3121 2442 3176 Movses.
2487 3120 2546 3176 Si
2586 3122 2656 3174 ita
2687 3131 2788 3183 est,
2833 3121 2960 3190 quid
3001 3131 3084 3176 est
3119 3121 3343 3191 quodin
3377 3120 3730 3191 sequentibus

461 3190 656 3279 dulcia,
689 3231 811 3269 eum
835 3215 1069 3268 salubria
1104 3231 1208 3267 non
1235 3214 1363 3276 sint,
1398 3227 1497 3266 nec
1519 3221 1645 3264 sunt
1675 3213 1834 3277 bona,
1866 3221 1922 3264 et
1946 3211 2037 3279 qui
2067 3190 2110 3250 (ἶ
2143 3213 2336 3284 legitur
2363 3255 2376 3274 ,
2435 3222 2713 3284 antequam
2766 3213 2899 3266 sciat
2933 3230 3061 3282 puer
3099 3229 3282 3277 vocare
3322 3222 3524 3281 patrem
3572 3229 3729 3266 suum

462 3306 590 3361 illud
614 3307 756 3375 quod
791 3322 889 3359 nee
922 3305 1137 3359 salubre
1167 3319 1264 3358 nec
1289 3305 1486 3357 botnnn
1511 3312 1596 3356 est
1623 3302 1878 3364 comedit,
1911 3315 2040 3368 quo-

460 3398 621 3451 modo
653 3397 866 3464 sapiens
893 3394 1042 3448 erit?
1077 3395 1231 3462 Quod
1270 3395 1312 3447 si
1359 3393 1464 3446 alio
1496 3393 1654 3445 modo
1692 3402 1749 3444 ut
1793 3391 2044 3460 possibile

463 3499 566 3552 est,
639 3490 862 3541 verbum
933 3487 1059 3540 illud
1113 3487 1402 3554 intelligas,
1464 3487 1692 3542 scilicet.
1740 3485 1882 3552 quod
1941 3481 2045 3536 mel

463 3579 711 3631 comedet
741 3587 793 3631 et
825 3579 1100 3646 butyrum,
1127 3585 1346 3643 propter
1374 3575 1473 3627 hoc
1501 3585 1558 3626 ut
1592 3574 1728 3627 sciat
1758 3574 2045 3642 reprobare

466 3669 666 3723 malum
722 3682 775 3722 et
826 3669 1026 3737 eligere
1080 3669 1303 3728 bonum,
1354 3666 1404 3718 id
1455 3674 1563 3725 est.
1604 3674 1661 3718 ιιι
1721 3680 1817 3734 per
1873 3665 2048 3718 mellis

465 3759 852 3814 comestionem
879 3769 934 3812 et
974 3757 1174 3827 butyri,
1228 3756 1352 3809 boni
1389 3755 1966 3826 habeateogndioneai
1994 3764 2050 3809 et

467 3851 617 3916 mali,
665 3850 717 3902 id
759 3858 862 3913 est,
901 3850 1114 3918 sapiens
1148 3849 1236 3911 sit,
1291 3850 1334 3902 si
1374 3848 1444 3901 ita
1493 3849 1712 3916 inquam
1772 3847 2045 3918 intelligis,

468 3945 682 4012 sapiens
711 3941 837 3994 mihi
863 3957 965 3994 non
991 3940 1208 4006 videris,
1235 3941 1323 3995 ubi
1349 3939 1490 3994 enim
1522 3940 1574 3993 in
1603 3955 1780 3994 rerum
1812 3941 2052 3994 innuitur

467 4034 697 4095 naturis,
730 4035 870 4102 quod
908 4033 1232 4101 sapientiam
1265 4031 1508 4086 conferat
1575 4032 1752 4102 butyri
1789 4033 2050 4086 comestio

469 4127 583 4182 sive
606 4125 818 4179 mellis?
849 4123 989 4178 Sane
1021 4141 1310 4194 nusquam.
1343 4125 1532 4180 Restat
1559 4125 1724 4194 igitur
1747 4135 1803 4179 ut
1825 4125 1954 4178 illud
1977 4124 2051 4177 al-

469 4214 702 4284 legoriee
741 4214 1121 4282 intelligamus.

540 4306 770 4361 Moyses.
814 4306 881 4359 Et
931 4321 1096 4374 quam
1157 4306 1232 4360 ibi
1284 4315 1438 4375 potes
1494 4305 1796 4376 intelligere
1850 4306 2052 4378 allego-

473 4399 609 4452 riam
631 4397 654 4450 ?
1155 4403 1166 4408 ’

2143 3313 2190 3357 et
2244 3313 2463 3357 matrem
2519 3321 2692 3370 suam,
2745 3304 3019 3374 auferetur
3065 3306 3322 3374 fortitudo
3361 3305 3637 3366 Damasci,
3677 3311 3732 3360 et

2145 3395 2308 3463 spolia
2381 3392 2640 3448 Samaria:
2691 3411 2868 3448 coram
2917 3411 3031 3464 rege
3093 3396 3472 3464 Assyriorum?
3541 3396 3733 3450 Nonne

2147 3485 2288 3538 enim
2339 3485 2404 3537 de
2432 3486 2620 3537 eoJem
2673 3499 2839 3553 puero
2885 3485 3028 3538 dicta
3078 3495 3202 3538 sunt
3254 3486 3370 3540 iure
3403 3487 3611 3552 omnia,
3641 3487 3734 3542 illo

2147 3575 2355 3630 scilicet
2405 3576 2496 3644 qui
2547 3583 2600 3629 et
2646 3585 2772 3628 ante
2811 3576 3237 3630 destructionem
3273 3589 3431 3632 natus
3458 3577 3600 3632 fuit?

2220 3664 2454 3719 Peritos.
2491 3663 2607 3718 Non
2637 3665 2818 3718 omnia
2861 3680 2993 3719 sane
3022 3667 3086 3720 de
3115 3666 3334 3722 Christo
3379 3669 3730 3740 intelligimus

2149 3755 2292 3809 dicta
2354 3771 2496 3810 esse.
2549 3755 2846 3810 Potuerunt
2878 3757 2976 3810 ista
3030 3758 3211 3825 itaque
3258 3758 3364 3812 dici
3417 3775 3522 3813 non
3554 3762 3621 3814 de
3643 3775 3731 3821 eo,

2150 3849 2244 3901 sed
2271 3851 2335 3902 de
2365 3863 2532 3918 puero
2561 3848 2650 3902 illo
2691 3850 2780 3918 qui
2814 3864 2879 3904 eo
2911 3860 3150 3922 tempore
3181 3860 3338 3906 natus
3376 3850 3499 3915 fuit,
3531 3853 3597 3907 de
3625 3868 3736 3922 quo

2152 3939 2408 3994 Dominus
2447 3941 2513 3993 ad
2559 3943 2916 4010 pr0pbetatn:
2961 3940 3096 3995 Voca
3140 3943 3332 4013 inquit,
3375 3962 3560 4000 nomen
3596 3947 3733 4015 ejus,

2151 4031 2386 4084 accelera
2422 4031 2590 4100 spolia
2614 4032 2906 4100 detrahere,
2937 4033 3126 4101 festina
3163 4036 3397 4105 pra'dari
3427 4035 3558 4106 (lsa.
3588 4036 3733 4107 vnt),

2152 4123 2234 4176 vel
2264 4124 2330 4176 de
2358 4123 2464 4177 alio
2485 4123 2687 4193 aliquo.

2227 4212 2454 4268 Marses.
2498 4214 2648 4267 Illum
2697 4225 2844 4270 certe
2887 4231 3113 4286 puerum
3144 4219 3235 4286 qui
3286 4218 3603 4274 Emmanuel
3652 4229 3737 4275 est

2153 4311 2330 4366 vocat,
2388 4306 2668 4358 ostendam
2730 4320 2830 4376 ego
2889 4307 3004 4370 tibi,
3059 4309 3187 4376 quia
3241 4307 3332 4362 illo
3375 4309 3448 4363 sit
3498 4320 3736 4380 tempore

2155 4403 2330 4447 natus.
2367 4394 2499 4448 Cant
2544 4395 2686 4448 enim
2736 4398 3052 4466 loqueretur
3084 4400 3340 4468 prOpbeta
3387 4401 3453 4454 de
3501 4403 3735 4456 adventu

545 4509 781 4565 Ρετιιυε.
823 4506 1010 4562 Potest
1042 4508 1240 4577 quippe
1299 4521 1393 4578 per
1439 4509 1554 4563 hinc
1591 4508 1698 4562 duo
1755 4510 1916 4562 verba
1965 4510 2049 4564 lex
2083 4533 2128 4591 υ
2323 4485 2495 4591 ᾼ⁵⁵¹ξτ
2536 4499 2700 4586 “per
2730 4495 2931 4591 terram.
2967 4487 3339 4591 δυαδξξίίηάθ
3390 4504 3492 4543 εστ
3539 4487 3606 4542 E'
3637 4494 3737 4544 ενίτ

477 4611 708 4670 utraque
756 4599 1002 4667 intelligi,
1047 4597 1386 4668 evangelium
1422 4611 1474 4652 et
1519 4599 1602 4652 lett
1637 4598 1826 4669 Moysi.
1873 4599 2052 4654 Multis

477 4695 744 4763 siquidem
804 4692 856 4744 in
903 4692 1036 4746 locis
1103 4692 1406 4746 invenimus
1461 4692 1513 4745 in
1564 4693 1839 4762 prophetis
1888 4694 2050 4747 verba

481 4782 687 4837 Domini
723 4783 1187 4854 mellieomparari
1211 4791 1265 4836 et
1285 4783 1412 4838 lacti
1441 4779 1611 4852 (Psal.
1644 4797 1799 4849 xvm,
1845 4796 2049 4848 cxvut;

479 4872 674 4928 Ezech.
705 4881 810 4944 tn).

552 4964 782 5019 Movses.
826 4966 961 5032 Quid
993 4976 1076 5020 est
1107 4966 1270 5036 igitur
1295 4965 1436 5034 quod
1463 4966 1734 5033 sequitur,
1774 4976 2054 5036 antequam

481 5058 613 5112 sciat
642 5072 771 5125 puer
795 5060 1068 5127 reprobare
1091 5061 1286 5112 malum
1303 5070 1346 5112 et
1373 5059 1561 5128 eligere
1589 5060 1804 5120 bonum,
1832 5059 2059 5112 derelin-

482 5158 668 5220 quetur
695 5157 834 5199 terra
853 5187 866 5210 ,
893 5165 1049 5218 quam
1077 5161 1130 5201 tu
1165 5151 1438 5202 detestaris
1474 5167 1504 5201 (ι
1546 5150 1680 5216 facie
1699 5151 1924 5203 duorum
1977 5167 2059 5204 re-

481 5255 603 5312 gum
667 5255 880 5292 suorum
942 5237 1216 5309 (Istum).
1273 5242 1409 5306 Quid
1462 5241 1676 5308 inquam
1720 5256 1814 5310 per
1868 5242 2057 5308 huius-

483 5331 629 5388 modi
701 5330 864 5384 verba
939 5330 1106 5384 voluit
1165 5332 1383 5400 intelligi
1451 5333 1757 5400 propheta?
1826 5333 2058 5389 lnnuunt

482 5427 627 5480 enim
695 5423 857 5478 verba
919 5423 1020 5476 ista
1085 5437 1306 5491 puerum
1344 5423 1409 5477 de
1471 5438 1578 5492 quo
1643 5434 1725 5479 est
1779 5427 2057 5495 prophetia

485 5526 724 5585 tempore
774 5516 864 5570 illo
925 5513 1091 5568 fuisse
1153 5525 1358 5567 natum.

554 5606 788 5661 Panos.
832 5607 924 5662 Vis
963 5622 1167 5678 quaeso,
1193 5624 1226 5662 ο
1263 5604 1497 5678 Moyses,
1525 5606 1906 5677 prophetarmn
1935 5623 2059 5662 ver-

484 5694 551 5749 ba
588 5696 778 5750 ordine
829 5695 1115 5752 locutionis
1165 5697 1413 5752 humana:
1463 5705 1726 5753 consueto
1766 5697 2060 5768 accipere?

484 5785 834 5856 Nequaquam
865 5799 1040 5858 potest
1071 5789 1172 5844 hoc
1199 5803 1340 5844 esse.
1369 5790 1507 5845 Sunt
1532 5790 1678 5846 enim
1710 5799 1764 5846 ut
1789 5791 2059 5847 somnium

2155 4576 2383 4626 extensio
2407 4573 2612 4627 alarum
2639 4576 2773 4644 ejus,
2805 4577 3022 4646 impleas
3051 4579 3386 4633 latitudinem
3411 4593 3565 4634 terra:
3604 4591 3735 4645 tam,

2156 4679 2186 4716 ο
2215 4662 2680 4734 EmmanuelUsa.
2720 4671 2859 4734 vin).
2890 4668 2986 4722 llic
3010 4683 3240 4738 namque
3281 4672 3542 4739 ostendit,
3602 4681 3742 4726 tem-

2156 4769 2287 4824 pore
2307 4756 2566 4809 adventus
2597 4754 2840 4826 ejttsjam
2871 4773 2991 4813 esse
3020 4759 3356 4814 Emmanuel.

2228 4846 2462 4901 PETRUS.
2509 4847 2624 4903 Non
2653 4865 2786 4905 sane
2813 4866 2908 4922 per
2939 4853 3040 4907 hoc
3067 4854 3378 4916 convinees,
3422 4852 3741 4908 Emmanuel

2161 4949 2289 4998 tunc
2332 4945 2592 5013 temporis
2646 4957 2832 5002 natum
2889 4947 3024 5003 lore.
3080 4947 3266 5018 Neque
3313 4949 3456 5002 enim
3507 4947 3742 5016 fuithqc

2158 5034 2276 5104 ejus
2299 5049 2516 5108 nomen,
2533 5039 2828 5094 secundum
2855 5055 3071 5108 corpus,
3101 5040 3195 5094 sed
3239 5041 3534 5094 secundum
3565 5040 3738 5094 deita-

2161 5133 2290 5186 tem,
2339 5125 2636 5179 seeundnm
2677 5141 2839 5196 quam
2867 5138 2922 5181 et
2958 5129 3011 5182 in
3053 5144 3118 5184 eo
3157 5139 3420 5199 tempore,
3453 5141 3507 5183 et
3530 5138 3742 5184 ante-et

2159 5224 2278 5282 post
2306 5225 2520 5268 constat
2557 5215 2873 5273 Emmanuel
2906 5233 3045 5273 esse.

2233 5304 2466 5362 Movsss.
2526 5307 2645 5362 iam
2700 5323 2769 5362 ex
2818 5311 2902 5365 his
2959 5312 3064 5366 tuis
3111 5312 3293 5367 verbis
3345 5311 3588 5382 intelligo
3634 5311 3743 5366 tale

2159 5396 2312 5466 quid,
2343 5399 2486 5468 quod
2527 5409 2684 5452 antea
2721 5415 2826 5453 non
2859 5402 3063 5469 dixisti,
3093 5403 3294 5457 videris
3324 5405 3470 5458 enim
3495 5403 3736 5464 innuero.

2159 5503 2386 5559 puerum
2414 5491 2482 5546 de
2508 5507 2614 5561 quo
2641 5491 2877 5562 loqueris
2907 5493 3075 5549 Deum
3108 5503 3164 5550 et
3203 5495 3476 5551 hominem
3508 5493 3645 5550 fore.

2231 5602 2464 5660 Persas.
2504 5605 2579 5660 Ita
2608 5605 2794 5676 procul
2833 5607 2998 5663 dubio
3038 5610 3200 5666 credo
3229 5624 3358 5682 ego,
3402 5609 3545 5681 quod
3587 5617 3642 5665 et
3686 5608 3744 5664 in

2163 5711 2297 5752 mea:
2343 5697 2465 5754 ﬁdei
2513 5698 2891 5769 explanatione
2922 5702 3101 5758 notavi
3149 5711 3205 5759 et
3249 5697 3743 5774 tibi_ostendam,si

2163 5791 2377 5861 quando
2407 5790 2535 5848 illud
2565 5792 2862 5860 quesieris.

3805 6291 3808 6293 λ
3847 6270 4096 6291 εκ-Πμ-
