4142 6360
384 390 487 445 Gl?

1867 380 1972 434 DlA
1982 378 2157 437 LOGI.

3545 381 3648 451 6H

455 506 681 559 Muralis.
722 503 799 558 De
828 504 930 558 hoc
964 519 1070 559 non
1100 518 1284 587 qurere
1311 500 1376 556 ad
1404 513 1642 571 praesens
1690 513 1811 568 ego,
1864 500 1972 556 imo
2000 500 2048 557 Α
2074 502 2373 571 spirituale,
2418 504 2471 557 in
2519 503 2681 558 rebus
2715 511 2892 560 tamen
2925 507 3201 574 corporeis
3245 506 3422 563 simile
3457 523 3648 577 possu=

379 600 532 669 prius
564 597 684 653 volo
710 598 1056 667 respondeas,
1085 599 1130 654 si
1171 612 1335 668 quam
1375 596 1551 650 adhuc
1589 596 1966 650 auctoritatem

378 688 584 745 habeas
620 691 686 743 de
716 689 1003 759 propheta,
1029 690 1170 758 quod
1200 703 1336 757 puer
1358 685 1467 752 ille,
1491 684 1631 740 (ilius
1658 683 1862 753 Mariae,
1900 686 1968 741 de

380 786 554 832 matre
580 779 650 831 sit
673 790 830 833 natus
862 780 978 833 sine
1001 779 1206 833 carnali
1237 782 1409 847 patre.

452 869 687 924 Perses.
730 870 914 925 llaheo
960 871 1163 940 utique.
1210 871 1299 923 Ait
1339 868 1524 923 enim:
1574 865 1789 931 Rorate,
1826 869 1961 930 eae'i,

381 961 622 1030 desuper,
654 971 702 1013 et
741 962 899 1013 nubes
939 960 1125 1030 pluunt
1159 963 1404 1030 justum;
1435 960 1704 1029 aperiatur
1729 969 1868 1011 terra
1916 967 1966 1010 et

378 1052 631 1123 germinet
672 1049 1018 1116 Snlvntorem,
1048 1058 1098 1103 et
1114 1050 1329 1119 justitia
1383 1050 1590 1102 oriatur
1635 1046 1827 1112 simul;
1859 1055 1914 1101 et
1943 1063 1957 1098 :

383 1140 496 1210 Ego
521 1140 780 1194 Dominus
811 1141 981 1193 creari
1007 1156 1125 1193 eum
1148 1139 1282 1210 (Isa.
1323 1140 1470 1209 xlv).
1500 1138 1605 1193 Per
1650 1139 1755 1192 hoc
1807 1152 1964 1191 nam-

381 1248 485 1301 que
518 1232 658 1302 quod
682 1232 756 1286 ait
784 1248 797 1283 :
835 1230 1044 1295 Rorate,
1070 1232 1205 1298 mli,
1237 1236 1480 1300 desuper,
1513 1240 1564 1285 et
1594 1231 1754 1285 nubes
1778 1227 1965 1298 pluunt

374 1323 603 1396 justum,
656 1322 867 1377 notavit
907 1320 1167 1390 Spiritum
1232 1328 1478 1375 sanetum
1527 1321 1595 1374 de
1651 1317 1789 1374 caelo
1846 1316 1964 1372 fore

382 1415 794 1479 descensurum;
826 1428 920 1482 per
942 1413 1243 1479 lioqautem
1270 1411 1412 1480 quod
1435 1411 1715 1481 sequitur:
1751 1409 1961 1478 aperia-

382 1510 472 1554 tur
518 1511 658 1555 terra
697 1510 749 1555 et
785 1503 1037 1571 germinet
1079 1499 1448 1565 Salvatorem,
1494 1513 1693 1568 corpus
1725 1497 1963 1568 Virginis

381 1592 694 1660 accipimus,
746 1608 887 1662 quae,
917 1590 1334 1660 superveniente
1387 1590 1593 1659 Spiritu
1647 1598 1858 1652 sancto,
1907 1596 1963 1642 et

379 1697 705 1755 conceptura
747 1694 802 1739 et
846 1684 1182 1738 Salvatorem
1224 1683 1404 1739 fuerat
1441 1683 1703 1752 paritura.
1753 1682 1859 1737 Sed
1908 1689 1963 1735 et

381 1793 478 1845 per
510 1778 612 1831 hoc
646 1776 789 1847 quod
819 1786 941 1830 est:
974 1775 1087 1846 Ego
1119 1775 1373 1829 Dominus
1412 1775 1581 1828 creari
1612 1791 1752 1841 eum,
1781 1773 1960 1828 inuui-

2073 606 2193 648 mus
2232 594 2498 660 invenire,
2544 611 2641 665 per
2681 599 2827 666 quod
2879 607 2934 652 et
2969 597 3100 652 illud
3151 610 3305 667 potes
3331 614 3647 669 agnoscere,

2070 684 2209 737 sicut
2235 684 2285 738 in
2324 683 2448 756 igne
2475 686 2566 754 qui
2605 695 2687 740 est
2719 687 3043 752 substantia,
3076 702 3295 756 semper
3317 689 3457 744 inest
3485 689 3648 743 clari-

2071 783 2154 829 tas
2218 791 2342 830 cum
2394 776 2594 832 calore.
2652 777 2839 847 Neque
2895 779 3039 832 enim
3101 778 3239 849 ignis
3291 779 3647 834 substantiam

2069 866 2273 936 absque
2324 866 2572 921 claritate
2626 878 2680 922 et
2725 867 2926 933 calore,
2960 883 3062 923 nec
3090 869 3207 923 sine
3234 869 3374 938 ignis
3399 869 3650 923 substan-

2071 957 2144 1010 tia
2198 957 2500 1013 claritatem
2546 959 2706 1014 simul
2760 960 3004 1015 invenies
3068 975 3189 1015 cum
3238 960 3440 1014 calore.
3494 960 3651 1013 Venit

2068 1056 2246 1099 autem
2297 1049 2362 1100 ad
2417 1063 2513 1101 nos
2564 1048 2857 1117 aliquando
2890 1050 3042 1103 calor
3085 1050 3203 1105 sine
3239 1049 3510 1115 claritate,
3546 1049 3647 1103 ali-

2069 1139 2286 1207 quando
2316 1142 2479 1193 etiatn
2503 1139 2727 1195 claritas
2757 1142 2875 1194 sine
2895 1141 3097 1195 calore.

2136 1226 2366 1283 Mersus.
2411 1227 2608 1283 Verum
2660 1237 2739 1283 est
2768 1239 2914 1283 certe
2970 1229 3111 1297 quod
3166 1229 3454 1298 aliquando
3499 1231 3646 1285 venit

2066 1319 2132 1372 ad
2158 1334 2270 1373 ~nos
2306 1319 2527 1375 claritas
2575 1320 2691 1375 sine
2714 1320 2912 1374 calore.
2946 1318 3080 1374 Nam
3112 1321 3216 1374 hoc
3246 1336 3529 1389 possumus
3577 1338 3645 1376 ex

2065 1407 2287 1461 candela
2314 1410 2608 1477 percipere,
2638 1408 2791 1476 cujus
2814 1410 3063 1463 ridemus
3093 1408 3417 1474 claritatem,
3451 1418 3507 1464 et
3535 1425 3643 1464 non

2064 1501 2325 1554 sentimus
2356 1500 2614 1555 calorem.
2649 1500 2753 1555 Sed
2776 1517 2882 1555 non
2926 1501 3083 1555 video
3111 1501 3176 1555 de
3206 1502 3387 1557 calore
3414 1501 3646 1572 qualiter

2064 1593 2131 1645 ad
2171 1607 2267 1647 nos
2293 1592 2472 1646 veniat
2497 1592 2615 1647 sine
2645 1593 2918 1647 claritate.

2133 1681 2367 1736 Peritos.
2401 1681 2513 1736 lloe
2543 1682 2798 1736 facillime
2836 1698 3054 1752 possum
3084 1682 3390 1737 ostendere.
3420 1680 3476 1736 Si
3497 1683 3641 1737 enim

2064 1774 2129 1825 de
2158 1773 2389 1827 metallis
2437 1773 2653 1843 aliquod
2693 1776 2993 1843 acceperis,
3025 1784 3078 1828 et
3109 1774 3235 1828 illud
3265 1774 3345 1829 sic
3379 1774 3644 1830 calefece-

383 1876 500 1933 tur,
547 1869 689 1936 quod
740 1869 944 1936 absque
990 1867 1159 1935 patris
1214 1866 1449 1920 carnalis
1503 1864 1728 1930 auxilio,
1784 1865 1965 1918 Domi-
1997 1852 2039 1905 Β
2069 1863 2161 1927 ris,
2201 1874 2258 1916 ut
2285 1864 2408 1918 inde
2435 1863 2577 1918 aliud
2606 1879 2802 1933 corpus
2830 1864 3127 1919 calefacere
3155 1862 3348 1933 possis,
3383 1868 3427 1920 si
3463 1867 3639 1921 eidem

382 1974 486 2012 nus
515 1974 638 2013 eum
674 1959 962 2029 progenuit
1007 1956 1181 2029 (Psal.
1205 1958 1344 2027 cur).
1373 1956 1521 2012 Unde
1551 1967 1606 2011 et
1625 1966 1815 2012 contra
1843 1958 1963 2013 illos

378 2050 473 2120 qui
515 2052 617 2105 hoc
646 2066 752 2105 non
801 2050 1029 2105 credunt
1074 2048 1257 2104 intulit
1304 2049 1356 2104 in
1403 2049 1689 2119 sequenti:
1733 2047 1823 2104 γε
1873 2050 1963 2119 qui

377 2141 692 2194 contradicit
712 2141 888 2210 lictori
905 2158 1024 2206 suo,
1056 2148 1194 2194 testa
1229 2141 1294 2194 de
1319 2138 1515 2195 Samiis
1547 2149 1721 2204 terrae,
1751 2148 1803 2193 et
1825 2157 1962 2194 nun-

376 2233 507 2302 quid
546 2233 681 2285 dicet
730 2232 900 2286 lutum
950 2231 1114 2301 ﬁgulo
1161 2246 1301 2285 suo:
1352 2229 1494 2297 Quid
1544 2232 1698 2299 facis,
1735 2241 1784 2285 et
1833 2247 1962 2302 Opus

377 2335 527 2378 tuum
549 2325 745 2394 absque
757 2324 998 2377 manibus
1018 2324 1136 2378 est?
1149 2334 1203 2378 et
1220 2338 1238 2376 :
1260 2323 1352 2379 Vw
1366 2325 1456 2393 qui
1472 2324 1602 2378 dicit
1629 2324 1803 2392 patri:
1820 2323 1961 2390 Quid

375 2432 591 2486 generos
610 2433 629 2481 ;
648 2426 694 2469 et
717 2417 909 2470 matri:
924 2414 1062 2481 Quid
1084 2415 1356 2485 parturis.’
1376 2414 1429 2485 (Ι
1432 2432 1513 2469 sa.
1528 2415 1678 2484 ην.)
1701 2413 1794 2469 Sic
1816 2416 1962 2469 enim

380 2505 655 2560 invehitur
685 2507 738 2560 in
778 2506 921 2569 illos,
965 2507 1055 2575 qui
1085 2507 1151 2560 de
1196 2508 1299 2560 hoc
1334 2505 1604 2571 dubitant,
1634 2515 1687 2560 et
1711 2512 1963 2575 quaerunt

387 2598 657 2665 quomodo
684 2596 826 2651 Deus
853 2612 976 2649 eum
1018 2597 1286 2665 genuerit,
1329 2606 1380 2651 ct
1413 2596 1628 2651 beatam
1659 2604 1958 2650 causantur

381 2687 634 2752 Mariam,
665 2688 807 2757 quod
835 2689 1038 2757 absque
1070 2688 1171 2742 viri
1208 2688 1583 2743 commistione
1603 2688 1834 2757 peperit.
1864 2688 1962 2742 lte-

380 2792 500 2831 rum
514 2788 704 2832 contra
721 2779 1027 2833 incredulos
1040 2778 1263 2849 loquens
1278 2779 1560 2849 propheta,
1578 2779 1654 2833 ait
1673 2797 1687 2832 :
1704 2778 1959 2850 Nunquid

376 2885 491 2938 ego,
520 2871 609 2940 qui
640 2870 772 2924 alios
796 2887 978 2937 parere
999 2871 1159 2940 facio,
1182 2871 1290 2940 ipse
1315 2887 1419 2924 non
1439 2873 1669 2940 pariam,
1698 2873 1823 2925 dicit
1852 2872 1960 2925 Do-

378 2961 547 3014 minus
567 2961 596 3016 !
627 2962 687 3017 Si
714 2979 827 3030 ego,
859 2964 948 3031 qui
976 2965 1359 3032 generationem
1395 2963 1516 3017 aliis
1540 2963 1735 3028 tribuo,
1764 2965 1957 3018 sterilis

375 3067 486 3116 ero,
518 3054 593 3105 ait
649 3053 904 3108 Dominus
930 3053 1069 3107 Deus
1113 3062 1233 3107 tuus
1256 3055 1281 3107 .7
1311 3053 1427 3124 (lsa
1457 3054 1632 3123 Lavi.)
1676 3054 1769 3109 Sic
1799 3068 1956 3108 nam-

374 3158 480 3212 que
528 3144 833 3197 ostenditur
889 3145 1031 3215 quod
1064 3144 1208 3198 Deus
1245 3160 1368 3198 eum
1402 3144 1523 3200 sine
1551 3144 1758 3199 carnali
1801 3156 1955 3213 patre

373 3235 641 3304 genuerit.
681 3234 805 3290 Haec
846 3251 978 3292 sane
1026 3238 1452 3307 iutelligentihus
1482 3239 1645 3293 credo
1677 3237 1948 3303 sullicere,

373 3324 518 3393 quod
547 3325 612 3381 de
637 3335 810 3380 matre
839 3327 958 3381 sine
983 3326 1186 3381 carnali
1217 3336 1372 3397 patre
1411 3335 1573 3381 natus
1621 3327 1783 3382 fuerit
1814 3344 1950 3398 puer

371 3412 485 3470 ille.

923 3505 1221 3562 TITULUS
1260 3507 1388 3562 Vlll.

373 3620 646 3687 Quomodo
693 3621 746 3674 in
785 3636 1000 3688 corpore
1026 3619 1577 3673 Cltristiincarnatum
1604 3629 1681 3672 est
1725 3619 1947 3674 Verbum

533 3691 650 3755 Dei,
681 3700 728 3744 et
762 3691 859 3759 fuit
895 3689 1130 3742 Christus
1152 3691 1326 3755 homo,
1361 3689 1520 3743 sintut
1547 3699 1595 3744 et
1618 3689 1783 3743 Deus.

443 3781 676 3837 Marses.
719 3780 863 3835 Satis
904 3781 1181 3848 hucusque
1234 3796 1332 3849 per
1367 3781 1745 3836 auctoritatem
1794 3781 1951 3853 egisti

371 3874 439 3929 de
469 3874 618 3944 pueri
651 3873 1020 3938 generatione,
1046 3883 1102 3927 et
1141 3872 1272 3927 satis
1312 3874 1514 3941 patitur
1542 3873 1685 3926 ratio
1711 3872 1792 3927 sie
1827 3875 1949 3929 fieri

371 3965 635 4034 potuisse,
676 3964 772 4019 sed
820 3964 1073 4019 omnibus
1114 3972 1196 4018 est
1233 3963 1536 4019 mirabilius
1581 3962 1816 4033 qualiter
1843 3966 1945 4018 hu-
2010 3966 2016 3972 '

370 4071 532 4111 mauo
581 4056 794 4125 corpori
837 4056 981 4126 quod
1033 4036 1118 4110 est
1161 4055 1540 4122 compositum,
1604 4055 1778 4109 deitas
1827 4070 1949 4124 quae

371 4145 563 4215 simpla
613 4156 696 4201 est
739 4144 957 4217 adj'ungi
1002 4146 1235 4215 potuerit
1264 4156 1320 4200 et
1360 4146 1521 4201 uniri.
1563 4145 1767 4201 Precor
1791 4161 1942 4216 ergo,

368 4249 431 4292 ut
451 4238 764 4308 promisisti,
791 4239 1028 4293 edissere
1073 4254 1179 4306 qua
1218 4238 1271 4291 id
1305 4236 1420 4292 ﬁeri
1450 4239 1620 4306 potuit
1650 4238 1876 4292 ratione.

440 4330 674 4386 Parens.
714 4329 869 4384 Nulla
918 4340 1069 4385 certe
1116 4330 1230 4383 fieri
1271 4330 1454 4385 debuit
1504 4333 1812 4386 necessaria
1857 4346 1948 4384 ra-

370 4424 542 4489 tione,
563 4424 705 4494 qnod
744 4423 858 4478 solo
884 4422 976 4477 Dei
1011 4431 1145 4476 nutu
1174 4420 1375 4475 factum
1404 4422 1504 4476 fuit
1524 4432 1686 4489 atque
1711 4423 1951 4478 bonitate

372 4513 501 4584 (Tit.
522 4515 631 4584 ιιι).
654 4513 766 4568 Nisi
790 4516 932 4567 enim
953 4513 1067 4581 ipse
1087 4511 1364 4576 voluisset,
1389 4513 1638 4566 humana:
1657 4526 1717 4566 se
1741 4522 1946 4567 natura:
1977 4534 2025 4592 υ

371 4621 476 4662 non
508 4607 704 4660 uniret.
758 4605 1140 4659 Verumtamen
1184 4602 1328 4657 nulla
1382 4603 1591 4657 ratione
1629 4602 1947 4670 perhibetur

369 4699 485 4754 ﬁeri
541 4698 811 4752 debuisse.
841 4696 992 4752 Sicut
1023 4697 1169 4751 enim
1206 4695 1406 4758 anima,
1436 4694 1557 4763 qua:
1601 4693 1792 4762 simpla
1840 4702 1944 4757 est,

367 4788 675 4857 adiungitur
700 4788 914 4857 corpori
939 4787 1259 4854 composito,
1291 4794 1347 4852 et
1371 4784 1512 4838 ﬁunt
1548 4783 1654 4839 duo
1685 4784 1773 4838 illa
1805 4798 1946 4838 unus

366 4879 562 4947 homo,
586 4888 641 4934 et
668 4879 770 4933 hoc
799 4879 1002 4947 absque
1040 4876 1267 4930 rationis
1310 4875 1667 4937 contradicto,
1700 4874 1771 4927 ita
1799 4874 1947 4928 nulla

369 4983 584 5039 quoque
640 4969 891 5024 obstante
952 4967 1184 5031 ratione,
1229 4965 1403 5037 potuit
1440 4965 1582 5019 Deus
1630 4963 1834 5018 homini
1885 4953 1947 5018 se

370 5060 543 5113 nuire.

436 5151 669 5206 Morsss.
695 5149 855 5204 Aliud
883 5164 1098 5219 quoque
1123 5149 1220 5203 abs
1251 5158 1324 5211 te,
1349 5147 1395 5202 si
1426 5146 1624 5215 placet,
1646 5144 1768 5201 volo
1795 5146 1948 5200 audi-

368 5256 447 5298 re.
476 5244 611 5298 Cum
639 5243 780 5296 enim
797 5240 1012 5295 Patrem
1035 5249 1090 5295 et
1112 5240 1312 5295 Filium
1339 5248 1392 5294 et
1407 5237 1671 5308 Spiritum
1698 5246 1943 5291 sanctum

367 5336 572 5389 dixeris
617 5342 674 5387 et
719 5334 913 5388 credas
940 5347 1061 5387 esse
1088 5347 1274 5396 unum,
1305 5331 1458 5387 dicas
1508 5328 1669 5383 velim
1709 5344 1943 5396 quonam

366 5428 525 5481 modo
544 5425 740 5481 Filium
763 5424 937 5480 solum
952 5424 1510 5487 credasiucarnatum,
1531 5429 1587 5476 et
1604 5433 1711 5475 non
1733 5420 1946 5474 Patrem

338 5514 453 5569 “rel
476 5516 742 5586 Spiritum
776 5524 1044 5570 sanctum.

440 5608 675 5665 Penus.
699 5607 844 5673 Tibi,
863 5618 1017 5679 puto,
1039 5614 1188 5661 certe
1201 5605 1397 5659 mirum
1413 5613 1496 5660 est
1520 5613 1576 5660 et
1591 5603 1942 5674 impossibile,

367 5702 511 5768 quod
539 5715 635 5755 nos
671 5701 867 5754 mirum
902 5714 1008 5753 non
1043 5698 1316 5753 credimus
1343 5710 1485 5752 esse.
1516 5695 1669 5751 Licet
1689 5696 1833 5749 enim
1855 5709 1944 5749 os-

334 5817 341 5823 -
371 5791 516 5848 tendi
546 5800 778 5862 nequeat
818 5791 918 5844 hoc
949 5791 1000 5843 iu
1033 5790 1261 5857 Deitate,
1282 5789 1408 5859 quia
1437 5787 1630 5845 subtile
1656 5785 1870 5857 quidem
1892 5795 1946 5842 et

683 5885 958 5945 PATROL.
990 5882 1225 5944 CLVII.

2065 1963 2117 2008 te
2143 1954 2475 2021 adhibueris,
2503 1955 2738 2011 calorem
2768 1956 2982 2025 quidem
3010 1958 3233 2021 senties,
3258 1967 3313 2011 et
3339 1957 3640 2012 claritatem

2063 2062 2167 2100 non
2198 2046 2423 2101 videbis.

2132 2138 2359 2193 Morsss.
2399 2138 2519 2194 Jam
2550 2154 2616 2194 ex
2650 2138 2830 2192 verbis
2867 2140 2972 2193 tuis
3002 2139 3202 2194 videris
3230 2141 3471 2208 credere,
3499 2144 3641 2210 quod

2064 2227 2202 2281 sicut
2245 2227 2569 2298 quandoque
2622 2228 2842 2283 claritas
2903 2230 3107 2297 absque
3159 2230 3361 2295 calore,
3397 2240 3451 2284 et
3491 2232 3642 2285 calor

2062 2319 2310 2386 provenit
2339 2319 2542 2390 absque
2572 2320 2843 2384 claritate,
2881 2330 2938 2375 et
2978 2330 3157 2376 tamen
3183 2337 3290 2375 non
3316 2332 3640 2392 separantur

2062 2409 2131 2461 ab
2160 2411 2302 2478 igne,
2344 2412 2416 2464 ita
2447 2419 2502 2465 et
2537 2411 2705 2466 Filius
2747 2414 2951 2481 absque
2996 2412 3159 2468 Patre
3203 2422 3257 2469 et
3289 2414 3495 2483 Spiritu
3515 2428 3640 2469 san-

2062 2510 2153 2553 eto
2175 2515 2397 2556 carnem
2434 2502 2691 2573 suscepit,
2730 2519 2830 2558 nec
2854 2514 3076 2573 propter
3108 2506 3210 2561 hoc
3244 2514 3426 2561 tamen
3455 2507 3524 2562 ab
3560 2508 3641 2562 eis

2062 2592 2309 2645 recessit.

2130 2682 2371 2738 Perses.
2413 2684 2608 2755 Utique
2622 2686 2701 2742 sic
2724 2689 2887 2740 credo
2915 2701 3037 2755 ego,
3067 2695 3121 2741 et
3149 2698 3204 2743 tu
3231 2688 3369 2744 bene
3394 2689 3641 2744 inellexi-

2060 2775 2152 2840 sti,
2177 2776 2223 2829 si
2247 2777 2520 2833 crederes.
2544 2778 2696 2832 Dixit
2717 2778 2861 2833 enim
2894 2777 3106 2835 Veritas
3126 2780 3240 2850 ipsa
3266 2798 3281 2836 :
3306 2780 3421 2851 Ego
3441 2798 3557 2837 sunt
3583 2783 3640 2837 in

2062 2864 2245 2929 Patre,
2273 2876 2323 2920 et
2346 2865 2512 2922 Pater
2530 2868 2583 2921 in
2611 2883 2692 2921 me
2715 2878 2791 2922 est
2812 2868 2991 2939 (Joan.
3012 2869 3165 2941 xxv);
3193 2879 3243 2925 et
3272 2870 3500 2925 iterum:
3523 2870 3637 2942 Ego

2059 2966 2108 3011 et
2131 2957 2294 3013 Pater
2322 2976 2485 3021 unum
2514 2977 2695 3015 sumus
2726 2960 2911 3031 (ioan.
2946 2978 3005 3028 Χ,
3034 2965 3190 3033 xvn).

2130 3049 2363 3106 Morses.
2404 3049 2658 3108 Concedo
2678 3054 2811 3108 satis
2834 3054 2978 3122 quod
3000 3055 3175 3125 potuit
3210 3054 3418 3110 homini
3451 3054 3637 3112 Deitas

2060 3154 2119 3194 se
2167 3142 2365 3208 unire;
2396 3151 2792 3209 verumtamen,
2817 3158 2940 3199 cum
2988 3145 3067 3200 sic
3095 3144 3213 3200 ﬁeri
3250 3159 3475 3202 necesse
3526 3158 3636 3201 non

2060 3233 2240 3298 fuerit,
2282 3249 2382 3289 cur
2409 3235 2631 3290 credere
2653 3235 2913 3291 debemus
2938 3236 3138 3290 factum
3165 3236 3320 3291 esse?

2121 3322 2363 3380 Per-aus.
2400 3323 2509 3381 Nos
2550 3340 2683 3380 sane
2724 3326 2818 3395 qui
2866 3327 3158 3394 prophetas
3214 3327 3470 3381 mentitos
3515 3332 3636 3382 esse

2052 3429 2163 3470 non
2192 3416 2486 3481 credimus,
2514 3432 2637 3473 cum
2666 3417 2767 3489 ipsi
2788 3417 3062 3473 Christum
3087 3417 3256 3474 Deum
3280 3428 3336 3474 et
3357 3420 3635 3475 hominem

2053 3505 2294 3560 futurum
2324 3504 2442 3562 fore
2479 3508 2852 3577 praedixerint,
2894 3510 3166 3566 veraciter
3212 3524 3307 3567 eos
3327 3519 3384 3569 et
3418 3510 3524 3567 hoc
3551 3512 3635 3568 di-

2052 3595 2198 3649 xisse
2228 3595 2450 3650 credere
2478 3597 2754 3652 debemus.

2122 3685 2355 3742 Mersus.
2398 3685 2601 3742 Vellem
2640 3691 2802 3746 modo
2856 3691 2991 3746 mihi
3026 3692 3342 3748 ostenderes
3371 3706 3480 3762 quo
3512 3684 3634 3747 loco

2052 3778 2156 3832 hoc
2212 3777 2490 3847 prophetae
2541 3781 2862 3850 perhibeant
2906 3784 2973 3839 de
3025 3785 3138 3841 illo.
3172 3785 3310 3840 Nam
3358 3802 3458 3856 ego
3482 3795 3632 3843 certe

2051 3882 2214 3938 super
2242 3870 2423 3923 omnia
2460 3870 2587 3925 illud
2612 3872 2709 3926 abs
2740 3881 2791 3927 te
2813 3874 3001 3929 audire
3027 3876 3298 3932 desidero.

2120 3959 2356 4015 PETBUS.
2394 3960 2646 4030 Legimus
2676 3979 2806 4019 sane
2838 3965 2893 4018 in
2923 3964 3117 4019 Genesi
3153 3966 3440 4021 Dominum
3467 3967 3634 4021 dixis-

2051 4066 2150 4106 se:
2201 4050 2487 4105 Faciamus
2525 4053 2783 4106 hominem
2812 4055 2883 4108 ad
2925 4056 3202 4125 imaginem
3242 4068 3291 4110 et
3326 4057 3632 4110 similitudi-

2051 4157 2168 4194 nem
2219 4152 2482 4205 nostram,
2524 4151 2581 4196 et
2601 4141 2729 4196 alibi
2759 4160 2777 4197 ε
2814 4141 3023 4198 Creauit
3068 4143 3208 4197 Deus
3257 4145 3516 4199 hominem
3562 4150 3633 4201 ad

2051 4230 2330 4301 imaginem
2356 4241 2405 4285 et
2434 4232 2826 4288 similitudinem
2870 4251 3021 4288 suam
3056 4234 3211 4305 (Gen.
3254 4236 3316 4304 ι).
3360 4236 3457 4294 Dic
3486 4255 3635 4296 nunc

2052 4321 2204 4385 mibi,
2234 4335 2437 4391 qua-so,
2463 4337 2585 4393 quae
2611 4331 2696 4376 est
2724 4323 2816 4377 Dei
2846 4324 3026 4394 imago
3055 4327 3156 4380 ista
3182 4326 3267 4381 vel
3290 4325 3633 4384 similitudo?

2049 4409 2108 4463 ln
2146 4424 2254 4479 quo
2298 4410 2443 4465 enim
2487 4410 2797 4466 consimiles
2840 4422 2966 4466 sunt
2999 4413 3178 4483 imago
3205 4412 3302 4470 Dei
3342 4424 3398 4471 et
3447 4415 3635 4486 imago

2050 4502 2320 4557 hominis?

2121 4592 2353 4650 Morses.
2384 4593 2591 4650 Bonum
2622 4602 2706 4651 est
2731 4604 2882 4651 certe
2912 4597 3195 4653 veritatem
3220 4613 3538 4669 agnoscere,
3578 4610 3635 4657 et

2049 4699 2149 4753 ego
2187 4687 2454 4742 veraciter
2496 4686 2617 4741 dite
2665 4686 2721 4741 in
2772 4686 2920 4742 nullo
2970 4687 3090 4743 illas
3127 4689 3439 4746 consimiles
3479 4704 3621 4747 esse.

2050 4773 2186 4829 Nam
2211 4784 2266 4830 et
2289 4776 2537 4845 superius
2565 4785 2676 4829 tum
2701 4777 2936 4842 ratione,
2960 4787 3072 4831 tum
3096 4779 3417 4835 auctoritate
3444 4790 3627 4837 osten-

2046 4882 2168 4921 sum
2203 4875 2286 4921 est
2321 4877 2376 4920 et
2434 4881 2533 4921 nos
2569 4869 2939 4939 concessimus
2973 4868 3143 4924 Deum
3193 4870 3273 4925 rei
3314 4872 3627 4929 similitudi-

2048 4971 2172 5010 nem
2198 4957 2397 5012 habere
2425 4956 2645 5011 nullius.

2117 5045 2352 5101 Penus.
2389 5045 2647 5101 Mentitur
2676 5062 2805 5115 ergo
2846 5047 3129 5118 Scriptura
3154 5066 3276 5121 quae
3301 5053 3452 5120 dicit,
3479 5057 3621 5126 quod

2047 5138 2117 5191 ad
2147 5136 2428 5207 imaginem
2458 5145 2509 5191 et
2561 5137 2958 5193 similitudinem
2999 5156 3152 5196 suam
3176 5143 3320 5200 Deus
3359 5144 3625 5202 hominem

2049 5232 2262 5284 creauit.

2120 5323 2350 5379 Mersus.
2387 5322 2757 5395 Nequaquam.

2118 5414 2355 5469 PETRUS.
2394 5413 2492 5469 Cui
2541 5416 2705 5486 igitur
2751 5417 2981 5474 duorum
3024 5418 3239 5475 illorum
3293 5421 3623 5476 credendum

2050 5516 2136 5562 est
2164 5508 2550 5576 prophetarum
2573 5547 2590 5574 ,
2630 5524 2700 5564 an
2733 5509 2811 5565 illi
2834 5513 2927 5581 qui
2956 5511 3092 5568 dixit
3112 5514 3281 5568 Deum
3313 5514 3391 5569 rei
3424 5513 3625 5569 nullius

2048 5599 2251 5654 habere
2290 5599 2718 5668 similitudinem,
2749 5617 2818 5657 an
2858 5603 2936 5658 illi
2957 5604 3050 5674 qui
3080 5605 3196 5658 ait:
3228 5602 3437 5659 Creasit
3480 5604 3624 5660 Deus

2046 5693 2310 5748 hominem
2336 5693 2363 5746 .’
2415 5700 2521 5751 etc.
2582 5692 2713 5749 Uter
2757 5707 2948 5751 eorum
3014 5694 3285 5751 reraciter
3338 5701 3428 5753 est
3471 5693 3624 5750 locusI

2047 5781 2171 5838 ωσι
