4142 6360
474 377 581 437 σω

1407 365 1610 424 PETRI
1642 357 1984 418 ALPHONSI
2019 357 2111 414 EX
2149 357 2401 416 JUDASO
2438 355 2831 414 CHRISTIANI

3654 347 3759 405 6'30

544 495 774 552 Messes.
815 491 1073 547 Neutrum
1105 500 1235 542 sane
1269 497 1458 540 eorum
1503 480 1789 538 dicendum
1827 485 1912 533 est
1943 491 2062 532 esse
2095 485 2139 540 Α
2170 485 2217 529 et
2241 475 2540 528 corroboret
2584 474 2634 525 in
2653 471 2869 540 judicio
2911 477 2956 520 et
2984 465 3223 535 justitia,
3254 482 3286 517 a
3327 462 3481 517 modo
3517 471 3564 515 et
3599 478 3760 531 usque

477 589 788 644 mentitum.

544 681 781 735 Pernus.
824 675 888 729 Et
927 673 1031 727 duo
1071 668 1340 726 contraria
1401 665 1676 737 quomodo
1732 672 1957 735 possunt
2006 664 2060 719 in

477 772 662 826 eodem
690 781 835 830 esse,
881 765 1049 820 Deum
1096 761 1304 817 scilicet
1339 767 1394 814 et
1443 759 1643 813 habere
1675 757 1984 827 imaginem,
2011 765 2066 810 et

479 878 583 918 non
605 858 849 916 habere?

547 971 783 1027 Movses.
825 969 939 1024 Hoc
960 976 1107 1022 certe
1127 965 1248 1022 volo
1272 978 1371 1036 ego
1388 963 1518 1017 mihi
1541 963 1812 1017 edisseras
1825 976 2065 1031 quonam

473 1063 640 1119 modo
665 1077 730 1118 ea
757 1062 872 1131 ipse
903 1060 1190 1130 intelligas.

549 1178 788 1234 Pernus.
825 1177 893 1230 Et
913 1177 1017 1231 hoc
1042 1176 1286 1246 profecto
1312 1189 1498 1228 verum
1532 1181 1640 1236 est,
1672 1172 1837 1225 Deum
1864 1169 2073 1224 scilicet

476 1279 536 1321 ut
598 1266 948 1337 prazdisimus
994 1266 1070 1319 rei
1124 1264 1532 1319 similitudinem
1589 1262 1792 1316 habere
1847 1259 2067 1323 nullius,

476 1369 532 1412 et
566 1358 786 1429 Moysen
812 1356 1083 1410 veraciter
1120 1355 1322 1408 dixisse
1357 1353 1628 1415 novimus,
1659 1351 1802 1420 quod
1838 1351 1907 1403 ad
1944 1341 2078 1403 ima-

477 1451 658 1518 ginem
688 1458 735 1502 et
765 1446 1158 1502 similitudinem
1179 1461 1331 1498 suam
1355 1443 1624 1498 creaverit
1654 1442 1884 1494 homines
1917 1439 2073 1494 Deus.

484 1543 777 1598 Veridicus
840 1541 987 1594 enim
1046 1538 1148 1592 fuit
1207 1539 1321 1608 ipse
1373 1538 1427 1591 in
1483 1537 1753 1591 omnibus.
1821 1531 1926 1588 Sed
1986 1548 2080 1602 per

491 1633 782 1704 imaginem
835 1631 928 1686 Dei
995 1631 1062 1684 de
1116 1644 1221 1698 qua
1268 1628 1478 1700 Moyses
1532 1636 1615 1682 est
1663 1627 1893 1685 locutus.
1944 1624 2080 1678 ima-

492 1723 676 1792 ginem
714 1720 881 1784 illam,
913 1719 965 1773 id
1005 1728 1109 1783 est,
1138 1717 1370 1801 formam
1402 1717 1691 1771 humanam
1725 1731 1947 1770 necesse
1999 1723 2082 1768 est

494 1813 874 1883 intelligamus.
917 1827 1082 1882 quam
1132 1811 1428 1880 assumpsit
1481 1810 1572 1863 Dei
1611 1809 1778 1863 Filius
1825 1809 2079 1862 incarna-
2112 1833 2155 1891 Β

494 1915 599 1960 tus.

568 2017 800 2072 Movsss.
844 2016 912 2070 Et
946 2015 1218 2085 quomodo
1255 2014 1360 2070 hoc
1405 2022 1551 2068 stare
1597 2013 1816 2084 poterit,
1860 2027 1982 2066 cum
2011 2027 2076 2068 eo

473 2119 757 2178 .tempore,
803 2123 911 2177 quo
942 2107 1116 2162 factus
1141 2113 1226 2160 est
1265 2104 1461 2167 Adam,
1512 2107 1747 2158 nondum
1792 2104 2080 2174 imaginem

497 2190 665 2265 illam,
694 2215 856 2270 quam
883 2201 1048 2254 Deum
1075 2197 1298 2254 creditis
1323 2197 1707 2266 assumpsisse,
1741 2197 1854 2267 ipse
1875 2210 2084 2250 assum-

497 2295 670 2364 pscrit
697 2295 719 2346 ?

571 2403 810 2460 Perntts.
851 2403 922 2458 Et
970 2403 1014 2458 si
1047 2403 1228 2473 imago
1263 2402 1354 2456 illa
1399 2403 1636 2456 nondum
1659 2410 1789 2457 erat
1818 2403 1870 2456 in
1898 2416 2082 2470 opere,

483 2494 556 2549 sin
585 2493 702 2562 ejus
739 2503 918 2547 tamen
948 2493 1290 2564 providentia
1321 2493 1434 2562 jam
1483 2491 1662 2546 fuerat
1686 2503 1850 2561 atque
1897 2491 2086 2545 volun-

501 2595 633 2642 tate.
665 2588 797 2642 Cum
821 2595 1002 2641 autem
1037 2587 1290 2641 voluntas
1325 2587 1442 2656 ejus
1481 2603 1587 2641 non
1620 2596 1881 2651 mutetur,
1915 2602 2087 2656 quan-

491 2690 616 2734 tum
648 2678 714 2732 ad
762 2678 936 2747 ipsum
991 2677 1065 2730 nil
1096 2677 1295 2740 obstat,
1348 2677 1476 2746 quin
1520 2677 1697 2745 imago
1727 2693 1826 2732 sua
1875 2693 2088 2746 semper

495 2769 672 2824 inisse
717 2769 989 2823 credatur.
1024 2767 1092 2822 Et
1133 2767 1234 2822 hoc
1266 2769 1465 2837 quippe
1503 2767 1634 2821 alibi
1671 2767 1978 2821 invenimus
2032 2769 2086 2821 in

492 2859 1005 2932 prophetis-(Num.
1037 2875 1098 2926 ll,
1143 2875 1234 2923 Ill;
1268 2858 1401 2912 Mal.
1437 2862 1517 2924 ιιι)
1551 2860 1695 2928 quod
1725 2860 1791 2914 de
1820 2860 1998 2914 futura
2030 2873 2090 2914 re

503 2953 657 3022 quasi
689 2951 965 3022 praeterita
993 2951 1104 3006 sint
1130 2950 1317 3014 locuti,
1353 2950 1494 3005 sicut
1523 2950 1694 3005 Isaias
1723 2953 1823 3006 sub
1854 2965 2090 3020 persona

487 3043 742 3108 'Dmnini,
771 3044 886 3097 ait:
930 3043 1049 3096 Dies
1081 3043 1296 3096 ultionis
1340 3044 1395 3095 in
1428 3044 1584 3097 corde
1623 3059 1757 3110 meo,
1808 3059 1977 3096 annus
2011 3059 2090 3097 re-

491 3134 811 3188 tributionis
861 3150 990 3188 mea:
1019 3135 1156 3188 venit
1185 3133 1320 3206 (Isa.
1357 3136 1528 3205 thv).
1557 3133 1684 3190 Dies
1728 3133 1970 3204 profecto
2005 3133 2089 3188 vel

506 3239 682 3279 annus
721 3228 826 3278 non
871 3233 1120 3288 venerat,
1151 3239 1270 3294 qua:
1321 3235 1501 3280 tamen
1553 3224 1679 3294 quia
1709 3225 1761 3278 in
1801 3225 1966 3280 corde
1993 3239 2092 3279 suo

501 3313 612 3384 jam
663 3323 802 3382 erat,
843 3314 958 3384 jam
989 3315 1203 3370 venisse
1224 3316 1458 3370 dicebat.

579 3428 809 3483 Movses.
833 3427 1009 3482 llahcs
1034 3429 1209 3482 adhuc
1238 3429 1473 3498 aliquam
1505 3429 1667 3483 aliam
1689 3429 2090 3490 auctoritatem,

493 3529 605 3587 ‘pcr
643 3535 805 3588 quam
838 3520 1077 3587 apertius
1127 3519 1300 3588 possis
1341 3519 1628 3574 ostendere
1673 3534 1898 3589 puerum
1941 3519 2092 3574 illum

511 3624 628 3663 esse
661 3609 827 3663 Deum
856 3609 1106 3663 debuisse
1133 3619 1189 3663 et
1228 3609 1529 3664 hominem?

575 3720 818 3776 .Psrnus.
865 3721 1050 3776 Habeo
1107 3724 1292 3792 utique
1344 3722 1561 3778 multas.
1595 3723 1687 3778 Ait
1729 3723 1873 3777 enim
1925 3722 1993 3777 de
2031 3737 2096 3778 eo

480 3850 482 3852 τ
512 3811 715 3869 Isaias:
751 3813 1017 3867 Parvulas
1055 3815 1191 3867 enim
1223 3825 1378 3868 natus
1419 3827 1492 3868 est
1529 3817 1701 3880 nobis,
1739 3827 1786 3868 et
1817 3815 1965 3884 ﬁlius
2001 3816 2099 3868 τία-

513 3914 598 3958 tus
645 3914 721 3958 est
761 3904 928 3983 nobis,
974 3915 1022 3958 et
1071 3906 1342 3959 vocabitur
1371 3923 1556 3960 nomen
1585 3907 1697 3975 ejus
1725 3905 2094 3974 Admirabilis,

513 3995 884 4061 Consiliarius,
914 3995 1056 4050 Deus
1085 3996 1260 4064 fortis,
1294 3996 1456 4052 Pater
1489 3997 1658 4066 futuri
1705 3999 1908 4064 stcculi,
1937 3998 2098 4051 Prin-

514 4103 629 4158 ceps
657 4088 802 4156 pacis
842 4085 978 4158 Usa.
1015 4090 1112 4158 is).
1155 4087 1284 4142 llzec
1307 4089 1452 4143 enim
1483 4091 1699 4144 nomina
1744 4091 1923 4144 omnia
1966 4106 2099 4145 non-

515 4177 617 4232 nisi
653 4178 848 4232 Deitali
883 4179 1235 4232 conveniunt.

585 4290 820 4346 Movsss.
881 4289 958 4343 Tu
1009 4291 1146 4345 male
1195 4290 1532 4360 Scripturam
1589 4292 1864 4360 intelligis.
1917 4291 2101 4362 Neque

515 4381 662 4436 enim
691 4383 762 4436 ita
796 4381 1080 4448 legendum
1111 4391 1215 4442 est.
1258 4383 1401 4450 quod
1429 4383 1643 4436 dicatur
1668 4399 1802 4450 puer
1851 4383 1942 4438 ille
1993 4385 2103 4438 Ade

2164 567 2219 620 in
2250 565 2619 636 sempiternum
2639 563 2775 631 (lsa.
2800 575 2877 630 IX)
2895 576 2908 625 ;
2928 560 3054 623 hoc,
3071 559 3314 628 inquam,
3330 564 3500 610 totum
3524 556 3762 609 ostendit

2168 672 2394 726 puerum
2422 655 2571 709 illum
2597 654 2765 708 Deum
2803 663 2854 706 et
2878 651 3152 704 hominem
3185 648 3439 704 debuisse
3473 661 3594 701 esse
3619 648 3763 701 futuo

2170 763 2316 802 rum.
2355 743 2628 813 Quidquid
2662 742 2807 796 enim
2841 737 3078 793 hominis
3101 745 3204 801 est,
3238 737 3400 791 linem
3436 746 3520 790 est
3547 736 3768 791 habitu-

2169 854 2312 904 rum,
2351 835 2496 889 Deus
2523 845 2702 888 autem
2727 832 2944 900 etquod
2987 827 3145 897 hujus
3173 839 3277 895 est,
3309 837 3493 884 manet
3527 828 3579 882 in
3605 838 3768 883 aeter-

2173 946 2300 984 num
2341 909 2516 998 (Psal.
2552 927 2685 993 xvi).
2725 924 2930 978 Praeter
2971 923 3086 977 haec
3132 923 3299 975 etiam
3349 921 3532 975 omnia
3565 921 3766 989 injuste

2173 1019 2305 1074 mihi
2348 1017 2680 1073 contradicis
2727 1015 2794 1069 de
2838 1014 3149 1068 nominibus
3195 1012 3547 1081 supradictis,
3595 1005 3766 1067 vestri

2174 1123 2408 1178 namque
2448 1107 2721 1169 doctores,
2764 1113 2817 1158 et
2849 1103 3126 1158 Christum
3150 1113 3358 1172 septem
3400 1101 3623 1155 nomina
3658 1101 3759 1156 ha-

2175 1202 2414 1256 biturum
2452 1213 2572 1252 esse
2617 1197 2897 1260 dixerunt,
2939 1203 2994 1249 et
3031 1195 3148 1248 haec
3198 1194 3389 1248 eadem
3442 1201 3764 1262 posuerunt.

2177 1289 2293 1342 Hoc
2343 1296 2524 1341 autem
2574 1285 2628 1339 in
2660 1283 3047 1354 disputationis
3107 1283 3336 1337 exordio
3386 1293 3603 1352 pactum
3658 1299 3764 1338 non

2177 1381 2452 1444 Iirmaras,
2484 1387 2543 1432 ut
2575 1378 2775 1448 injuste
2805 1371 3006 1446 aliquid
3034 1377 3398 1431 contratlicas.

2252 1490 2482 1545 Movses.
2501 1488 2780 1545 Recordor
2805 1498 2861 1544 et
2881 1504 3068 1544 verum
3089 1469 3197 1553 est,
3225 1488 3298 1542 ita
3324 1497 3540 1543 nostros
3565 1487 3773 1545 dixisse

2181 1581 2455 1637 doctores.

2249 1695 2489 1749 Pernus.
2509 1693 2699 1748 Adhuc
2715 1701 2769 1748 e't
2790 1693 2950 1748 aliam
2979 1693 3139 1760 dabo,
3168 1694 3212 1748 si
3240 1693 3341 1760 vls,
3369 1695 3768 1761 auctoritatem,

2189 1801 2416 1854 puerum
2463 1786 2611 1839 illum
2647 1786 2824 1839 'Deum
2853 1801 2971 1840 esse
3003 1784 3244 1838 futurum
3275 1795 3328 1840 et
3361 1787 3651 1842 hominem.
3682 1788 3772 1840 Ait

2183 1878 2327 1932 enim
2356 1877 2422 1931 de
2453 1892 2518 1932 eo
2537 1877 2689 1930 ’idem
2724 1877 2984 1945 propheta
3011 1893 3026 1930 :
3055 1874 3375 1944 Egredietur
3398 1879 3544 1946 virga
3583 1879 3645 1931 de
3685 1894 3772 1929 ra-

2182 1970 2299 2022 dice
2328 1968 2497 2031 Jesse,
2529 1979 2575 2021 et
2603 1970 2700 2037 [los
2731 1970 2794 2021 de
2821 1970 2998 2022 radice
3034 1970 3148 2038 ejus
3181 1970 3450 2034 ascendet,
3480 1980 3527 2024 et
3575 1971 3774 2038 requie-

2183 2069 2288 2112 scet
2309 2075 2463 2125 super
2484 2075 2600 2112 eum
2631 2057 2859 2127 Spiritus
2890 2059 3127 2125 Domini,
3154 2059 3397 2128 Spiritus
3426 2060 3696 2129 sapientiae
3725 2069 3775 2114 et

2188 2146 2504 2208 intellectus,
2552 2144 2784 2215 Spiritus
2813 2149 3020 2202 consilii
3047 2159 3095 2202 et
3140 2150 3490 2217 fortitudinis,
3543 2147 3778 2218 Spiritus

2185 2238 2418 2292 scientia:
2461 2247 2512 2290 et
2549 2239 2776 2307 pietatis,
2824 2249 2872 2292 et
2917 2240 3130 2308 replebit
3171 2257 3287 2294 eum
3321 2240 3522 2310 Spiritu
3569 2243 3778 2296 timoris

2183 2328 2418 2382 Domini.
2454 2329 2577 2383 Non
2606 2332 2894 2384 secundum
2923 2330 3168 2386 visionem
3199 2331 3468 2386 oculorum
3481 2332 3778 2399 judicabit,

2191 2436 2284 2472 nec
2319 2423 2605 2472 secundum
2639 2421 2879 2474 auditum
2919 2423 3127 2476 aurium
3161 2434 3363 2493 arguet,
3399 2424 3490 2477 sed
3507 2425 3780 2493 judicabit

2188 2512 2242 2565 in
2268 2511 2482 2580 justitia
2505 2529 2756 2582 pauperes
2781 2523 2828 2567 et
2858 2525 3040 2583 arguet
3068 2516 3120 2568 in
3148 2517 3391 2586 wquitate
3417 2531 3512 2583 pro
3535 2532 3779 2569 mansue-

2189 2603 2256 2656 tis
2282 2613 2435 2656 terrtc
2469 2613 2517 2656 et
2553 2605 2802 2672 percutiet
2844 2614 3038 2659 terram
3069 2608 3215 2676 virga
3245 2607 3351 2660 oris
3379 2607 3484 2670 sui,
3517 2615 3564 2659 et
3591 2607 3778 2675 spiritu

2190 2696 2450 2752 labiorum
2492 2715 2709 2752 suorum
2740 2700 3014 2767 interﬁciet
3059 2701 3276 2769 impium
3319 2698 3455 2769 (Isa.
3489 2700 3586 2769 XI).
3625 2701 3781 2768 Quod

2190 2789 2335 2842 enim
2365 2789 2461 2852 ait,
2487 2806 2587 2842 non
2610 2793 2895 2850 secundum
2923 2791 3169 2843 visionem
3199 2790 3470 2844 oculorum
3493 2791 3776 2860 judicabit,

2191 2890 2246 2933 et
2273 2892 2464 2933 caetera
2497 2897 2618 2948 quae
2645 2891 2967 2949 sequuntur,
3001 2882 3186 2950 procul
3216 2882 3381 2935 dubio
3418 2881 3546 2934 nulli
3583 2896 3782 2936 conve-

2193 2974 2369 3037 niunt,
2403 2974 2506 3026 nisi
2551 2974 2650 3026 soli
2695 2973 2826 3027 Deo.
2860 2973 3028 3026 ilomo
3058 2974 3205 3027 enim
3242 2974 3345 3027 nisi
3379 2974 3523 3042 quod
3560 2973 3778 3038 viderit,

2193 3065 2276 3119 vel
2311 3065 2566 3127 audierit,
2593 3065 2745 3135 juste
2771 3065 2974 3134 aliquid
2998 3064 3250 3132 judicare
3287 3081 3393 3120 non
3427 3066 3646 3135 poterit.

2265 3178 2494 3234 Movses.
2526 3179 2660 3232 Pars
2703 3194 2834 3234 sane
2863 3177 3042 3246 hujus,
3070 3193 3231 3247 quam
3285 3178 3381 3232 tibi
3421 3179 3474 3232 iu
3523 3177 3782 3232 auxilium

2197 3253 2472 3323 adduxisti
2520 3268 2896 3332 auctoritatis,
2930 3269 2996 3321 ad
3038 3268 3140 3322 hoc
3171 3267 3356 3322 obstat
3391 3267 3783 3322 ostendendum

2195 3361 2340 3430 quod
2388 3370 2441 3414 tu
2485 3359 2720 3430 probare
2765 3359 3072 3414 contendis.
3122 3358 3350 3430 Legitur
3391 3374 3626 3428 namque
3667 3360 3782 3414 ibi'

2199 3454 2265 3508 Et
2298 3456 2580 3526 requiescet
2607 3471 2762 3523 super
2783 3471 2898 3507 eum
2925 3453 3152 3522 Spiritus
3178 3453 3416 3518 Domini,
3441 3453 3670 3522 Spiritus
3699 3468 3790 3506 sa-

2196 3547 2406 3614 pientia:
2450 3555 2496 3599 et
2525 3545 2836 3610 intellectus,
2862 3543 3093 3613 Spiritus
3121 3543 3327 3598 consilii
3357 3554 3404 3596 et
3431 3543 3783 3612 fortitudinis,

2200 3636 2428 3705 Spiritus
2453 3637 2684 3688 scientia:
2706 3645 2754 3688 et
2780 3637 3010 3703 pietatis,
3033 3645 3079 3688 et
3103 3634 3315 3703 replebit
3339 3651 3454 3687 eum
3484 3633 3685 3702 Spiritu
3715 3635 3785 3684 ti-

2201 3727 2362 3780 moris
2403 3727 2636 3780 Domini.
2669 3726 2727 3780 Si
2764 3727 2908 3779 enim
2951 3726 3092 3780 Deus
3117 3734 3261 3780 esset
3288 3725 3521 3792 futurus,
3563 3725 3788 3780 daturus

2200 3823 2388 3891 utique
2418 3832 2565 3877 esset
2593 3823 2707 3876 hinc
2737 3830 2791 3875 et
2821 3837 2929 3876 non
2957 3829 3308 3891 accepturus.

2272 3955 2508 4011 Psrnus.
2536 3955 2684 4010 Nihil
2712 3955 2798 4010 est
2823 3953 2966 4023 quod
2997 3953 3245 4023 opponis.
3275 3953 3397 4008 Dixi
3423 3967 3660 4022 namque
3690 3952 3788 4008 tibi

2204 4047 2256 4101 in
2290 4047 2480 4117 primis
2511 4046 2563 4099 in
2597 4060 2732 4101 mea:
2758 4041 3142 4116 explanatione
3175 4045 3534 4110 credulitatis,
3569 4055 3679 4100 tres
3708 4044 3792 4115 ip-

2201 4154 2323 4194 sum
2357 4153 2480 4194 esse
2502 4138 2835 4192 substantias
2855 4137 3154 4201 Christum,
3183 4149 3382 4206 corpus
3415 4137 3642 4201 scilicet,
3673 4137 3792 4191 ani-

2202 4242 2372 4293 mam,
2414 4235 2469 4280 et
2499 4225 2692 4280 Deum.
2736 4227 2804 4281 Et
2838 4227 3134 4281 secundum
3174 4227 3439 4280 Deitatem
3467 4237 3671 4296 septem
3699 4226 3792 4281 illa

2203 4317 2305 4370 sibi
2349 4325 2478 4372 sunt
2530 4317 2789 4371 attributa
2845 4317 3147 4383 vocabula,
3196 4319 3492 4372 secundum
3552 4319 3791 4372 animam

2205 4422 2333 4462 vero
2372 4416 2581 4476 septem
2628 4423 2854 4462 munera
2907 4408 3082 4477 potuit
3125 4412 3402 4478 suscipere
3455 4409 3792 4478 supradicta.

517 4472 879 4528 mirabilisvel
901 4471 1417 4535 Consiliarius,etc.,
1442 4471 1550 4525 imo
1581 4471 2103 4540 itazlllcquiestad-
2133 4515 2181 4574 Β
2211 4495 2334 4550 ηπ(⁵
2379 4471 2578 4565 qu'ippe
2604 4497 2786 4550 anima
2818 4471 3018 4566 pm'ﬂer
3052 4499 3198 4566 quod
3223 4471 3340 4552 mia,
3375 4471 3573 4552 ωηιξη
3597 4497 3792 4566 .adjun.

499 4562 808 4628 .mirabilis,
841 4563 932 4632 qui
965 4571 1050 4616 est
1082 4561 1446 4625 consiliarius,
1490 4562 1581 4630 qui
1621 4569 1704 4616 est
1753 4561 1894 4617 Deus
1924 4563 2098 4627 fortis,

511 4656 710 4725 quiest
735 4664 891 4724 pater
911 4651 1078 4708 futuri
1107 4652 1321 4712 saeculi;
1349 4653 1456 4719 ille,
1484 4653 1725 4721 inquam,
1744 4656 1952 4708 vocabit
1979 4670 2102 4708 eum

523 4745 822 4813 principem
866 4743 1038 4823 pacis.
1073 4742 1168 4796 Sin
1204 4750 1408 4808 autem,
1443 4743 1509 4797 de
1553 4758 1660 4813 quo
1687 4743 1852 4813 igitur
1899 4745 2102 4798 dictum

521 4845 609 4887 est
634 4835 836 4887 vocabit
859 4834 886 4887 7

597 4942 829 5000 Perses.
873 4946 985 5002 Hoc
1021 4945 1151 5000 mihi
1197 4959 1329 5001 sane
1370 4943 1572 4998 nullum
1615 4944 1770 5002 alien
1811 4947 2106 5004 incommo-

525 5034 674 5097 dum,
705 5035 831 5103 quia
860 5035 1002 5092 Deus
1040 5038 1120 5092 sic
1150 5038 1457 5106 .appellavit
1484 5039 1740 5108 seipsum.
1772 5039 1838 5092 Et
1878 5040 1979 5094 hoc
2002 5039 2105 5094 lin-

499 5138 631 5211 igua
654 5123 790 5178 bene
818 5125 1024 5193 patitur
1047 5125 1337 5193 llebraica,
1363 5130 1504 5182 sicut
1529 5129 1587 5182 in
1617 5127 1754 5182 libro
1777 5129 1992 5186 Numeri
2026 5133 2108 5186 in-

526 5215 744 5270 venitur
779 5230 795 5269 :
834 5214 947 5270 Ista
975 5226 1050 5270 est
1081 5217 1165 5271 lea:
1192 5219 1594 5272 consecrationis
1621 5239 1634 5273 :
1675 5218 1804 5273 Cum
1835 5223 1945 5275 dies
1980 5237 2108 5293 quos

527 5322 592 5360 ea:
635 5315 749 5360 voto
800 5305 1094 5360 decreverat
1142 5307 1819 5376 complebuntur,‘adducet
1864 5327 1982 5364 eum
2040 5311 2109 5364 ad

529 5401 722 5455 ostium
761 5401 1084 5454 tabernaculi
1138 5399 1350 5467 [aderis
1406 5400 1596 5470 (Num.
1621 5404 1723 5473 γι).
1780 5404 1854 5458 De
1917 5405 2108 5458 eodem

508 5507 762 5563 inanique
828 5493 1032 5548 dictum
1086 5502 1194 5557 est,
1237 5501 1292 5548 et
1337 5494 1593 5558 adducet,
1643 5505 1699 5551 et.
1742 5512 1880 5550 eum.
1919 5494 2026 5551 Sed
2056 5505 2111 5551 et

525 5583 746 5650 quodin
771 5583 963 5638 eodem
988 5580 1196 5654 locoait
1213 5579 1512 5650 piopheta:
1545 5582 2110 5654 Mattipltcabiturejns

525 5671 828 5737 imperium,
849 5680 896 5728 et
921 5672 1083 5741 pacis,
1095 5687 1198 5724 non
1227 5671 1323 5724 erit
1351 5671 1473 5738 ﬁnis
1496 5683 1682 5741 :super
1703 5673 1890 5726 solium
1919 5673 2110 5738 David,

525 5769 576 5814 et
599 5775 756 5831 super
786 5778 1001 5843 regnum
1023 5762 1145 5843 eius
1169 5762 1367 5843 sedebit
1390 5802 1404 5831 ,
1439 5773 1514 5832 et,
1554 5773 1606 5817 ut
1637 5763 1913 5833 conﬁrmet
1951 5763 2106 5833 illud,

2207 4594 2326 4650 cla,
2362 4600 2458 4656 per
2491 4601 2551 4641 se
2573 4602 2788 4656 quoque
2817 4588 3062 4642 omnium
3098 4587 3201 4642 fuit
3238 4588 3544 4644 animarum
3585 4589 3793 4658 dignis-

2206 4692 2361 4732 suna.

2279 4807 2508 4865 Marses.
2539 4809 2674 4865 Cum
2715 4811 2902 4880 itaque
2937 4811 3234 4867 secundum
3267 4811 3540 4868 'Deitatem
3586 4822 3792 4884 septem

2207 4891 2489 4965 vocabula,
2516 4911 2572 4956 et
2612 4903 2912 4956 secundum
2948 4904 3185 4958 animam
3224 4913 3431 4972 septem
3473 4905 3565 4959 illa
3613 4920 3797 4961 susce-

2205 4989 2351 5057 perit
2375 5005 2624 5054 munera.
2658 4991 2819 5046 velim
2850 4992 2982 5046 mihi
3017 5003 3166 5048 certe
3208 4995 3421 5064 aperias
3445 4993 3579 5064 quid
3609 5009 3799 5051 secuti;

2211 5080 2336 5133 dum
2359 5095 2556 5150 corpus
2577 5082 2629 5136 ei
2653 5082 2940 5138 attribuas.

2281 5211 2515 5268 Perses.
2553 5213 2707 5271 Licet
2739 5215 3032 5274 ridiculose
3069 5219 3174 5274 hoc
3209 5219 3480 5288 proferas.
3505 5229 3712 5286 tamen.
3749 5219 3798 5275 si

2212 5304 2314 5372 vis,
2349 5305 2526 5359 dicam
2551 5307 2681 5376 quid
2712 5309 3010 5364 secundum
3042 5325 3260 5366 carnem
3289 5312 3340 5366 ei
3364 5312 3683 5368 attribuam.
3709 5312 3800 5366 Di-

2211 5399 2286 5450 cit
2315 5397 2513 5467 quippe
2542 5398 2682 5453 idem
2721 5399 2889 5456 Isaias
2924 5418 2936 5454 :
2970 5400 3119 5456 Dabo
3154 5403 3209 5456 in
3239 5403 3524 5458 solitudine
3558 5405 3799 5470 cedrum,

2213 5495 2261 5540 et
2304 5487 2486 5540 set/tim
2507 5527 2522 5552 ,
2550 5499 2598 5542 et
2623 5491 2912 5559 myrtltum,
2944 5503 2991 5546 et
3017 5493 3215 5564 lignum
3241 5493 3412 5561 olivae,
3441 5503 3489 5549 et
3512 5511 3704 5563 ponam
3742 5496 3803 5551 in

2163 5653 2166 5656 .
2213 5579 2416 5634 deserto
2439 5581 2680 5649 abietem,
2701 5584 2881 5654 pinum
2904 5595 2953 5640 et
2977 5586 3172 5640 buxum
3194 5587 3354 5641 simul
3375 5586 3512 5659 (Isa.
3536 5588 3669 5659 xu).
3696 5586 3803 5644 Per

2155 5717 2170 5728 .
2217 5673 2314 5726 has
2335 5685 2467 5726 sane
2493 5673 2718 5730 arbores
2745 5686 2976 5746 septem,
3013 5693 3212 5749 corpus
3229 5678 3431 5736 Christi
3461 5679 3797 5749 designatur.

2215 5761 2290 5818 De
2326 5761 2523 5848 aliquo
2572 5780 2807 5836 namque
2852 5768 2955 5825 hoc
2989 5767 3208 5826 deserto
3243 5783 3342 5827 cur
3366 5770 3581 5849 diceret
3609 5809 3624 5837 ,
3675 5785 3802 5825 cum
