4142 6360
421 383 516 444 621

1905 353 2197 437 DlALOGl.

3587 381 3695 438 69%

422 513 636 570 semper
664 513 718 552 in
751 496 963 552 deserto
999 493 1303 564 huiusmodi
1335 493 1558 548 arbores
1583 496 2011 547 commoremur!
2037 498 2086 554 Α
2116 495 2354 564 loquitur
2399 496 2564 550 Deum
2623 511 2743 552 esse
2785 506 2840 552 et
2896 499 3167 553 hominem
3220 501 3481 554 ostendit.
3527 502 3694 559 Aiens

421 591 526 645 Per
551 589 823 642 desertum
857 601 986 655 ergo
1010 585 1324 656 intelligitur
1349 588 1602 653 mutulos,
1627 588 1741 656 qui,
1769 595 2009 657 tempore

418 677 614 732 Christi
653 677 935 742 adventus,
961 675 1108 730 omni
1133 674 1274 730 bono
1291 692 1492 731 vacuus
1517 685 1636 732 erat
1660 686 1715 731 et
1739 677 2004 732 desertus.

492 767 721 836 Movsas.
750 764 883 819 Cum
914 766 1080 836 igitur
1108 782 1305 835 corpus
1338 765 1454 834 ejus
1490 782 1583 836 per
1611 767 1834 821 arbores
1866 767 2010 820 desi-

420 861 626 930 gnavit,
643 875 740 914 cur
763 859 1226 926 arbores,quaeso,
1254 857 1566 912 fructiferas
1586 867 1640 910 et
1661 858 2009 928 pretiosiores

421 951 476 1004 in
507 949 626 1016 ejus
655 949 1028 1021 designatione
1053 963 1157 1001 non
1187 949 1408 1016 posuit?

491 1040 727 1094 Pernus.
755 1037 947 1108 Magno
979 1038 1111 1092 satis
1145 1038 1338 1091 intuitu
1369 1048 1422 1092 et
1451 1039 1660 1092 ratione
1700 1039 1803 1092 hoc
1858 1038 2004 1092 fecit.
2057 1047 2062 1052 '

422 1131 575 1187 Sicut
615 1145 849 1199 namque
879 1145 1098 1198 semper
1133 1130 1308 1183 virent
1346 1131 1572 1184 arbores
1605 1130 1727 1194 illae,
1765 1145 1865 1183 nec
1905 1130 2007 1183 ali-

421 1221 638 1291 quando
665 1236 761 1274 sua
809 1219 1102 1273 viduantur
1133 1218 1344 1285 fronde,
1375 1219 1454 1273 sic
1491 1229 1546 1272 et
1576 1234 1773 1288 corpus
1805 1217 2008 1274 Christi

422 1327 638 1380 semper
670 1311 872 1374 vivum,
907 1314 1122 1378 semper
1155 1317 1325 1363 talum
1380 1319 1567 1364 mallet
1611 1318 1666 1363 et
1712 1309 2004 1378 integrum.

423 1404 608 1458 Habeo
632 1412 815 1456 autem
841 1411 897 1455 et
927 1401 1072 1470 aliud
1114 1401 1459 1456 auctoritatis
1495 1409 1897 1470 argumentum,
1941 1400 2008 1454 ad

423 1493 880 1564 comprobandum
913 1492 1060 1546 uniri
1105 1493 1348 1560 potuisse
1393 1491 1684 1545 hominem'
1718 1502 1774 1544 et
1812 1491 2003 1544 Deum.

425 1586 566 1640 Dicit
591 1599 825 1654 namque
866 1584 1032 1639 Isaias
1052 1602 1065 1637 :
1085 1583 1151 1637 Et
1183 1585 1354 1638 dicent
1386 1586 1440 1638 in
1465 1585 1550 1638 die
1576 1583 1711 1637 illa:
1737 1581 1872 1636 Ecce
1900 1581 2012 1636 Do-

424 1676 598 1730 minus
626 1685 800 1728 noster
823 1676 937 1728 iste.
961 1673 1396 1738 Exspectavimus
1424 1690 1566 1740 eum,
1590 1683 1637 1728 et
1666 1673 1886 1727 salvabit
1915 1689 2008 1726 nos

425 1765 561 1834 (Isa.
610 1767 759 1835 xxv).
794 1765 947 1820 Hunc
973 1774 1123 1820 certe
1159 1781 1376 1820 versum
1409 1765 1569 1819 aliter
1611 1779 1719 1818 non
1750 1779 2008 1818 curamus

2110 589 2256 640 enim
2288 607 2301 642 :
2334 587 2494 643 Sedes
2518 599 2632 655 tua,
2661 590 2821 656 Deus,
2853 593 2908 644 in
2935 591 3186 645 swculum
3211 593 3414 658 steculi,
3441 595 3585 662 virga
3613 595 3696 649 di-

2112 680 2356 733 rectionis
2379 681 2524 752 virga
2549 683 2692 750 regni
2715 683 2814 748 tui,
2861 685 3104 752 nunquid
3135 701 3238 738 non
3264 701 3388 739 eum
3411 687 3698 741 manifeste

2111 770 2347 839 appellat
2369 771 2575 825 Deum?
2598 772 2800 828 Deinde
2819 789 2943 828 cum
2967 774 3128 829 dicit:
3150 771 3392 830 Dilexisti
3409 777 3695 837 justitiam.

2110 871 2157 914 et
2195 862 2351 914 odisti
2390 863 2738 932 iniquitatem,
2785 875 3058 932 propterea
3089 868 3240 920 unxit
3267 877 3316 921 te
3349 868 3511 934 Deus,
3555 868 3697 922 Deus

2111 961 2254 1017 tuus,
2283 952 2398 1004 oleo
2431 952 2628 1006 lwtitia:
2653 969 2762 1022 pra:
2801 955 3127 1007 consortibus
3166 958 3291 1021 tuis,
3324 955 3390 1009 ad
3423 957 3697 1011 hominem

2111 1056 2233 1094 eum
2270 1041 2417 1110 loqui
2457 1043 2808 1110 percipimus.
2854 1042 3041 1112 Neque
3075 1045 3222 1098 enim
3267 1047 3353 1100 vel
3389 1047 3579 1111 Deum,
3613 1048 3700 1102 vel

2111 1138 2393 1181 consortes
2423 1128 2587 1182 habet
2622 1127 2782 1182 Deus.
2817 1127 2948 1182 Item
2982 1129 3149 1183 David
3193 1131 3320 1186 alibi
3358 1133 3412 1186 in
3437 1133 3653 1187 Psalmo
3682 1151 3695 1185 :

2110 1218 2554 1288 Deus,judicium
2594 1230 2740 1273 tuum
2772 1222 2878 1290 regi
2905 1221 2994 1287 da,
3025 1231 3072 1273 et
3099 1221 3366 1290 justitiam
3399 1234 3546 1278 tuam
3588 1225 3700 1293 ﬁlio

2111 1309 2245 1378 regis
2285 1307 2457 1378 (Psal.
2497 1310 2674 1380 LXXI),
2721 1318 2776 1364 et
2811 1325 3146 1380 quaecunque
3181 1311 3285 1364 alia
3318 1323 3442 1366 sunt
3473 1314 3526 1366 in
3559 1315 3704 1382 psal—

2112 1413 2238 1460 mo,
2289 1399 2376 1452 die
2414 1413 2560 1452 nunc
2603 1400 2726 1467 quis
2754 1409 2838 1453 est
2882 1399 2983 1454 iste
3028 1400 3172 1469 regis
3210 1401 3388 1456 ﬁlius?
3441 1401 3702 1456 Salomon

2111 1502 2178 1541 an
2212 1487 2484 1555 Christus,
2516 1489 2608 1558 qui
2635 1491 2700 1543 de
2731 1489 2848 1558 ipso
2877 1490 3044 1544 David
3075 1501 3194 1545 erat
3235 1501 3518 1558 venturus,
3545 1503 3601 1548 et
3633 1493 3699 1548 li-

2111 1579 2216 1633 lius
2247 1579 2365 1648 ejus
2393 1580 2820 1649 nuncupandus?

2183 1670 2416 1724 Movsas.
2444 1671 2580 1726 Nolo
2610 1688 2745 1727 sane
2781 1682 2830 1726 te
2857 1689 3022 1744 super
3045 1676 3149 1730 hoc
3176 1674 3427 1746 fatigare.
3450 1677 3526 1730 De
3545 1677 3702 1733 Chri-

2113 1770 2198 1815 sto
2224 1762 2369 1816 enim
2401 1762 2604 1816 dictum
2633 1773 2739 1828 est,
2770 1773 2830 1818 ut
2860 1767 3110 1821 doctores
3139 1769 3310 1821 nostri
3339 1769 3589 1824 docuere.

423 1856 736 1925 explanare,
767 1869 926 1924 quam
956 1855 1206 1908 doctores
1230 1855 1398 1909 vestri
1431 1855 1579 1908 illum
1609 1855 1810 1908 dudum
1838 1871 2008 1924 expo-
2040 1843 2086 1902 Β
2187 1850 2426 1905 Pernus.
2452 1850 2586 1905 Cum
2612 1852 2775 1921 igitur
2798 1853 2864 1907 de
2891 1855 3109 1909 Christo
3138 1856 3403 1924 psalmum
3429 1871 3550 1912 esse
3570 1873 3697 1913 con-

425 1959 609 1998 suere.
654 1943 759 1997 Per
797 1959 920 1998 eum
965 1959 1202 2012 namque
1229 1953 1518 1998 venturum
1555 1944 1857 1999 docuerunt
1894 1944 2009 1998 l'ore

425 2042 662 2103 tempus,
691 2049 799 2103 quo
839 2042 894 2088 et
924 2032 1094 2087 Deum
1129 2034 1362 2089 mundus
1388 2042 1533 2088 esset
1563 2035 1802 2096 visurus,
1845 2042 1898 2088 et
1929 2034 2010 2087 di-

424 2125 538 2194 gito
569 2125 668 2178 sibi
709 2125 774 2178 ad
807 2124 1036 2180 invicem
1075 2123 1302 2194 p0pulus
1323 2133 1666 2178 ostensurus.
1716 2123 1834 2177 lloe
1880 2139 2010 2177 vero

426 2215 546 2269 ﬁeri
591 2224 775 2284 posset
815 2214 1161 2277 nullatenus,
1194 2215 1295 2268 nisi
1344 2228 1544 2282 corpus
1592 2213 1748 2266 lieret
1791 2213 1914 2280 quis
1956 2220 2013 2265 et

427 2307 590 2362 Dens.
618 2306 730 2361 Hoc
759 2306 922 2360 etiam
955 2306 1098 2374 quod
1126 2306 1200 2358 ait
1229 2306 1491 2376 propheta
1521 2322 1533 2356 :
1568 2302 1682 2358 Vox
1725 2304 2013 2373 speculato-

429 2413 546 2451 rum
591 2407 854 2461 tuorum;
897 2403 1192 2449 levaverunt
1234 2412 1443 2460 vocem,
1485 2395 1642 2449 simul
1686 2394 2009 2461 laudabunt,

427 2487 554 2556 quia
581 2487 732 2539 oculo
759 2487 826 2539 ad
857 2487 1063 2539 oculum
1088 2486 1328 2539 videbunt
1357 2502 1476 2539 cum
1500 2488 1804 2540 converterit
1831 2486 2012 2540 Denti-

431 2591 530 2628 nus
556 2574 683 2628 Sion
708 2573 846 2645 (Isa.
873 2578 1002 2641 Liv).
1041 2575 1194 2629 llnnc
1213 2617 1226 2641 ,
1255 2576 1502 2644 inquam,
1527 2591 1743 2631 versum
1767 2577 2016 2632 ductores

435 2669 601 2723 vestri
631 2669 825 2722 eodem
857 2670 1018 2721 modo
1050 2683 1158 2738 quo
1193 2669 1448 2735 diximus,
1478 2678 1864 2738 exposuerunt,
1892 2685 2016 2739 pro-

431 2770 552 2831 pter
582 2762 710 2816 illud
739 2776 752 2814 :
783 2760 948 2815 Oculo
981 2764 1048 2814 ad
1089 2761 1297 2816 oculum
1337 2762 1600 2816 uidebunt.
1651 2761 1757 2817 Sed
1786 2771 1842 2816 et
1871 2763 2017 2818 aliud

431 2855 611 2924 posuit
639 2855 924 2925 propheta,
972 2870 1068 2924 per
1108 2854 1248 2923 quod
1293 2869 1400 2908 non
1450 2854 1630 2908 minus
1673 2855 2017 2924 comprobari

431 2957 659 3019 possunt
690 2949 1022 3018 supradicta.
1059 2948 1148 3002 Ait
1175 2949 1322 3002 enim
1365 2966 1376 3000 :
1413 2947 1480 3000 Et
1514 2947 1822 3002 revelabitur
1850 2947 2019 3017 gloria

431 3039 665 3106 Domini,
693 3050 739 3093 et
768 3040 951 3094 videbit
977 3041 1144 3093 omnis
1169 3057 1291 3093 caro
1326 3041 1524 3108 pariter
1558 3039 1696 3110 quod
1721 3056 1776 3093 os
1805 3039 2019 3092 Domini

433 3130 665 3184 locutum
702 3141 777 3184 est
807 3130 943 3199 (Isa.
977 3131 1090 3201 XL).
1131 3131 1315 3185 Potest
1353 3131 1552 3200 quippe
1595 3131 1674 3185 rei
1714 3144 1819 3184 vos
1856 3130 2018 3198 spiri-

434 3223 598 3278 tualis
623 3223 823 3290 audiri,
850 3226 992 3278 sicut
1021 3223 1113 3277 filii
1157 3224 1320 3278 Israel
1352 3238 1538 3277 vocem
1586 3223 1801 3277 Domini
1825 3223 2016 3276 audie-

431 3323 561 3369 runt
578 3315 630 3368 in
653 3325 836 3370 monte
859 3315 1008 3368 Sinai
1031 3314 1230 3386 (Exod.
1259 3315 1371 3384 ax).
1398 3313 1731 3383 Loquentem
1760 3327 1889 3367 vero
1911 3327 2018 3366 non

429 3405 662 3472 videbis,
696 3407 799 3460 nisi
832 3405 996 3460 fuerit
1023 3421 1112 3460 res
1143 3405 1400 3459 carnalis.
1432 3406 1564 3459 item
1599 3403 1746 3458 aliud
1776 3403 1920 3472 quod
1944 3403 2020 3456 ait

433 3498 732 3552 Zacharias
759 3515 773 3551 :
808 3495 874 3550 In
903 3497 988 3549 die
1024 3495 1116 3548 illa
1145 3506 1372 3565 proteget
1412 3496 1668 3549 Dominus
1697 3491 2019 3548 habitatores

431 3589 792 3655 Hierusalem,
819 3599 864 3642 et
887 3589 986 3642 erit
1009 3589 1096 3657 qui
1122 3589 1395 3656 o/fenderit
1418 3589 1472 3641 in
1499 3589 1582 3642 die
1608 3587 1703 3640 illa
1729 3589 1882 3656 quasi
1911 3588 2020 3642 Da-

430 3683 536 3747 vid,
561 3680 608 3736 et
637 3683 824 3734 donius
852 3679 1022 3732 David
1051 3680 1201 3749 quasi
1235 3677 1356 3744 Dei,
1387 3689 1434 3732 et
1459 3678 1674 3747 angelus
1701 3678 1798 3731 Dei
1821 3681 1876 3732 in
1901 3696 2022 3733 con-

432 3783 610 3844 spectu
634 3787 818 3826 eorum
844 3769 1032 3841 (Zach.
1057 3769 1180 3839 xu).
1215 3769 1324 3823 Per
1357 3770 1460 3824 hoc
1491 3785 1722 3838 namque
1749 3770 1892 3838 quod
1921 3771 2018 3834 ait,

429 3881 478 3924 et
505 3870 692 3923 domus
713 3866 884 3921 David
910 3865 1062 3936 quasi
1086 3864 1203 3929 Dei,
1228 3863 1399 3918 voluit
1420 3864 1605 3932 utique
1629 3863 1853 3932 intelligi
1878 3863 2020 3932 quod

431 3963 500 4018 de
537 3963 699 4016 domo
741 3959 910 4014 David
955 3966 1102 4014 esset
1149 3957 1477 4021 nasciturus,
1525 3956 1615 4025 qui
1659 3955 1728 4010 ab
1771 3957 2022 4011 omnibus

431 4053 727 4109 haberetur
757 4053 920 4106 Deus.
951 4049 1105 4118 Quod
1137 4049 1301 4104 etiam
1343 4049 1439 4115 ait,
1469 4048 1619 4118 quasi
1662 4046 1781 4112 Dei,
1820 4058 1876 4102 et
1911 4062 2018 4101 non

431 4145 610 4215 posuit
637 4143 952 4212 simpliciter
972 4143 1131 4205 Deus,
1162 4139 1562 4209 insinuatquod
1580 4141 1626 4193 is
1651 4139 1741 4208 qui
1767 4139 1835 4193 de
1860 4139 2020 4193 domo

432 4238 606 4292 David
626 4245 745 4292 erat
763 4243 1024 4299 oriturus,
1045 4234 1098 4287 in
1119 4233 1302 4302 aliquo
1316 4231 1495 4285 minor
1513 4240 1678 4296 esset,
1693 4245 1856 4301 quam
1881 4232 2021 4285 Deus

432 4327 618 4400 (loan.
647 4327 780 4394 xw).
819 4325 972 4390 Quod
1002 4333 1058 4377 et
1085 4323 1255 4376 David
1292 4323 1344 4376 in
1386 4321 1603 4376 Psalmo
1639 4330 1871 4376 testatur
1896 4335 2020 4376 cum

433 4419 604 4473 dicit:
632 4415 871 4471 Minuisti
918 4430 1037 4468 eum
1075 4413 1234 4483 paulo
1283 4413 1453 4466 minus
1482 4429 1515 4464 a
1541 4411 1648 4466 Deo
1687 4411 1776 4484 [ab
1800 4410 2019 4482 angelis]

2114 1940 2369 2004 cesseris,
2398 1941 2677 1994 videamus
2708 1951 2888 1995 utrum
2925 1944 3023 1996 ista
3055 1960 3174 2013 quae
3205 1945 3258 1998 in
3291 1946 3483 2001 eodem
3509 1947 3700 2018 legun-

2115 2041 2200 2085 tur
2223 2049 2235 2084 :
2261 2028 2332 2083 Et
2358 2031 2813 2102 permanebitlcum
2837 2036 2944 2088 sole
2973 2045 3020 2087 et
3053 2048 3173 2089 ante
3199 2035 3379 2090 lunam
3402 2038 3456 2091 in
3473 2055 3699 2108 genera-

2111 2124 2253 2176 tione
2279 2125 2703 2193 et'generatione;
2725 2137 2779 2180 et
2809 2145 2821 2180 :
2852 2126 2928 2181 Sit
2959 2145 3142 2182 nomen
3165 2131 3279 2199 ejus
3301 2131 3623 2186 benedictum
3645 2137 3702 2188 in

2111 2213 2464 2277 sweula,ante
2491 2215 2944 2286 solem'permanet
2975 2237 3159 2274 nomen
3186 2223 3336 2290 ejus;
3362 2231 3416 2278 et
3448 2223 3606 2280 illud:
3631 2226 3701 2280 Et

2114 2302 2412 2356 adorabunt
2442 2321 2560 2359 eum
2591 2323 2768 2360 omnes
2803 2324 2963 2376 reges,
3001 2325 3175 2364 omnes
3201 2324 3376 2380 gentes
3409 2316 3632 2369 servient
3652 2319 3704 2369 ei

2117 2391 2290 2463 (Psal.
2319 2396 2503 2466 mu);
2538 2396 2838 2465 videamus,
2864 2400 3106 2470 inquam,
3140 2402 3186 2456 si
3209 2402 3275 2458 de
3305 2419 3440 2473 puro
3481 2405 3704 2462 homine

2119 2485 2260 2539 dicta
2293 2496 2420 2540 sunt
2451 2488 2566 2542 haec
2595 2489 2798 2557 omnia,
2831 2492 2924 2544 sed
2953 2507 3316 2562 nequaquam,
3340 2495 3447 2549 imo
3471 2499 3538 2552 de
3564 2499 3700 2553 Deo.

2119 2575 2380 2644 Sequitur
2418 2592 2570 2648 ergo,
2617 2588 2676 2634 ut
2721 2579 2996 2637 Christum
3042 2595 3096 2638 et
3135 2585 3408 2640 hominem
3459 2588 3705 2646 dicamus

2117 2683 2240 2724 esse
2261 2679 2316 2723 et
2337 2669 2527 2724 Deum.
2547 2671 2700 2738 Quod
2727 2674 2916 2739 etiam,
2943 2677 3067 2744 quia
3091 2677 3258 2732 David
3284 2678 3489 2748 Spiritu
3512 2693 3704 2737 saneto

2119 2762 2398 2817 revelante
2430 2765 2716 2832 cognovit,
2763 2775 2818 2822 et
2847 2769 3110 2824 miracula
3151 2786 3272 2840 quae
3311 2772 3554 2829 facturus
3585 2787 3708 2830 erat

2121 2852 2388 2920 prmvidit,
2418 2853 2540 2908 ideo
2570 2854 2878 2923 huiusmodi
2912 2857 3073 2914 linem
3104 2863 3312 2930 psalmo
3339 2863 3468 2918 fecit
3497 2883 3510 2918 :
3537 2864 3706 2920 Bene-

2122 2944 2292 2996 dictus
2322 2943 2574 3000 Dominus
2603 2946 2744 3002 Deus
2771 2948 2963 3017 Israel,
2989 2953 3080 3022 qui
3102 2953 3227 3021 facit
3253 2955 3516 3010 mirabilia
3537 2958 3704 3022 solus.

2123 3044 2168 3087 et
2200 3034 2743 3092 benedictumnomen
2789 3041 3080 3110 majestatis
3126 3043 3241 3113 ejus
3268 3045 3322 3098 in
3364 3055 3619 3102 a'ternum
3657 3062 3708 3102 et

2126 3123 2404 3190 replebitur
2439 3126 2715 3194 majestate
2749 3128 2863 3188 eius
2893 3132 3062 3185 omnis
3109 3142 3268 3188 terra.
3298 3134 3430 3191 Item
3483 3138 3538 3192 in
3567 3138 3707 3194 libro

2124 3212 2486 3284 Dabrejamin,
2523 3216 2575 3270 id
2605 3229 2687 3272 est
2715 3217 2889 3276 Verba
2916 3223 3151 3290 dierum,
3183 3226 3379 3294 legitur
3405 3227 3709 3303 [Paralipo-

2123 3308 2367 3381 menon],
2403 3311 2528 3377 quia
2559 3311 2835 3382 cogitante
2869 3315 3038 3369 David
3067 3317 3284 3372 domum
3317 3320 3546 3376 Domino
3575 3324 3709 3379 tedi-

2122 3403 2309 3468 licare,
2333 3402 2412 3456 ait
2441 3404 2508 3456 ad
2537 3419 2662 3457 eum
2691 3403 2903 3459 Nathan
2932 3408 3194 3476 propheta
3222 3411 3322 3465 sub
3346 3427 3576 3481 persona
3603 3415 3709 3472 Do-

2123 3492 2255 3544 mini
2287 3491 2340 3544 in
2369 3493 2483 3546 hanc
2507 3493 2667 3547 verba
2695 3511 2707 3546 :
2734 3494 2865 3548 Cum
2890 3497 3223 3566 compleveris
3252 3499 3365 3555 dies
3389 3511 3504 3556 tuos
3533 3511 3591 3557 ut
3616 3521 3710 3561 va-

2119 3581 2218 3634 das
2260 3582 2328 3634 ad
2383 3595 2556 3651 patres
2613 3581 2752 3650 tuos,
2805 3588 3069 3642 suscitabo
3101 3606 3273 3645 semen
3303 3601 3450 3647 tuum
3482 3605 3598 3664 post
3635 3604 3708 3666 te,

2121 3670 2260 3739 quod
2300 3672 2397 3723 erit
2435 3675 2499 3724 de
2520 3672 2648 3740 ﬁliis
2673 3676 2797 3740 tuis,
2825 3686 2873 3729 et
2899 3687 3132 3731 statuant
3165 3695 3384 3750 regnum
3420 3683 3555 3752 ejus.
3585 3683 3712 3754 Ipse

2123 3759 2403 3827 tediﬁcabit
2457 3762 2585 3815 milii
2629 3763 2864 3830 domum,
2902 3775 2950 3819 et
2996 3767 3220 3835 ﬁrmabo
3260 3771 3454 3826 solium
3499 3775 3614 3843 ejus
3652 3775 3713 3829 in.

2123 3861 2394 3903 internum.
2432 3849 2543 3920 Ego
2571 3869 2658 3906 ero
2687 3854 2770 3907 illi
2809 3857 2866 3909 in
2905 3871 3128 3924 patrem,
3159 3871 3208 3913 et
3238 3863 3346 3932 ipse
3370 3867 3467 3918 erit
3498 3866 3626 3920 milii
3651 3868 3709 3922 in

2121 3939 2312 4008 (ilium,
2353 3950 2400 3992 et
2433 3941 2849 3997 misericordiam
2894 3961 3064 4000 meam
3107 3965 3212 4004 non
3253 3951 3494 4019 auferam
3531 3955 3596 4008 ab
3623 3972 3708 4021 eo,

2121 4031 2257 4083 sicut
2297 4029 2488 4082 abstuli
2514 4030 2580 4083 ab
2608 4047 2667 4084 eo
2687 4033 2776 4102 qui
2802 4043 2922 4087 ante
2942 4045 2992 4089 te
3015 4036 3136 4105 fuit,
3163 4048 3211 4092 et
3237 4051 3463 4094 statuam
3501 4060 3621 4097 eum
3649 4046 3706 4098 in

2123 4121 2279 4173 domo
2309 4137 2444 4186 mea,
2491 4132 2539 4175 et
2569 4138 2725 4191 regno
2766 4139 2879 4177 meo
2911 4141 3072 4196 usque
3121 4129 3176 4180 in
3224 4132 3614 4198 sempiternum,
3661 4145 3713 4190 et

2123 4212 2340 4266 thronus
2361 4212 2475 4281 ejus
2497 4214 2834 4282 firmissimus
2855 4217 2908 4270 in
2924 4229 3226 4288 perpetuum
3253 4220 3301 4292 (I
3318 4219 3506 4276 Parui.
3531 4227 3710 4288 xvm).

2125 4305 2242 4368 Dic,
2259 4307 2498 4375 inquam,
2516 4314 2551 4362 σ
2565 4306 2804 4378 Moyses,
2820 4308 2925 4364 ista
2943 4312 3008 4366 de
3020 4325 3127 4381 quo
3139 4312 3283 4368 dicta
3299 4322 3380 4370 est
3392 4317 3674 4385 prophetia
3687 4320 3713 4374 ‘t

2197 4396 2427 4452 Marses.
2471 4399 2546 4452 De
2583 4398 2893 4455 Salomone.

436 4505 612 4577 (Psal.
638 4507 782 4575 vnn).
811 4503 948 4558 Item
963 4503 1269 4558 Miclneas:
1301 4502 1369 4556 Et
1393 4513 1470 4568 tu,
1495 4502 1692 4572 inquit,
1715 4501 2016 4556 .Betlileliem
2052 4520 2098 4577 ι)
2196 4487 2434 4542 Ρετκυε·
2464 4485 2819 4558 Nequaquam
2858 4498 3039 4561 Ροῑθθῑ
3075 4492 3180 4548 hoc
3215 4508 3356 4550 9553-
3385 4495 3539 4563 Ουοά
3567 4499 3714 4556 enim

436 4598 706 4668 Ephrata,
738 4598 988 4666 parvulus
1029 4615 1081 4650 es
1117 4599 1178 4649 in’
1209 4594 1437 4648 millibus
1479 4592 1647 4647 Iuda.
1688 4593 1773 4647 Ea:
1807 4603 1855 4648 te
1891 4595 2017 4647 mihi

434 4691 730 4761 egredietur
751 4691 840 4758 qui
866 4691 930 4741 sit
957 4688 1266 4741 Dominator
1291 4688 1343 4739 in
1368 4685 1558 4751 Israel,
1579 4695 1627 4739 et
1647 4701 1881 4755 egressus
1905 4686 2020 4754 ejus

435 4781 502 4834 ab
527 4781 676 4833 initio
711 4796 742 4832 a
783 4779 963 4832 diebus
993 4777 1299 4832 ceternitatis
1329 4774 1514 4846 (Mich.
1553 4777 1628 4844 v).
1657 4774 1770 4832 Hoc
1799 4776 2018 4845 quippe,

435 4887 502 4925 ea:
539 4881 586 4925 te
627 4871 756 4924 mihi
795 4869 1086 4939 egredietur
1133 4868 1221 4937 qui
1258 4868 1324 4920 sit
1375 4867 1688 4920 Dominator
1732 4867 1786 4921 in
1825 4866 2019 4932 Israel,

437 4962 735 5019 secundum
763 4975 965 5029 corpus
990 4959 1193 5014 dictum
1227 4967 1328 5020 est,
1361 4959 1657 5014 secundum
1699 4959 1842 5027 quod
1873 4959 2022 5027 prin-

438 5065 566 5120 ceps
595 5049 685 5104 ille
727 5049 1061 5104 adventurus
1104 5055 1225 5102 erat
1261 5048 1314 5101 in
1355 5057 1616 5114 tempore.
1648 5046 1802 5112 Quod
1841 5057 2022 5102 autem

438 5128 704 5209 sequitur,
734 5150 781 5192 et
811 5155 1048 5209 egressus
1073 5138 1186 5204 eius
1221 5138 1285 5190 ab
1315 5137 1464 5190 initio
1493 5153 1526 5189 a
1554 5136 1734 5189 diebus
1757 5139 2024 5190 ceternita-

440 5233 529 5300 tis,
559 5233 976 5302 perpetuitatem
1019 5231 1260 5285 insinuat
1287 5230 1540 5285 Deitatis.
1572 5229 1688 5283 Hoc
1721 5229 1867 5283 enim
1901 5230 2025 5284 Dei-

442 5323 540 5376 tati
563 5322 812 5378 attribuit
839 5319 982 5390 quod
1010 5319 1240 5384 homini,
1267 5329 1418 5389 puto,
1449 5334 1554 5373 non
1583 5318 1858 5373 convenit.
1891 5318 2023 5373 Item

441 5416 611 5471 David
642 5401 695 5469 in
729 5415 948 5470 Psalmo
973 5428 1098 5470 cum
1132 5413 1265 5468 dicit
1291 5431 1304 5466 :
1334 5411 1494 5468 Sedes
1526 5422 1642 5476 tua,
1666 5411 1822 5477 Deus,
1848 5413 1903 5466 in
1925 5429 2024 5468 sa?-

442 5505 618 5560 culum
642 5505 854 5570 steculi;
886 5506 1034 5575 virga
1058 5503 1358 5557 directionis
1382 5503 1528 5572 virga
1558 5503 1704 5572 regni
1730 5502 1843 5566 tui;
1869 5512 1916 5555 et
1942 5503 2026 5555 di-

443 5595 616 5650 lexisti
635 5597 897 5665 justitiam
924 5605 970 5650 et
1012 5595 1168 5649 odisti
1199 5594 1544 5663 iniquitatem,
1578 5602 1850 5663 propterea
1875 5594 2024 5646 unxit

443 5695 495 5738 te
515 5683 678 5750 Deus,
706 5683 846 5738 Deus
872 5695 1015 5750 tuus,
1055 5683 1166 5739 oleo
1197 5683 1397 5738 ltetitite
1423 5698 1534 5752 prce
1571 5683 1896 5737 consortibus
1922 5687 2024 5736 tuis

441 5773 620 5848 (Prol.
651 5777 821 5848 xuv);
853 5791 973 5832 cum
997 5777 1121 5843 hoc,
1153 5777 1395 5846 inquam,
1426 5773 1578 5836 dicit.
1609 5788 1733 5830 eum
1772 5775 1837 5829 ad
1863 5790 2024 5846 quem

2125 4581 2220 4648 ait,
2242 4597 2360 4635 cum
2387 4581 2718 4649 compleveris
2736 4583 2845 4638 dies
2870 4594 3008 4650 tuos,
3030 4595 3085 4638 ut
3106 4586 3266 4641 vadas
3287 4590 3356 4642 ad
3377 4601 3550 4660 patres
3572 4601 3712 4662 tuos,

2124 4673 2266 4743 quod
2293 4682 2399 4742 est,
2427 4689 2549 4728 cum
2579 4683 2825 4730 mortuus
2854 4674 3044 4742 fueris,
3069 4681 3333 4734 suscitabo
3355 4698 3528 4736 semen
3563 4694 3714 4738 tuum

2122 4780 2236 4835 post
2262 4779 2331 4833 te,
2363 4779 2513 4839 patet
2531 4769 2674 4840 quod
2697 4771 2902 4826 dictum
2932 4788 3040 4828 non
3061 4784 3145 4828 est
3171 4775 3237 4830 de
3261 4775 3549 4832 Salomone
3575 4794 3589 4830 :
3620 4792 3714 4833 rex

2125 4873 2361 4928 namque
2385 4859 2498 4928 jam
2526 4870 2646 4914 erat
2678 4859 2934 4916 Salomon
2966 4863 3180 4918 vivente
3208 4864 3384 4920 adhuc
3409 4875 3562 4936 patre
3589 4883 3709 4922 suo.

2124 4949 2279 5016 Quod
2317 4950 2364 5003 si
2397 4949 2463 5003 de
2501 4948 2794 5006 Salomone
2824 4953 2991 5007 vellet
3026 4955 3227 5021 dicere,
3260 4957 3448 5027 utique
3485 4975 3588 5012 non
3627 4959 3714 5013 di-

2124 5043 2313 5107 xisset,
2341 5042 2480 5112 quod
2505 5044 2603 5096 erit
2643 5043 2706 5097 de
2747 5043 2875 5111 ﬁliis
2918 5046 3042 5113 tuis,
3073 5047 3188 5108 sed.
3220 5048 3362 5116 quod
3392 5050 3498 5103 erit
3529 5049 3596 5103 de
3637 5058 3709 5103 te.

2126 5133 2278 5200 Quod
2302 5134 2467 5188 etiam
2510 5135 2779 5204 sequitur,
2811 5151 2858 5190 et
2893 5147 3122 5191 statuam
3159 5155 3277 5192 eum
3303 5140 3361 5193 in
3385 5141 3540 5194 domo
3571 5155 3710 5205 mea,

2125 5236 2172 5279 et
2217 5227 2271 5278 in
2302 5241 2456 5295 regno
2487 5243 2600 5280 meo
2631 5242 2793 5292 usque
2832 5227 2888 5279 in
2932 5238 3208 5296 ceternum,
3251 5240 3296 5282 et
3345 5236 3566 5284 thronus
3594 5230 3709 5298 ejus

2126 5317 2462 5384 ﬁrmissimus
2497 5319 2552 5372 in
2595 5329 2919 5388 perpetuum,
2955 5328 3208 5389 patenter
3235 5321 3550 5391 agnoscitur
3602 5335 3712 5374 non

2127 5411 2195 5464 de
2243 5409 2536 5464 Salomone
2562 5423 2682 5464 esse
2711 5409 2936 5464 dictum.
2973 5409 3227 5464 Salomon
3256 5423 3492 5478 namque
3521 5423 3625 5465 nec
3654 5409 3709 5464 in

2129 5499 2288 5554 domo
2316 5499 2410 5552 Dei
2438 5499 2553 5553 sive
2582 5513 2750 5568 regno
2771 5509 2857 5554 est
2883 5507 3138 5565 statutus,
3165 5515 3268 5554 nec
3301 5499 3403 5554 fuit
3429 5500 3483 5554 in
3518 5515 3713 5570 perpe-

2129 5602 2279 5646 tuum
2313 5591 2659 5647 lirmissimus
2684 5592 2915 5646 thronus
2943 5591 3080 5661 ejus.
3115 5593 3184 5646 Et
3216 5606 3337 5645 cum
3371 5593 3473 5648 hoc
3502 5607 3709 5651 conve-

2130 5682 2245 5736 niat
2274 5684 2380 5736 Deo
2407 5680 2528 5746 soli,
2557 5690 2685 5740 tunc
2729 5682 2818 5737 ille
2853 5683 2919 5738 de
2953 5697 3060 5753 quo
3091 5683 3180 5738 hic
3208 5684 3409 5754 agitur,
3439 5683 3602 5742 homo
3626 5683 3713 5742 fu.-

2079 5846 2096 5852 _
2130 5784 2288 5832 turus
2317 5783 2482 5845 atque
2507 5772 2648 5828 Deus
2676 5770 2872 5828 funerat.
