4038 6498
501 448 607 505 623

1445 438 1645 493 PETRI
1678 434 2023 493 ALPHONSI
2056 435 2150 492 EX
2176 436 2421 493 ΠΗ).Εο
2459 436 2854 493 CHRISTIANI

3655 418 3741 495 cii

572 561 800 618 Morsu.
837 559 968 615 Cum
996 559 1108 612 hau:
1143 568 1342 618 omnia,
1370 553 1555 615 'Petre,
1585 552 1726 605 dicta
1760 565 1881 606 esse
1913 549 2073 605 intel-
2101 555 2149 612 A
2175 552 2368 608 deinde
2391 551 2588 615 intulit,
2612 553 2703 604 sed
2724 560 2771 604 et
2797 551 2892 603 hoc
2914 566 3100 619 parum
3126 551 3290 603 visum
3312 559 3386 602 est
3410 549 3465 601 in
3486 563 3743 618 conspectu

498 652 635 722 ligas
665 659 884 720 propter
907 648 1199 709 Christum,
1227 659 1319 714 qm
1344 652 1426 698 est
1448 645 1589 712 quod
1612 644 1687 695 ait
1713 658 1725 695 :
1760 642 1881 713 Ipse
1906 641 2076 709 aediﬁ-

446 809 450 813 4
496 739 633 793 cabit
656 738 782 792 mihi
801 736 1054 789 domum?
1073 736 1333 800 Quaenam
1359 732 1533 787 fuerat
1560 732 1648 785 illa
1672 734 1882 796 domus,
1911 746 2075 801 quam

495 828 863 884 aediﬁcaturus
889 834 1005 879 erat
1035 824 1318 879 Christus?

566 916 804 972 Persas.
832 916 1087 969 Sanctam
1114 930 1246 968 sane
1273 913 1566 968 Ecclesiam
1595 912 1946 983 intelligimus
1975 928 2075 982 per

493 1007 711 1061 domum
751 1004 918 1071 illam,
964 1018 1125 1072 quam
1167 1002 1451 1058 zediﬁcavit
1499 1002 1747 1057 Christus
1791 1016 1953 1071 supra
1984 1001 2076 1054 ﬁr-

407 1112 429 1178 ς,
492 1110 635 1150 mam
666 1101 905 1164 petram.

562 1184 797 1239 Movsss.
842 1183 980 1250 Quid
1018 1182 1181 1251 igitur
1224 1180 1501 1251 respondit
1535 1180 1744 1235 Nathan
1789 1181 1855 1235 ad
1884 1180 2072 1247 David,

493 1274 559 1333 de
589 1276 748 1330 domo
772 1279 933 1345 quam
966 1275 1235 1329 aediﬁcare
1271 1288 1329 1327 se
1357 1272 1586 1327 Domino
1616 1273 1750 1326 velle
1779 1272 1951 1326 dixit?

478 1371 490 1378 ’
565 1371 797 1425 Penus.
831 1367 977 1422 Sane
1019 1367 1122 1421 hoc
1163 1367 1303 1434 quod
1336 1365 1679 1420 Salomonem
1715 1359 1882 1419 ﬁlium
1922 1379 2075 1419 suum

494 1460 720 1529 loquens
756 1458 920 1513 refert
952 1458 1067 1526 ipse
1095 1457 1261 1511 David
1296 1473 1308 1509 :
1340 1452 1539 1509 Factus
1561 1464 1658 1518 est,
1689 1455 1884 1524 inquit,
1907 1470 2075 1507 sermo

498 1553 706 1605 Domini
726 1551 795 1603 ad
819 1566 900 1604 me
923 1551 1100 1602 dicens
1120 1562 1138 1599 :
1167 1547 1393 1601 Multum
1418 1548 1722 1617 sanguinem
1751 1545 2002 1614 e/futlisti,
2027 1554 2077 1598 et

493 1644 725 1711 plurima
753 1642 887 1695 bella
921 1640 1164 1705 bellasti;
1196 1656 1299 1693 non
1339 1640 1533 1710 poteris
1563 1638 1826 1706 aediﬁcare
1861 1639 2074 1691 domum

490 1736 692 1789 nomini
734 1750 868 1797 meo,
896 1744 1040 1787 tanto
1069 1733 1236 1801 e/fuso
1275 1733 1531 1800 sanguine
1571 1746 1752 1782 coram
1794 1746 1895 1782 me.
1942 1728 2076 1783 Ecce

495 1835 649 1877 natus
674 1834 748 1877 est
777 1825 869 1876 tibi
889 1822 1058 1892 ﬁlius,
1087 1824 1165 1875 vir
1185 1821 1558 1891 quietissimus,
1583 1820 1775 1888 faciam
1797 1821 1932 1872 enim
1954 1836 2073 1872 eum

494 1914 783 1985 requiscere
832 1914 896 1967 ab
938 1913 1175 1965 omnibus
1225 1911 1452 1964 inimicis
1497 1912 1610 1962 suis
1638 1925 1731 1978 per
1775 1910 2074 1972 circuitum,
2108 1898 2152 1952 Β

496 2002 623 2071 quia
653 2000 905 2055 Salomon
934 2000 1227 2064 vocabitur,
1267 2011 1312 2052 et
1341 2015 1518 2068 pacem
1550 2008 1601 2052 et
1635 1999 1800 2052 otium
1838 2000 1978 2052 'dabo
2023 2002 2077 2052 in

491 2090 667 2146 Israel
691 2091 891 2143 cunctis
915 2091 1095 2143 diebus
1123 2088 1256 2158 ejus.
1283 2087 1404 2158 Ipse
1430 2088 1713 2156 mdiﬁcabit
1748 2089 1959 2142 domum
1985 2105 2078 2141 no-

494 2183 622 2236 mini
648 2199 781 2247 meo,
809 2190 856 2235 et
884 2183 992 2251 ipse
1017 2183 1112 2235 erit
1144 2181 1272 2234 mihi
1302 2182 1356 2234 in
1383 2180 1576 2248 ﬁlium,
1606 2190 1653 2234 et
1682 2196 1773 2250 ego
1801 2196 1890 2233 ero
1919 2181 1999 2232 illi
2023 2181 2077 2233 in

491 2285 714 2340 patrem,
747 2272 1069 2342 ﬁrmaboque
1097 2271 1285 2324 solium
1320 2272 1465 2340 regni
1495 2271 1608 2338 ejus
1636 2285 1793 2339 super
1823 2267 1995 2323 Israel
2022 2270 2078 2322 in

491 2375 742 2418 retentum
771 2362 820 2434 (1
852 2360 980 2416 Par.
1012 2361 1169 2432 xm).
1199 2362 1264 2415 Et
1291 2362 1390 2415 hoc
1428 2362 1642 2428 quidem
1686 2361 1752 2415 de
1789 2358 2078 2413 Salomone

492 2454 735 2509 concedo
760 2468 859 2521 ego
901 2452 1102 2507 dictmn
1141 2466 1262 2505 esse
1298 2458 1517 2520 propter
1559 2449 1686 2503 illud
1714 2467 1727 2502 :
1757 2449 1891 2501 Ecce
1922 2458 2077 2501 natus

492 2552 566 2598 est
606 2544 699 2596 tibi
738 2543 902 2611 ﬁlius,
947 2551 1003 2597 et
1039 2550 1250 2611 postea,
1292 2541 1545 2596 Salomon
1588 2540 1875 2593 vocabitur.
1922 2538 2077 2605 Quod

492 2634 657 2689 etiam
692 2643 920 2688 testatur
952 2634 1118 2688 David
1159 2634 1381 2701 loquens
1408 2633 1475 2686 ad
1505 2631 1641 2685 ﬁlios
1671 2631 1834 2685 lsrael
1877 2630 1943 2685 de
1982 2646 2078 2684 eo-

492 2725 616 2781 dem
646 2726 699 2778 in
748 2725 864 2779 hinc
907 2726 1088 2780 verba.
1130 2724 1207 2778 De
1234 2725 1360 2792 ﬁliis
1390 2724 1548 2787 meis,
1575 2723 1728 2792 ﬁlius
1768 2723 1903 2775 enim
1944 2723 2079 2774 mul-

493 2830 574 2873 tos
623 2819 770 2872 dedit
837 2819 968 2872 mihi
1010 2816 1286 2880 Dominus,
1332 2815 1480 2885 elegit
1528 2813 1859 2869 Salomonem
1907 2814 2077 2882 ﬁlium

492 2925 663 2963 meum
691 2908 742 2979 (I
774 2906 900 2962 Par.
927 2908 1137 2978 xxvut).
1163 2907 1227 2960 Et
1253 2906 1342 2961 hic
1364 2906 1581 2974 quidem
1611 2920 1789 2958 sermo
1821 2904 1985 2958 David
2010 2904 2077 2957 ad

499 3000 846 3057 Salomonetn
873 3001 1097 3054 omnino
1125 2999 1375 3052 diversus
1405 3004 1489 3052 est
1517 2997 1583 3050 ab
1612 2995 1722 3060 illo,
1748 3011 1906 3063 qucm
1940 2995 2078 3049 dixit

493 3093 705 3149 Nathan
747 3093 813 3145 ad
859 3091 1024 3144 David
1057 3091 1124 3143 de
1160 3090 1395 3144 Christo.
1448 3086 1543 3141 llic
1581 3101 1812 3155 namque
1858 3086 2074 3155 legitur,

490 3195 648 3237 natus
676 3191 749 3236 est
775 3182 868 3234 tibi
896 3181 1062 3249 ﬁlius.
1090 3188 1140 3234 et
1163 3178 1410 3234 Salomon
1441 3177 1739 3230 vocabitur:
1767 3176 1836 3229 ibi
1870 3185 2072 3239 autem,

492 3273 619 3343 quia
647 3274 909 3327 suscitabo
938 3288 1111 3326 semen
1138 3282 1285 3324 tuum
1316 3278 1427 3338 post
1462 3275 1531 3334 te,
1558 3268 1697 3337 quod
1724 3268 1821 3319 erit
1858 3268 1921 3319 de
1946 3266 2072 3335 ﬁliis

489 3367 633 3429 tuis;
659 3371 715 3417 et
749 3361 954 3415 nullum
986 3362 1032 3415 ci
1068 3374 1262 3413 nomen
1301 3356 1566 3412 attribuit.
1595 3355 1671 3410 lbi
1701 3356 1865 3409 etiam
1897 3356 1994 3421 ait,
2023 3365 2070 3409 et

492 3466 726 3511 statuam
770 3469 886 3508 eum
928 3454 983 3506 in
1027 3453 1181 3505 domo
1212 3466 1350 3513 mea,
1396 3458 1445 3503 et
1486 3464 1642 3517 regno
1671 3463 1781 3501 meo
1812 3463 1972 3516 usque
2017 3448 2072 3503 in

491 3544 880 3612 sempiternum,
897 3552 942 3595 et
957 3541 1174 3594 thronus
1198 3538 1312 3607 ejus
1332 3536 1663 3606 ﬁrmissimus
1679 3536 1730 3588 in
1745 3545 2069 3605 perpetuum.

490 3635 590 3692 llic
612 3649 741 3690 vero
764 3632 1118 3696 solummodo,
1134 3631 1356 3699 ﬁrmabo
1385 3628 1573 3682 solium
1593 3631 1704 3697 ejus
1732 3645 1888 3698 super
1902 3627 2072 3683 Israel

491 3728 547 3780 in
580 3735 851 3779 internum.
877 3723 981 3778 Per
1004 3723 1146 3792 quod
1168 3720 1488 3783 ostenditur,
1506 3718 1656 3788 quia,
1678 3719 1914 3788 quandiu
1946 3734 2070 3789 reg-

494 3833 625 3873 num
660 3815 824 3871 Israel
854 3822 1216 3885 permaneret,
1244 3812 1309 3868 de
1339 3811 1643 3866 Salomonis
1686 3811 1943 3880 progenie
1976 3825 2070 3865 rex

492 3923 598 3964 non
670 3907 963 3972 deﬁceret,
1016 3919 1242 3975 regnum
1305 3901 1637 3957 veroChristi
1697 3916 1912 3971 semper
1960 3901 2070 3956 ﬁne

490 4008 704 4055 careret
754 3996 887 4068 (lsa.
927 4013 1022 4063 lli;
1063 3995 1192 4050 Luc.
1245 3996 1309 4065 ι).
1341 3995 1449 4050 Sed
1499 4003 1555 4050 et
1602 3994 1803 4049 Christi
1843 4007 2068 4063 regnum

487 4089 608 4146 sine
626 4088 956 4151 conditione,
981 4086 1285 4142 Salomonis
1308 4095 1486 4140 autem
1514 4084 1838 4154 promissum
1861 4092 1947 4137 est
1968 4082 2068 4136 sub

488 4182 819 4237 conditione.
849 4180 925 4235 De
951 4195 1016 4235 eo
1038 4178 1236 4250 quippe
1256 4180 1310 4233 in
1338 4178 1474 4232 libro
1500 4177 1701 4246 Regum
1727 4176 1944 4245 legitur,
1976 4174 2067 4228 ubi

490 4273 657 4329 David
684 4273 750 4327 ad
785 4273 953 4327 ﬁlium
982 4286 1139 4326 suum
1161 4270 1503 4326 salamonem
1529 4270 1607 4323 sic
1628 4269 1865 4338 loquitur
1890 4286 1903 4321 :
1930 4268 2069 4322 Con-

487 4363 678 4434 ﬁrmet,
722 4364 915 4434 inquit,
942 4362 1198 4416 Dominus
1226 4377 1487 4415 sermones
1520 4376 1665 4426 suos,
1705 4377 1834 4430 quos
1861 4360 2065 4414 locutus

487 4469 559 4509 est
583 4455 651 4506 ad
674 4469 755 4506 me
780 4453 954 4506 dicens
977 4469 991 4506 :
1018 4450 1075 4507 Si
1098 4452 1436 4506 custodierint
1468 4452 1565 4520 ﬁlii
1591 4452 1668 4505 tui
1688 4452 1848 4520 legem
1871 4467 2061 4519 meam,

2177 654 2291 706 tuo,
2326 644 2429 697 nisi
2457 643 2740 712 loquereris
2769 642 2833 695 de
2858 642 3011 694 domo
3034 642 3167 694 servi
3190 643 3264 694 tui
3289 642 3450 693 etiam
3478 640 3533 693 in
3553 639 3745 709 longin-

2176 752 2360 806 quum,
2388 736 2491 789 hoc
2519 749 2710 789 revera
2741 733 2877 787 dixit
2905 742 3127 803 propter
3167 731 3470 797 Christum,
3507 745 3668 799 quem
3694 732 3748 787 de

2178 826 2341 880 domo
2379 842 2477 880 sua
2525 825 2742 879 videbat
2771 838 2892 878 esse
2931 833 3241 878 venturum.
3289 822 3397 875 Sed
3437 830 3493 874 ct
3532 835 3632 895 per
3662 822 3745 877 hoc

2177 918 2318 987 quod
2350 918 2427 972 ait
2453 933 2467 968 :
2492 916 2559 970 Et
2589 916 2762 970 vidisti
2805 931 2885 967 me
2918 914 2972 968 in
3004 914 3112 984 lege
3148 914 3373 967 hominis
3403 912 3628 966 exaltati
3658 910 3747 964 Do-

2178 1011 2306 1062 mini
2352 1008 2469 1072 Dei,
2513 1023 2637 1061 cum
2677 1008 2728 1061 id
2765 1020 2981 1075 quoque
3020 1006 3085 1059 de
3121 1004 3338 1059 Christo
3374 1005 3597 1064 dixerit,
3635 1017 3746 1072 pro-

2179 1098 2319 1154 fecto
2350 1099 2702 1170 innuitqnod
2732 1108 2785 1152 et
2823 1097 3093 1151 exaltatus
3131 1106 3184 1151 et
3221 1097 3383 1150 homo
3417 1108 3543 1150 esse
3573 1094 3748 1148 debeat

2178 1201 2231 1246 ct
2261 1190 2419 1246 Deus.

2756 1316 3056 1386 Trruws
3092 1328 3177 1383 IX.

2179 1481 2330 1547 Quod
2366 1483 2417 1532 in
2446 1497 2504 1533 eo
2541 1489 2767 1546 tempore
2798 1476 3037 1529 Christus
3080 1474 3241 1538 venit,
3267 1491 3394 1547 ‘quo
3434 1482 3555 1527 eum
3585 1484 3750 1527 ventu-

2247 1568 2365 1606 rum
2402 1552 2511 1618 fore
2542 1568 2571 1601 a
2599 1544 2863 1617 prophetis
2896 1546 3205 1618 pra'dictum
3252 1544 3356 1613 fuit
3378 1554 3481 1618 ,_et
3520 1561 3750 1618 quirem:-

2244 1638 2343 1692 que
2378 1614 2441 1672 tle
2468 1636 2527 1671 eo
2569 1614 3006 1688 p't'wdicuverunt,
3048 1616 3103 1668 in
3143 1614 3253 1681 ipso
3292 1627 3340 1668 et
3371 1614 3488 1683 ejus
3524 1616 3749 1683 operibus

2245 1702 2331 1761 put
2340 1700 2547 1743 uerunt.

2246 1825 2476 1880 Movsss.
2491 1822 2624 1877 Cum
2640 1821 2805 1890 igitur
2828 1818 3011 1873 multis
3028 1817 3445 1872 auctoritatibus
3464 1817 3750 1873 ostenderis

2180 1918 2329 1973 illum
2357 1930 2519 1985 quem
2545 1913 2727 1967 dicitis
2753 1912 3027 1967 Christum
3056 1911 3169 1963 fore
3198 1908 3499 1975 hominem,
3526 1909 3751 1977 potuisse

2178 2017 2231 2063 et
2269 2007 2461 2070 Deum,
2497 2019 2624 2072 qua,
2655 2016 2860 2072 qureso,
2889 2000 3211 2054 auctoritate
3235 1998 3441 2066 poteris
3475 1998 3749 2053 ostendere

2179 2112 2331 2162 eum,
2360 2102 2419 2150 ut
2447 2093 2688 2159 creditis,
2715 2091 2826 2160 jam
2850 2090 3097 2145 venisse?
3126 2089 3380 2144 Fortasse
3393 2088 3539 2144 enim
3554 2102 3663 2142 non
3678 2088 3752 2143 diu

2178 2188 2345 2251 venit,
2375 2188 2468 2242 sed
2494 2194 2721 2239 venturo
2751 2182 2929 2238 veniet
2953 2181 3004 2235 in
3036 2190 3300 2251 tempore.

2249 2278 2486 2333 Psrnus.
2518 2276 2675 2331 Plura
2709 2284 2835 2330 sunt
2862 2272 3129 2344 profecto,
3163 2288 3196 2326 ο
3228 2271 3463 2341 Moyses,
3493 2285 3619 2340 quae
3641 2284 3750 2324 eum

2179 2369 2395 2423 venisse
2431 2375 2679 2437 patenter
2706 2364 3021 2419 ostendunt.
3065 2359 3198 2414 Nam
3239 2369 3292 2416 ct
3328 2370 3541 2429 tempus
3573 2360 3631 2413 in
3660 2373 3751 2427 quo

2179 2475 2301 2515 eum
2333 2458 2699 2529 praedixerunt
2729 2464 3016 2508 venturum
3049 2468 3168 2508 esse
3212 2451 3493 2522 prophetae
3540 2450 3682 2519 quod
3706 2458 3754 2503 et

2180 2558 2517 2603 transactum
2550 2555 2654 2609 est,
2686 2553 2740 2599 et
2769 2545 2820 2597 in
2854 2560 2918 2599 eo
2947 2544 3121 2613 ipsum
3170 2543 3417 2596 novimus
3457 2540 3751 2605 advenisse,

2178 2650 2232 2694 et
2263 2648 2457 2708 praeter
2487 2638 2539 2692 id
2582 2636 2686 2689 alia
2734 2634 2918 2698 multa,
2948 2650 3068 2704 quae
3110 2635 3161 2688 in
3196 2635 3311 2704 ipso
3341 2643 3395 2687 et
3438 2632 3621 2688 verbis
3649 2631 3753 2700 eius

2179 2731 2517 2800 agnovimus,
2548 2735 2709 2781 atoue
2737 2726 3009 2795 Operibus,
3036 2733 3093 2779 ut
3119 2724 3438 2794 praedictum
3467 2731 3551 2777 est
3582 2738 3613 2777 ι
3642 2737 3755 2793 pro-

2176 2822 2378 2893 pbetis.

2250 2910 2479 2964 Movsss.
2527 2909 2582 2962 In
2628 2908 2816 2977 primis
2861 2922 3042 2975 quaeso
3090 2905 3344 2960 ostendas
3384 2904 3453 2960 de
3500 2913 3751 2975 tempore,

2179 3002 2267 3057 ubi
2301 3001 2551 3056 videlicet
2579 3008 2633 3053 et
2661 2998 2893 3068 qualiter
2937 2998 3062 3052 inde
3106 2996 3271 3052 locuti
3319 2996 3432 3051 sint
3462 2997 3751 3065 propheta,

2178 3102 2232 3146 et
2261 3090 2531 3160 qumuodo
2566 3089 2697 3142 illud
2740 3088 3120 3142 terminavere.
3150 3146 3153 3147 ν

2251 3185 2483 3239 l’s-raus.
2535 3181 2790 3250 Legimus
2820 3196 2948 3235 sane
2986 3180 3112 3249 quia
3145 3177 3339 3241 Iacob,
3373 3178 3496 3233 ﬁliis
3538 3179 3651 3250 suis
3683 3178 3752 3233 lo-

2134 3276 2146 3295 ‘
2177 3290 2373 3343 quens;
2422 3281 2475 3326 et
2523 3270 2749 3341 singulis
2792 3273 2861 3326 ad
2901 3285 2960 3325 se
3004 3269 3233 3331 vocatis,
3278 3270 3603 3324 benedicens
3644 3270 3750 3323 ait:

2177 3365 2300 3419 Non
2331 3365 2601 3433 auferetur
2631 3372 2889 3432 sceptrum
2926 3361 2990 3414 de
3018 3360 3185 3427 Juda,
3223 3368 3273 3414 et
3315 3361 3427 3415 dua:
3460 3361 3524 3414 de
3564 3360 3773 3431 femore.

2173 3457 2308 3523 ejus,
2341 3455 2504 3507 donec
2537 3454 2710 3507 veniat
2738 3452 2825 3523 qui
2856 3453 3139 3505 mittendus
3175 3460 3272 3514 est,
3298 3460 3348 3504 et
3387 3452 3457 3504 ad
3487 3466 3605 3504 eum
3632 3464 3750 3504 can-

2152 3547 2530 3617 ,gregabuntur
2554 3555 2729 3615 gentes
2758 3542 2911 3615 (Gen.
2940 3547 3112 3609 ms).
3146 3541 3297 3597 lianc
3319 3552 3502 3597 autem
3531 3545 3751 3613 prophe-

2175 3636 2303 3689 tiam
2339 3633 2496 3688 alitcr
2533 3649 2637 3688 non
2671 3648 2958 3703 exponam,
2996 3649 3161 3702 quam
3195 3635 3546 3703 exposuerint
3590 3634 3748 3688 vestri

2172 3725 2424 3780 doctores
2453 3723 2683 3793 antiqui.
2712 3724 2974 3777 Dixerunt
3003 3739 3237 3793 namque
3262 3733 3315 3778 et
3346 3724 3477 3793 ipsi:
3506 3724 3625 3778 Non
3655 3742 3748 3778 au-

2172 3813 2367 3882 feretur
2385 3822 2663 3879 sceptrum,
2683 3811 2732 3864 id
2756 3820 2839 3864 est
2853 3812 3024 3882 virga,
3039 3814 3103 3865 de
3131 3828 3296 3883 regno
3313 3814 3479 3878 Juda,
3496 3825 3541 3868 et
3561 3816 3667 3868 dua:
3687 3814 3750 3867 de

2172 3906 2385 3975 femore,
2418 3906 2469 3959 id
2498 3914 2601 3966 est,
2628 3907 2695 3959 de
2722 3904 2847 3958 ﬁliis
2875 3904 3103 3959 ﬁliorum
3126 3904 3243 3974 ejus
3269 3907 3320 3959 in
3347 3906 3560 3971 smcula,
3588 3907 3746 3960 donec

2169 3997 2341 4050 veniat
2380 3997 2470 4066 qui
2498 3996 2783 4050 mittendus
2828 4006 2921 4060 est,
2959 3997 3011 4051 id
3043 4009 3128 4051 est
3169 3998 3441 4064 Christus,
3476 3998 3625 4068 cujus
3664 4005 3748 4053 est

2171 4102 2416 4157 regnum,
2447 4098 2494 4142 et
2526 4089 2593 4140 ad
2620 4088 2791 4157 ipsum
2833 4090 3288 4159 congregabantur
3326 4101 3520 4161 gentes.
3553 4091 3615 4144 Et
3646 4104 3743 4143 nos

2167 4180 2385 4250 quidem
2409 4180 2680 4245 novimus,
2704 4181 2854 4249 quia,
2875 4190 3157 4251 postquam
3192 4182 3341 4236 venit
3361 4181 3619 4245 Christus,
3644 4196 3742 4235 ne~

2167 4286 2273 4342 que
2305 4286 2398 4326 rex
2446 4286 2622 4341 neque
2652 4270 2761 4325 dux
2800 4273 2867 4327 de
2907 4271 3043 4327 Iuda
3088 4272 3190 4327 fuit
3237 4273 3484 4328 ulterius.
3516 4272 3744 4329 Credere

2168 4360 2351 4429 itaque
2394 4359 2650 4415 debemus
2691 4361 2836 4429 quod
2885 4360 2971 4416 hic
3004 4370 3213 4431 tempus
3242 4362 3445 4417 Christi
3490 4365 3744 4418 adventus

2168 4450 2586 4506 determinatam
2615 4449 2735 4515 fuit,
2762 4459 2818 4505 et
2845 4452 2987 4520 quod
3011 4451 3056 4505 is
3082 4452 3171 4521 qui
3200 4463 3441 4524 tempore
3468 4455 3553 4509 illo
3575 4454 3738 4519 venit,

483 4556 534 4602 et
572 4543 951 4599 ambulaverint
987 4558 1166 4596 coram
1207 4558 1290 4596 me
1317 4543 1370 4595 in
1396 4543 1636 4604 veritate,
1664 4541 1718 4594 in
1745 4541 1882 4593 omni
1910 4543 2064 4596 corde
2091 4567 2144 4629 Β
2169 4542 2286 4595 sine
2314 4540 2668 4596 dubitationis
2706 4541 2958 4611 scrupulo
2988 4543 3234 4598 Christus
3271 4546 3496 4600 exstitit.
3529 4545 3655 4599 Item
3685 4545 3740 4598 in

482 4653 602 4701 suo,
632 4644 681 4687 et
712 4635 767 4687 in
796 4632 936 4687 omni
971 4633 1148 4686 anima
1189 4647 1307 4694 sua,
1349 4647 1452 4684 non
1490 4630 1758 4699 auferetur
1783 4629 1876 4682 tibi
1904 4630 1980 4683 vir
1999 4630 2063 4683 de

483 4725 615 4780 solio
642 4722 815 4778 Israel
840 4720 957 4792 (III
984 4720 1113 4790 Reg.
1139 4724 1224 4791 ιι).
1249 4719 1501 4775 Testatur
1522 4734 1734 4789 quoque
1762 4720 1872 4789 ipse
1895 4718 2064 4775 David

486 4815 633 4869 illam
684 4828 845 4883 quam
897 4811 1245 4880 praediximus
1289 4810 1648 4880 prophetiam,
1696 4810 1901 4865 scilicet
1944 4827 2061 4865 cum

486 4906 816 4973 compleveris
860 4904 970 4957 dies
998 4913 1135 4968 tuos,
1163 4910 1292 4963 etc.;
1343 4910 1570 4954 testatur
1604 4900 1724 4954 dico
1756 4900 1901 4953 illam
1938 4916 2062 4970 pro-

479 5003 609 5062 pter
652 4993 926 5048 Christum
975 4991 1140 5046 fuisse
1189 4991 1475 5059 prolatam.
1537 4990 1777 5044 Audiens
1827 5004 2060 5058 namque

487 5084 662 5146 illam,
692 5092 746 5136 et
781 5083 920 5137 sicut
946 5082 1353 5151 explanavimus
1382 5080 1708 5148 intelligens,
1734 5081 1826 5133 sed
1855 5090 1907 5132 et
1937 5080 2061 5135 inde

485 5176 595 5229 Deo
623 5173 829 5243 gratias
856 5186 1022 5242 agens
1045 5175 1120 5228 ait
1145 5191 1157 5227 :
1190 5173 1318 5238 Quis
1349 5187 1439 5240 ego
1463 5184 1579 5222 sum
1597 5208 1613 5234 ,
1636 5168 1857 5223 Domine
1884 5170 2021 5224 Deus
2040 5212 2056 5233 .

482 5276 531 5320 et
560 5282 678 5334 qua:
704 5276 777 5320 est
804 5263 988 5320 domus
1019 5282 1155 5328 mea,
1189 5264 1314 5333 quia
1350 5260 1620 5314 adduxisti
1650 5277 1727 5314 me
1756 5261 2059 5326 hucusque?

483 5358 587 5414 Sed
625 5370 670 5413 et
700 5361 797 5413 hoc
833 5373 1023 5425 parum
1059 5357 1228 5410 visunt
1256 5363 1330 5405 est
1364 5354 1418 5404 in
1447 5366 1720 5420 conspectu
1750 5364 1860 5418 tuo,
1895 5353 2052 5416 Deus,

483 5449 583 5501 nisi
606 5448 891 5518 loquereris
917 5447 980 5499 de
1004 5445 1159 5497 domo
1182 5442 1316 5494 servi
1339 5440 1414 5491 tui
1436 5441 1592 5493 etiam
1617 5442 1670 5494 in
1695 5441 2053 5511 longinquum,

480 5547 526 5590 et
559 5539 731 5591 vidisti
760 5553 842 5591 me
874 5537 930 5589 in
960 5534 1069 5602 lege
1097 5530 1320 5584 hominis
1350 5528 1565 5583 exaltati
1604 5531 1808 5585 Domini
1844 5532 1941 5585 Dei
1969 5531 2055 5601 (II

479 5627 604 5697 Reg.
632 5628 749 5699 vn).
783 5626 896 5680 lloc
921 5623 1119 5693 quippe
1139 5620 1282 5687 quod
1311 5618 1405 5680 ait,
1432 5620 1546 5688 quis
1567 5637 1657 5689 ego
1676 5638 1811 5689 sum,
1840 5622 2056 5676 Domine

480 5716 642 5782 Deus,
670 5728 716 5769 et
742 5730 860 5786 quae
884 5720 961 5767 est
993 5713 1177 5764 domus
1208 5723 1343 5771 mea,
1376 5710 1499 5777 quia
1537 5712 1805 5765 adduxisti
1828 5729 1905 5765 me
1932 5714 2057 5766 huc-

483 5818 662 5870 usque,
688 5805 754 5858 de
780 5819 842 5859 se
867 5800 1003 5857 dixit
1020 5806 1075 5853 et
1099 5798 1209 5851 ﬁlio
1236 5812 1334 5852 suo
1358 5797 1674 5865 Salomone;
1704 5805 1845 5869 quod
1874 5813 2051 5860 autem

2165 4633 2303 4688 libro
2348 4632 2587 4686 Danielis
2629 4633 2695 4686 de
2740 4642 2983 4702 tempore
3021 4634 3221 4688 Christi
3266 4636 3527 4691 adventus
3553 4636 3624 4690 sic
3656 4642 3741 4687 est

2164 4723 2387 4794 angelus
2437 4739 2560 4778 cum
2592 4723 2815 4778 Daniele
2862 4723 3072 4778 locutus
3105 4742 3118 4777 :
3155 4726 3500 4797 Septuaginta
3544 4724 3738 4779 hebdo-

2161 4815 2340 4869 mades
2370 4813 2662 4867 constituta:
2688 4822 2808 4866 sttnt
2837 4829 2992 4881 super
3024 4813 3275 4883 populum
3306 4825 3474 4877 tuum,
3504 4825 3548 4868 et
3583 4829 3741 4882 super

2161 4908 2339 4961 urbem
2375 4907 2666 4960 sanctuarii
2704 4906 2804 4971 tui,
2843 4915 2898 4958 ut
2942 4921 3332 4960 consummetur
3357 4905 3734 4975 prmuaricatio,

2160 5009 2208 5052 et
2236 4999 2393 5066 ﬁnem
2428 4998 2648 5069 accipiat
2686 5007 2976 5066 peccatum,
3028 5006 3075 5050 et
3121 4996 3362 5050 deleatur
3398 4998 3657 5065 iniquitas,
3688 5004 3739 5046 et

2159 5089 2456 5141 adducatur
2488 5086 2700 5154 justitia
2747 5086 3078 5149 sa'culorum,
3112 5097 3157 5138 et
3196 5086 3477 5154 impleatur
3513 5087 3649 5146 visio,
3684 5093 3737 5135 et

2157 5181 2462 5249 prophetitr,
2493 5190 2539 5232 et
2569 5187 2797 5246 ungatur
2828 5176 3053 5231 Sanctus
3078 5188 3401 5231 sanctorum.
3438 5177 3575 5232 Scito
3603 5190 3736 5241 ergo

2157 5278 2207 5324 et
2235 5273 2605 5324 animadverte.
2634 5270 2710 5324 Ab
2738 5270 2877 5323 exitu
2904 5271 3185 5329 sermonis,
3215 5281 3270 5323 ut
3301 5272 3486 5324 iterum
3511 5266 3734 5334 ediﬁce-

2156 5372 2243 5413 tur
2268 5360 2620 5425 Hierusalem,
2643 5377 2806 5429 usque
2830 5361 2898 5413 ad
2927 5358 3191 5413 Christum
3220 5360 3425 5423 ducem,
3453 5361 3732 5414 hebdoma-

2155 5452 2245 5503 des
2274 5459 2488 5519 septem.
2532 5447 2603 5501 Et
2642 5450 2985 5503 hebdomades
3025 5450 3298 5515 sexaginta
3333 5451 3453 5504 duo:
3479 5457 3632 5508 erunt.
3674 5454 3731 5499 et

2157 5556 2362 5592 rursum
2402 5538 2749 5605 redi/imbitur
2781 5538 2952 5607 platea
2992 5548 3039 5591 et
3073 5539 3211 5590 muri
3247 5538 3304 5591 in
3332 5536 3559 5606 angustia
3584 5542 3733 5583 tem-

2153 5645 2355 5696 porum.
2394 5628 2459 5679 Et
2486 5636 2599 5696 post
2631 5626 2973 5680 hebdomades
2997 5628 3270 5696 sexaginta
3302 5626 3435 5680 duas
3468 5622 3734 5678 occidetur

2156 5713 2413 5782 Christus,
2443 5716 2703 5770 civitatem
2730 5725 2778 5769 et
2812 5717 3171 5769 sanctuarium
3205 5717 3473 5787 dissipabit
3501 5708 3731 5782 populus

2155 5822 2269 5858 cum
2298 5806 2427 5860 duce
2462 5817 2692 5869 venturo,
2725 5815 2771 5859 et
2800 5805 2925 5872 ﬁnis
2958 5807 3072 5874 ejus
3098 5808 3332 5873 vastitas,
3362 5816 3409 5860 et
3428 5814 3534 5876 post
3555 5799 3732 5869 ﬁnem
3798 5800 3805 5805 ’
