4038 6450
358 447 464 502 6‘23

1847 442 2140 501 DIALOGI.

3509 451 3611 505 626

359 560 477 614 belli
518 569 720 612 statuta
772 558 1040 614 desolatio.
1105 557 1447 625 Conﬁrmabit
1505 565 1676 611 autem
1724 567 1930 625 pactum
1959 562 2011 620 Α
2060 547 2082 554 ”
2109 558 2338 613 Messes.
2366 557 2657 628 Postquam
2679 559 2744 613 de
2777 569 3014 628 tempore
3045 558 3303 613 adventus
3331 558 3613 616 Clirisliex

359 649 532 702 nlultis
557 650 883 702 hebdomade
908 665 1029 709 una,
1057 658 1103 701 et
1129 649 1182 701 in
1204 649 1418 702 dimidio
1441 649 1778 703 hebdomadis
1801 651 1930 718 deﬁ-

357 742 453 793 ciet
477 741 648 791 hostia
676 749 723 793 et
753 739 1086 807 sacriﬁcium,
1118 747 1166 790 et
1197 739 1251 790 in
1277 739 1462 806 templo
1490 740 1583 792 erit
1613 740 1930 794 abominatio

357 829 716 893 desolationis,
761 840 808 883 et
839 845 997 898 usque
1043 830 1111 882 ad
1151 831 1650 884 consummationem
1681 839 1728 882 et
1769 830 1929 897 ﬁnem

355 914 697 982 perseverabit
729 913 983 966 desolatio
1009 912 1168 982 (Dan.
1196 916 1293 981 ix).
1325 914 1612 983 Prophelia
1644 929 1774 968 sane
1801 915 1927 980 ista,

355 1017 390 1056 ο
416 999 653 1072 Moyses,
690 1003 872 1057 clausa
919 1014 1024 1069 est,
1053 1011 1106 1057 et
1140 1006 1206 1058 ad
1239 1004 1644 1074 intelligendum
1673 1005 1924 1071 ditiicilis,

355 1103 406 1149 et
436 1104 560 1147 sunt
586 1095 661 1148 ibi
704 1095 918 1148 termini
961 1095 1116 1149 multi
1155 1093 1442 1165 designati,
1474 1095 1568 1150 sed
1596 1104 1775 1150 tamen
1804 1111 1925 1150 om-

358 1199 451 1238 nes
477 1185 545 1238 ad
571 1185 961 1239 ostendendum
984 1184 1181 1240 Christi
1210 1187 1492 1240 adventum
1516 1196 1639 1240 sunt
1662 1188 1838 1256 positi.
1869 1187 1923 1241 In

353 1273 542 1344 primis
590 1273 755 1342 igitur
785 1275 1062 1332 sciendum
1101 1284 1202 1341 est,
1235 1276 1357 1345 quia
1407 1276 1766 1332 hebdomadas
1809 1279 1927 1333 istae

353 1377 615 1417 annorum
640 1373 764 1416 sunt
791 1363 1172 1418 hebdomades.
1207 1366 1338 1417 Cum
1369 1365 1532 1435 igitur
1560 1369 1672 1419 ait:
1699 1367 1926 1435 Septua-

353 1455 499 1522 ginta
551 1453 898 1508 hebdomades
949 1457 1241 1509 constituta:
1292 1467 1411 1508 sunt
1469 1473 1626 1524 super
1675 1457 1925 1526 populum

353 1556 519 1606 tuum,
552 1559 598 1597 et
623 1560 780 1612 super
807 1546 981 1597 urbem
1011 1549 1299 1598 sanctuarii
1331 1547 1428 1609 tui,
1461 1558 1514 1600 ut
1541 1559 1927 1600 consummetnr

351 1635 731 1702 pra'varicatio,
747 1646 793 1688 et
809 1637 962 1703 ﬁnem
977 1638 1195 1704 accipiat
1211 1647 1474 1704 peccatum
1486 1679 1499 1701 ,
1512 1648 1558 1691 et
1574 1638 1810 1690 deleatur
1825 1639 1925 1691 ini-

351 1728 540 1794 quitas,
569 1735 618 1779 et
651 1727 948 1780 adducatur
968 1729 1178 1796 justitia
1203 1730 1532 1791 εωαιΙυνῚιιη,
1562 1739 1609 1782 et
1649 1731 1926 1799 impleatur

350 1817 498 1878 cisio,
517 1824 562 1866 et
584 1815 886 1882 prophetin',
901 1826 947 1867 et
966 1823 1193 1884 ungatur
1217 1815 1440 1869 Sanctus
1459 1826 1782 1881 sanctorum;
1801 1833 1922 1871 cum

2032 652 2416 719 prophetarum
2445 651 2768 704 testimoniis
2799 650 3102 714 asscruisti,
3131 651 3195 704 de
3217 666 3323 719 quo
3348 651 3478 706 satis
3497 667 3614 705 esse

2033 743 2205 808 patuit
2235 752 2292 794 ut
2323 741 2526 802 dixisti,
2552 740 2670 794 volo
2698 740 2877 794 utalia
2909 739 2996 793 illa
3021 741 3342 808 exsequeris
3369 782 3382 803 ,
3415 756 3534 810 quae
3559 741 3612 794 in

2032 831 2148 899 ipso
2177 841 2230 884 et
2253 831 2508 900 operibus
2533 829 2648 896 ejus
2677 837 2986 899 patuerunt,
3021 839 3182 897 atque
3211 829 3406 893 verbis,
3423 846 3540 898 qua:
3561 839 3614 882 et

2029 922 2095 975 de
2118 922 2232 990 ipso
2258 930 2314 974 ut
2342 921 2536 976 asseris
2564 921 2816 988 praedicta
2845 930 2967 974 sunt
2998 937 3024 973 a
3057 921 3347 990 prophetis.

2101 1015 2334 1071 Penus.
2369 1014 2622 1083 Legimus
2652 1014 2704 1066 in
2739 1013 3182 1076 Deuteronomio,
3235 1013 3358 1082 quia
3403 1011 3611 1080 Moyses

2028 1115 2201 1160 morte
2231 1105 2458 1173 sibijam
2493 1105 2807 1158 imminente
2847 1104 2924 1157 sic
2956 1106 3020 1157 ad
3051 1104 3303 1172 populum
3346 1104 3507 1158 Israel
3529 1113 3612 1158 est

2025 1196 2270 1250 locutus:
2306 1195 2640 1263 Prop/letam,
2677 1196 2870 1262 inquit,
2905 1194 2968 1246 de
2997 1204 3145 1262 gente
3174 1205 3281 1256 tua,
3314 1196 3446 1247 etde
3489 1194 3600 1262 fra-

2026 1287 2192 1340 tribus
2225 1288 2326 1338 tnis
2357 1287 2488 1338 sicut
2516 1302 2593 1337 me
2618 1284 2886 1336 suscitabit
2914 1283 3004 1334 tibi
3035 1283 3285 1336 Dominus
3314 1283 3604 1346 Deustuus,

2025 1379 2194 1445 ipsunt
2221 1377 2426 1438 audies,
2457 1386 2510 1428 ut
2531 1375 2702 1444 petisti
2731 1392 2762 1426 a
2792 1373 3020 1426 Domino
3074 1373 3180 1426 Deo
3210 1385 3298 1426 tuo
3348 1375 3401 1425 in
3447 1373 3602 1436 Οι-εὺ,

2024 1467 2231 1536 quando
2265 1469 2442 1518 concio
2469 1475 2779 1533 congregata
2801 1474 2874 1516 est
2898 1475 3050 1532 atque
3075 1464 3255 1516 dixiin
3286 1479 3305 1517 :
3337 1462 3487 1516 Ultra
3505 1481 3606 1517 non

2026 1559 2236 1612 audiam
2271 1573 2440 1610 vorem
2473 1555 2678 1608 Domini
2714 1555 2806 1607 Dei
2830 1557 2948 1614 mei,
2979 1565 3026 1607 et
3049 1555 3216 1623 ignem
3263 1555 3399 1607 hunc
3437 1556 3608 1606 maxi-

2025 1665 2166 1702 mum
2195 1632 2414 1715 antplms
2448 1663 2548 1700 non
2580 1647 2782 1708 videbo,
2807 1662 2867 1698 ne
2899 1646 3115 1698 moriar.
3151 1645 3216 1698 lit
3247 1647 3320 1698 ait
3351 1646 3606 1699 Dominus

2026 1737 2186 1791 mihi:
2219 1736 2360 1790 Bene
2389 1736 2562 1788 omnia
2611 1745 2730 1788 sunt
2764 1735 2940 1787 locuti.
2990 1731 3303 1802 Prop/letam
3345 1737 3604 1790 suscitabr

2023 1829 2098 1882 eis
2128 1829 2190 1881 de
2219 1827 2386 1881 medio
2413 1827 2638 1894 fratrum
2668 1842 2884 1879 suorum
2918 1825 3143 1879 similem
3182 1826 3280 1887 tui,
3320 1836 3367 1879 et
3413 1843 3602 1894 ponam

352 1907 1128 1975 illlutl,inquam,ait,adnotari
1147 1908 1472 1976 voluit,quia
1496 1910 1692 1976 septies
1706 1920 1921 1978 septua-
1955 1905 1996 1959 Β
2025 1917 2174 1972 εει-δα
2205 1932 2316 1968 mea
2343 1915 2394 1967 in
2421 1931 2508 1968 ore
2533 1914 2667 1984 ejus,
2700 1914 3041 1982 loqueturqnc
3076 1913 3144 1966 ad
3173 1930 3258 1966 eos
3287 1914 3461 1966 omnia
3485 1930 3602 1981 qua:

349 1999 514 2066 ginta,
535 1998 585 2050 id
603 1999 1072 2068 est,qnadraginta
1101 2010 1154 2053 et
1180 2001 1770 2070 nonagintaannierant
1790 2018 1920 2056 con-

348 2088 518 2144 stituti
538 2090 604 2143 ab
616 2089 852 2156 ejusdem
871 2106 1011 2145 anno
1026 2091 1317 2158 prophetire
1331 2108 1497 2161 usque
1510 2094 1575 2146 ad
1598 2094 1919 2149 destructio-

348 2193 466 2232 nem
482 2178 813 2234 Hierusalem
827 2189 880 2234 et
896 2181 1095 2250 templi,
1111 2197 1230 2250 qute
1249 2199 1277 2235 a
1301 2182 1423 2236 Tito
1441 2183 1803 2240 ROIllaltC."'Jlll
1821 2185 1919 2239 im-

348 2281 592 2338 peratore
625 2271 722 2323 fuit
755 2270 916 2336 facta,
949 2273 1099 2339 cujus
1128 2282 1367 2342 tempore
1388 2275 1768 2329 destructionis
1803 2273 1916 2342 jam

347 2358 590 2417 Christus
619 2373 860 2426 venerat,
885 2364 971 2432 qui
999 2363 1274 2430 etjustitia
1297 2363 1612 2418 sreculorum
1641 2374 1926 2420 etsaneto-

349 2464 461 2504 rum
491 2450 722 2507 Sanctus
747 2464 882 2518 erat,
907 2470 1004 2524 per
1022 2471 1179 2524 quem
1201 2456 1363 2509 etiam
1385 2465 1663 2526 pet-catum
1680 2471 1840 2512 ornne
1865 2465 1920 2511 et

350 2541 601 2611 iniquitas
613 2553 699 2598 est
715 2545 910 2612 deleta,
927 2548 1266 2615 etprOphetia
1286 2550 1461 2602 omnis
1479 2549 1717 2617 impleta.
1747 2549 1922 2603 Caete-

352 2649 405 2687 ra
425 2645 603 2689 autem
624 2651 742 2705 qua:
757 2647 1054 2707 sequuntur
1069 2638 1246 2694 omnia
1265 2641 1329 2692 ad
1347 2641 1536 2693 horum
1555 2640 1918 2710 quadringen~

351 2735 524 2789 torum
551 2736 607 2779 et
643 2729 935 2797 nOnaginta
974 2744 1236 2782 annorum
1284 2729 1600 2782 divisionem
1641 2738 1694 2782 ct
1739 2732 1920 2784 deter-

349 2815 690 2869 minutionem
713 2828 838 2871 sunt
871 2819 1062 2887 posita.
1100 2819 1202 2872 Per
1242 2819 1343 2872 hoc
1379 2833 1508 2886 ergo
1548 2821 1687 2886 quod
1727 2830 1807 2872 est
1855 2819 1917 2870 ab

349 2910 485 2968 exitu
516 2911 790 2977 sermonis,
823 2921 877 2962 ut
912 2911 1098 2963 iterum
1130 2911 1420 2978 ardi/icetur
1449 2911 1801 2975 Hierusalem,
1833 2929 1920 2963 us-

349 3018 442 3070 que
469 3003 539 3054 ad
583 3000 850 3056 Christum
881 3004 1060 3056 ducem
1111 3004 1459 3057 hebdomades
1499 3015 1711 3073 septem,
1747 3005 1921 3057 innui-

351 3105 431 3147 tur
460 3095 600 3163 quod
633 3094 702 3148 ab
737 3095 893 3163 hujus
918 3097 1002 3149 die
1049 3097 1341 3165 prophetia:
1391 3113 1558 3159 usque
1609 3097 1672 3149 ad
1717 3097 1917 3166 Cyrum

348 3187 530 3240 ducem
555 3186 841 3241 Persarum
867 3188 957 3256 qui
985 3190 1050 3240 ah
1080 3188 1192 3256 ipso
1224 3187 1330 3242 Deo
1352 3205 1444 3257 per
1466 3190 1653 3243 Isaiam
1675 3189 1920 3243 Christus
1950 3245 1990 3265 η

1166 3279 1383 3336 fuerunt
1421 3292 1623 3352 septem
1655 3297 1918 3336 annorum
1949 3279 1991 3304 “

346 3288 423 3329 est
466 3278 762 3346 appellatus
803 3277 937 3346 (lsa.
974 3280 1120 3349 xcv),

346 3366 723 3432 hcbdomades,
753 3369 803 3420 id
818 3378 898 3422 est
919 3369 1302 3440 quinquaginta
1315 3379 1369 3424 ct
1392 3386 1579 3426 novem
1605 3371 1748 3434 anni,
1769 3369 1920 3438 cujus

344 3456 465 3527 Cyri
495 3468 762 3526 pra-cepto
787 3458 951 3526 coepit
980 3457 1309 3514 Hierusalem
1333 3462 1664 3515 resedilicari.
1695 3463 1749 3515 In
1769 3462 1921 3530 cujus

343 3549 762 3604 reaedilicatione
797 3558 851 3603 et
880 3558 1158 3618 postquam
1189 3562 1620 3605 consummatum
1645 3564 1729 3607 est
1761 3569 1916 3623 opus,

342 3655 512 3710 usque
533 3641 599 3694 ad
634 3642 919 3695 adventum
949 3641 1053 3696 Titi
1105 3657 1267 3712 super
1294 3642 1626 3698 Hierusalem
1655 3647 1913 3712 quadrin-

344 3719 489 3802 genti
519 3734 736 3802 triginta
769 3743 822 3788 et
851 3742 1082 3802 quatuor
1122 3734 1247 3788 anni
1296 3734 1532 3799 fuerunt,
1584 3745 1637 3788 et
1689 3737 1790 3789 hoc
1838 3745 1919 3790 est

341 3824 483 3894 quod
515 3825 678 3880 dicit:
706 3825 1062 3880 Hebdomades
1088 3826 1357 3897 sexaginta
1386 3827 1530 3892 dum,
1563 3828 1614 3880 id
1649 3838 1751 3892 est,
1784 3843 1918 3896 qua-

339 3917 610 3986 dringenti
645 3919 856 3988 triginta
887 3927 938 3972 et
967 3927 1195 3988 quatuor
1235 3918 1362 3973 anui
1391 3927 1548 3972 erunt
1572 3959 1588 3986 ,
1639 3929 1682 3972 et
1713 3935 1916 3972 rursum

340 4005 696 4073 ludiﬁcabitur
719 4007 889 4077 platea
910 4019 958 4062 et
990 4009 1127 4061 muri
1153 4009 1205 4062 in
1228 4009 1470 4078 angustia
1513 4018 1822 4076 temporum,
1843 3994 1848 3998 ’
1869 4019 1916 4061 et

337 4105 456 4163 post
476 4095 828 4150 habdomades
857 4107 1049 4165 septem
1075 4098 1344 4151 occidetur
1370 4097 1631 4161 Christus,
1664 4109 1806 4167 quod
1833 4106 1917 4152 est

337 4195 463 4263 post
493 4185 858 4240 hebdomades
883 4186 1310 4257 septuaginta,et
1331 4197 1612 4257 postquam
1639 4187 1918 4241 occidetur

337 4276 612 4331 Christus.
636 4276 902 4330 Civitatem
929 4288 976 4330 et
1006 4281 1363 4332 sanctuarium
1390 4279 1660 4347 dissipabit
1696 4280 1916 4349 papulas

336 4365 553 4420 scilicet
585 4366 878 4428 Romanus,
909 4383 1026 4420 cum
1041 4368 1170 4420 duce
1188 4377 1418 4432 venturo,
1444 4369 1494 4421 id
1521 4378 1603 4424 est
1626 4386 1746 4424 cum
1771 4365 1910 4434 Tito,

335 4467 381 4510 et
413 4457 542 4524 finis
573 4457 684 4526 ejus
714 4459 949 4523 vastitas,
979 4470 1025 4511 et
1055 4468 1168 4527 post
1190 4459 1344 4526 finem
1368 4460 1485 4512 belli
1529 4472 1721 4514 statuta
1767 4463 1916 4520 deso-

2019 2023 2310 2078 pra’cepero
2342 2007 2439 2059 illi.
2470 2007 2572 2070 Qui
2605 2016 2777 2058 autem
2818 2008 2966 2058 verba
2990 2006 3104 2075 ejus
3133 2023 3248 2074 qua:
3284 2006 3522 2074 loquetur
3547 2007 3621 2058 in.

2021 2098 2226 2150 nomine
2256 2111 2367 2147 meo
2396 2095 2578 2146 audire
2606 2094 2849 2161 noluerit,
2877 2111 2968 2163 ego
2998 2093 3139 2147 ultor
3175 2096 3398 2147 existant
3421 2094 3601 2164 (Deut.

2019 2185 2194 2255 XVIII).
2233 2185 2364 2250 Quis
2389 2193 2471 2237 est
2499 2194 2702 2248 autem,
2727 2197 2760 2236 ο
2788 2182 3012 2252 Moyses,
3039 2185 3160 2252 quis
3189 2193 3273 2238 est
3309 2184 3397 2238 ille
3442 2198 3604 2251 quem

2019 2278 2150 2332 dicit
2191 2277 2444 2330 Dominus
2474 2275 2703 2328 similem
2733 2275 2899 2344 Moysi
2927 2277 3319 2340 suscitandum,
3343 2285 3396 2328 et
3429 2276 3603 2345 ipsum

2019 2385 2138 2426 esse
2161 2369 2398 2440 praecipit
2423 2367 2780 2422 audiendum?

2092 2461 2318 2515 Messes.
2350 2460 2542 2528 Utique
2573 2460 2639 2513 de
2673 2458 2834 2513 Josue
2861 2458 2967 2512 lilio
2997 2456 3113 2511 Non
3142 2456 3245 2511 dici
3280 2456 3474 2526 potuit,
3507 2455 3600 2525 qui

2022 2565 2140 2623 post
2165 2553 2378 2624 Moysen
2409 2560 2461 2604 et
2489 2553 2539 2604 in
2563 2552 2730 2620 ipsius
2754 2550 2872 2604 loco
2896 2549 3152 2604 surrexit.

2094 2643 2327 2696 Perses.
2371 2640 2619 2694 Profecto
2643 2640 2710 2693 de
2743 2638 2904 2694 Josue
2929 2639 3249 2692 mullatenus
3271 2645 3444 2707 potest
3459 2650 3600 2690 esse.

2021 2735 2096 2788 De
2120 2749 2183 2788 eo
2213 2733 2408 2803 quippe
2459 2740 2704 2801 patenter
2734 2731 3012 2798 Scriptura
3062 2728 3320 2797 loquitur,
3370 2728 3509 2781 sicut
3547 2727 3602 2780 in

2023 2827 2114 2880 lib.
2148 2826 2362 2879 Numeri
2394 2823 2585 2894 legitur
2609 2841 2620 2875 :
2647 2822 2923 2889 Respondit
2954 2822 3154 2890 Moyses
3184 2820 3249 2874 ad
3275 2819 3556 2872 Dominum
3584 2835 3598 2872 :

2026 2916 2310 2970 I’rovideat
2337 2916 2589 2967 Dominus
2622 2913 2760 2965 Deus
2787 2913 3064 2979 spirituum
3095 2911 3260 2962 omnis
3292 2909 3463 2961 carnis
3508 2909 3603 2960 ho-

2024 3009 2238 3071 minem,
2289 3007 2376 3075 qui
2411 3007 2476 3058 sit
2503 3019 2658 3071 super
2706 3002 3091 3054 multitudinem
3145 3000 3310 3063 hanc,
3354 3010 3401 3052 et
3441 2999 3600 3069 possit

2022 3100 2162 3152 exire
2193 3107 2239 3150 et
2269 3098 2468 3149 intrare
2487 3106 2607 3147 ante
2634 3111 2742 3155 eos,
2772 3103 2818 3146 et
2849 3093 3064 3145 educere
3103 3091 3220 3143 illos
3259 3089 3333 3142 vel
3358 3089 3601 3143 introdu-

2024 3207 2158 3254 cere,
2188 3207 2250 3244 ne
2273 3191 2336 3242 sit
2359 3188 2577 3256 populus
2603 3185 2811 3238 Domini
2835 3186 2968 3237 sicut
3000 3199 3112 3236 oves
3138 3185 3328 3250 absque
3369 3191 3598 3249 pastore.

2022 3280 2272 3349 Dixitque
2297 3279 2546 3330 Dominus
2571 3275 2639 3328 ad
2668 3291 2785 3326 eum
2815 3290 2832 3327 :
2860 3272 3002 3326 Tolle
3023 3271 3188 3324 Josue
3238 3271 3406 3338 ﬁlium
3452 3267 3598 3331 Nun,

2026 3375 2193 3427 t-irum
2226 3372 2276 3422 in
2308 3385 2408 3438 quo
2433 3375 2506 3420 est
2539 3364 2766 3435 Spiritus
2800 3364 2915 3424 Dei,
2941 3375 2986 3414 et
3016 3378 3149 3430 pone
3197 3376 3408 3413 manum
3457 3368 3600 3411 tuam

2023 3478 2177 3531 super
2198 3477 2334 3514 eum.
2363 3457 2464 3522 Qui
2492 3457 2646 3509 stabit
2685 3471 2860 3507 coram
2912 3453 3174 3506 Eleazaro
3211 3451 3500 3514 sacerdote,
3551 3461 3598 3502 et

2023 3557 2162 3610 omni
2185 3555 2536 3613 multitudine,
2565 3561 2610 3604 et
2641 3551 2789 3603 dabis
2812 3550 2859 3602 ei
2881 3559 3134 3618 pra'cepta
3158 3547 3354 3600 cunctis
3379 3547 3601 3598 ridenti-

2022 3650 2134 3711 bus,
2160 3656 2204 3700 et
2234 3655 2431 3715 partem
2463 3645 2645 3715 glorim
2669 3654 2792 3703 ture,
2822 3652 2868 3694 et
2895 3641 3077 3693 audiat
3128 3655 3245 3692 eum
3284 3636 3450 3690 omnis
3479 3653 3603 3704 syn-

2020 3755 2187 3807 agoga
2228 3738 2459 3806 ﬁliorum
2484 3735 2652 3789 Israel
2685 3733 2875 3804 (Num.
2909 3731 3100 3799 xxvii).
3145 3731 3279 3784 Cum
3327 3743 3454 3781 vero
3493 3737 3600 3780 tam

2019 3839 2202 3898 aperte
2227 3829 2292 3882 de
2323 3827 2483 3882 Josue
2517 3827 2602 3878 hic
2624 3834 2838 3894 agatur,
2881 3839 2979 3876 cur
3027 3824 3114 3876 illa
3161 3821 3261 3874 alia
3294 3834 3413 3888 quae
3463 3819 3598 3871 adeo

2019 3921 2198 3973 clausa
2247 3927 2328 3970 est
2353 3915 2656 3984 prophetia,
2704 3914 2792 3966 illa
2841 3915 3046 3966 scilicet
3086 3912 3388 3980 prophetia,
3436 3911 3603 3962 susci-

2017 4010 2146 4063 tabit
2183 4009 2278 4062 tibi
2317 4007 2571 4060 Dominus
2621 4005 2759 4057 Deus
2806 4013 2925 4055 tuus
2953 4042 2968 4064 ,
3000 4011 3054 4054 et
3101 4012 3326 4064 uetera;
3378 4014 3475 4052 cur
3513 3999 3598 4052 in-

2019 4112 2200 4166 quam,
2234 4095 2322 4148 illa
2373 4094 2440 4146 de
2495 4093 2610 4160 ipso
2653 4091 2798 4144 dicta
2848 4089 3208 4157 intelligatur?
3251 4087 3355 4140 Sed
3404 4095 3460 4140 et
3502 4102 3599 4154 per

2018 4189 2120 4242 hoc
2171 4186 2312 4255 quod
2367 4185 2563 4253 legitur
2616 4199 2630 4234 :
2683 4181 2833 4233 dabis
2879 4181 2926 4234 ei
2976 4189 3175 4248 partem
3231 4179 3410 4247 gloriw
3465 4187 3593 4240 tute,

2017 4295 2080 4335 ac
2125 4279 2167 4333 si
2199 4279 2398 4331 diceret
2447 4290 2550 4328 non
2581 4288 2794 4328 omnem
2833 4271 3058 4341 gloriam
3093 4279 3237 4322 luam
3263 4308 3280 4333 ,
3331 4284 3426 4337 per
3455 4268 3596 4336 quod

2017 4369 2317 4426 ostenditur
2369 4366 2492 4436 quia
2538 4365 2727 4419 similis
2779 4362 2946 4431 Moysi
3005 4376 3109 4414 non
3171 4360 3372 4436 fuerit,
3429 4369 3485 4413 et
3543 4359 3596 4411 in

2021 4462 2126 4516 line
2151 4461 2438 4514 Deuteron.
2459 4474 2470 4508 :
2492 4455 2612 4508 Non
2643 4453 2870 4506 surrexit
2901 4453 3145 4521 propheta
3172 4449 3310 4502 ultra
3341 4453 3394 4502 in
3423 4447 3596 4501 Israel

334 4546 490 4600 ίαιίοο
526 4545 678 4610 Ουοά
706 4555 884 4600 θυιοηι
911 4549 1175 4616 selum”,
1194 4548 1520 4615 εοηΙίνηιαίιίι
1541 4558 1753 4616 Pactum
1776 4550 1911 4601 mul-
1946 4573 1992 4631 ι)
2019 4553 2148 4615 sicut
2176 4549 2378 4618 Moyses
2407 4547 2583 4618 (Deut.
2612 4546 2827 4612 xxxrv);
2866 4558 2962 4612 per
2993 4544 3123 4607 haec,
3153 4541 3393 4610 inquam,
3423 4540 3595 4593 inniti-

335 4639 403 4692 tis
455 4636 784 4690 hebdomade
807 4655 950 4701 una,
1011 4639 1096 4692 illa
1141 4639 1381 4707 profecto
1427 4638 1758 4692 hebdomada
1811 4654 1914 4692 una

333 4736 552 4797 septem
591 4735 719 4780 sunt
763 4729 886 4781 anni
941 4728 1252 4783 obsidionis.
1307 4730 1520 4796 Septem
1568 4729 1711 4783 enim
1764 4730 1919 4783 annis

334 4817 564 4871 obsessa
591 4827 675 4870 est
707 4817 899 4871 civitas
920 4819 987 4871 ab
1020 4818 1258 4872 exercitu
1291 4817 1672 4881 Ronmnorum,
1695 4828 1750 4871 et
1781 4819 1920 4871 intra

335 4907 462 4961 illos
491 4915 700 4976 septem
735 4923 924 4971 annos,
953 4909 1088 4963 adeo
1113 4908 1283 4962 coacti
1312 4908 1529 4960 fuerunt
1557 4908 1698 4960 intus
1718 4917 1771 4961 et
1791 4907 1922 4960 allii-

334 5000 440 5063 cti,
467 4998 613 5066 quod
637 5014 742 5051 non
767 4999 1026 5052 haberent
1053 5000 1192 5052 unde
1215 4998 1542 5052 sacrilicium
1583 4998 1761 5053 facere
1805 5014 1924 5068 pns-

333 5099 489 5153 settt,
539 5098 598 5142 et
628 5089 729 5143 hoc
758 5098 841 5144 est
869 5089 1008 5158 quod
1037 5091 1111 5143 ait
1150 5107 1165 5144 :
1205 5089 1269 5143 In
1298 5091 1516 5144 dimidio
1564 5093 1922 5158 hebdomadis,

334 5183 390 5238 id
427 5190 518 5239 est
555 5181 692 5235 infra
718 5181 1126 5245 hcbdomadem,
1175 5182 1372 5249 deﬁciet
1421 5182 1590 5234 hostia
1633 5192 1677 5233 et
1721 5183 1926 5249 sacri/i-

333 5277 506 5341 cium,
533 5282 584 5328 et
609 5273 666 5324 in
697 5271 884 5340 templo
904 5273 1000 5324 erit
1031 5272 1344 5324 abominatio
1381 5271 1732 5324 desolationis.
1773 5270 1925 5335 Quod

332 5367 506 5420 etiam
545 5361 787 5421 additur,
843 5377 1001 5428 usque
1047 5362 1114 5411 ad
1155 5361 1640 5412 consummationem
1692 5371 1738 5411 et
1771 5359 1925 5421 finem

332 5452 693 5521 perseverabit
719 5451 994 5513 desolatio,
1042 5451 1278 5504 insinuat
1324 5450 1465 5518 quod
1519 5450 1827 5517 captivitas,
1871 5461 1926 5504 et

333 5546 610 5601 desolatio
638 5543 726 5598 illa
758 5543 862 5597 line
895 5543 1032 5597 foret
1061 5543 1313 5597 caritura.
1370 5544 1581 5608 Septem
1618 5558 1746 5613 ergo
1795 5545 1924 5598 heli-

333 5637 606 5690 domades
634 5648 806 5702 usque
835 5635 899 5687 ad
933 5635 1149 5704 Cyrum,
1181 5643 1238 5687 et
1260 5634 1534 5703 sexaginta
1561 5636 1676 5690 dua:
1725 5637 1928 5691 hebdo-

334 5731 534 5785 mades
561 5745 592 5784 a
625 5729 772 5797 Cyro
813 5743 980 5796 usque
1003 5729 1069 5780 ad
1101 5727 1299 5791 Titum,
1346 5737 1400 5780 et
1429 5729 1760 5782 hebdomada
1785 5729 1925 5783 obsi-

335 5822 528 5875 dionis
551 5835 681 5884 una,
704 5817 941 5888 proiecto
965 5819 1295 5888 septuaginta
1319 5828 1445 5872 sunt
1472 5819 1850 5873 hebdomades.

2020 4651 2106 4696 tur
2143 4642 2268 4710 quia
2318 4640 2383 4693 de
2420 4636 2583 4690 Josne
2623 4635 2828 4689 dictum
2876 4648 2981 4687 non
3035 4633 3105 4686 sit
3139 4630 3464 4686 :Suscitabit
3507 4631 3596 4682 tibi

2020 4733 2275 4786 Dominus
2301 4729 2439 4782 Deus
2461 4739 2600 4790 tuus,
2626 4735 2752 4788 etc.,
2788 4741 2908 4778 cum
2942 4723 3186 4792 sequitur
3209 4724 3259 4776 in
3284 4721 3494 4785 eodem,
3526 4722 3601 4774 si-

2023 4823 2198 4876 milent
2228 4819 2325 4871 tui.
2356 4817 2462 4871 Sed
2487 4827 2541 4870 et
2562 4816 2720 4870 aliter
2741 4813 3018 4876 dill'erunt,
3045 4812 3324 4881 prophetia
3357 4810 3441 4863 illa
3477 4824 3598 4877 qua:

2021 4925 2105 4968 est
2138 4931 2150 4965 :
2179 4911 2461 4968 Suscitabit
2489 4910 2582 4963 tibi
2609 4911 2882 4974 Dominus,
2911 4898 3042 4972 etc.,
3073 4907 3416 4976 eteaquznde
3435 4904 3598 4958 Josue

2023 5015 2147 5059 sunt
2173 5006 2336 5059 dicta.
2381 5004 2438 5057 In
2468 5001 2555 5056 illa
2585 5016 2814 5068 namque
2845 5002 3071 5054 habetur
3095 5040 3108 5062 ,
3156 5000 3246 5068 qui
3289 4998 3437 5050 verba
3480 4997 3594 5065 ejus

2022 5097 2206 5150 audire
2227 5096 2471 5158 noluerit,
2498 5111 2590 5162 ego
2619 5093 2757 5145 ultor
2784 5093 3020 5150 existant.
3050 5092 3112 5144 de
3132 5089 3293 5143 Josne
3312 5104 3436 5141 vero
3460 5088 3593 5155 legi-

2025 5195 2133 5251 tur,
2163 5186 2250 5253 qui
2279 5183 2650 5236 contradixerit
2678 5183 2757 5233 ori
2781 5192 2886 5240 tuo,
2922 5192 2965 5232 et
2992 5197 3093 5231 non
3120 5179 3362 5231 obedierit
3391 5176 3593 5228 cunctis

2023 5274 2342 5326 sermonibus
2369 5288 2494 5341 quos
2511 5271 2812 5338 praeceperis
2837 5271 2883 5321 ei
2894 5309 2907 5331 ,
2939 5279 3098 5321 ntorte
3132 5269 3405 5319 moriatur.
3435 5264 3593 5318 Patet

2027 5367 2189 5437 igitur
2211 5365 2458 5418 omnibus
2485 5364 2680 5429 modis,
2735 5364 2858 5433 quia
2887 5363 3166 5432 prophetia
3193 5361 3279 5414 illa
3314 5362 3378 5414 de
3428 5355 3592 5411 Josue

2027 5472 2130 5510 non
2158 5464 2240 5508 cst
2269 5453 2494 5522 prolata.

2097 5545 2325 5599 Movscs.
2357 5543 2431 5596 De
2465 5559 2572 5612 quo
2596 5544 2755 5614 ergo?

2094 5635 2328 5690 Pnrnus.
2363 5635 2437 5687 De
2467 5635 2702 5699 Christo,
2733 5633 2823 5702 qui
2859 5631 3026 5702 Moysi
3071 5628 3259 5685 similis
3305 5626 3427 5691 fuit,
3464 5628 3585 5695 quia

2027 5727 2166 5782 sicut
2191 5726 2398 5796 Moyses
2433 5737 2486 5780 et
2516 5727 2630 5794 ipse
2656 5726 2823 5794 legem
2855 5723 3020 5775 dedit.

2096 5817 2324 5873 Messes.
2378 5817 2526 5871 Nunc
2578 5818 2757 5884 itaque
2801 5813 3036 5881 singulas
3080 5809 3373 5880 prophetia:
3411 5817 3588 5878 partes
