4142 6360
407 393 506 449 637

1329 386 1533 442 PETRI
1570 386 1911 444 ALPHONSI
1949 386 2040 441 EX
2079 383 2322 442 JUDAZO
2361 383 2758 441 CIIRISTIANI

3579 390 3687 445 (ἶὲ8

401 505 653 571 ostende,
681 503 950 574 quomodo
976 503 1258 558 universas
1288 502 1356 557 ad
1381 505 1556 572 ipsum
1607 505 1781 574 possis
1825 504 1998 574 appli-
2026 511 2074 570 Α
2100 514 2194 558 ret.
2230 503 2481 560 Christus
2515 503 2711 574 quippe
2742 503 2914 573 legem
2935 519 3054 572 quae
3074 505 3255 559 clausa
3279 515 3693 578 eratetoperta,

400 616 552 657 care.

475 692 712 746 Peritos.
738 687 1026 757 Prolihetia
1059 688 1286 767 quidem
1321 688 1422 743 ista
1466 688 1712 756 petitioni
1768 688 2000 743 ﬁliorum

400 784 565 839 Israel
599 780 905 846 respondet.
948 778 1224 832 Pcttcrant
1253 781 1421 845 enim,
1444 780 1586 835 sicut
1630 781 1893 850 scriptum
1919 789 2002 834 est

400 875 606 944 (Exod.
637 874 754 942 xx),
784 872 836 925 in
877 880 1062 926 monte
1083 870 1248 933 Oreb,
1284 888 1350 925 ne
1393 873 1533 926 ultra
1563 888 1747 928 vocem
1791 872 2000 927 Domini

401 965 694 1021 \‘isibiliter
727 963 1003 1026 audirent,
1036 973 1132 1016 aut
1163 974 1370 1018 tantum
1407 965 1584 1034 ignem
1621 980 1687 1021 ne
1720 979 1998 1022 moreren-

407 1068 494 1112 tur
516 1057 843 1126 aspicerent.
875 1054 1075 1108 Contra
1109 1055 1253 1124 quod
1279 1057 1408 1110 dicit
1455 1056 1716 1110 Dominus
1759 1057 1821 1109 ad
1861 1056 2001 1125 Moy-

403 1163 499 1202 sen
533 1146 715 1216 (Deut.
763 1144 920 1214 xvm)
955 1160 968 1198 :
1005 1143 1322 1214 Prop/ictam
1347 1149 1608 1202 suscitabo
1632 1149 1705 1200 eis
1741 1151 1805 1200 de
1833 1149 2000 1200 medio

404 1243 634 1310 fratrum
693 1255 910 1292 suorum
963 1239 1186 1290 similem
1242 1241 1342 1306 tui,
1389 1242 1543 1308 quasi
1593 1242 1798 1294 diceret
1844 1258 1858 1293 :
1910 1239 2002 1294 llle

405 1347 567 1400 quem
591 1331 886 1394 suscitabo,
913 1331 978 1384 de
1014 1331 1250 1399 ipsorum
1274 1333 1378 1385 erit
1402 1333 1658 1403 progenie
1671 1331 1998 1396 Iudaeorum,

405 1421 502 1476 sed
521 1431 575 1475 et
605 1420 680 1473 tui
715 1419 909 1474 similis
936 1406 1062 1483 erit,
1090 1421 1190 1474 hoc
1207 1432 1310 1484 est,
1335 1422 1476 1476 sicut
1501 1439 1558 1475 tu
1586 1422 1756 1492 legem
1781 1423 1997 1486 dedisti,

407 1515 483 1567 ita
507 1521 563 1567 et
591 1513 707 1582 ipse
730 1511 902 1576 dabit,
930 1513 1071 1582 quod
1101 1514 1266 1567 etiam
1303 1529 1398 1582 per
1435 1515 1535 1569 hoc
1570 1525 1809 1579 notatur,
1861 1517 2002 1584 quod

407 1605 716 1673 prophetam
767 1603 1116 1672 singulariter
1145 1613 1201 1659 et
1244 1621 1342 1672 per
1374 1599 1748 1661 excellentiam
1802 1609 2001 1676 posuit.

407 1693 525 1749 Nisi
547 1695 690 1748 enim
709 1705 763 1748 et
785 1694 895 1763 ipse
911 1695 1082 1764 legem
1102 1695 1227 1750 datu
1237 1711 1328 1750 rus
1344 1707 1510 1765 esset,
1541 1701 1833 1768 prophetas
1848 1715 1999 1762 sane,

406 1800 517 1839 non
545 1784 851 1853 prophetam
881 1785 1167 1852 suscitabo,
1190 1785 1434 1840 dixisset.
1465 1785 1764 1856 Prophetas
1804 1789 2004 1858 quippe

406 1874 594 1946 plures
613 1873 896 1929 suscitavit
922 1875 1086 1940 Deus,
1109 1875 1200 1944 qui
1217 1877 1674 1933 annuntiavcrunt
1692 1879 1852 1933 verba
1867 1879 2003 1948 ejus,
2037 1865 2082 1919 Β

410 1967 506 2022 sed
531 1967 710 2023 nullus
733 1981 920 2022 eorum
939 1967 1110 2036 legem
1137 1968 1366 2023 deditad
1388 1969 1792 2026 similitudinem
1809 1971 2011 2035 nhlovsi,

412 2058 517 2114 nisi
535 2056 807 2114 Christus.
839 2056 907 2110 Et
952 2075 1143 2126 ponam
1171 2058 1321 2111 verba
1348 2076 1462 2112 mea
1491 2063 1546 2113 in
1578 2076 1668 2113 ore
1699 2060 1834 2129 ejus,
1863 2062 2004 2130 quod

409 2158 517 2217 est,
547 2151 674 2220 quia
704 2150 852 2204 vocis
883 2165 1018 2205 mea)
1043 2150 1299 2218 impetum
1333 2160 1606 2218 nequeunt
1638 2156 1892 2220 tolerare,
1910 2168 2006 2223 per

410 2242 588 2310 ipsum
621 2242 814 2312 loquar.
841 2241 920 2295 eis
963 2242 1064 2294 sub
1088 2243 1272 2307 carnis
1303 2243 1590 2298 velamine.
1643 2244 1909 2317 Loquetur
1935 2249 2004 2300 ad

411 2349 500 2384 eos
525 2334 699 2385 omnia
735 2349 852 2400 qua:
879 2348 1170 2399 prtccepero
1202 2334 1300 2386 illi.
1332 2336 1409 2387 Ac
1441 2335 1486 2387 si
1525 2346 1712 2404 aperte
1756 2337 1960 2391 diceret
1987 2351 2001 2390 :

411 2419 619 2474 Prteter
664 2421 724 2474 id
761 2421 902 2489 quod
931 2421 1105 2475 volam
1137 2433 1189 2477 et
1215 2424 1556 2492 prtecipiam,
1606 2424 1740 2479 nihil
1785 2426 2006 2480 omnino

412 2511 594 2564 dicet:
632 2510 736 2575 Qui
766 2522 939 2564 autent
987 2512 1138 2564 verba
1189 2513 1302 2582 ejus
1335 2531 1454 2583 qua:
1501 2515 1742 2584 loquetur
1798 2517 1851 2568 in
1907 2533 2005 2570 no-

412 2607 553 2660 mine
606 2622 718 2659 meo
770 2607 954 2659 audire
1001 2607 1252 2673 noluerit,
1305 2626 1397 2678 ego
1456 2609 1597 2664 ultor
1649 2613 1896 2677 existam,
1953 2612 2003 2666 id

411 2706 521 2765 cst,
574 2699 664 2768 qui
712 2699 999 2767 prazceptis
1050 2699 1167 2766 ejus
1201 2715 1391 2768 parere
1417 2702 1677 2762 rennerit,
1729 2719 1833 2758 non
1859 2706 2004 2758 occi-

412 2789 601 2854 detur,
629 2804 727 2845 nec
769 2789 875 2844 alio
907 2790 1066 2846 modo
1115 2791 1408 2844 carnaliter
1444 2792 1716 2860 punietur,
1765 2795 1857 2848 sed
1904 2811 2004 2865 ego

411 2882 530 2950 ipse
553 2880 707 2951 juxta
746 2881 999 2951 placitum
1046 2898 1224 2936 meum
1257 2882 1682 2937 misericorditer
1721 2885 2004 2943 vindicabo

411 2971 468 3022 in
501 2970 696 3039 ipsum.
723 2969 858 3025 Cum
888 2971 1049 3040 igitur
1073 2971 1322 3024 Christus
1349 2981 1402 3025 et
1428 2973 1493 3027 de
1515 2972 1821 3029 Judaeorum
1849 2986 2004 3031 natus

411 3061 690 3131 progenie,
723 3069 777 3114 et
812 3073 1066 3130 tanquam
1115 3061 1325 3130 Moyses
1353 3062 1622 3131 legislator
1653 3066 1924 3120 exstiterit
1950 3075 2005 3121 et

419 3147 658 3206 Verbum
678 3150 769 3205 Dei
807 3151 908 3206 sub
931 3151 1046 3220 ejus
1068 3153 1248 3206 carnis
1279 3153 1544 3208 velamine
1572 3153 1806 3222 latuerit,
1851 3158 2006 3212 nihil-

412 3259 519 3315 que
545 3243 687 3298 aliud
715 3259 877 3312 quam
910 3246 1164 3313 prtecepit
1195 3246 1338 3301 Dens
1366 3245 1549 3312 Pater,
1584 3248 1699 3317 ipse
1729 3250 1997 3318 docuerit,

411 3337 532 3408 ipso
584 3336 877 3392 attesta'nte
907 3337 958 3390 iu
1002 3337 1294 3408 Evangelio
1328 3347 1384 3394 et
1413 3341 1627 3395 dicente
1658 3359 1670 3392 ε
1700 3338 2002 3396 Sermonem

411 3445 564 3500 quem
593 3428 838 3492 audistis,
867 3439 1066 3482 nonest
1097 3445 1259 3492 meus,
1312 3429 1403 3483 sed
1447 3431 1560 3499 ejus
1610 3432 1700 3501 qui
1739 3432 1877 3486 misit
1923 3449 2006 3487 me

411 3516 595 3572 Patris
625 3517 807 3587 (Joan.
839 3519 940 3587 xu)
969 3558 982 3582 ,
1012 3535 1134 3572 eum
1167 3520 1281 3588 ipse
1312 3519 1518 3574 nullum
1560 3520 1735 3576 occidi
1762 3521 1847 3575 vel
1884 3537 2007 3576 cor-

409 3610 676 3680 poraliter
699 3609 879 3678 puniri
906 3611 1158 3674 voluerit,
1185 3611 1278 3665 sed
1308 3612 1735 3667 misericordiam
1759 3629 1856 3683 per
1885 3629 2005 3666 om-

411 3701 504 3754 nia
530 3699 924 3769 praedicaverit,
949 3698 1190 3769 profecto
1211 3701 1348 3755 nihil
1395 3701 1575 3756 obstat
1621 3702 1751 3772 quin
1799 3712 1910 3757 tota
1941 3702 2007 3757 de

412 3793 535 3864 ipso
563 3793 843 3864 propltetia
867 3793 1012 3846 dicta
1036 3791 1220 3848 fuerit.

485 3886 718 3942 Marses.
757 3885 949 3940 Adhuc
989 3895 1160 3939 restat
1205 3901 1371 3940 unum
1400 3927 1414 3951 ,
1466 3886 1533 3942 de
1569 3901 1677 3956 quo
1719 3886 1850 3940 mihi
1884 3886 2008 3942 volo

413 3980 767 4049 respondeas.
799 3977 931 4033 Cum
955 3977 1100 4033 enim
1131 3976 1404 4044 Christus,
1440 3979 1721 4047 utcredis,
1758 3979 1902 4034 Deus
1935 3981 2006 4033 si-

412 4070 526 4124 mul
553 4078 612 4124 et
632 4069 794 4124 homo
821 4067 1006 4133 fuerit,
1031 4067 1300 4137 quomodo
1322 4083 1445 4124 eum
1475 4069 1793 4138 praphetam
1823 4066 2006 4136 appel-

411 4161 600 4218 lavit?
689 4187 693 4192 ~

483 4276 719 4345 Pignus.
753 4274 1050 4345 jEstimare
1075 4275 1278 4330 videris
1315 4277 1458 4344 quod
1484 4277 1748 4346 pr0pheta
1800 4276 2008 4330 solum-

411 4366 575 4422 modo
609 4367 844 4421 hominis
870 4381 1070 4420 nomen
1099 4366 1193 4430 sit,
1217 4366 1310 4420 sed
1341 4359 1709 4435 nequaquam,
1749 4367 1858 4420 imo
1878 4382 2006 4435 pro-

412 4459 583 4528 pheta
603 4456 904 4527 appellatur
929 4455 1178 4524 quisquis
1207 4471 1272 4510 ea
1296 4471 1415 4523 quae
1448 4444 1608 4523 porro
1623 4465 1748 4511 sunt
1771 4467 1939 4522 _ventu
1951 4473 2005 4509 ra

2102 605 2157 651 et
2187 595 2328 650 inter
2354 593 2568 649 Judazos
2594 604 2826 659 tantum,
2861 596 3110 663 protulit,
3139 597 3191 650 id
3228 606 3311 652 est
3359 599 3691 667 enucleavit,

2101 687 2374 758 patefecit,
2405 696 2461 743 et
2482 687 2767 742 medullam
2799 687 3014 754 elicuit;
3042 689 3108 743 ad
3141 691 3244 747 hoc
3269 701 3326 746 ut
3339 695 3694 763 gentesillarn

2102 790 2324 850 possent
2352 778 2613 848 accipere.
2639 780 2918 850 Sequitur,
2946 798 3050 835 non
3074 783 3342 852 clamabit,
3369 803 3460 840 nec
3480 789 3691 843 exalta-

2103 871 2261 935 bitur,
2289 880 2380 924 aut
2404 871 2651 924 audietur
2678 871 2808 940 foris
2832 888 2929 926 vos:
2954 873 3090 941 ejus.
3123 874 3191 928 Et
3219 891 3319 931 nos
3341 877 3544 940 scimus
3563 883 3690 950 quia

2103 962 2350 1017 Christus
2379 977 2484 1017 non
2513 963 2804 1029 clamosus,
2856 980 2962 1018 non
3019 981 3304 1037 arrogans,
3352 986 3459 1026 non
3513 973 3694 1032 inanis

2102 1055 2286 1124 gloria:
2311 1054 2580 1123 appetitor
2609 1055 2708 1109 fuit
2731 1055 2910 1126 (Joan.
2947 1073 3080 1123 xui;
3111 1057 3304 1113 Matth.
3334 1061 3421 1130 ιι),
3452 1063 3561 1120 imo
3603 1083 3696 1120 su-

2103 1163 2200 1216 per
2229 1148 2407 1203 omnia
2443 1148 2802 1203 humilitatem
2829 1149 3034 1205 dilexit.
3066 1150 3344 1207 Calamam
3384 1166 3694 1226 quassatum

2102 1255 2206 1291 non
2246 1247 2516 1303 conteret,
2557 1239 2859 1302 etliclmum
2906 1241 3174 1311 famigans
3224 1259 3330 1298 non
3379 1247 3692 1317 exstinguet.

2103 1331 2360 1385 Videmus
2389 1346 2520 1386 sane
2538 1333 2682 1400 quod
2707 1331 2946 1388 calamus
2976 1345 3268 1404 quassatus
3297 1336 3490 1392 leviter
3516 1348 3699 1408 potest

2102 1423 2359 1492 perfringi
2393 1441 2405 1476 :
2439 1423 2678 1477 lichuum
2733 1433 2912 1479 autem
2962 1425 3254 1497 fumigans,
3307 1429 3362 1484 id
3400 1439 3485 1485 est
3526 1431 3695 1485 litium

2103 1517 2466 1581 combustum,
2496 1516 2590 1570 sed
2626 1525 2806 1571 tamen
2838 1517 3015 1572 adhuc
3040 1520 3283 1576 retinens
3330 1521 3462 1576 l'umi
3486 1564 3502 1588 ,
3530 1524 3583 1578 id
3613 1534 3698 1578 est

2105 1607 2246 1674 ignis
2275 1648 2290 1672 ,
2341 1607 2695 1678 perfacillime
2736 1619 2917 1678 potest
2954 1612 3244 1680 exstingui.
3307 1614 3413 1669 Sed
3441 1616 3568 1684 quid
3601 1631 3697 1685 per

2105 1697 2378 1751 calamum
2408 1707 2746 1768 quassatum,
2774 1699 2856 1751 vel
2900 1698 3140 1757 lichuum
3171 1715 3308 1770 pene
3337 1705 3692 1773 exstinctum,

2106 1787 2302 1843 melius
2321 1804 2482 1859 quam
2507 1789 2811 1858 peccatoris
2837 1787 3102 1857 fragilitas
3119 1830 3135 1856 ,
3185 1792 3282 1860 qui
3303 1804 3697 1862 conquassatus

2107 1891 2160 1936 et
2184 1897 2318 1951 pene
2347 1881 2400 1936 in
2438 1891 2661 1950 peccato
2703 1891 2786 1935 est
2814 1883 3137 1948 exstinctus,
3196 1893 3373 1954 potest
3423 1887 3643 1959 intelligi
3672 1892 3698 1944 2

2107 1977 2384 2033 Calamum
2411 1986 2590 2030 autem
2613 1984 2925 2044 quassatum
2969 1975 3220 2030 Christus
3259 1993 3366 2033 non
3414 1981 3695 2050 contrivit,

2106 2081 2160 2124 et
2183 2069 2418 2124 lichuum
2450 2068 2719 2138 lumigans
2759 2083 2867 2123 non
2897 2069 3175 2131 exstinxit,
3209 2073 3334 2139 quia
3378 2083 3701 2140 peccatores

2107 2177 2245 2231 pene
2264 2171 2506 2216 mortuos
2532 2162 2585 2214 in
2603 2161 2860 2229 peccatis,
2907 2161 3081 2216 occidi
3125 2177 3234 2216 non
3267 2165 3540 2232 praecepit,
3598 2167 3698 2220 sed

2107 2253 2532 2308 misericorditer
2559 2254 2814 2308 toleravit
2836 2253 3053 2324 (Matth.
3079 2254 3186 2322 tu),
3229 2263 3282 2309 et
3303 2256 3376 2308 ad
3420 2256 3697 2324 paeniten-

2109 2348 2236 2400 tiam
2267 2346 2540 2401 revocavit
2567 2344 2780 2416 (Matth.
2799 2345 2899 2413 xx),
2927 2345 3071 2413 quod
3091 2354 3144 2398 et
3164 2345 3214 2398 in
3238 2345 3697 2414 consequentibus

2108 2439 2409 2509 designavit
2441 2439 2699 2507 propheta
2732 2453 2855 2491 cum
2885 2437 3124 2490 addidit:
3150 2435 3215 2490 In
3253 2438 3462 2491 veritate
3507 2437 3697 2492 educet

2099 2532 2382 2600 judicium.
2418 2529 2626 2584 Veritas
2679 2531 2875 2599 quippe
2917 2540 2971 2584 et
3009 2529 3242 2598 justitia,
3297 2529 3439 2584 idem
3499 2539 3607 2586 est.
3637 2532 3698 2586 In

2107 2622 2223 2692 lege
2255 2637 2382 2676 vero
2417 2621 2584 2689 Moysi
2617 2620 2879 2691 judicium
2923 2632 3043 2676 erat
3083 2631 3137 2675 et
3172 2630 3524 2690 praceptum,
3565 2639 3698 2693 pec-

2106 2729 2346 2773 catorem
2407 2719 2603 2774 occidi.
2664 2718 2912 2774 Christus
2960 2729 3140 2775 autem
3183 2724 3250 2776 ad
3299 2723 3586 2776 veritatem
3645 2729 3701 2774 et

2100 2810 2911 2885 justitiamjudiciumadduxit,
2970 2812 3184 2881 quando
3227 2822 3543 2883 peccatores
3582 2825 3693 2865 non

2107 2902 2304 2966 occidi,
2331 2905 2424 2956 sed
2455 2903 2594 2970 quod
2624 2903 2824 2972 justius
2847 2913 2950 2966 est,
2982 2904 3153 2958 donec
3183 2906 3517 2974 ptenitereut
3538 2903 3701 2958 susti-

2108 2995 2224 3047 neri
2250 2995 2522 3064 prmcepit,
2570 3011 2690 3048 cum
2741 2995 2876 3048 dixit
2907 3013 2917 3047 :
2954 2993 3093 3048 Nolo
3141 3008 3358 3048 mortem
3389 2996 3700 3065 peccatoris,

2107 3084 2194 3138 sed
2223 3071 2388 3155 magis
2419 3096 2470 3137 at
2498 3096 2828 3138 convertatur
2849 3096 2895 3138 et
2926 3087 3058 3139 vit-at
3087 3086 3305 3157 (Ezeclt.
3327 3087 3545 3158 xxxm).
3575 3084 3701 3140 Non

2109 3174 2314 3248 deﬁciet
2345 3183 2434 3227 aut
2464 3174 2696 3242 effugiet,
2727 3175 2890 3227 donec
2919 3186 3077 3244 ponat
3121 3178 3176 3229 in
3225 3187 3366 3230 terra
3406 3178 3697 3248 judicium.

2107 3246 2330 3321 Mortem
2358 3280 2487 3319 sane
2511 3265 2710 3319 Christi
2738 3266 2907 3320 voluit
2943 3268 3204 3335 propheta
3232 3246 3531 3338 notari‘per
3555 3268 3699 3324 defe-

2105 3364 2270 3420 ctum,
2297 3370 2392 3424 per
2419 3353 2676 3422 ellugium
2726 3369 2854 3408 vero
2885 3369 3172 3410 ascensum
3223 3357 3341 3426 ejus
3391 3359 3444 3411 in
3477 3356 3696 3412 cadum.

2105 3448 2182 3499 Ac
2209 3446 2253 3499 si
2281 3446 2488 3498 diceret
2522 3461 2534 3496 :
2563 3442 2676 3498 Non
2706 3445 2964 3498 morietur
3001 3455 3093 3499 aut
3142 3445 3208 3500 dc
3261 3456 3404 3501 terra
3457 3449 3696 3513 recedet,

2107 3535 2160 3590 id
2195 3535 2345 3588 estin
2360 3534 2557 3589 coalum
2576 3536 2855 3599 ascendet,
2876 3536 3495 3608 donecmittatlegemin
3529 3549 3695 3596 terra.

2106 3627 2174 3680 Et
2217 3627 2470 3695 Christus
2517 3628 2734 3696 quidem
2784 3637 3072 3697 antequam
3114 3631 3410 3684 secundum
3471 3646 3695 3693 carnem

2106 3717 2301 3784 obiret,
2327 3727 2418 3773 aut
2437 3718 2510 3771 ad
2533 3718 2744 3771 Patrem
2773 3719 2825 3772 in
2846 3719 3044 3772 coelum
3069 3719 3410 3786 ascenderet,
3432 3720 3696 3790 judicium

2107 3810 2162 3863 in
2188 3820 2330 3862 terra
2357 3809 2556 3878 posuit,
2592 3809 2808 3878 quando
2840 3808 3008 3877 legem
3032 3849 3047 3872 ,
3095 3809 3148 3864 id
3188 3818 3273 3864 est
3311 3811 3688 3879 Evangelium,

2109 3901 2264 3966 nobis
2291 3901 2458 3956 dedit.
2493 3901 2617 3955 Ideo
2646 3911 2823 3955 autem
2867 3917 3209 3972 nequaquam
3243 3919 3352 3958 non
3405 3903 3692 3970 morietur,

2108 3994 2202 4048 sed
2225 4009 2329 4046 non
2353 3992 2558 4061 deﬁciet
2586 3993 2741 4057 dixit,
2774 3994 2900 4062 quia
2932 4009 3078 4049 mors
3115 3993 3320 4049 Christi
3351 4009 3457 4048 non
3505 4009 3696 4048 revera

2109 4101 2272 4149 mors,
2326 4086 2421 4139 sed
2464 4088 2618 4155 quasi
2670 4069 2928 4140 transitus
2959 4087 3180 4156 quidam
3209 4098 3262 4142 et
3291 4088 3534 4143 defectus
3571 4086 3693 4142 fuit.

2109 4177 2210 4244 Qui
2242 4177 2386 4232 enim
2411 4178 2640 4231 tuorilur
2671 4178 2831 4232 homo
2858 4180 3086 4247 amplius
3110 4180 3222 4248 jam
3246 4196 3351 4235 non
3370 4181 3696 4236 vivit.Chri-

2108 4278 2224 4323 stus
2255 4277 2434 4322 autem
2467 4269 2552 4322 die
2587 4269 2746 4324 tertia
2774 4271 3076 4325 resurrexit
3107 4273 3292 4342 etjam
3338 4273 3392 4327 in
3433 4282 3694 4328 aeternum

2109 4360 2291 4429 (J‘oan.
2317 4361 2440 4430 χιιι)
2469 4361 2625 4427 vivit,
2654 4371 2700 4415 et
2725 4361 2888 4430 legem
2925 4363 3039 4432 ejus
3083 4364 3270 4418 insulce
3297 4366 3692 4435 exspectabant.

2111 4439 2215 4507 Per
2245 4451 2451 4507 insulas
2501 4465 2686 4523 gentes
2713 4455 3029 4525 accipimus.
3074 4456 3270 4526 Legem
3312 4468 3492 4511 autem
3535 4457 3694 4524 Chrif-

413 4546 630 4602 ell‘atur.
665 4547 722 4602 In
753 4546 888 4600 Isaia
917 4544 1628 4615 quoquesiclegiturzEccc
1646 4561 2002 4611 servusmeus,
2040 4581 2083 4632 Β
2110 4546 2178 4599 sti
2230 4553 2418 4613 gentes
2461 4557 2866 4614 exspectarunt,
2913 4549 3037 4616 quia
3078 4564 3182 4602 non
3237 4549 3305 4603 ab
3348 4549 3486 4618 ipso,
3517 4549 3612 4604 sed
3661 4564 3693 4602 a

413 4640 620 4708 suscepi,
647 4655 786 4702 eum,
819 4637 1006 4690 eiectus
1032 4653 1195 4701 meas,
1228 4635 1539 4705 complacuit
1561 4637 1659 4690 sibi
1690 4639 1742 4689 in
1775 4636 1865 4688 illo
1892 4637 2009 4687 ani-

413 4747 504 4782 ma
531 4745 666 4782 mea.
694 4729 826 4782 Dedi
848 4728 1091 4796 spiritum
1139 4742 1313 4779 meum
1359 4742 1516 4795 super
1561 4743 1701 4789 eum,
1740 4725 2004 4794 judicium

414 4799 654 4888 gentibus
683 4817 928 4887 proferet.
959 4815 1086 4870 Non
1111 4814 1381 4880 clamabit,
1408 4831 1498 4868 nec
1519 4814 1864 4880 exaltabitar,
1913 4821 2005 4878 aut

416 4910 662 4963 audietur
689 4895 820 4978 foris
849 4926 946 4964 vox
965 4909 1098 4979 ejus.
1127 4907 1400 4963 Calamam
1429 4918 1738 4978 quassatum
1760 4923 1862 4960 non
1883 4921 2006 4958 con-

416 5009 566 5063 teret,
597 5009 644 5052 et
677 4999 909 5058 lichuum
939 5001 1200 5072 famigaus
1233 5017 1335 5055 non
1363 5003 1678 5070 exstinguat,
1709 5000 1764 5052 in
1790 5001 2004 5053 veritate

412 5095 678 5167 judicium
704 5095 905 5160 educet,
932 5112 1035 5150 non
1060 5097 1260 5164 deﬁciet
1291 5107 1382 5148 aut
1407 5094 1639 5162 e/Tagiet,
1668 5093 1831 5146 donec
1844 5102 2004 5162 ponat

413 5191 470 5242 in
494 5198 635 5242 terra
655 5185 946 5259 judicium,
973 5196 1021 5238 et
1050 5187 1211 5255 legem
1248 5189 1363 5247 eius
1409 5184 1596 5237 insula:
1638 5185 2004 5254 exspectabant

413 5280 556 5353 (Isa.
585 5279 744 5348 λιιι).
779 5275 882 5332 Sed
922 5286 978 5330 et
1022 5277 1184 5340 hanc,
1217 5292 1250 5330 ο
1281 5275 1512 5346 Moyses,
1559 5275 1895 5345 prOphetiam
1935 5275 2003 5328 ad

413 5387 577 5444 quem
612 5368 806 5425 melius
849 5382 1012 5436 quam
1058 5367 1126 5421 ad
1175 5365 1449 5421 Christum
1498 5365 1767 5436 applicare
1815 5380 2007 5436 possu-

355 5471 366 5524 ,’
413 5461 577 5534 tuus?
598 5461 717 5531 Ipse
745 5473 978 5528 namque
1006 5467 1062 5514 et
1081 5459 1174 5512 Det
1203 5471 1410 5520 servus,
1440 5465 1494 5509 et
1522 5458 1725 5511 electus
1748 5457 2000 5526 l'uitcjus,

414 5555 471 5609 iu
498 5568 604 5622 quo
633 5551 957 5621 complacuit
983 5551 1085 5604 sibi
1110 5551 1271 5606 Deus.
1321 5547 1386 5601 Et
1438 5551 1539 5603 hoc
1582 5550 1796 5619 quidem
1844 5551 1909 5604 de
1939 5564 2003 5602 eo

417 5647 620 5698 dictum
653 5654 734 5698 est
758 5644 1051 5697 scentulum
1077 5658 1292 5709 corpus.
1325 5639 1474 5707 Quod
1507 5653 1685 5696 autem
1735 5642 2000 5711 sequitur,

417 5737 537 5788 dea‘i
569 5735 812 5803 spiritum
840 5752 1008 5789 meum
1041 5751 1195 5802 super
1220 5750 1359 5795 eum,
1411 5734 1728 5787 secundum.
1764 5733 2000 5785 animam

418 5835 501 5886 est
522 5826 1116 5896 prolatum.Judicium,
1149 5824 1200 5880 id
1223 5835 1304 5882 est
1332 5824 1526 5896 legem,
1558 5822 1790 5893 gentibus
1830 5821 2002 5892 profc»

2109 4637 2390 4706 discipulis
2441 4635 2580 4706 ejus,
2637 4638 2689 4691 id
2735 4649 2818 4692 est
2873 4641 2940 4694 ab
2995 4639 3256 4708 apostolis
3301 4655 3421 4694 eam
3473 4655 3694 4710 accepe-

2110 4739 2254 4783 runt.
2288 4729 2473 4796 Neque
2503 4731 2645 4782 enim
2675 4730 2804 4800 ipse,
2832 4732 2941 4785 imo
2969 4733 3219 4802 apostoli,
3257 4733 3507 4802 gentibus
3554 4747 3692 4801 prte-

2108 4821 2378 4874 dicarunt.
2412 4820 2543 4874 Item
2576 4821 2627 4873 in
2658 4821 2791 4874 Isaia
2821 4839 2834 4874 :
2866 4821 2979 4891 Ego
3018 4822 3274 4876 Dominus
3327 4823 3503 4877 vocavi
3549 4833 3596 4876 te
3638 4823 3703 4876 in.

2099 4912 2340 4980 justitia,
2363 4921 2411 4963 et
2433 4911 2752 4978 apprehendi
2783 4927 2996 4964 manum
3020 4922 3186 4976 tuam,
3229 4923 3277 4965 et
3321 4913 3524 4966 servavi
3547 4921 3613 4974 te,
3645 4919 3694 4963 et

2107 5003 2228 5056 dedi
2251 5012 2299 5056 te
2319 5003 2371 5056 in
2394 5001 2561 5070 [tedas
2582 5002 2855 5071 populi,in
2884 5001 3054 5056 lucem
3083 5005 3336 5072 gentium,
3373 5015 3428 5056 ut
3464 5003 3692 5072 aperires

2108 5091 2285 5144 oculos
2312 5106 2589 5156 cwcorum,
2619 5102 2666 5144 et
2695 5091 2941 5156 educeres
2966 5093 3030 5145 de
3062 5093 3399 5146 conclusione
3437 5094 3688 5157 vinctum,

2107 5184 2170 5235 de
2189 5183 2346 5236 domo
2369 5183 2597 5236 carceris
2621 5183 2852 5236 sedentes
2877 5185 2931 5236 in
2960 5184 3203 5238 tenebris.
3252 5183 3364 5252 Ego
3395 5183 3646 5237 Dominus
3671 5201 3690 5248 ;

2105 5273 2203 5326 hoc
2230 5281 2303 5326 est
2333 5287 2518 5325 nomen
2547 5288 2718 5325 meum
2746 5285 2764 5323 :
2802 5271 3022 5341 gloriam
3051 5288 3220 5326 meam
3236 5273 3389 5327 alteri
3413 5291 3514 5327 non
3532 5273 3688 5338 dabo,

2106 5374 2153 5416 et
2185 5350 2394 5415 laudem
2418 5377 2587 5416 meam
2611 5361 2942 5431 sculptilibus
2967 5361 3100 5431 (Isa.
3129 5362 3287 5432 xui).
3337 5363 3402 5416 Et
3426 5365 3528 5418 hoc
3555 5378 3690 5433 quo.-

2107 5470 2212 5524 que
2241 5455 2307 5510 de
2343 5453 2562 5508 Christo
2590 5453 2814 5522 protulit
2841 5454 3025 5507 Isaias.
3060 5453 3281 5508 V'ocavit
3309 5469 3544 5524 namque
3566 5471 3688 5509 eum

2105 5549 2364 5604 Dominus
2392 5550 2457 5602 de
2481 5558 2632 5602 utero
2675 5548 2907 5616 Virginis
2945 5549 2998 5601 in
3040 5549 3268 5616 justitia,
3316 5549 3417 5602 hoc
3445 5559 3550 5609 est,
3574 5551 3702 5601 sine.

2107 5650 2329 5710 peccato
2360 5651 2414 5694 ct
2441 5640 2623 5693 carnis
2645 5639 3112 5707 concupiscentia;
3141 5640 3204 5692 de
3230 5649 3430 5694 sanctae
3461 5652 3513 5692 et
3532 5639 3687 5705 jusite

2109 5733 2342 5803 Virginis
2384 5743 2540 5786 natus
2586 5743 2668 5785 est
2718 5732 2964 5786 Christus
3006 5747 3168 5786 carne
3219 5734 3415 5786 mumla
3456 5731 3606 5801 (Luc.
3638 5746 3684 5792 t;

2108 5822 2242 5893 (Isa.
2277 5825 2394 5894 vn).
2449 5817 2659 5878 Manum
2705 5824 2819 5894 ejus
2860 5824 3249 5894 apprehendit,
3293 5822 3434 5892 quod
3473 5821 3687 5891 signum
