4142 6360
430 402 538 463 σιθ

1911 404 2208 465 DIALOGI.

3587 399 3691 457 630

432 530 514 578 est
535 518 887 592 protectionis
907 528 961 576 et
985 519 1287 592 patrocinii,
1321 528 1377 578 et
1404 522 1641 578 servavit
1680 536 1827 588 eum,
1871 524 2011 580 sicut
2039 531 2085 586 Α
2114 522 2221 577 illis
2251 520 2622 576 tantummodo
2650 519 2838 575 diebus
2859 532 3028 589 prope
3051 524 3134 573 est
3158 516 3300 572 Deus
3320 522 3376 571 et
3398 512 3690 579 invenitur,

433 614 500 668 de
527 627 684 666 manu
715 611 946 673 Herodis
967 613 1147 670 adhuc
1176 616 1477 697 vagientem
1511 616 1734 686 eripuit,
1771 616 1823 670 in
1846 614 2018 686 Egy-

431 713 583 773 ptum
604 702 757 759 duxit
773 718 838 759 ac
861 703 1077 759 reduxit
1100 704 1314 774 (Matth.
1330 707 1425 778 ll),
1445 708 1511 761 de
1531 706 1780 762 manibus
1804 705 2018 762 Iudaeo-

436 808 554 847 rum
583 808 708 850 eum
756 793 999 865 lapidare
1041 805 1097 851 et
1138 797 1447 853 interficere
1490 799 1786 854 volentium
1818 799 2016 869 saepius

434 883 683 939 liberavit
697 882 848 954 (Luc.
864 900 918 940 tv
933 901 948 952 ;
961 884 1122 941 Joan.
1135 887 1278 957 vnn),
1301 896 1357 942 et
1384 887 1438 942 in
1465 887 1586 945 aliis
1598 889 2017 945 adversitatibns

433 974 547 1031 suis
571 974 775 1039 multis,
807 975 923 1045 ejus
957 988 1142 1034 custos
1169 990 1225 1038 et
1252 989 1529 1051 protector
1578 982 1807 1037 exstitit.
1859 980 2018 1038 Dedit

432 1080 557 1120 eum
583 1066 840 1124 Dominus
868 1069 924 1124 in
954 1068 1132 1127 foedus
1159 1072 1339 1142 populi
1362 1072 1666 1139 lsraelitici,
1715 1073 1941 1137 scilicet,
1963 1074 2016 1128 id

433 1166 520 1214 est
547 1159 613 1214 ad
641 1159 747 1215 hoc
774 1160 924 1218 dedit
951 1177 1094 1228 eum,
1123 1172 1183 1218 ut
1210 1163 1406 1235 populo
1428 1164 1592 1220 Israel
1640 1163 1773 1235 legis
1812 1164 2016 1220 verita-

433 1258 544 1304 tem
573 1252 904 1307 ostenderet.
951 1253 1020 1308 Et
1048 1254 1101 1308 in
1134 1254 1311 1311 lucem
1347 1256 1587 1327 gentium
1639 1255 1824 1327 (Joan.
1854 1256 2014 1326 xvttt)

433 1338 723 1396 dediteum
747 1342 1008 1401 Dominus
1029 1387 1045 1412 ,
1096 1347 1222 1416 quia
1253 1356 1442 1417 gentes
1482 1348 1674 1403 relicto
1714 1362 1926 1412 errore,
1961 1354 2017 1403 et

433 1432 673 1500 expulsis
702 1436 938 1492 tenebris
966 1437 1364 1494 incredulitatis
1390 1455 1523 1504 suae,
1556 1439 1676 1496 luce
1694 1439 1830 1511 legis
1859 1438 2021 1495 Citri-

432 1524 504 1578 sti
537 1533 663 1581 sunt
689 1540 971 1597 respersae.
1002 1530 1069 1584 Et
1088 1531 1273 1587 adhuc
1300 1532 1455 1588 misit
1476 1547 1623 1598 eum,
1672 1540 1734 1586 ut
1778 1532 2020 1601 aperiret

431 1615 621 1672 oculos
651 1632 941 1686 caecorum,
975 1630 1042 1676 et'
1069 1621 1326 1678 educeret
1373 1623 1442 1677 de
1489 1621 1843 1678 conclusione
1894 1623 2017 1676 vin-

429 1714 577 1759 etum
602 1746 618 1771 ,
667 1716 725 1763 et
764 1708 834 1764 de
882 1710 1045 1765 domo
1084 1712 1323 1768 carceris
1369 1713 1621 1768 sedentes
1664 1712 1719 1766 in
1758 1712 2016 1768 tenebris.

428 1796 499 1853 Et
540 1798 787 1857 Christus
840 1802 1025 1859 oculos
1066 1818 1330 1858 caecorum
1394 1805 1624 1875 aperuit,
1666 1819 1790 1859 cum
1830 1801 2018 1858 infide-

2121 626 2266 678 tunc,
2295 612 2460 668 sialio
2489 622 2730 682 tempore
2758 620 3012 680 peccator
3039 609 3282 665 converti
3316 605 3502 662 volens
3521 604 3690 658 Deum

2117 707 2409 776 quuzsierit,
2438 712 2493 759 et
2522 720 2643 759 eum
2677 706 2803 773 quia
2831 703 2989 773 longe
3022 701 3343 757 existentem
3400 712 3505 752 non
3543 694 3694 752 inve.—

2117 799 2278 865 nerit,
2313 798 2424 868 jam
2456 797 2551 851 Dei
2579 806 2770 851 etnon
2820 793 3119 865 peccatoris
3158 791 3316 860 culpa
3366 789 3507 855 erit,
3551 785 3695 857 quod

2117 891 2368 946 converti
2384 889 2452 943 ad
2482 888 2651 943 Deum
2682 902 2789 942 non
2818 885 3033 955 poterit.

2187 981 2420 1038 Movsss.
2456 979 2653 1035 Dicunt
2675 978 2838 1051 etiam
2862 974 3006 1030 aliud
3032 973 3285 1033 doctores
3311 969 3505 1035 nostri,
3522 965 3695 1033 Deum

2118 1072 2324 1129 scilicet
2359 1085 2525 1142 prope
2554 1070 2722 1125 fuisse
2762 1078 2819 1123 et
2862 1067 3101 1137 potuisse
3148 1062 3410 1126 inveniri,
3455 1058 3695 1131 quandiu
3764 1066 3769 1073 '

2118 1164 2267 1221 stetit
2294 1164 2555 1233 templum
2581 1161 2816 1225 Domini,
2847 1161 3123 1215 destructo
3165 1165 3347 1211 autem
3400 1153 3599 1224 templo
3635 1164 3705 1207 se

2116 1256 2402 1326 elongavit,
2430 1255 2610 1325 etiam
2642 1253 2782 1308 ultra
2802 1266 2861 1308 se
2886 1249 3116 1306 inveniri
3148 1263 3253 1303 non
3276 1246 3481 1313 voluit..

2188 1346 2418 1403 Penus.
2449 1347 2513 1401 Et
2540 1346 2594 1401 in
2624 1346 2728 1400 hoc
2758 1357 2976 1415 quoque
3001 1341 3148 1398 stttlti
3170 1339 3390 1394 fuerunt
3417 1334 3700 1409 ipsi..Nam'

2117 1450 2171 1496 et
2191 1450 2380 1496 contra
2403 1439 2505 1495 boc
2533 1439 2666 1494 dicit
2690 1436 2904 1508 Moyses
2934 1436 3002 1490 ad
3033 1434 3172 1488 filios
3210 1430 3374 1487 Israel
3398 1469 3414 1496 ,
3462 1430 3605 1499 quod
3648 1426 3697 1482 si

2118 1534 2334 1600 quando
2365 1530 2531 1585 Deum
2578 1529 2644 1583 ad
2691 1528 3026 1583 iracundiam
3074 1530 3456 1596 provocarent,
3508 1529 3569 1574 ut
3602 1534 3699 1578 eos

2119 1624 2260 1679 inter
2278 1630 2464 1693 gentes
2497 1621 2738 1691 captivos
2760 1620 3113 1690 dispergeret,
3143 1617 3187 1672 si
3206 1624 3386 1673 tamen
3404 1610 3699 1668 novissimo

2118 1716 2279 1771 etiam
2307 1723 2641 1771 revertentes
2664 1728 2788 1768 eum
2814 1719 3144 1783 quaererent,
3193 1704 3380 1777 procul
3408 1702 3576 1761 dubia
3617 1700 3701 1760 in.—

2120 1806 2366 1862 venirent
2395 1802 2594 1876 (Exod.
2619 1819 2814 1869 xxxiv;
2842 1803 2998 1857 Deut.
3028 1799 3225 1869 χχχιι).

429 1889 563 1948 lium
586 1892 749 1947 corda
782 1894 1057 1963 patefecit,
1084 1903 1139 1948 et
1167 1895 1386 1964 depulsa
1418 1897 1604 1951 umbra
1653 1895 1787 1966 legis
1828 1894 2007 1950 lumen
2041 1883 2087 1941 Β
2185 1900 2415 1955 Movsss.
2450 1897 2892 1968 Quandoquidem
2922 1902 2977 1950 et
3004 1894 3104 1948 hoc
3126 1891 3325 1946 etillud
3346 1884 3697 1947 contradicis.

428 1983 691 2039 ostendit.
725 1985 802 2040 De
830 1986 1174 2042 conclusione
1195 1989 1433 2042 vinclum
1462 1989 1668 2054 eduxit,
1700 1988 1824 2057 quia
1860 1988 1912 2041 in
1949 2001 2009 2042 se

428 2074 801 2135 credentesdc
826 2077 1138 2146 captivitate
1164 2080 1309 2135 omni
1342 2095 1513 2149 usque
1542 2080 1701 2134 hodie
1731 2079 1922 2134 liberat
1955 2088 2012 2135 et

428 2165 650 2219 emittit.
684 2165 881 2221 Eduxit
907 2168 1070 2222 etiam
1101 2169 1168 2224 de
1197 2170 1356 2225 domo
1401 2172 1638 2226 carceris
1674 2170 1927 2229 sedentes
1957 2172 2011 2231 in

431 2252 694 2321 tenebris,
721 2258 848 2325 quia
871 2273 964 2313 eos
994 2258 1087 2328 qui
1111 2259 1163 2315 in
1193 2261 1481 2316 tenebroso
1510 2277 1734 2319 carcere
1759 2261 2012 2320 teneban-

430 2354 521 2401 tur
556 2346 795 2415 inferni,
838 2349 1172 2407 descendens
1220 2352 1288 2407 ad
1340 2352 1543 2410 inferos
1594 2355 1709 2425 ipse
1757 2353 2009 2411 extraxit.

429 2434 669 2492 Gloriam
699 2447 757 2493 et
780 2437 993 2494 laudem
1017 2456 1171 2497 suam
1204 2441 1361 2499 alteri
1389 2459 1552 2515 quam
1583 2445 1806 2502 Christo
1838 2447 2015 2502 Domi-

431 2542 535 2582 nus
561 2542 666 2583 non
690 2529 859 2597 dedit,
891 2534 1014 2604 quia
1039 2535 1293 2590 deitatem
1320 2552 1473 2591 suam
1498 2537 1628 2592 nulli
1661 2539 1749 2593 alii
1807 2539 2011 2594 homini

433 2633 670 2689 unquam
693 2624 957 2690 connivit,
982 2637 1070 2681 aut
1101 2628 1310 2686 laudem
1350 2640 1556 2686 tantam
1596 2629 1861 2686 attribuit.
1881 2631 2012 2687 Item

431 2705 600 2766 Isaias
626 2729 640 2764 :
665 2709 897 2776 Quterile
919 2715 1199 2772 Dominum
1228 2720 1355 2774 dum
1385 2720 1607 2776 inveniri
1644 2731 1828 2790 potest,
1870 2724 2015 2776 invo-

434 2814 549 2853 cate
569 2816 686 2856 eum
716 2809 842 2857 dum
890 2822 1049 2876 prope
1086 2816 1196 2863 est.
1250 2808 1589 2881 Derelinqttat
1640 2813 1835 2881 impius
1879 2813 2014 2865 riam

433 2905 607 2960 suam,
621 2902 669 2948 et
691 2895 771 2949 vir
798 2896 1011 2966 iniquus
1031 2901 1373 2970 cogitationes
1391 2919 1538 2968 suas,
1562 2913 1609 2959 et
1632 2913 1923 2958 revertatur
1946 2903 2014 2958 ad

434 2978 717 3039 Dominum
749 2995 796 3040 et
827 2988 1157 3043 miserebitur
1175 2990 1308 3061 ejus,
1339 3001 1388 3046 et
1417 2992 1487 3046 ad
1531 2991 1702 3047 Deum
1756 3001 2014 3058 nostrum,

433 3076 679 3144 quoniam
710 3078 906 3135 multus
937 3092 1012 3136 est
1048 3081 1118 3135 ad
1146 3082 1539 3152 ignoscendum.
1570 3081 1693 3139 Non
1716 3083 1852 3143 enim
1875 3083 2019 3152 cogi-

435 3166 658 3222 taliones
682 3184 810 3224 mea:
837 3172 1178 3240 cogitationes
1230 3187 1432 3241 vestrm,
1456 3190 1618 3245 neque
1646 3175 1741 3230 eia:
1767 3192 1894 3229 mea:
1920 3175 2015 3229 vite

434 3265 639 3323 vestrm,
650 3257 776 3312 dicit
788 3258 1065 3329 Dominus,
1077 3265 1200 3334 quia
1215 3262 1784 3320 sicutexaltanturcteli
1800 3280 1831 3317 a
1848 3274 2013 3331 terra,

434 3346 512 3401 sic
531 3348 773 3404 exaltant:
798 3362 919 3406 sunt
942 3354 1037 3407 via:
1059 3370 1188 3408 mea:
1213 3373 1245 3408 a
1273 3356 1370 3411 viis
1395 3358 1606 3422 vestris,
1649 3366 1698 3411 et
1734 3357 2011 3427 cogitatio-

437 3453 529 3493 nes
542 3443 1126 3512 meteacogitationibus
1136 3447 1342 3502 vestris.
1363 3446 1429 3501 Et
1454 3465 1555 3519 quo
1572 3450 1726 3503 ntodo
1746 3448 2013 3505 descendit

437 3528 607 3584 imber
625 3540 672 3585 et
695 3531 790 3587 nia:
817 3534 883 3587 de
912 3534 1059 3600 caelo,
1090 3545 1139 3589 et
1161 3536 1287 3590 illuc
1312 3536 1453 3592 ultra
1474 3554 1577 3592 non
1600 3538 1903 3604 revertitur,
1924 3538 2019 3592 sed

437 3619 665 3676 inebriat
684 3631 901 3689 terram,
916 3633 962 3678 et
979 3623 1209 3696 infundit
1221 3642 1359 3690 eam,
1370 3636 1417 3681 et
1431 3627 1848 3699 germinareeum
1865 3627 2019 3696 facit,

438 3720 488 3765 et
518 3711 609 3765 dat
635 3727 811 3768 semen
837 3717 1052 3779 serenti,
1103 3727 1150 3769 et
1190 3734 1379 3786 panem
1423 3719 1710 3773 comedenti
1732 3737 1760 3777 ε,
1797 3720 1872 3773 sic
1919 3718 2019 3772 erit

439 3802 651 3857 verbum
675 3819 846 3859 meum
873 3808 1013 3877 quod
1038 3808 1332 3877 egredietur
1360 3809 1424 3863 de
1453 3826 1542 3864 ore
1568 3826 1703 3865 meo.
1761 3810 1886 3866 Non
1940 3815 2022 3866 r'e-

442 3902 671 3949 vertetur
694 3896 765 3950 ad
792 3913 874 3952 me
901 3914 1149 3964 vacuum,
1190 3901 1282 3954 sed
1329 3900 1490 3971 faciet
1521 3903 1843 3972 quaecunque
1881 3902 2021 3958 volui

446 3982 580 4054 (lsa.
599 3985 710 4056 sv).
744 3987 810 4043 Et
839 3988 947 4054 dic,
974 4004 1008 4044 ο
1036 3990 1270 4061 Moyses,
1295 3994 1516 4049 verbum
1542 3994 1683 4050 istud
1706 4004 1872 4051 totum
1889 4011 2023 4065 qna-

443 4076 571 4132 liter
595 4081 854 4150 exponis?
879 4080 1104 4150 Quando
1126 4083 1402 4140 invenitur
1426 4087 1704 4151 Dominus,
1730 4098 1784 4142 et
1810 4089 2024 4158 quando

444 4185 552 4231 non
582 4172 888 4231 invenitur?
913 4180 1130 4248 quando
1159 4190 1242 4235 est
1264 4196 1454 4252 prope,
1474 4193 1530 4238 et
1556 4183 1773 4252 quando
1817 4182 1974 4250 longe
1999 4183 2023 4238 τ

519 4264 749 4323 Movsss.
792 4270 957 4324 Deum
980 4271 1197 4340 quidem
1223 4273 1450 4329 inveniri
1469 4283 1524 4329 et
1546 4289 1711 4343 prope
1727 4290 1864 4340 esse,
1883 4275 2022 4333 idem

446 4365 552 4415 est.
597 4358 769 4429 Prope
792 4368 974 4417 autem
1000 4371 1163 4419 estet
1189 4365 1461 4422 invenitur
1480 4365 1555 4421 ab
1574 4366 1680 4422 illis
1705 4367 1796 4438 qui
1829 4368 1877 4423 ei
1903 4368 2027 4423 lide-

444 4447 573 4511 liler
600 4450 949 4512 famulantur.
975 4439 985 4450 ’

2112 2002 2168 2053 ιιι
2199 2009 2328 2064 ergo
2353 1991 2570 2062 quando
2591 1997 2647 2044 et
2675 1987 2909 2059 qualiter
2941 1983 3173 2040 inveniri
3196 1983 3363 2037 Deum
3393 1979 3478 2034 vel
3525 1988 3699 2046 prope

2110 2098 2232 2138 esse
2261 2080 2501 2137 asset-is?

2183 2174 2415 2233 Parens.
2457 2173 2711 2227 Inventus
2740 2176 2823 2226 est
2850 2183 2983 2225 sane
3007 2168 3264 2222 Dominus
3291 2173 3343 2221 et
3371 2177 3700 2234 prope,cnm

2113 2265 2180 2320 de
2201 2272 2388 2321 sancta
2414 2262 2635 2334 Virgine
2665 2274 2886 2315 carnem
2939 2257 3272 2328 assumpsit,
3330 2266 3386 2311 et
3424 2257 3565 2310 inter
3601 2269 3701 2309 nos

2113 2356 2530 2429 pratsentialiter
2557 2350 2864 2419 habitavit,
2899 2360 2956 2406 et
2997 2358 3122 2405 tunc
3165 2349 3382 2418 quidem
3432 2346 3699 2417 propheta

2115 2448 2280 2518 quaari
2311 2460 2434 2501 eum
2459 2455 2512 2499 et
2538 2442 2776 2498 invocari
2798 2440 3073 2511 prmeepit,
3101 2454 3223 2493 cum
3260 2437 3437 2499 dixit,
3481 2434 3701 2506 quaerite

2119 2539 2422 2602 Dominum,
2454 2543 2560 2590 etc.
2593 2533 2727 2588 Nam
2754 2542 2815 2586 et
2838 2532 2939 2585 hoc
2970 2530 3174 2600 Spiritu
3205 2535 3394 2582 sancto
3426 2525 3702 2581 revelante

2117 2630 2356 2685 futurum
2384 2643 2503 2683 esse
2525 2625 2793 2697 praevidit,
2826 2623 2968 2678 unde
2989 2631 3045 2677 et
3074 2622 3127 2677 in
3155 2619 3505 2690 sequentibus
3548 2616 3703 2671 addi-

2117 2724 2241 2778 dit:
2279 2720 2621 2788 Derelinquat
2650 2717 2846 2786 impius
2884 2715 3024 2769 viam
3065 2728 3241 2777 suam,
3281 2719 3331 2766 et
3378 2711 3457 2764 vir
3484 2708 3701 2778 iniquus

2117 2814 2454 2885 cogitationes
2477 2827 2620 2873 suas,
2648 2818 2694 2863 et
2740 2815 3030 2862 revertatur
3076 2805 3145 2859 ad
3172 2803 3483 2867 Dominum,
3510 2798 3703 2855 videli-

2117 2914 2206 2958 cet
2262 2917 2331 2957 ne
2392 2902 2460 2956 de
2512 2916 2577 2954 eo
2627 2899 2809 2968 inique
2859 2897 3177 2967 cogitarent,
3232 2902 3328 2948 aut
3371 2893 3537 2950 Deum
3580 2903 3703 2946 esse

2117 3009 2238 3048 eum
2277 3001 2499 3062 propter
2544 2997 2876 3058 assumptam
2928 3001 3148 3042 carnem
3198 2984 3545 3045 dubitarent,
3592 2980 3702 3035 imo

2121 3084 2349 3140 fideliter
2373 3084 2832 3147 erederenl,nam
2858 3089 2914 3134 et
2938 3079 3072 3133 ﬁdes
3105 3076 3158 3131 in
3207 3074 3320 3131 sola
3370 3072 3704 3145 cogitatione

2119 3187 2203 3231 est
2228 3175 2408 3247 (Joan.
2443 3173 2597 3245 xvii),
2642 3173 2705 3231 Et
2731 3171 2990 3243 cogitatio
3033 3168 3270 3229 hominis
3324 3167 3537 3222 diversa
3577 3165 3700 3233 qui-

2116 3272 2237 3325 dem
2272 3276 2359 3325 est
2387 3285 2417 3323 a
2447 3266 2774 3337 cogitatione
2805 3263 2921 3318 Dei.
2981 3260 3133 3317 Unde
3160 3270 3216 3317 et
3256 3259 3502 3328 sequitur
3535 3275 3549 3312 :
3576 3254 3705 3311 Non

2114 3363 2249 3415 enim
2273 3361 2607 3430 cogitationes
2632 3348 2760 3411 mete
2786 3354 3320 3424 cogitationesvestrte
3343 3391 3358 3415 ,
3401 3364 3562 3415 neque
3606 3347 3705 3404 vita

2116 3468 2244 3510 mete
2263 3452 2361 3507 vite
2383 3460 2583 3515 vestrm,
2612 3450 2739 3503 dicit
2772 3447 3063 3511 Dominus,
3081 3459 3144 3499 ac
3172 3444 3216 3498 si
3241 3443 3483 3517 diceret:
3506 3439 3584 3495 Ne
3607 3454 3701 3494 co-

2118 3546 2300 3616 gitetis
2323 3544 2449 3619 quia
2499 3543 2642 3613 quod
2687 3541 2887 3596 videtis
2927 3547 2980 3594 et
3012 3534 3458 3601 auditis,_Filinm
3498 3532 3708 3588 scilicet

2118 3638 2235 3692 sine
2258 3635 2420 3690 Patre
2447 3633 2684 3700 carnali,
2717 3642 2906 3686 contra
2946 3644 3104 3684 usum
3149 3622 3271 3687 esse
3298 3624 3505 3686 sciatis,
3548 3620 3706 3676 aliter

2120 3743 2352 3797 namque
2377 3740 2496 3797 ego.
2527 3732 2584 3781 et
2608 3739 2701 3779 vos
2740 3723 2899 3779 aliter
2918 3722 3186 3792 cogitatis.
3210 3772 3217 3777 .
3246 3719 3354 3779 Vos
3401 3716 3548 3770 enim
3598 3727 3706 3768 non

2121 3824 2227 3881 nisi
2250 3820 2622 3890 corporaliter,
2660 3833 2758 3886 ego
2786 3832 2912 3871 vero
2936 3814 3309 3886 spiritualitcr.
3352 3811 3523 3866 Aliter
3541 3810 3705 3864 etiam

2123 3911 2314 3966 incedo
2338 3923 2458 3977 ego,
2490 3917 2545 3961 ct
2568 3921 2661 3959 vos
2689 3905 2846 3961 aliter
2875 3904 3143 3958 inceditis.
3172 3901 3278 3958 Vos
3304 3913 3538 3968 namque
3563 3896 3705 3951 viam

2124 4002 2225 4057 nisi
2254 4014 2373 4071 quas
2405 3998 2458 4051 in
2489 4012 2585 4051 usu
2609 4006 2695 4064 est
2722 4011 2828 4050 non
2862 3994 3122 4058 novistis,
3167 4007 3268 4060 ego
3319 4004 3447 4045 vero
3491 3999 3708 4058 quoque

2126 4092 2270 4147 illaut
2302 4090 2423 4145 novi
2459 4104 2578 4159 qua:
2604 4072 2688 4147 est
2720 4097 2907 4141 contra
2929 4095 3192 4150 usum,et
3222 4093 3558 4152 quaecunque
3583 4076 3708 4133 volo

2126 4180 2337 4237 efficere
2363 4168 2609 4249 possunt
2631 4179 2698 4233 Et
2730 4179 2834 4242 hoc
2867 4185 2988 4231 est:
3018 4174 3161 4231 Sicut
3192 4172 3495 4229 excitantur
3538 4168 3651 4224 costi
3673 4186 3708 4223 α

2127 4285 2290 4337 terra,
2319 4284 2424 4327 etc.
2456 4271 2607 4339 Quod
2638 4254 2819 4325 autem
2843 4268 3128 4338 sequitur:
3162 4265 3281 4336 Quo
3308 4263 3461 4318 modo
3489 4263 3707 4316 descen-

2128 4369 2203 4421 dit
2233 4366 2394 4421 imber
2430 4375 2477 4419 et
2515 4364 2604 4419 nix
2636 4365 2701 4417 de
2727 4361 2854 4417 ctelo
2878 4401 2894 4426 ,
2926 4371 2974 4415 et
3009 4359 3137 4415 illuc
3176 4358 3317 4411 ultra
3352 4372 3455 4411 non
3496 4355 3708 4409 reverti-

2128 4470 2231 4523 tur,
2263 4456 2585 4512 sedinebriat
2608 4466 2822 4519 terram,
2848 4462 2894 4509 et
2916 4450 3153 4519 infundit
3179 4464 3317 4514 eam,
3340 4456 3387 4501 et
3415 4445 3710 4517 germinare

515 4543 752 4603 Perses.
782 4546 1009 4618 Propius
1036 4565 1166 4605 sane
1187 4550 1302 4606 vult
1324 4566 1445 4607 esse
1460 4537 1745 4617 Dominus,
1776 4558 1831 4605 et
1857 4552 2027 4621 magis
2056 4561 2102 4617 ι)
2127 4565 2242 4603 eam
2274 4548 2424 4618 facit,
2445 4557 2493 4601 et
2517 4545 2606 4600 dat
2627 4561 2801 4600 semen
2829 4542 3040 4607 serenti,
3063 4551 3112 4596 et
3154 4555 3343 4611 panem
3378 4538 3662 4593 comedenti
3685 4553 3706 4594 :

448 4634 606 4690 offert
626 4652 684 4692 se
707 4641 1086 4706 peccatoribus
1115 4652 1169 4696 et
1195 4642 1277 4697 eis
1302 4644 1392 4713 qui
1420 4643 1580 4716 longe
1602 4658 1724 4699 esse
1752 4644 2024 4709 videntur,

446 4743 608 4798 quam
631 4729 793 4800 justis
813 4739 870 4786 et
897 4730 1147 4788 ﬁdelibus
1171 4747 1237 4788 ac
1260 4749 1449 4804 prope,
1477 4745 1536 4789 ut
1562 4735 1728 4800 dicis,
1746 4735 2028 4790 existenti—

447 4818 568 4874 bus.
596 4818 747 4885 Quod
771 4830 825 4875 et
851 4821 979 4877 alibi
1002 4823 1264 4891 propheta
1293 4832 1542 4887 testatur,
1586 4826 1677 4881 ubi
1722 4826 1886 4881 dicit:
1924 4824 2023 4881 Pa-

449 4928 582 4975 cem,
610 4928 790 4981 pacem
818 4914 866 4965 ei
893 4914 984 4983 qui
1011 4913 1163 4983 longe
1190 4926 1265 4969 est
1283 4955 1298 4979 ,
1346 4926 1392 4970 et
1422 4917 1510 4985 qui
1537 4933 1694 4986 prope
1738 4927 1813 4971 est
1840 4957 1855 4978 ,
1892 4918 2028 4972 dixit

448 5001 708 5056 Dominus
744 5002 879 5073 (Isa.
910 5004 1065 5075 LVII).
1107 5003 1246 5072 Quid
1294 5018 1530 5073 namque
1572 5020 1671 5076 per
1714 5005 1872 5076 longe
1919 5008 2030 5061 Deo

450 5094 773 5149 resistentem
804 5094 906 5149 nisi
936 5105 1298 5166 peccatorem.
1347 5105 1403 5151 et
1423 5110 1674 5165 pereum
1722 5100 1812 5168 qui
1865 5114 2028 5169 prope

455 5193 560 5251 est,
589 5185 911 5257 nisijnstnm
945 5186 1326 5258 intelligimus?
1371 5188 1436 5242 Et
1464 5187 1723 5256 propheta
1750 5189 1899 5258 prius
1938 5189 2030 5257 qui

454 5275 612 5348 longe
639 5286 741 5340 est,
766 5287 820 5333 et
840 5286 1021 5348 postea
1044 5280 1135 5349 qui
1163 5294 1329 5349 prepe
1347 5288 1430 5335 est
1455 5279 1611 5342 dixit,
1641 5288 1695 5333 et
1729 5280 1808 5334 sic
1835 5295 2029 5349 pecca-

455 5367 559 5422 tori
586 5383 747 5439 quam
764 5366 909 5435 justo
934 5369 1102 5425 Deum
1128 5369 1348 5439 propius
1376 5382 1514 5433 esse,
1544 5370 1888 5425 monstravit.

526 5459 756 5516 Movses.
789 5460 1083 5516 Possumus
1102 5461 1264 5517 etiam
1296 5461 1476 5517 dicere
1513 5475 1680 5532 prope
1719 5461 1887 5518 Deum
1915 5476 2034 5518 esse

457 5552 644 5610 decem
669 5552 858 5608 diebus
885 5552 1012 5621 illis,
1035 5552 1125 5623 qui
1149 5561 1275 5608 sunt
1304 5567 1333 5607 a
1362 5552 1534 5623 prima
1586 5552 1674 5608 die
1708 5553 1912 5609 mensis
1949 5568 2033 5609 se-

458 5644 611 5717 ptimi
646 5659 816 5715 usque
835 5645 901 5698 ad
924 5645 1066 5700 diem
1088 5643 1434 5715 expiationis,
1462 5644 1541 5701 sic
1573 5659 1808 5716 namque
1830 5644 2033 5701 dictum

461 5744 547 5795 est
572 5751 602 5789 a
630 5736 939 5793 doctoribus
965 5737 1184 5793 nostris.

530 5827 765 5887 Psrnns.
805 5831 872 5886 Et
903 5831 1003 5887 hoc
1024 5846 1236 5902 quoque
1256 5832 1455 5888 malum
1479 5838 1581 5887 est.
1608 5828 1666 5886 Si
1682 5827 1826 5887 enim
1850 5828 2036 5885 decem

2128 4643 2201 4696 sie
2251 4640 2345 4695 erit
2390 4639 2599 4694 verbum
2648 4637 2785 4707 quod
2844 4636 3135 4708 egredietur
3178 4635 3242 4689 de
3284 4648 3373 4688 ore
3417 4647 3573 4696 meo,.
3602 4647 3707 4687 non

2131 4740 2414 4788 revertetur
2438 4731 2506 4785 ad
2528 4747 2609 4784 me
2634 4743 2874 4793 vacuum,
2901 4727 2995 4782 sed
3018 4726 3175 4796 faciet
3199 4739 3518 4795 quteeunqtte
3547 4721 3705 4790 volui,

2130 4826 2234 4881 hoc
2259 4823 2446 4892 utique
2474 4821 2701 4885 addidit,
2731 4830 2784 4873 ut
2826 4833 2925 4889 per
2962 4816 3258 4873 visibilium
3300 4814 3708 4870 similitudinem

2132 4932 2311 4971 rerum
2348 4914 2688 4977 ostenderet,
2732 4913 2874 4982 quod
2911 4913 2970 4967 in
2997 4910 3214 4964 deitatis
3249 4907 3549 4963 subtilitate
3599 4914 3708 4963 tam

2131 5010 2288 5078 plane
2315 5005 2482 5060 videri
2514 5018 2619 5059 non
2646 5011 2852 5073 posset,
2888 5010 2943 5056 et
2970 5002 3108 5055 dixit
3134 5017 3147 5055 :
3183 4998 3336 5054 Sicut
3378 4998 3560 5069 pluvia
3585 5013 3709 5054 cum

2134 5102 2200 5153 de
2231 5097 2368 5153 caelo
2397 5095 2678 5152 descendit
2719 5109 2824 5151 non
2858 5094 3149 5149 revertitur
3178 5107 3367 5147 rursus
3404 5093 3455 5146 in
3488 5091 3723 5155 caelum.

2134 5189 2445 5259 priusquam
2482 5197 2693 5242 terram.
2713 5185 2950 5250 molliat,
2990 5183 3285 5240 fecundare
3324 5194 3379 5240 et
3404 5184 3711 5255 germinare

2133 5281 2317 5343 faciat.
2345 5280 2422 5335 sic
2457 5288 2512 5333 et
2539 5280 2971 5334 verbutnmeum
3003 5277 3145 5346 quod
3173 5278 3478 5345 egredietur
3518 5273 3585 5330 de
3613 5288 3710 5330 ore

2135 5387 2276 5435 meo,
2310 5372 2359 5424 id
2389 5380 2471 5425 est
2512 5370 2675 5425 Filius
2704 5386 2877 5434 mens,
2909 5383 3070 5439 quem
3104 5368 3157 5423 in
3201 5367 3461 5423 mundum
3492 5373 3551 5419 nt
3581 5380 3707 5419 car-

2135 5478 2255 5522 nem
2286 5462 2514 5529 accipiat
2544 5477 2664 5515 sum
2704 5461 2988 5524 missurus,
3012 5458 3086 5520 ad
3127 5473 3215 5513 me
3248 5470 3451 5511 vacuus
3478 5470 3585 5510 non
3617 5468 3705 5509 re—

2135 5549 2477 5620 dibit,quin,
2525 5548 2841 5618 priusquam
2886 5547 3103 5613 redeat,
3150 5558 3484 5615 quaecunque
3527 5541 3707 5601 volatu

2136 5642 2352 5705 efﬁciat,
2396 5641 2651 5706 hocest,
2696 5641 2839 5698 sicut
2877 5636 3138 5709 disposui,
3180 5649 3398 5692 carnem
3442 5643 3721 5703 assumat,.

2135 5734 2452 5811 ﬂagelleltlr,
2497 5732 2798 5798 moriatur,
2833 5731 2900 5788 de
2942 5727 3155 5786 inferno
3198 5742 3324 5786 suos
3368 5727 3581 5800 eripiat.
3642 5742 3713 5791 aq

2140 5835 2409 5899 resurgat,
2442 5836 2495 5883 et
2522 5826 2691 5899 legem
2725 5840 2843 5896 qua;
2877 5823 3057 5880 clausa
3089 5830 3170 5879 est
3200 5820 3378 5879 minus
3407 5820 3706 5891 intelligen-
