4142 6360
372 288 525 373 ’σει
1352 313 1555 371 PETRI
1594 316 1937 373 ALPHONSI
1974 318 2011 373 Ε

2112 316 2348 374 ΙῢυΛΕΟ
2383 319 2776 377 CHRISTIANI
3586 318 3701 374 €33

412 418 564 490 tibus
591 412 821 497 aperiat.
856 426 1008 493 Quod
1046 427 1091 482 si
1123 428 1189 482 de
1232 429 1397 482 verbo
1422 446 1541 495 suo,
1582 430 1633 485 id
1664 440 1764 495 est,
1793 432 1860 486 de
1893 447 2009 486 ser—
2036 433 2080 487 A
2112 431 2395 488 manifeste
2445 442 2500 488 et
2549 434 2670 488 sine
2714 432 2968 502 allegoria
3018 430 3293 501 propheta:
3337 429 3697 501 loquebantur

414 504 585 572 moue
609 532 730 584 suo,
759 518 902 572 Deus
937 532 997 572 se
1022 515 1222 573 dixisse
1246 518 1471 590 intelligi
1505 519 1692 587 voluit,
1726 524 1870 592 quod
1905 523 1999 589 ait,

411 609 631 666 verbum
654 624 820 661 meum
846 608 982 676 quod
1005 608 1296 677 egredietur
1318 609 1382 663 de
1412 627 1499 664 ore
1531 627 1664 673 meo,
1690 627 1797 667 non
1818 612 2004 681 utique

415 692 745 763 addidisset,
780 713 881 749 non
926 708 1210 752 revertetur
1249 699 1317 752 ad
1361 716 1466 764 me,
1503 711 1608 755 etc.
1645 700 1829 769 Neque
1859 704 2000 756 enim

414 786 665 854 verbum,
696 789 750 842 id
780 796 865 842 est
892 803 1096 853 sermo,
1131 799 1415 859 postquam
1441 793 1609 849 semel
1632 792 1698 845 de
1725 807 1820 847 ore
1853 796 2005 864 egre-

417 880 585 945 ditur,
614 880 681 934 ad
717 893 780 934 os
806 879 948 934 ultra
979 881 1294 936 revertitur.
1329 882 1431 939 Per
1471 883 1576 938 hoc
1618 884 1782 954 igitur
1821 896 2004 953 aperte

412 974 676 1041 ostendit,
705 976 849 1045 quod
880 976 946 1030 de
969 975 1091 1028 Filii
1122 991 1350 1044 persona
1385 978 1606 1032 verbum
1636 993 1815 1033 meum
1848 979 2000 1031 dixit.

486 1062 719 1119 Movszs.
757 1061 876 1118 Jam
914 1078 978 1117 ex
1011 1063 1190 1117 verbis
1222 1064 1328 1117 luis
1357 1064 1600 1117 innuitur
1627 1067 1773 1134 quod
1814 1066 1911 1120 uix
1952 1075 2006 1120 et

414 1154 593 1221 imber
620 1164 905 1238 postquam
930 1158 996 1209 de
1025 1157 1162 1210 cmlo
1190 1156 1482 1223 emittitur,
1510 1158 1564 1212 in
1594 1158 1792 1213 uelum
1819 1175 2004 1213 rursus

416 1248 733 1311 revertitur.

490 1339 726 1394 Psruus.
767 1338 966 1396 Verum
996 1349 1099 1395 est.

492 1429 725 1486 Μοῖςεδ.
766 1431 967 1487 Vellem
998 1433 1157 1487 modo
1184 1435 1314 1488 mihi
1346 1438 1581 1503 ostendi,
1620 1453 1723 1506 qua
1756 1440 1805 1494 id
1837 1442 2008 1508 possit

417 1520 630 1580 iationc
661 1523 1024 1593 comprobari.

495 1613 730 1670 Parcus.
782 1616 1023 1671 Scrutari
1075 1632 1206 1672 sane
1250 1620 1399 1687 prius
1443 1619 1607 1674 debes
1652 1621 1796 1676 unde
1841 1623 2008 1678 nubes

418 1704 742 1781 proveniant
766 1714 928 1774 atque
969 1706 1193 1771 imbres,
1224 1716 1279 1762 et
1314 1709 1392 1763 sic
1429 1708 1644 1765 facilius
1676 1712 1819 1781 quod
1849 1714 2006 1768 modo

421 1797 618 1863 quteris
649 1797 911 1852 invenies.

491 1886 722 1943 Marses.
758 1888 892 1943 lllud
922 1904 1114 1959 precor
1137 1892 1267 1946 mihi
1300 1893 1634 1950 manifestos.

489 1978 726 2036 Peritos.
765 1981 1068 2037 Videndum
1104 1985 1287 2054 itaque
1314 1986 1407 2040 tibi
1432 1997 1537 2051 est,
1562 2003 1594 2042 ο
1620 1986 1856 2058 Moyses,
1882 1991 2007 2059 quia

419 2073 532 2129 sole
576 2090 739 2145 super
780 2090 929 2130 mare
975 2084 1031 2130 et
1074 2092 1237 2145 super
1272 2086 1471 2133 terram
1514 2089 1661 2135 recta
1708 2080 1846 2135 linea
1895 2082 2010 2136 exi-

418 2172 624 2231 stente,
675 2165 742 2220 de
780 2167 915 2220 mari
965 2167 1180 2235 quidem
1229 2182 1398 2236 vapor
1439 2171 1713 2237 humidus,
1747 2174 1814 2227 de
1862 2182 2004 2226 terra

419 2268 554 2308 vero
577 2255 856 2322 consurgit
898 2256 1097 2323 siccus,
1126 2258 1219 2312 sed
1246 2266 1299 2312 et
1325 2275 1541 2313 sursum
1569 2263 1885 2317 conscendit
1912 2279 2009 2333 per

420 2346 655 2407 calorem
699 2347 851 2411 solis,
897 2350 1039 2404 sicut
1077 2360 1132 2404 et
1177 2351 1355 2406 fumus
1400 2368 1553 2421 aquae
1598 2367 1696 2422 per
1737 2351 2008 2409 fervorem

421 2437 589 2509 ignis,
629 2440 720 2508 qui
754 2454 979 2508 vapores
1011 2442 1117 2496 duo
1148 2428 1517 2499 cum‘sursum
1558 2443 1804 2508 veniunt,
1835 2445 2010 2498 altero

423 2530 577 2585 alteri
617 2533 799 2600 misto,
838 2547 903 2588 ex
946 2549 1004 2589 se
1041 2534 1212 2590 nubes
1249 2536 1446 2591 densas
1478 2535 1794 2591 coniiciunt.
1830 2536 2009 2591 Nubes

423 2629 608 2677 autem
654 2637 779 2679 cum
827 2624 1047 2680 circiter
1093 2626 1346 2691 milliaria
1392 2627 1663 2682 sexdecim
1723 2628 1777 2681 in
1844 2627 2011 2681 altum

422 2712 753 2782 crepserint,
783 2727 967 2767 aerem
1009 2715 1081 2768 ibi
1112 2714 1367 2784 frigidum
1391 2716 1702 2786 freperiunt,
1732 2716 1874 2772 unde
1895 2716 2009 2785 jam

425 2801 588 2856 altius
633 2801 867 2858 transire
911 2813 1217 2871 nequeunt,
1264 2813 1320 2860 et
1350 2805 1431 2860 sic
1474 2820 1663 2861 rursus
1706 2806 1761 2860 in
1808 2815 2010 2861 terram

425 2893 704 2959 decidunt,
737 2903 792 2948 et
818 2909 885 2949 ex
912 2893 1019 2950 illis
1045 2895 1247 2949 imbres
1272 2897 1616 2966 proveniunt.
1648 2896 1798 2953 Fecit
1831 2902 2010 2953 autem

426 2984 570 3038 Deus
596 2986 861 3039 montium
898 2987 1286 3055 concavitates,
1330 2998 1391 3040 ut
1433 2986 1502 3041 ibi
1540 2989 1693 3057 quasi
1727 2989 2012 3045 thesaurus

427 3077 644 3146 quidam
674 3088 1085 3147 receptareatur
1116 3081 1338 3137 imbres.
1366 3081 1520 3138 Fecit
1542 3094 1597 3140 et
1623 3085 1673 3139 in
1705 3085 1836 3155 ipsis
1859 3100 2012 3140 mon-

425 3166 560 3221 tium
591 3169 1029 3225 extremitatibus
1057 3170 1181 3226 imis
1225 3172 1494 3228 foramina
1537 3176 1780 3243 quaedam
1820 3191 2009 3247 parva,

425 3273 526 3327 per
552 3274 671 3327 (pne
711 3259 970 3329 paulatim
997 3261 1276 3319 derivatur
1300 3280 1462 3335 aqua,
1496 3280 1615 3336 quae
1642 3267 1783 3322 sicut
1814 3267 1868 3321 in
1896 3267 2014 3322 the-

424 3363 591 3407 sauro
634 3354 916 3407 tenebatur
957 3355 1297 3423 abscondita,
1337 3370 1394 3413 et
1436 3360 1491 3414 bi
1538 3369 1665 3414 sunt
1707 3359 1902 3429 fontes,
1945 3378 2013 3418 ex

424 3444 624 3513 quibus
650 3445 902 3500 universa
929 3451 1252 3516 proveniunt
1272 3449 1512 3505 ﬂumina.
1542 3450 1748 3518 Quibus
1776 3453 2014 3508 ﬂumini-

422 3535 530 3589 bus
562 3537 799 3591 universi
836 3540 1147 3594 nutriuntur
1173 3541 1370 3610 pisces,
1414 3551 1566 3611 prata
1596 3553 1650 3596 et
1689 3545 1861 3599 viuere
1891 3545 2015 3599 irri-

428 3636 649 3693 gantur,
682 3637 732 3682 et
761 3638 973 3699 segetes
1004 3631 1282 3685 hominum
1309 3641 1363 3687 et
1394 3633 1707 3689 animalium
1737 3639 2015 3705 adaquan-

428 3725 522 3770 tur
551 3732 764 3786 greges,
817 3720 1016 3776 villula}
1044 3722 1481 3790 praeterﬂuuntur
1506 3733 1562 3779 et
1597 3742 1802 3797 magum
1832 3729 2014 3785 urbes.

427 3805 603 3877 Hujus
644 3818 824 3864 autem
854 3822 1230 3882 argumentum
1264 3815 1345 3869 rei
1389 3824 1492 3878 est,
1540 3818 1684 3887 quod
1730 3816 2017 3873 deficiente

428 3898 630 3968 pluvia,
679 3899 855 3957 fontes
894 3903 1169 3960 siccantur
1211 3914 1267 3962 et
1308 3905 1551 3973 ﬂumina,
1583 3909 1726 3963 sicut
1775 3910 1828 3963 in
1876 3909 2013 3965 libro

430 3987 639 4059 Regum
676 3991 834 4045 tertio
880 3992 1202 4060 invenimus,
1250 3996 1465 4052 dicente
1508 3997 1622 4051 Elia
1670 4016 1683 4050 :
1734 3995 1859 4050 Post
1905 3999 2015 4053 dies

429 4089 605 4132 autem
632 4079 927 4149 aliquantos
953 4084 1180 4139 siccatus
1206 4096 1282 4141 est
1311 4096 1535 4151 torrens,
1572 4106 1672 4143 non
1714 4091 1849 4142 enim
1870 4091 2017 4159 plue-

428 4176 516 4221 rat
536 4185 692 4239 super
717 4181 909 4226 terram
953 4173 1074 4242 (III
1096 4174 1222 4245 Reg.
1252 4176 1405 4247 xvu).
1447 4177 1693 4231 Flumina
1718 4193 1845 4232 vero
1871 4187 2017 4246 post-

431 4274 593 4326 quam
625 4275 787 4331 super
836 4273 1035 4318 terram
1068 4265 1269 4321 diutius
1309 4268 1670 4331 cucurrerinl,
1694 4270 1759 4322 ad
1798 4269 2019 4339 pelagus

434 4351 650 4404 tandem
695 4352 989 4408 deveniunt.
1032 4370 1095 4408 ac
1138 4357 1362 4410 marinis
1408 4356 1657 4411 ﬂuetibus
1699 4374 1756 4413 se
1798 4374 2017 4429 compo-

2107 523 2279 589 vobis,
2310 538 2480 594 quare
2509 524 2702 578 mirum
2738 538 2844 578 non
2876 532 2983 587 est,
3026 524 3072 576 si
3112 523 3205 577 tibi
3249 524 3412 577 surda
3442 522 3699 579 videntur

2104 630 2238 669 mea:
2263 616 2427 672 verba
2453 615 2866 685 explanationis.
2882 604 3271 671 Verumtamen
3300 624 3360 670 ut
3385 631 3576 671 omnes
3601 633 3699 671 oc-

2104 707 2353 763 casiones
2380 718 2435 762 et
2459 706 2793 775 obiectiones
2823 716 2943 762 tuas
2984 708 3295 776 prtecidam,
3334 709 3449 775 jam
3482 708 3550 762 de
3577 709 3696 778 ipso

2105 796 2239 851 Isaia
2273 799 2652 852 auctoritatem
2690 813 2852 851 unam
2890 797 3321 866 patentissimam
3366 796 3458 851 tibi
3490 799 3691 852 dicam.

2106 887 2245 942 Dicit
2274 886 2418 940 enim
2454 888 2568 956 ipse
2604 887 2772 941 lsaias
2807 905 2819 940 :
2861 885 2998 940 Ecce
3029 887 3280 956 intelliget
3316 904 3495 941 seruus
3524 906 3694 952 meus,

2104 974 2421 1032 exaltabitur
2451 987 2500 1032 et
2535 977 2844 1042 elevabitur,
2884 966 2936 1032 e't
2961 978 3200 1033 sublimis
3224 980 3321 1031 erit
3344 979 3512 1033 ualde.
3548 977 3698 1033 Sicut

2107 1069 2478 1137 obstupuerunt
2520 1084 2677 1138 super
2705 1079 2753 1121 te
2774 1068 2945 1136 multi,
2974 1069 3049 1122 sic
3071 1067 3326 1138 inglorius
3348 1071 3444 1122 erit
3468 1071 3603 1123 inter
3626 1072 3699 1124 ei-

2109 1175 2191 1211 ros
2216 1169 2452 1228 aspectus
2478 1158 2611 1227 ejus,
2644 1168 2693 1211 et
2723 1158 2892 1227 [arma
2926 1157 3040 1227 ejus
3073 1160 3209 1212 inter
3231 1159 3375 1227 [ilics
3401 1159 3698 1213 hominum.

2107 1248 2135 1302 Ι
2141 1260 2216 1301 ste
2238 1259 2470 1319 asperget
2497 1258 2670 1318 gentes
2693 1248 2906 1301 multas.
2931 1247 3100 1319 Super
3119 1265 3239 1303 eum
3260 1250 3593 1321 continebant
3620 1267 3700 1303 re-

2108 1358 2193 1412 ges
2216 1358 2272 1395 os
2298 1358 2472 1406 suum,
2498 1342 2623 1412 quia
2643 1342 2781 1411 quod
2809 1359 2911 1395 non
2932 1352 3006 1394 est
3036 1351 3311 1394 narratum
3338 1342 3414 1394 eis
3438 1342 3699 1407 uiderunt,

2107 1443 2151 1485 et
2175 1432 2314 1500 quod
2336 1449 2439 1487 non
2461 1433 2747 1486 audierunt
2784 1431 3121 1502 contemplati
3149 1444 3291 1488 sunt.
3319 1431 3450 1498 Quis
3478 1434 3699 1486 credidit

2114 1523 2327 1576 auditui
2353 1533 2531 1577 nostro
2562 1522 2733 1594 (Rom.
2774 1526 2854 1593 Χ),
2887 1535 2932 1576 et
2965 1525 3235 1578 brachium
3264 1525 3477 1579 Domini
3502 1526 3587 1578 cui
3614 1542 3700 1579 re-

2108 1612 2335 1666 velatum
2352 1622 2426 1667 est
2445 1614 2470 1666 ?
2494 1612 2561 1666 Et
2578 1614 2822 1667 ascendet
2854 1615 2987 1667 sicut
3019 1613 3301 1683 virgultum
3332 1630 3512 1667 coram
3541 1631 3621 1680 eo,
3652 1626 3702 1669 ct

2110 1705 2246 1760 sicut
2273 1706 2429 1760 radix
2455 1706 2518 1759 de
2549 1717 2687 1760 terra
2716 1706 2938 1760 sitienti.
2972 1703 3099 1759 Non
3129 1715 3202 1759 est
3234 1706 3429 1774 species
3463 1706 3512 1761 ei
3542 1722 3704 1777 neque

2046 1779 2285 1861 Bdecor,
2333 1808 2383 1852 et
2424 1799 2647 1853 vidimus
2695 1815 2813 1852 cum
2863 1810 2909 1852 et
2964 1815 3067 1853 non
3111 1809 3223 1853 erat
3268 1811 3508 1868 aspectus
3565 1800 3701 1867 ejus,

2109 1906 2158 1947 et
2222 1892 2632 1947 desiderauimus
2698 1909 2817 1945 eum
2872 1892 3187 1961 despectum,
3256 1902 3305 1945 et
3367 1891 3702 1947 novissimum

2108 1986 2360 2048 virorum,
2402 1985 2572 2038 virum
2611 1983 2855 2036 dolorum
2886 1994 2932 2035 et
2966 1984 3232 2051 cognitum
3277 1983 3607 2051 inﬁrmitate,
3655 1994 3705 2036 et

2108 2077 2260 2146 quasi
2310 2076 2645 2130 absconditus
2688 2075 2857 2128 vultus
2899 2078 3012 2142 ejus
3064 2084 3112 2127 et
3161 2074 3453 2142 despectus,
3488 2076 3626 2128 unde
3656 2085 3705 2127 et

2112 2181 2205 2217 nec
2239 2165 2591 2233 reputavimus
2623 2179 2761 2216 eum.
2802 2162 2934 2216 Vere
2958 2163 3233 2232 languores
3257 2173 3459 2216 nostros
3482 2163 3592 2230 ipse
3617 2172 3705 2227 tu-

2110 2255 2190 2317 lit,
2227 2265 2273 2309 et
2317 2254 2521 2308 dolores
2572 2265 2775 2307 nostros
2817 2256 2924 2319 ipse
2972 2255 3214 2323 portarit.
3254 2252 3322 2306 Et
3357 2270 3451 2307 nos
3487 2255 3702 2323 putaui-

2110 2365 2225 2401 mus
2276 2364 2396 2401 eum
2453 2347 2606 2417 quasi
2662 2334 2973 2416 pla‘gatum,
3023 2355 3071 2399 et
3118 2361 3419 2414 percussum
3469 2364 3502 2400 a
3556 2345 3704 2413 Deo,

2112 2450 2158 2494 et
2190 2439 2545 2493 Itumiliatum.
2578 2437 2701 2506 Ipse
2730 2447 2905 2491 autem
2932 2438 3228 2491 rulneratus
3252 2447 3327 2492 est
3351 2448 3564 2507 propter
3592 2439 3704 2494 ini-

2111 2532 2332 2602 quitates
2374 2540 2603 2597 nostras,
2649 2531 2859 2585 attritus
2887 2540 2961 2583 est
3004 2538 3217 2601 propter
3258 2524 3457 2584 scelera
3498 2540 3701 2585 nostra.

2113 2621 2408 2693 Disciplina
2444 2621 2589 2692 pacis
2617 2631 2809 2675 nostra:
2838 2638 2995 2689 super
3020 2639 3160 2687 eum,
3188 2631 3236 2677 et
3267 2622 3426 2676 liuore
3465 2622 3582 2690 ejus
3610 2640 3704 2677 sa-

2115 2712 2225 2764 nati
2253 2728 2454 2765 sumus.
2490 2708 2683 2764 Omnes
2725 2728 2817 2763 nos
2844 2711 2999 2781 quasi
3037 2728 3154 2766 oves
3190 2713 3504 2775 erravimus,
3535 2730 3702 2767 unus"

2112 2804 2328 2874 quisque
2365 2804 2420 2855 in
2452 2804 2587 2857 riam
2620 2820 2770 2857 suam
2805 2803 3103 2867 declinavit,
3147 2815 3195 2859 et
3242 2804 3496 2859 Dominus
3528 2815 3702 2873 posuit

2114 2896 2167 2947 in
2211 2910 2269 2947 eo
2314 2895 2638 2959 iniquitatem
2685 2895 2917 2947 omnium
2964 2904 3220 2948 nostrum.
3266 2895 3492 2950 Coactus
3536 2906 3610 2951 est
3653 2906 3705 2951 et

2114 2988 2353 3059 amictus,
2388 3004 2491 3041 non
2531 2988 2737 3055 aperuit
2777 3004 2832 3040 os
2862 3004 3037 3041 suum.
3082 2986 3232 3042 Sicut
3258 3005 3428 3058 agnus
3457 2990 3527 3043 ad
3558 2991 3701 3044 occi-

2115 3080 2313 3132 sionem
2352 3078 2593 3143 ducetur,
2638 3088 2686 3131 et
2714 3079 2869 3148 quasi
2898 3080 3005 3131 ovis
3033 3094 3211 3132 coram
3252 3080 3496 3134 tondente
3522 3097 3576 3135 se
3604 3080 3701 3135 οι-

2112 3179 2378 3234 mutescet,
2407 3178 2455 3223 et
2503 3186 2607 3223 non
2649 3171 2845 3235 aperiet
2880 3187 2936 3223 os
2962 3187 3140 3224 suum.
3183 3169 3260 3223 De
3290 3176 3535 3241 angustia
3562 3182 3612 3227 et
3640 3174 3707 3227 de

2105 3259 2311 3329 judicio
2328 3259 2564 3313 sublatus
2586 3269 2682 3314 est.
2697 3257 3093 3314 Generationem
3114 3260 3226 3329 ejus
3247 3262 3367 3330 quis
3393 3264 3658 3316 enarrabit
3679 3264 3707 3317 2

2117 3351 2251 3419 (Ισν.
2275 3366 2361 3415 x1;
2385 3350 2502 3403 Aet.
2519 3351 2638 3418 vm)
2669 3350 2807 3416 Quia
2833 3351 3030 3404 divisus
3050 3352 3217 3404 estde
3240 3361 3379 3407 terra
3406 3354 3699 3408 viventium.

2118 3440 2339 3501 Propter
2382 3440 2549 3495 scelus
2578 3439 2757 3510 populi
2784 3442 2884 3493 mei
2908 3441 3151 3510 plagatus
3175 3441 3296 3511 fuit,
3337 3451 3387 3495 et
3415 3444 3553 3497 dedit
3583 3461 3703 3497 cum

2116 3534 2291 3602 impiis
2311 3533 2632 3602 sepulturam
2651 3547 2825 3593 suam,
2844 3541 2889 3584 et
2908 3548 3023 3584 cum
3045 3531 3289 3585 divitibus
3302 3549 3700 3598 mortemsuam,

2116 3624 2231 3677 licet
2273 3622 2605 3691 iniquitatem
2628 3638 2731 3675 non
2767 3622 2965 3690 fecerit,
2999 3638 3163 3692 neque
3192 3621 3345 3676 dolus
3388 3624 3489 3693 fuit
3526 3625 3579 3678 in
3611 3641 3703 3680 ore

2117 3715 2231 3785 ejus
2270 3713 2323 3786 (I
2354 3712 2471 3767 Pet.
2509 3714 2592 3778 tt),
2635 3723 2684 3767 et
2722 3713 2975 3767 Dominus
3004 3713 3161 3767 uoluit
3188 3725 3452 3769 conterere
3483 3733 3623 3780 cum,
3649 3725 3703 3770 et

2118 3804 2395 3873 inﬁrmari.
2436 3802 2499 3857 Si
2530 3803 2760 3873 posuerit
2785 3818 2877 3871 pro
2911 3812 3121 3871 peccato
3152 3804 3387 3857 animant
3426 3822 3601 3869 suam,
3629 3807 3703 3859 ui—

2117 3896 2253 3948 debit
2282 3911 2476 3959 semen,
2521 3904 2569 3947 et
2609 3892 2937 3962 elongabitur
2980 3902 3204 3962 tempus,
3248 3904 3296 3946 et
3325 3894 3561 3948 voluntas
3588 3894 3700 3951 Do-

2116 3987 2246 4040 mini
2287 3988 2344 4040 in
2388 4001 2547 4039 manu
2587 3985 2701 4054 ejus
2727 3984 3004 4053 dirigetur.
3054 3983 3138 4037 lix
3169 3984 3346 4040 labore
3373 3988 3563 4040 anima:
3590 4004 3704 4042 sure

2116 4074 2306 4129 videbit
2332 4083 2379 4127 et
2404 4073 2747 4127 saturabitur.
2790 4070 2857 4124 In
2885 4073 3101 4125 scientia
3135 4090 3232 4126 sua
3269 4074 3580 4143 jttsfiﬁcabil
3601 4077 3700 4143 ju-

2117 4178 2254 4221 stum
2286 4166 2484 4229 multis,
2509 4175 2558 4219 ct
2597 4164 2900 4234 iniquitates
2938 4180 3117 4218 eorum
3154 4167 3261 4234 ipse
3295 4169 3537 4235 portabit.
3575 4167 3702 4222 Ideo

2118 4276 2240 4312 eum
2278 4259 2593 4328 participare
2632 4257 2828 4326 faciam
2866 4257 2922 4309 in
2951 4255 3214 4326 plurimis,
3241 4266 3288 4310 et
3324 4275 3441 4311 cum
3472 4258 3699 4327 fortibus

2119 4352 2314 4406 dividet
2343 4350 2535 4419 spolia,
2575 4366 2670 4420 pro
2708 4365 2767 4403 eo
2796 4349 2935 4419 quod
2980 4347 3199 4401 tradidit
3241 4349 3294 4401 in
3336 4360 3550 4402 mortem
3583 4350 3699 4401 ani-

432 4450 596 4506 nunt,
628 4451 684 4496 et
721 4443 803 4500 sic
842 4459 1010 4513 vapor
1048 4447 1214 4502 maris
1244 4463 1457 4502 sursum
1495 4459 1551 4500 ut
1588 4464 1749 4517 supra
1781 4450 2018 4505 diximus
2052 4464 2096 4517 ῃ
2123 4461 2260 4497 mam
2286 4459 2458 4506 suam,
2499 4452 2546 4494 et
2579 4457 2697 4494 cum
2726 4439 2989 4493 sceleratis
3025 4449 3352 4509 computatus
3377 4450 3473 4505 est,
3515 4452 3562 4492 et
3591 4442 3700 4510 ipse

430 4532 760 4597 reascendit,
794 4541 849 4586 et
877 4550 942 4588 ex
968 4549 1028 4587 se
1065 4534 1259 4588 iterum
1293 4537 1463 4592 nubes
1498 4539 1733 4603 coulicit,
1764 4548 1819 4593 et
1860 4539 2016 4608 hujus

434 4635 695 4677 ascensus
734 4623 819 4679 vel
854 4623 1316 4680 descensusﬁnis
1356 4642 1460 4680 non
1509 4638 1592 4683 cst
1633 4643 1730 4682 nec
1780 4645 2015 4698 unquam

432 4711 558 4779 fuit,
586 4728 651 4767 ex
679 4729 787 4784 quo
815 4715 1076 4772 mundum
1112 4718 1255 4771 Deus
1280 4719 1602 4788 composuit,
1632 4721 1725 4775 sed
1760 4734 1859 4775 nec
1889 4721 2014 4786 erit,

432 4803 674 4873 quandiu
710 4821 894 4862 rerum
938 4807 1180 4864 Creatori
1212 4809 1494 4878 placuerit,
1543 4819 1675 4867 teste
1702 4809 2013 4877 Salomone,

436 4895 529 4964 qui
556 4894 687 4948 dicit
706 4896 759 4950 in
783 4898 1109 4955 Ecclesiaste
1132 4920 1146 4955 :
1174 4899 1365 4955 Omnia
1387 4904 1607 4971 flumina
1629 4904 1827 4957 intrant
1849 4920 2014 4970 mare,

432 4994 481 5038 et
512 5000 657 5037 mare
678 5002 781 5039 non
804 4989 1085 5043 redundat.
1112 4992 1191 5044 Ad
1219 4991 1390 5045 locum
1418 4994 1555 5046 unde
1578 5004 1769 5047 exeunt
1795 4996 2017 5064 ﬂumina

433 5081 784 5141 revertuntur,
810 5084 866 5128 ut
895 5078 1079 5131 iterum
1110 5082 1277 5148 [luant
1308 5081 1505 5151 (Eccle.
1539 5082 1600 5145 ι).

509 5167 741 5221 Movses.
774 5168 1138 5225 Auctoritates
1172 5174 1388 5240 quidem
1431 5188 1493 5226 ex
1538 5173 1690 5228 libris
1724 5177 2016 5244 prOpheta-

435 5274 559 5315 rum
593 5256 790 5312 multas
830 5258 1120 5323 adduxisti,
1152 5270 1207 5316 et
1236 5277 1332 5318 eas
1360 5264 1657 5318 secundum
1690 5267 2016 5322 voluntatem

434 5357 584 5408 tuam
614 5347 940 5416 explanasti,
971 5348 1067 5402 sed
1093 5349 1284 5405 vellem
1324 5366 1484 5406 unam
1515 5352 1703 5408 saltem
1749 5356 1878 5409 mihi
1923 5371 2019 5424 pa-

437 5446 640 5499 tentem
667 5439 902 5506 ostendi,
935 5454 1036 5511 per
1072 5455 1236 5510 quam
1281 5444 1424 5512 quod
1452 5445 1686 5501 intendis
1732 5439 2019 5501 manifeste

437 5532 610 5610 possit
638 5532 945 5602 approbari.

506 5623 746 5681 Psruus.
782 5623 899 5680 Non
935 5632 1019 5680 est
1051 5624 1294 5696 profecto
1327 5641 1467 5682 nova
1503 5629 1684 5684 cordis
1721 5629 1797 5684 tui
1841 5636 1895 5682 et
1941 5628 2016 5681 tui

440 5717 695 5791 similium
722 5718 939 5776 duritia.
965 5719 1153 5791 Neque
1180 5720 1326 5781 enim
1351 5721 1517 5777 etiam
1545 5720 1866 5791 credebatis,
1892 5736 2014 5776 cum

2118 4545 2386 4604 peccatum
2421 4533 2703 4587 multorum
2731 4531 2871 4594 tulit,
2900 4540 2947 4583 et
2980 4546 3075 4600 pro
3113 4531 3583 4600 transgressoribus
3613 4548 3700 4584 ro-

2120 4627 2260 4697 gabit
2290 4625 2421 4693 (Isa.
2450 4641 2555 4691 Lll;
2591 4625 2728 4693 un).
2761 4623 2985 4677 Multum
3014 4638 3144 4677 sane
3176 4623 3227 4675 in
3258 4624 3379 4686 ista,
3407 4638 3439 4676 ο
3465 4623 3698 4695 Moyses,

2123 4734 2289 4789 super
2314 4732 2506 4773 omnes
2540 4717 2674 4771 alias
2704 4715 2939 4769 laboravi
2958 4715 3264 4785 prophetia,
3288 4716 3514 4785 utjuxta
3558 4716 3701 4785 quod

2119 4811 2258 4880 apud
2288 4823 2383 4862 vos
2411 4816 2513 4870 est,
2556 4806 2699 4860 illam
2741 4794 3069 4870 inducerem,
3118 4806 3168 4858 in
3206 4821 3310 4874 quo
3338 4807 3501 4859 etiam
3545 4804 3697 4861 beati

2122 4899 2433 4971 Hieronymi
2464 4898 2589 4953 licet
2622 4912 2806 4952 veram
2853 4896 3066 4952 deserui
3115 4896 3537 4951 translationem.
3582 4897 3700 4952 Hoc

2121 5003 2301 5048 autem
2348 4991 2473 5056 feci,
2521 4997 2583 5043 ut
2627 4989 2941 5044 occasiones
2993 4996 3113 5042 tuas
3165 5004 3355 5043 omnes
3404 4989 3697 5045 auferrem.

2121 5083 2291 5150 Quam
2322 5081 2449 5151 quia
2479 5078 2696 5134 Christo
2738 5077 3185 5153 applicamusaet
3227 5086 3278 5130 tu
3322 5076 3546 5133 forsitan
3592 5097 3698 5135 non

2121 5172 2392 5237 concedis,
2423 5169 2583 5225 velim
2624 5169 2771 5223 dicas
2800 5169 2867 5222 de
2902 5178 3008 5236 quo
3049 5166 3192 5221 illam
3222 5167 3422 5223 dictam
3457 5185 3577 5226 esse
3612 5172 3696 5226 in-

2121 5262 2336 5333 telligis.

2192 5354 2422 5409 Morsss.
2474 5351 2764 5406 Doctorum
2815 5348 3064 5419 profecto
3112 5349 3332 5419 quidam
3386 5360 3697 5407 nostrorum

2121 5462 2239 5502 eam
2265 5445 2331 5500 de
2360 5443 2593 5499 Ieremia
2624 5441 2821 5496 dictam
2858 5455 2978 5495 esse
3001 5451 3282 5501 asserunt,
3315 5443 3439 5511 quia
3465 5442 3698 5513 ﬂagella-

2125 5548 2230 5604 tus,
2288 5537 2627 5601 verberatus,
2678 5541 2733 5587 et
2774 5532 3145 5588 incarceratus
3187 5532 3290 5586 fuit
3338 5533 3473 5603 (Jer.
3516 5542 3613 5603 at),
3644 5545 3699 5589 et

2122 5630 2287 5685 multa
2312 5628 2417 5682 alia
2442 5642 2562 5698 qua:
2585 5639 2905 5679 enumerare
2933 5625 3149 5694 longum
3174 5631 3255 5680 est
3281 5625 3421 5679 mala
3453 5628 3694 5694 pertulit.

2123 5722 2429 5779 Secundum
2482 5719 2617 5774 alios
2668 5732 2798 5773 vero
2846 5717 2911 5773 de
2971 5717 3114 5772 Josia
3171 5734 3294 5788 rege
3325 5719 3699 5794 intelligimus,

4128 1834 4131 1973 Ψ
