4142 6360
1774 294 1817 321 Ὁ

658 318 663 323 ι
680 314 711 327 w

450 346 550 414 613
1104 420 1112 428 .
1913 374 2011 429 DIA

2112 375 2206 433 ια.
3603 393 3706 446 .534

452 497 571 551 qm,
601 498 724 535 cum
751 482 832 535 vir
855 491 1072 536 sanctus
1095 484 1631 555 cssetetjustus,pro
1657 487 1895 557 peccatis
1923 506 2029 544 rion
2058 498 2105 553 Α
2134 490 2380 546 Christus
2405 492 2682 548 sustinuit.
2713 494 2970 565 Sequitur
3002 515 3014 550 :
3047 496 3212 563 Quasi
3236 499 3572 556 absconditus
3600 504 3710 558 eul—

449 572 583 637 suis,
608 572 703 628 sed
731 574 908 643 populi
939 585 1021 629 est
1052 574 1366 632 interfectus
1399 576 1449 649 (Ι
1468 574 1505 630 ν
1533 576 1660 650 Reg.
1688 581 1867 650 xxm).

519 664 757 724 Penus.
816 667 891 723 De
939 677 1132 724 neutro
1175 679 1324 724 certe
1372 670 1601 726 istorum
1652 682 1832 742 potest
1879 689 2018 729 esse.

448 757 633 813 Neutri
662 774 893 828 namque
920 761 1253 830 prophetiam
1286 771 1451 816 totam
1480 765 1684 834 poteris
1725 766 2017 836 applicare.

449 848 582 903 Nam
611 850 655 905 si
687 851 754 905 de
792 848 1024 905 Jeremia
1057 852 1333 921 intelligis,
1372 851 1635 911 Jeremias
1673 858 1889 926 quidem
1923 857 2021 912 ﬂa-

448 941 609 1009 gella,
640 957 935 1007 carcerem,
968 951 1024 997 et
1078 945 1298 997 multum
1343 942 1689 1001 alﬂictionem
1740 949 2017 1015 sustinuit,

447 1033 544 1088 sed
579 1049 678 1089 nec
704 1033 917 1088 occisus
962 1033 1081 1100 fuit,
1132 1052 1232 1090 nec
1272 1035 1567 1106 ﬂagellatus
1609 1041 1888 1103 eomicuit,
1922 1056 2019 1095 nec

447 1135 666 1196 [secuta
703 1137 883 1181 nostra
917 1127 1057 1194 tulit,
1099 1143 1200 1183 nec
1234 1139 1429 1184 caetera
1466 1130 1566 1199 ipsi
1605 1130 1917 1201 applicabis,
1952 1132 2019 1187 de

446 1220 593 1277 Josi.)
618 1236 747 1275 vero
775 1223 906 1276 nihil
935 1222 1077 1291 quod
1102 1223 1154 1274 in
1184 1221 1463 1289 prophetia
1493 1221 1757 1274 habeatur
1782 1222 2019 1290 potuisse

446 1313 550 1367 dici
589 1312 830 1367 invenies
856 1321 1051 1381 praeter
1082 1312 1134 1367 id
1168 1313 1310 1382 quod
1342 1321 1670 1379 etsanctus,
1704 1322 1761 1365 et
1788 1327 1885 1381 pro
1918 1328 2016 1382 po.

447 1405 553 1476 puli
584 1404 787 1459 scelere
818 1403 914 1458 fuit
947 1404 1283 1459 interiectus.

518 1495 744 1551 lllovses.
776 1495 849 1547 De
870 1509 979 1564 quo
1004 1510 1133 1565 ergo
1157 1495 1494 1564 prophetiam
1516 1493 1713 1549 dictam
1740 1486 2015 1565 intelligts,

444 1589 528 1643 cui
560 1600 742 1658 partes
765 1587 879 1654 ejus
905 1603 1095 1642 omnes
1123 1588 1397 1658 applicare
1418 1586 1630 1657 possis?

513 1681 747 1736 Pervius.
790 1682 865 1735 De
913 1680 1150 1736 Cbrism.
1202 1681 1355 1747 Quod
1395 1682 1538 1735 enim
1577 1681 1742 1745 dixit,
1780 1698 1895 1734 ecce
1931 1682 2013 1734 iu-

443 1770 630 1840 telliget
655 1787 830 1825 servus
852 1786 1019 1834 meus,
1045 1769 1364 1824 exaltabitur
1386 1780 1432 1823 et
1454 1769 1757 1834 elevabitur,
1785 1782 1831 1824 et
1856 1771 2018 1827 subli-

2127 590 2210 633 tus
2251 580 2365 649 ejus
2406 592 2455 635 ct
2504 583 2793 652 despectus,
2843 588 2980 639 unde
3032 605 3122 640 nec
3174 594 3523 658 reputavintus
3568 611 3707 648 eum.

2125 669 2289 736 Quasi
2332 670 2679 728 absconditus
2706 674 2904 730 Christi
2942 678 3119 733 vultus
3164 679 3295 747 luit,
3327 685 3472 752 quia,
3515 695 3571 741 et
3608 688 3708 743 sub

2122 760 2239 829 ejus
2265 778 2430 817 carne
2454 764 2670 819 deitatis
2698 766 2952 836 splendor
2976 770 3210 835 delituit,
3241 783 3296 827 et
3323 774 3709 843 impotentibus

2122 865 2182 906 se
2212 854 2466 909 resistere
2492 870 2615 910 cum
2649 868 2834 926 posset
2866 859 3035 914 noluit
3058 878 3274 935 ,quare
3310 866 3617 935 despectus,
3653 879 3709 926 et

2123 957 2228 996 non
2269 952 2573 1012 reputatus,
2617 947 2671 1002 id
2708 957 2793 1002 est
2830 965 2934 1004 nou
2967 953 3308 1021 appreciatus
3344 956 3468 1013 fuit.
3504 959 3565 1013 Et
3597 978 3709 1015 vere

2122 1032 2399 1104 lauguores
2442 1048 2647 1093 nostros
2687 1040 2795 1110 ipse
2824 1042 2967 1109 tulit,
3011 1053 3057 1097 et
3098 1044 3303 1100 dolores
3347 1060 3550 1104 nostros
3599 1053 3709 1121 ipse

2118 1127 2361 1194 portavit,
2409 1142 2531 1183 cum
2579 1129 2794 1187 dolores
2836 1143 3000 1203 atque
3039 1136 3305 1205 supplicia
3348 1155 3467 1209 quae
3508 1146 3707 1200 nostris

2121 1216 2460 1273 debebantur
2481 1220 2802 1288 sceleribus,
2826 1224 2942 1293 ipse
2970 1227 3251 1281 sustinuit.
3280 1228 3348 1282 Et
3380 1249 3474 1286 nos
3501 1237 3708 1302 putati-

2120 1324 2236 1362 mus
2269 1324 2388 1363 eum
2424 1314 2575 1382 quasi
2598 1313 2870 1383 plagatum
2907 1326 2955 1370 et
2996 1334 3300 1381 percussum
3325 1338 3357 1374 a
3402 1322 3508 1377 Deo
3532 1335 3578 1377 et
3609 1328 3708 1378 Ira-

2121 1398 2412 1466 miliatum,
2453 1404 2597 1471 quod
2628 1414 2741 1471 est,
2788 1408 3094 1476 putavimus
3124 1412 3267 1479 quod
3310 1412 3496 1483 plaga,
3533 1415 3583 1469 id
3624 1427 3709 1470 est

2118 1488 2392 1558 ﬂagellum
2433 1493 2562 1549 illud
2606 1504 2663 1550 et
2702 1500 2997 1567 percussio,
3040 1510 3097 1556 et
3140 1501 3419 1572 depressio
3465 1504 3553 1559 illa
3603 1506 3705 1562 sibi

2119 1583 2461 1652 contingeret
2490 1585 2560 1639 ob
2584 1587 2841 1657 seipsum,
2874 1590 2966 1644 sed
2998 1606 3364 1662 nequaquam.
3397 1593 3463 1648 Et
3491 1595 3595 1651 hoc
3624 1606 3707 1651 est

2119 1672 2262 1741 quod
2291 1673 2368 1728 ait
2408 1693 2423 1729 :
2468 1674 2591 1745 Ipse
2620 1689 2793 1731 autem
2827 1681 3127 1735 vulneratus
3157 1693 3229 1736 est
3264 1697 3475 1753 propter
3507 1686 3703 1756 iniqui-

2121 1770 2251 1817 tates
2307 1775 2544 1834 nostrasg,
2576 1769 2789 1822 attritus
2845 1779 2922 1822 est
2978 1782 3187 1840 propter
3238 1776 3435 1829 scelera
3496 1785 3699 1831 nostra.

443 1864 540 1916 mis
567 1863 665 1916 erit
688 1861 858 1928 valde,
890 1876 987 1915 nos
1010 1860 1224 1931 quidem
1258 1860 1504 1914 novimus
1533 1861 1657 1929 quia
1688 1862 1934 1916 Christus
1962 1872 2017 1916 et
2050 1865 2093 1920 Β
2120 1854 2185 1909 El
2223 1855 2499 1922 disciplina
2550 1860 2696 1929 pacis
2750 1868 2943 1915 nostra:
2973 1878 3130 1929 super
3170 1880 3319 1927 eum,
3352 1865 3401 1917 id
3453 1875 3575 1931 est,
3620 1868 3704 1921 di-

445 1954 536 2007 Dei
567 1967 757 2007 servus
777 1961 831 2006 et
856 1952 1034 2020 magni
1068 1951 1168 2004 luit
1211 1950 1534 2014 intellectus,
1559 1961 1615 2005 et
1640 1966 1801 2020 super
1825 1967 2018 2006 omnes

441 2059 630 2099 servos
671 2042 766 2098 Dei
816 2042 1062 2098 sublimis
1109 2052 1165 2096 et
1204 2041 1492 2097 exaltatus.
1543 2041 1709 2111 Cujus
1752 2053 1803 2098 et
1851 2059 2016 2114 opera

441 2136 578 2191 mira
613 2134 831 2189 luerunt
860 2150 926 2190 ac
969 2135 1251 2204 stupenda,
1283 2143 1338 2190 et
1382 2149 1660 2203 nunquam
1703 2135 1887 2205 gloria:
1919 2134 2019 2191 luit

439 2227 544 2284 sibi
588 2243 740 2283 cura.
788 2224 855 2280 Et
895 2227 997 2281 hoc
1035 2235 1139 2291 est,
1183 2227 1316 2280 sicut
1354 2225 1726 2295 obstupuerunt
1772 2243 1927 2296 super
1968 2237 2018 2281 te

439 2324 614 2390 multi,
639 2327 715 2380 sic
738 2326 1052 2395 ingloriosus
1077 2328 1174 2380 erit
1199 2327 1335 2380 inter
1367 2327 1505 2380 viros
1538 2337 1775 2396 aspectas
1801 2326 1937 2397 ejus,
1969 2336 2016 2381 et

440 2418 610 2488 forma
631 2417 747 2488 ejus
766 2418 904 2471 inter
923 2418 1065 2486 ﬁlios
1086 2418 1379 2472 hominum.
1404 2417 1664 2487 Sequitur
1679 2436 1693 2471 :
1708 2417 1818 2472 Iste
1839 2433 2017 2485 asper-

439 2520 521 2578 get
571 2518 745 2578 gentes
799 2508 1015 2563 multas.
1070 2509 1137 2562 Et.
1188 2509 1451 2565 Dominus
1500 2510 1718 2580 quidem
1766 2508 2016 2566 Christus

438 2600 746 2656 israeliticte
771 2602 915 2671 ετθωί
957 2601 1111 2670 quasi
1156 2601 1390 2671 pluviam
1424 2617 1670 2672 magnam
1708 2601 1860 2671 pluit,
1889 2617 2011 2656 cum

438 2691 582 2746 inter
621 2707 716 2747 eos
751 2700 1005 2761 tanquam
1044 2693 1102 2746 in
1128 2694 1339 2763 propria
1367 2694 1499 2747 venit
1545 2693 1725 2764 (Joau.
1751 2692 1813 2763 l);
1845 2702 1902 2747 et
1933 2693 2014 2748 eis

437 2797 600 2852 opera
635 2791 690 2838 et
716 2782 982 2853 magnalia
1009 2799 1109 2838 sua
1133 2785 1390 2839 ostendit.
1440 2785 1585 2838 Alias
1617 2792 1794 2838 autem
1824 2791 2013 2853 gentes

437 2874 633 2931 multas
659 2877 909 2945 aspersit,
938 2876 1063 2945 quia
1105 2891 1199 2931 eas
1241 2891 1347 2932 non
1387 2877 1661 2947 signorum
1699 2877 2010 2947 praesentia,

436 2967 532 3022 sed
575 2981 762 3022 eorum
813 2966 997 3022 auditu
1043 2976 1099 3023 et
1141 2967 1284 3022 fama
1311 2968 1468 3036 quasi
1515 2983 1638 3022 rore
1680 2969 1914 3037 quodam
1945 2968 2012 3021 de

437 3058 595 3128 longe
633 3059 902 3127 irrigavit,
932 3068 986 3114 et
1012 3073 1203 3114 omnes
1241 3060 1484 3128 stupidos
1522 3073 1586 3113 ac
1628 3074 1736 3128 pra:
1776 3059 2012 3113 admira-

437 3150 582 3204 tione
624 3151 918 3205 taciturnos
957 3151 1209 3206 reddidit.
1256 3150 1408 3207 Unde
1449 3159 1534 3206 est
1568 3164 1584 3204 :
1630 3147 1799 3219 Super
1842 3150 2009 3219 ipsum

435 3240 763 3293 continebant
794 3257 934 3310 reges
963 3258 1021 3296 os
1047 3257 1220 3304 suum,
1251 3241 1375 3310 quia
1399 3239 1539 3310 quod
1580 3256 1683 3294 non
1708 3250 1781 3293 est
1822 3257 2013 3294 narru-

433 3341 543 3385 tum
573 3331 645 3385 eis
685 3331 945 3396 viderunt,
973 3341 1021 3386 et
1056 3333 1194 3401 quod
1235 3348 1340 3385 non
1374 3330 1653 3385 audierunt
1680 3331 2011 3401 contemplati

433 3432 578 3488 sunt,
632 3423 774 3479 sicut
817 3423 1018 3478 Judmis
1076 3432 1354 3478 narratum
1417 3421 1517 3477 fuit
1572 3422 1639 3477 de
1694 3438 1781 3487 co,
1816 3432 1871 3478 et
1915 3438 2013 3476 au-

435 3516 671 3570 dierunt.
717 3515 871 3583 Quod
939 3524 993 3570 et
1035 3514 1150 3583 ipse
1217 3515 1479 3584 propheta
1524 3513 1834 3578 admirans,
1877 3515 1951 3568 ait
1994 3532 2008 3568 :

434 3606 567 3672 Quis
599 3607 819 3661 credidit
850 3607 1055 3661 auditui
1086 3614 1285 3668 nostro.
1322 3614 1369 3659 et
1395 3604 1663 3659 brachium
1687 3604 1900 3660 Domini
1927 3607 2012 3659 cui

433 3696 717 3751 revelatum
758 3698 871 3750 est?
915 3698 994 3751 Ac
1037 3696 1083 3751 si
1125 3697 1332 3751 diceret
1367 3711 1383 3749 :
1420 3695 1568 3751 Adeo
1605 3704 1733 3751 sunt
1765 3697 2012 3751 miranda

432 3801 553 3855 qua:
583 3786 817 3856 praedico
844 3800 965 3842 esse
989 3796 1238 3848 ventura,
1270 3787 1410 3856 quod
1443 3787 1529 3841 vix
1558 3787 1663 3842 erit
1689 3787 1779 3857 qui
1808 3785 2014 3855 iudicet

432 3894 555 3935 esse
588 3878 884 3942 credenda,
924 3878 1135 3934 scilicet
1168 3880 1309 3948 quod
1350 3879 1628 3934 brachium
1668 3878 1882 3933 Domini
1919 3879 2014 3934 de-

433 3970 560 4025 beat
587 3970 836 4036 revelari,
869 3969 924 4025 id
951 3977 1035 4026 est
1064 3969 1235 4025 Filius
1265 3969 1381 4037 eius
1409 3969 1603 4024 debeat
1637 3968 1929 4031 incarnari,
1958 3976 2013 4022 et

435 4064 513 4118 sic
536 4079 632 4134 per
651 4072 981 4133 assumptam
1003 4077 1222 4119 carnem
1251 4062 1450 4117 mundo
1474 4058 1758 4114 visibiliter
1776 4057 2011 4114 ostendi.

441 4154 506 4206 ισὶι
531 4155 793 4219 ascendet,
819 4155 1014 4223 inquit,
1034 4156 1166 4207 sicut
1192 4151 1472 4220 virgultum
1493 4167 1667 4204 coram
1693 4166 1773 4216 eo,
1801 4158 1849 4203 et
1878 4148 2013 4203 sicut

437 4246 593 4299 radix
649 4246 713 4299 de
744 4256 884 4300 terra
924 4245 1139 4299 sitienti.
1182 4244 1440 4299 Videmus
1478 4243 1692 4312 quidem
1749 4241 1890 4310 quod
1946 4240 2014 4296 de

440 4348 580 4392 terra
634 4339 858 4402 sitienti,
917 4338 968 4391 id
1022 4345 1107 4392 est
1162 4336 1229 4391 de
1264 4340 1429 4390 iterra
1472 4334 1643 4398 arida,
1681 4348 1856 4404 neque
1903 4332 2014 4386 vir-

433 4446 534 4502 ga,
602 4446 777 4499 neque
830 4430 985 4484 radix
1040 4430 1158 4485 sine
1211 4430 1438 4483 luunore
1489 4427 1657 4499 possit
1710 4422 2006 4497 procreari.

2119 1945 2400 2014 sciplinam
2446 1957 2500 2001 et
2543 1949 2940 2003 correctionem
2990 1967 3152 2020 quam
3202 1962 3259 2005 ut
3302 1970 3491 2024 pacem
3537 1956 3703 2011 habe-

2119 2053 2302 2093 remus
2349 2041 2558 2108 passuri
2607 2057 2844 2106 eramus,
2893 2057 2990 2112 pro
3039 2043 3196 2098 nobis
3254 2044 3367 2113 ipse
3417 2046 3698 2113 sustinuit,

2118 2138 2176 2181 ιιι
2220 2129 2528 2184 misericors
2587 2141 2642 2186 et
2693 2133 2975 2201 benignus.
3034 2132 3186 2199 Unde
3243 2138 3513 2206 sequitur,
3572 2139 3698 2208 quia

2116 2217 2275 2274 livore
2327 2220 2441 2288 ejus
2470 2223 2642 2278 sa‘tati
2676 2239 2876 2287 sumus,
2918 2224 3089 2279 livore
3119 2226 3329 2281 scilicet
3367 2227 3697 2298 ﬂagellorum

2114 2298 2183 2365 ρι’
2198 2311 2497 2378 vulnerum,
2527 2328 2647 2383 qua:
2680 2330 2778 2385 pro
2805 2315 2959 2371 nobis
2993 2326 3076 2371 est
3102 2332 3410 2388 perpessus.
3451 2318 3583 2375 item
3613 2336 3700 2377 se-

2115 2406 2301 2473 quitur
2338 2421 2352 2458 :
2394 2403 2588 2460 Omnes
2629 2423 2721 2461 nos
2759 2409 2911 2477 quasi
2955 2425 3072 2463 oves
3113 2411 3423 2472 erravimus,
3454 2420 3503 2466 et
3540 2429 3698 2468 unus.

2114 2498 2330 2568 quisque
2360 2497 2413 2552 in
2439 2500 2573 2552 viam
2599 2515 2747 2553 suam
2773 2500 3067 2554 declinavit.
3102 2500 3243 2556 Oves
3267 2502 3466 2572 quippe
3495 2504 3700 2574 simpli-

2113 2590 2197 2645 cia
2232 2599 2288 2644 ct
2329 2591 2677 2646 stolidissima
2717 2603 2844 2646 sunt
2884 2593 3134 2648 animalia
3189 2603 3241 2648 et
3298 2610 3451 2661 vaga.
3496 2595 3563 2650 Et
3604 2612 3698 2650 nos

2114 2681 2264 2736 stulti
2286 2683 2437 2753 quasi
2470 2699 2585 2736 oves
2611 2684 2918 2746 erravimus,
2947 2684 3072 2753 quia
3099 2684 3270 2754 ipsum
3303 2684 3424 2753 quis
3450 2684 3532 2739 vel
3562 2702 3698 2755 qna-

2113 2771 2178 2825 lis
2215 2784 2359 2827 esset
2398 2789 2502 2826 non
2539 2772 2806 2840 novimus,
2851 2774 3203 2843 unusquisque
3245 2785 3419 2828 autem
3464 2776 3518 2830 in
3560 2778 3696 2830 viam

2111 2880 2262 2917 suam
2308 2864 2602 2927 declinavit,
2652 2864 2753 2918 hoc
2788 2874 2904 2929 est,
2939 2864 3202 2920 doctrina:
3244 2864 3388 2919 illius
3428 2867 3514 2920 vix
3558 2866 3698 2923 ullus

2112 2955 2363 3020 credidit,
2392 2955 2484 3009 sed
2520 2971 2672 3008 suam
2700 2963 2939 3009 veterem
2966 2956 3195 3025 quisque
3225 2955 3467 3011 retinuit.
3494 2955 3560 3010 Et
3587 2956 3694 3010 Do-

2108 3048 2284 3102 minus
2319 3048 2493 3115 posuit
2528 3048 2583 3101 in
2620 3064 2680 3101 eo
2722 3047 3053 3120 iniquitatem
3085 3048 3318 3101 omnium
3349 3059 3606 3115 nostrum,
3639 3050 3692 3103 id

2110 3148 2213 3205 est,
2241 3138 2504 3206 originale
2544 3148 2845 3208 peccatum,
2887 3152 2994 3207 quo
3032 3137 3314 3192 irretimur
3352 3153 3561 3203 omnes,
3597 3152 3696 3206 per

2037 3211 2081 3269 (ἶ
2112 3245 2257 3297 eum,
2285 3230 2334 3284 id
2359 3239 2551 3299 estper
2575 3231 2896 3298 baptismum
2913 3245 3071 3299 quem
3099 3230 3210 3299 ipse
3235 3230 3378 3283 dedit
3407 3229 3689 3296 Dominus,

2115 3321 2384 3376 condonat.
2425 3331 2479 3375 et
2510 3320 2697 3374 abluit.
2745 3317 2969 3378 Coactus
3011 3330 3085 3374 est
3126 3329 3172 3374 et
3211 3320 3452 3390 amictus,
3499 3329 3546 3374 et
3592 3338 3695 3374 non

2113 3416 2318 3485 aperuit
2353 3431 2410 3469 os
2445 3430 2616 3473 suum.
2651 3422 2697 3466 et
2726 3413 2861 3466 sicut
2890 3429 3055 3481 agnus
3093 3412 3162 3465 ad
3192 3412 3502 3464 occisionem
3537 3411 3696 3464 duce-

2114 3518 2222 3572 tur,
2266 3514 2315 3559 et
2357 3504 2507 3574 quasi
2549 3505 2654 3556 oris
2685 3519 2861 3556 coram
2906 3505 3149 3556 tondente
3190 3518 3243 3555 se
3272 3502 3608 3565 obmutescet,
3644 3510 3692 3553 et

2114 3614 2219 3653 non
2261 3597 2452 3666 aperiet
2495 3612 2551 3650 os
2580 3611 2757 3649 suum.
2806 3593 2920 3648 Hoc
2965 3601 3131 3646 totum
3175 3591 3554 3661 explanatione
3587 3606 3692 3645 non

2112 3686 2338 3757 indiget,
2364 3685 2471 3739 imo
2491 3684 2741 3739 omnibus
2765 3691 2848 3738 est
2875 3681 3243 3736 manifestum.
3266 3680 3517 3736 Christus
3539 3696 3694 3735 nam-

2113 3789 2219 3845 que
2244 3783 2371 3829 ante
2394 3772 2622 3827 Pilatum
2653 3772 2941 3838 adductus,
2965 3770 3208 3842 falsoque
3230 3780 3541 3833 accusatus,
3566 3784 3692 3824 ver-

2112 3866 2356 3931 beratus,
2395 3865 2556 3920 etiam
2597 3872 2654 3917 et
2691 3863 2932 3932 colaphis
2959 3877 3154 3928 cassus,
3186 3864 3463 3927 conticuit,
3497 3873 3554 3917 et
3589 3862 3691 3933 ipsi

2110 3955 2287 4011 Pilato
2330 3953 2572 4023 pluribus
2610 3967 2733 4005 eum
2777 3951 3159 4020 interroganti,
3204 3953 3427 4005 verbum
3459 3951 3547 4005 vix
3587 3952 3678 4006 ali-

2114 4045 2256 4114 quod
2287 4045 2581 4114 respondit.
2616 4038 2728 4096 Sed
2750 4042 2893 4113 quod
2936 4042 3181 4111 sequitur
3210 4059 3222 4094 :
3258 4039 3332 4094 De
3360 4041 3606 4111 angustia
3642 4051 3693 4096 et

2105 4137 2312 4209 judicio
2357 4135 2595 4190 sublatus
2636 4145 2735 4198 est,
2777 4149 2872 4202 per
2905 4132 3175 4186 endiadim
3221 4132 3439 4186 dicitur.
3486 4132 3565 4186 De
3594 4151 3694 4188 an-

2111 4228 2284 4297 gustia
2333 4228 2477 4281 enim
2533 4226 2703 4294 inquit
2732 4235 2780 4279 et
2807 4224 3034 4294 judicio,
3070 4239 3167 4293 pro
3197 4224 3263 4279 de
3289 4234 3517 4295 angusto
3541 4225 3688 4295 judi-

2114 4320 2215 4375 cio.
2264 4318 2331 4373 Et
2373 4333 2471 4372 nos
2510 4318 2730 4386 quidem
2770 4326 3054 4385 angustum
3099 4316 3382 4385 judicium,
3425 4316 3689 4383 judicium

2113 4423 2368 4463 vocamus
2394 4405 2672 4476 iujustmu.
2717 4407 2963 4462 Christus
2992 4420 3119 4460 vero
3142 4408 3208 4461 dc
3235 4415 3464 4475 augusto
3486 4407 3692 4477 judicio

438 4495 646 4577 llumor
670 4495 814 4577 enim
845 4522 1001 4592 quasi
1036 4537 1153 4577 mas
1176 4532 1259 4576 est
1287 4520 1456 4591 ipsius
1490 4495 1609 4574 soli.
1640 4495 1887 4579 Christus
1915 4532 2007 4570 au-
2041 4546 2086 4600 Β
2114 4500 2356 4557 ευωθιυε
2380 4509 2492 4565 εει,
2518 4498 2812 4600 δἐι-,Ρθις
2841 4506 3129 4569 θηῧυειυιη
3170 4506 3224 4552 el
3254 4495 3687 4600 i'ﬂllsullndlll'i'

434 4622 544 4669 tem
583 4615 737 4684 quasi
777 4615 929 4670 radix
975 4623 1070 4670 aut
1108 4613 1399 4684 virgultum
1441 4613 1509 4668 de
1545 4612 1688 4668 sicca
1735 4622 1877 4667 terra
1918 4627 2010 4665 σου

435 4719 551 4758 ram
592 4703 817 4759 Domino
849 4705 1122 4771 ascendit,
1156 4721 1281 4761 cum
1320 4704 1386 4757 de
1421 4718 1586 4759 carne
1614 4700 1846 4772 Virginis
1889 4703 2009 4757 sine

434 4796 600 4850 maris
620 4796 808 4864 copula
833 4795 974 4851 Deus
996 4795 1156 4850 Pater
1176 4811 1297 4850 eum
1323 4795 1625 4867 progenuit.
1652 4793 1804 4860 Quod
1825 4802 2004 4848 autem

435 4884 657 4948 addidit,
683 4901 787 4939 non
806 4892 879 4938 est
904 4886 1095 4952 species
1123 4886 1171 4938 ei
1193 4901 1353 4955 neque
1376 4885 1551 4950 decor,
1577 4892 1625 4936 et
1650 4882 1869 4936 vidimus
1889 4899 2006 4937 eum

431 4984 480 5027 et
507 4991 608 5029 non
635 4985 747 5029 erat
773 4986 1029 5044 aspectus,
1053 4984 1101 5028 et
1122 4974 1529 5028 desiderauimus
1549 4989 1666 5026 eum
1688 4973 2005 5039 despectura,

430 5073 480 5119 et
509 5065 841 5119 novissimum
867 5066 1116 5129 virorum,
1140 5063 1208 5118 ad
1234 5063 1621 5118 ostendendam
1648 5062 2004 5117 humilitatem

432 5172 583 5214 suam
629 5157 981 5222 addiditt,‘et
1027 5171 1234 5226 pompa:
1283 5140 1569 5209 mundanae
1612 5162 2003 5224 contemptum.

431 5250 591 5316 Eum,
621 5249 812 5319 inquit,
849 5249 1015 5301 virum
1045 5247 1306 5303 dolorum.
1336 5245 1429 5301 Vir
1457 5260 1589 5300 sane
1628 5245 1873 5300 dolorum
1907 5243 2009 5297 l'uit

431 5340 566 5407 ipse,
597 5341 720 5407 quia
752 5353 851 5392 nec
894 5339 945 5391 in
990 5335 1237 5400 infantia,
1278 5335 1363 5390 vel
1406 5334 1658 5405 pueritia,
1702 5348 1801 5387 nec
1831 5332 1883 5386 in
1915 5332 2005 5400 ju-

428 5439 681 5492 vcntute,
733 5427 1115 5483 malevolorum
1166 5424 1375 5479 insidiis
1422 5422 1630 5483 caruit,
1687 5437 1750 5476 ac
1799 5421 2004 5485 labore,

426 5521 570 5576 unde
597 5530 653 5576 et
687 5519 905 5587 majoris
934 5518 1088 5571 famae
1118 5515 1239 5582 fuit,
1269 5524 1325 5570 et
1361 5512 1581 5581 majoris
1611 5513 1834 5577 notitiw,
1862 5512 2003 5581 quod

426 5622 511 5667 est
538 5614 800 5683 cognitum
831 5610 1153 5681 inﬁrmitate.
1186 5608 1287 5663 llic
1314 5620 1546 5675 namque
1582 5622 1675 5676 per
1715 5605 2002 5660 inﬁrmita-

388 5682 396 5709 ’
427 5713 535 5757 tcm
574 5682 735 5758 iatam
774 5702 850 5757 nil
877 5701 1021 5756 aliud
1056 5701 1314 5771 propheta
1352 5692 1573 5767 intelligi
1612 5694 1813 5763 voluit,
1842 5711 2003 5767 quam

427 5795 676 5859 miserias
693 5806 747 5851 et
767 5795 999 5861 labores,
1019 5809 1154 5864 quos
1174 5789 1465 5848 secundum
1487 5803 1706 5845 carnem
1729 5788 1782 5845 iu
1805 5788 2003 5845 mundo

1161 5946 1189 5967 κ

2111 4593 2273 4657 cium,
2307 4607 2428 4647 eum
2457 4590 2588 4645 nihil
2610 4589 2925 4660 deliquisset
2945 4597 3134 4659 captus
3155 4597 3256 4644 est.
3288 4587 3690 4643 Ceueratiouem

2110 4682 2224 4752 ejus
2271 4683 2387 4752 quis
2439 4680 2743 4734 euarrabit.’
2792 4677 2906 4734 Hoc
2945 4679 3132 4748 utique
3182 4679 3250 4733 de
3302 4679 3481 4733 divina
3530 4694 3694 4749 genie-

2110 4773 2319 4831 ratione
2366 4787 2487 4841 qua:
2543 4768 2920 4826 inenarrabilis
2977 4779 3059 4825 cst
3104 4779 3160 4824 et
3214 4768 3528 4833 ineli‘ahilis,
3565 4784 3691 4837 pro-

2113 4869 2253 4934 tulit,
2290 4875 2343 4922 el
2372 4883 2468 4937 per
2505 4866 2607 4921 hoc
2637 4883 2760 4923 eum
2792 4867 3032 4923 futurum
3070 4866 3185 4925 fore
3225 4868 3393 4922 Deum
3432 4866 3688 4924 ostendit.

2116 4960 2264 5014 [Inde
2300 4968 2353 5014 et
2391 4958 2636 5028 sequitur
2675 4975 2688 5012 :
2728 4958 2941 5013 Dirisus
2979 4969 3055 5014 est
3096 4960 3162 5014 de
3205 4969 3345 5013 terra
3389 4959 3687 5014 viventium.

2112 5046 2336 5117 l’r0pter
2355 5050 2519 5104 scelus
2542 5048 2721 5119 pepuli
2747 5049 2844 5102 mei
2865 5047 3106 5118 plagatus
3127 5047 3248 5117 fuit,
3275 5048 3414 5102 idem
3439 5059 3521 5103 cst
3546 5049 3687 5118 quod

2109 5141 2352 5209 Superius
2376 5141 2544 5204 dixit,
2577 5142 2685 5207 ipse
2715 5137 3014 5219 vulneratus
3052 5152 3125 5194 est
3154 5151 3367 5210 propter
3389 5141 3688 5210 iniquitates

2110 5241 2333 5296 nostras,
2367 5232 2580 5285 attritus
2622 5243 2694 5284 est
2725 5241 2934 5301 pmpter
2958 5230 3150 5285 scelera
3183 5242 3382 5286 nostra.
3432 5231 3499 5284 lit
3545 5230 3686 5283 dedit

2108 5337 2224 5374 cum
2260 5322 2432 5391 impiis
2460 5322 2779 5392 sepulturam
2810 5339 2982 5387 suam,
3025 5333 3071 5375 et
3106 5338 3223 5375 cum
3266 5323 3510 5375 divitibus
3548 5337 3683 5372 utor-

2108 5425 2207 5466 tt’ttt
2235 5428 2405 5465 suout.
2437 5412 2568 5466 Cum
2596 5414 2771 5483 impiis
2806 5424 2862 5468 ct
2888 5413 3147 5467 divitibus
3174 5414 3312 5466 idem
3347 5421 3449 5466 est.
3483 5410 3686 5464 Divites

2107 5505 2304 5577 quippe
2334 5505 2491 5575 hujus
2519 5506 2722 5570 mundi,
2754 5520 2891 5575 pene
2920 5520 3110 5559 omnes
3140 5504 3286 5573 impii
3318 5513 3442 5556 sunt
3466 5500 3683 5573 (Matth.
3720 5514 3731 5524 ‘

2106 5614 2228 5664 nx;
2253 5596 2382 5651 Luc.
2406 5612 2572 5663 xvm;
2596 5596 2623 5650 Ι
2651 5596 2786 5654 Tini.
2812 5602 2909 5668 vi).
2937 5598 3092 5669 Apud
3119 5595 3335 5651 Iudaeos
3362 5606 3542 5651 autem
3568 5606 3688 5651 erat

2106 5691 2461 5756 consuetudo,
2494 5690 2689 5761 impios
2714 5700 2768 5745 et
2802 5706 2899 5760 pro
2923 5690 3104 5760 aliquo
3143 5688 3351 5745 scelere
3388 5703 3485 5743 suo
3518 5688 3689 5743 inter-

2109 5783 2299 5851 fectos,
2332 5791 2483 5841 extra
2512 5783 2945 5839 communionem
2983 5780 3259 5836 hominum
3291 5779 3504 5851 sepeliri
3534 5794 3690 5838 caete-

4116 5186 4119 5305 τ
