4038 6458
440 419 546 475 ϐ’ἶΰ

1363 416 1570 475 PETRI
1606 415 1951 475 ALPHONSI
1993 417 2084 474 EX
2120 416 2364 476 JUDAZO
2402 419 2801 480 CllRlSTIAM

3610 430 3710 485 6'56

439 553 646 593 rerum.
706 536 773 591 Et
819 536 1065 591 Christus
1120 547 1243 588 cum
1280 532 1487 601 impiis,
1513 532 1563 587 id
1590 541 1671 588 est
1699 549 1823 588 cum
1854 533 2024 591 latro-
2051 541 2100 599 Λ
2129 536 2457 605 conscripta,
2491 536 2542 592 in
2576 537 2680 593 isto
2705 553 2865 608 quem
2893 538 3073 597 dicitis
3097 540 3310 597 venisse
3341 542 3586 611 homine,
3611 562 3715 601 non

439 632 601 687 nibus
634 637 720 685 est
754 627 1068 689 cruciﬁxus,
1115 634 1168 678 et
1196 634 1462 689 mortuus,
1491 634 1547 683 et
1587 636 1741 680 extra
1784 644 2027 682 eommu-

439 736 564 776 nem
592 718 925 790 sepulturam
956 714 1220 785 sepultus,
1255 714 1374 769 licet
1405 715 1727 787 iniquitatem
1758 734 1860 771 non
1892 715 2029 787 fece-

438 813 530 875 rit,
585 827 677 865 nec
740 808 893 863 dolus
949 808 1108 878 fuerit
1166 806 1218 861 in
1266 824 1354 862 ore
1397 808 1534 875 eius,
1593 810 1689 867 sed
1729 810 1801 865 ita
1859 810 2029 865 voluit

436 902 719 967 Dominus,
766 899 906 955 sicut
949 901 1212 969 scriptum
1265 907 1348 955 est
1399 901 1453 956 in
1503 902 1857 971 sequentibus
1899 921 1912 956 :
1961 904 2027 957 Et

435 992 695 1047 Dominus
748 990 904 1045 voluit
960 1007 1078 1045 eum
1135 1001 1401 1049 conterere
1453 1002 1501 1046 et
1544 992 1825 1061 inﬁrmari,
1860 994 1909 1049 id
1943 1005 2028 1051 est

434 1085 569 1155 pati.
615 1081 674 1139 Si
717 1081 947 1153 posuerit
991 1098 1085 1151 pro
1116 1091 1329 1151 peccato
1366 1084 1598 1138 animam
1628 1102 1801 1151 suam,
1842 1087 2029 1143 videbit

436 1190 634 1239 semen,
665 1181 773 1227 etc.
813 1170 1029 1226 Scimus
1058 1172 1301 1243 profecto
1339 1174 1480 1243 quod
1547 1175 1849 1246 antiquitus
1884 1176 2034 1233 Scri-

437 1274 594 1335 ptura
639 1262 972 1319 sacriﬁcium
1018 1264 1163 1333 quod
1202 1279 1302 1339 pro
1349 1266 1785 1338 peccatoﬁebat,
1823 1270 2031 1336 peccati

441 1356 661 1410 nomine
691 1355 1015 1425 appellabat.
1055 1354 1208 1411 Unde
1249 1365 1303 1411 et
1341 1357 1431 1411 hic
1460 1358 1722 1427 propheta
1761 1359 1890 1414 dicit
1922 1377 1936 1413 :
1972 1358 2031 1415 Si

438 1449 698 1518 posueris,
730 1447 980 1516 Domine,
1010 1449 1241 1503 animum
1292 1459 1464 1511 tuam,
1520 1450 1572 1504 id
1622 1459 1739 1517 est,
1794 1452 2029 1510 animum

442 1540 671 1607 Christi,
713 1557 807 1611 pro
849 1550 1080 1609 peccato,
1127 1540 1179 1593 id
1218 1551 1321 1604 est,
1361 1555 1457 1610 pro
1493 1543 1699 1611 peccati
1741 1544 2026 1614 sacriﬁcio,

444 1632 548 1687 hoc
589 1640 694 1696 est,
737 1632 783 1686 si
840 1647 937 1700 pro
986 1641 1212 1701 peccato
1265 1642 1455 1687 nostro
1511 1633 1922 1702 sacrilicabitur,
1950 1653 2031 1699 se-

445 1741 561 1779 men
593 1724 800 1789 ridebit,
848 1723 902 1778 id
955 1732 1059 1789 est,
1114 1738 1300 1778 semen
1356 1738 1632 1792 magnum,
1683 1732 1739 1780 et
1788 1726 2030 1784 haeredes

445 1815 645 1870 inultos
680 1815 900 1871 habebit
943 1814 1027 1886 (ll
1053 1815 1177 1872 Cor.
1205 1817 1280 1883 v).
1330 1816 1397 1870 Et
1433 1815 1685 1871 Christus
1728 1832 1825 1887 per
1863 1818 2034 1875 sacri.-

2128 637 2254 684 sunt
2282 628 2590 698 completa?

2197 719 2435 776 Psrnus.
2469 719 2639 787 Quae?
2662 790 2669 798 .

2201 811 2434 867 Movsss.
2474 811 2616 867 Dicit
2650 812 2847 882 quippe
2880 813 2946 868 de
2975 812 3191 868 Christo
3219 812 3361 873 idem
3402 812 3616 870 Isaias:
3656 812 3719 868 Et

2121 902 2382 973 judicabit
2411 918 2607 974 gentes,
2652 914 2699 958 et
2727 912 2907 973 arguet
2948 904 3165 974 populos
3197 904 3412 968 multos,
3441 915 3490 958 et
3521 907 3720 975 confla-

2130 995 2256 1049 bunt
2278 995 2482 1065 gladios
2506 1013 2630 1051 suos
2654 997 2708 1049 in
2731 1012 2977 1061 vomeres,
3001 1005 3046 1049 et
3069 995 3279 1049 lanceas
3301 1013 3426 1050 suas
3450 996 3503 1050 in
3527 996 3721 1066 falces:

2130 1100 2235 1138 non
2262 1084 2446 1139 levabit
2474 1102 2599 1156 gens
2633 1095 2817 1139 contra
2851 1095 3052 1156 gentem
3083 1084 3342 1156 gladium,
3386 1102 3479 1139 nec
3509 1102 3713 1140 exerce-

2132 1172 2326 1231 bantur
2362 1175 2501 1229 ultra
2550 1176 2620 1229 ad
2658 1174 2897 1243 prndium
2937 1172 3072 1244 (lsa.
3104 1174 3189 1244 ιι).
3235 1174 3305 1228 Ει
3344 1175 3461 1229 haec
3504 1175 3717 1244 quidem

2130 1264 2369 1318 nondum
2398 1264 2662 1337 completa
2692 1274 2841 1329 sunt,
2868 1279 2988 1334 quae
3029 1275 3151 1334 post
3191 1264 3394 1320 Christi
3427 1265 3715 1320 adventum

2130 1355 2318 1426 procul
2348 1355 2511 1410 dubio
2539 1356 2974 1427 complebantur.
3011 1355 3193 1426 Usque
3215 1356 3379 1411 hodie
3405 1355 3553 1411 enim
3587 1370 3716 1426 gen-

2133 1457 2215 1501 tes
2249 1446 2315 1501 ad
2348 1446 2578 1504 invicem
2612 1448 2946 1517 prmliantur.

2205 1538 2438 1594 Pernus.
2480 1539 2558 1593 'l'u
2601 1540 2748 1609 quod
2786 1540 2919 1595 dicis
2959 1540 3241 1609 quomodo:
3259 1539 3461 1595 dictum
3500 1539 3575 1595 sit
3616 1555 3718 1595 non

2135 1629 2377 1698 respicis.
2409 1627 2593 1698 Neque
2622 1629 2768 1684 enim
2807 1626 2941 1684 illud
2963 1631 3107 1700 quod
3138 1640 3239 1694 est,
3274 1633 3577 1701 conﬂabant
3604 1631 3719 1701 gla-

2132 1720 2247 1775 dios
2275 1738 2395 1775 suos
2425 1723 2478 1774 iu
2505 1737 2759 1790 vomeres,
2784 1732 2832 1776 et
2856 1723 3067 1776 lanceas
3092 1740 3216 1778 suas
3242 1724 3295 1776 in
3328 1724 3515 1793 falces,
3542 1733 3590 1777 et
3621 1740 3721 1777 non

2135 1811 2322 1864 levabit
2346 1827 2470 1880 gens
2500 1822 2683 1867 contra
2708 1823 2910 1885 gentem
2939 1814 3197 1885 gladium,
3230 1832 3323 1870 nec
3349 1815 3723 1870 exercebantur

444 1905 627 1960 licium
650 1905 892 1976 corporis
913 1907 1019 1972 sui,
1039 1914 1095 1961 et
1115 1915 1346 1962 mortem
1370 1922 1546 1972 suam,
1571 1922 1755 1963 semen
1780 1925 2028 1980 maguum

2147 1900 2276 1955 ultra
2301 1904 2369 1955 ad
2396 1903 2663 1972 prndium,
2695 1919 2826 1969 non,
2846 1905 3098 1975 inquam,
3120 1905 3249 1960 illud
3273 1906 3408 1960 dixit
3434 1905 3721 1975 propheta,

442 1998 597 2062 vidit,
625 2005 679 2051 et
707 1998 950 2053 haeredes
977 1999 1311 2070 permultos,
1354 2008 1409 2053 et
1435 1999 1741 2072 elongatum
1779 2012 1858 2057 est
1897 2014 2032 2057 tem-

444 2106 564 2160 pus,
607 2099 663 2145 et
705 2090 954 2146 voluntas
1002 2091 1215 2146 Domini
1253 2091 1307 2145 in
1348 2106 1413 2147 eo
1451 2091 1719 2158 completa
1757 2091 1858 2146 fuit
1895 2111 1908 2147 :
1946 2092 2033 2148 Ea:

443 2180 623 2234 lubere
647 2181 839 2237 anima:
865 2198 978 2238 sua:
1002 2182 1213 2247 videbit,
1255 2192 1302 2236 et
1334 2184 1682 2238 saturabitur.
1713 2184 1791 2239 Ac
1816 2185 1859 2241 si
1886 2186 2034 2241 dice-

450 2283 572 2328 ret:
606 2273 753 2328 Adeo
796 2274 1066 2331 laborabit
1112 2276 1292 2330 anima
1322 2291 1442 2340 sua,
1488 2277 1631 2345 quod
1663 2293 1786 2333 cum
1830 2278 2030 2333 videbit

444 2361 685 2417 laborem
722 2363 868 2418 illum
899 2365 1023 2435 quia
1069 2374 1251 2420 tantus
1292 2363 1414 2432 luit,
1446 2368 1799 2434 saturabitur,
1833 2368 1883 2422 id
1924 2378 2028 2436 est,

447 2456 649 2511 nimius
676 2448 776 2512 sibi
803 2457 1093 2520 videbitur,
1120 2459 1260 2514 sicut
1287 2459 1447 2515 hodie
1479 2459 1641 2515 etiam
1666 2460 1883 2525 dicitur,
1915 2471 2033 2516 tan-

449 2536 561 2601 tum
599 2548 795 2619 pertuli
841 2550 967 2604 mali
1014 2558 1069 2605 et
1109 2551 1392 2621 angustia‘,
1437 2553 1580 2621 quod
1626 2561 1777 2607 satus
1812 2551 2034 2610 effertus

445 2654 569 2693 sum
609 2639 752 2695 inde.
796 2639 863 2695 Et
897 2640 1146 2696 Christus
1186 2621 1463 2710 angustias
1496 2650 1552 2696 et
1586 2640 1803 2696 labores
1839 2642 2035 2697 nimios

447 2733 726 2788 sustinuit.
764 2731 831 2787 In
867 2733 1085 2787 scientia
1114 2749 1213 2786 sua
1243 2733 1560 2802 justi/icabit
1593 2733 1799 2802 justum
1829 2734 2034 2800 multis,

448 2826 553 2881 hoc
577 2834 662 2880 est
689 2840 785 2897 per
809 2825 1092 2880 scientiam
1114 2839 1266 2877 suam
1291 2839 1415 2878 eum
1439 2824 1633 2893 quiest
1654 2823 1835 2893 justus
1859 2834 2036 2879 osten-

447 2918 537 2972 det
564 2917 748 2972 multis
781 2916 986 2985 justum
1012 2931 1134 2972 esse
1165 2916 1445 2971 Dominus.
1491 2915 1744 2972 Christus
1771 2927 1951 2972 autem
1981 2926 2037 2973 et

426 3000 625 3074 'justus
671 3008 804 3069 fuit,
858 3017 912 3063 et
952 3022 1075 3062 enm
1119 3006 1322 3074 justum
1367 3022 1487 3063 esse
1535 3007 1798 3062 Dominus
1848 3008 2034 3062 multis

447 3101 705 3156 ostendit.
738 3101 845 3156 Sed
876 3112 931 3156 et
965 3101 1107 3170 quod
1139 3101 1407 3170 sequitur,
1441 3110 1489 3156 et
1524 3102 1827 3171 iniquitates
1856 3117 2035 3155 eorum

445 3196 558 3260 ipse
602 3192 859 3263 portabit,
911 3190 1052 3246 idem
1101 3204 1183 3248 est
1223 3192 1366 3262 quod
1413 3193 1663 3263 superius
1708 3191 1869 3255 dixit,
1921 3207 2035 3245 vere
2063 3233 2104 3290 Ε

446 3285 725 3355 languores
764 3293 968 3339 nostros
1007 3285 1117 3355 ipse
1161 3286 1307 3350 tulit,
1351 3297 1397 3339 et
1440 3285 1647 3338 dolores
1685 3292 1888 3337 nostros
1930 3285 2037 3353 ipse

447 3378 693 3446 portavit.
734 3375 884 3442 Ideo,
926 3376 1101 3447 inquit
1134 3374 1413 3442 Deminus,
1445 3377 1759 3445 participare
1797 3391 1912 3429 eum
1955 3374 2039 3441 [a-

448 3471 587 3523 ciam
618 3470 672 3523 in
706 3470 970 3539 plurimis,
1008 3480 1057 3524 et
1096 3487 1215 3524 cum
1256 3469 1479 3539 fortibus
1517 3468 1710 3523 dividet
1737 3466 1924 3537 spolia.
1973 3466 2039 3520 Et

449 3560 700 3615 Christus
732 3560 784 3614 in
817 3561 1064 3630 plurimis
1108 3559 1474 3629 participavit,
1507 3563 1631 3628 quia
1678 3559 1744 3612 de
1790 3555 2038 3626 plurimis

451 3652 704 3719 gentibus
731 3650 1080 3705 crediderunt
1117 3651 1168 3704 in
1197 3665 1319 3703 eum
1357 3650 1534 3704 multi.
1569 3650 1633 3703 Et
1658 3664 1780 3703 cum
1810 3648 2039 3702 fortibus

452 3740 624 3810 spolia
648 3740 850 3803 divisit,
878 3740 1004 3809 quia
1030 3754 1152 3794 cum
1182 3737 1515 3809 principibus
1541 3736 1736 3792 inferni
1765 3736 1856 3806 qui
1884 3752 2041 3789 mun-

453 3828 585 3882 dum
633 3827 795 3882 istum
843 3828 1242 3898 spoliaverant,
1292 3828 1446 3897 quasi
1497 3828 1733 3901 prcedam
1786 3827 2036 3896 partitus,

453 3928 664 3989 partem
691 3934 842 3974 suam
873 3920 1197 3989 asportavit,
1224 3920 1438 3989 quando
1461 3934 1553 3973 eos
1583 3918 1673 3987 qui
1707 3918 1881 3988 ipsum
1914 3933 2034 3972 ven-

456 4022 636 4065 turum
667 4025 786 4066 esse
816 4012 1177 4076 crediderant,
1213 4011 1337 4066 inde
1358 4009 1577 4080 eripuit.
1607 4008 1864 4079 Sequitur
1889 4027 1901 4062 :
1933 4007 2039 4061 I’re

454 4118 516 4157 eo
540 4103 680 4174 quod
721 4104 941 4157 tradidit
982 4104 1036 4158 in
1078 4115 1295 4158 mortem
1327 4103 1560 4158 animum
1600 4119 1781 4163 suam.
1804 4102 2038 4156 Causam

455 4210 589 4250 sane
619 4195 834 4265 repetit,
880 4209 1049 4265 quare
1080 4195 1146 4249 'in
1195 4194 1444 4265 plurimis
1486 4193 1853 4263 participavit,
1895 4193 2040 4247 vide-

455 4286 585 4342 licet
624 4288 755 4357 quia
810 4301 876 4341 ex
921 4287 1087 4341 nimia
1131 4287 1333 4358 pietate
1393 4301 1489 4342 sua
1555 4300 1654 4356 pro
1717 4284 1899 4338 mundi
1956 4298 2040 4339 re-

455 4381 765 4450 demptione
821 4381 959 4436 mori
1007 4381 1282 4436 sustinuit.
1321 4381 1452 4435 ltem
1501 4379 1763 4448 sequitur.
1814 4377 1883 4432 Et
1916 4395 2039 4431 cum

454 4472 721 4526 sceleratis
769 4481 1099 4542 computatus
1149 4482 1242 4527 est.
1296 4470 1366 4527 Et
1410 4470 1680 4534 Christus,
1727 4469 1866 4523 sicut
1903 4484 2041 4537 pra:-

2132 1993 2261 2062 quid
2287 1992 2507 2047 facturae
2532 2003 2658 2049 sunt
2683 2003 2874 2067 gentes
2899 1995 3228 2061 enarranda,
3256 1998 3349 2052 sed
3371 1997 3501 2068 quid
3526 2011 3727 2067 prreceo

2131 2091 2324 2156 ptui-us
2366 2086 2436 2139 sit
2471 2085 2723 2142 Christus
2760 2087 3120 2153 ostendendo,
3168 2090 3630 2159 quemadmodum
3672 2099 3727 2144 et

2133 2174 2260 2229 alibi
2297 2174 2592 2233 Zacharias
2633 2177 2765 2233 dicit
2802 2178 2867 2234 de
2910 2178 3026 2249 ipso
3060 2197 3073 2232 :
3116 2177 3183 2233 Et
3224 2178 3488 2251 loquetur,
3528 2180 3725 2250 inquit,

2133 2283 2310 2337 pacem
2356 2269 2590 2338 gentibus
2638 2268 2825 2341 (Zach.
2875 2272 2985 2338 ts):
3038 2269 3190 2326 Sicut
3233 2271 3377 2327 enim
3423 2273 3512 2326 hic
3551 2273 3622 2327 de
3665 2287 3729 2327 eo

2133 2362 2275 2430 quod
2327 2375 2513 2430 pacem
2560 2362 2632 2417 sit
2674 2373 3043 2433 prrecepturus
3095 2363 3273 2435 (Joan.
3324 2363 3476 2435 xw),
3520 2363 3728 2418 dictum

2134 2465 2252 2507 esse
2282 2452 2650 2523 intelligimus,
2682 2454 2753 2509 ita
2779 2464 2835 2509 et
2860 2455 2929 2508 ibi
2959 2473 2971 2508 :
3002 2470 3165 2524 quam
3200 2470 3324 2509 cum
3347 2464 3403 2510 et
3434 2455 3553 2525 ipse
3583 2469 3727 2523 pra:-

2134 2545 2359 2613 ceperit,
2385 2546 2428 2599 si
2469 2545 2791 2616 completum
2823 2562 2929 2600 non
2962 2557 3063 2612 est,
3095 2546 3251 2616 culpa
3283 2545 3401 2614 ejus
3429 2545 3574 2600 nulla
3604 2545 3725 2600 fuit.

2206 2635 2441 2690 Moyses.
2473 2635 2609 2690 Dicit
2634 2637 2777 2691 enim
2810 2635 3150 2709 Hieremiasg:
3180 2641 3248 2691 In
3278 2637 3462 2691 diebus
3503 2637 3645 2704 illis,
3674 2638 3726 2692 id

2135 2733 2218 2778 est
2241 2724 2466 2790 Christi,
2499 2725 2786 2780 salvabitur
2817 2725 2959 2780 Iuda
2991 2736 3053 2780 et
3078 2725 3249 2780 Israel
3275 2726 3533 2780 habitabit
3564 2726 3727 2795 con/i-

2136 2814 2317 2867 denter
2343 2813 2517 2885 (Hier.
2548 2815 2727 2887 χχιιι).
2760 2815 2867 2871 Sed
2890 2816 3071 2872 ethoc
3117 2832 3334 2887 quoque
3364 2817 3606 2871 nondum
3647 2825 3728 2872 est

2138 2904 2494 2975 completum,
2546 2906 2689 2976 quod
2724 2917 2848 2976 post
2882 2907 3119 2963 hominis
3172 2908 3315 2963 illius
3350 2923 3513 2977 quem
3569 2906 3729 2963 Chrio

2137 3006 2279 3052 stum
2313 2998 2512 3065 dicitis,
2537 2999 2801 3070 compleri
2824 3001 3007 3055 debuit
3030 3040 3044 3063 ,
3075 3000 3120 3055 si
3149 3001 3405 3056 Christus.
3426 3008 3599 3064 esset,
3630 3000 3727 3055 ad-

2138 3098 2378 3143 ventum.
2406 3088 2541 3145 Juda
2566 3107 2804 3162 namque
2831 3101 2889 3147 et
2932 3092 3096 3147 Israel
3123 3132 3138 3159 ,
3184 3092 3362 3148 adhuc
3402 3092 3458 3147 in
3507 3092 3730 3148 miseris

2139 3188 2194 3232 et
2220 3180 2536 3249 captivitate
2564 3190 2669 3235 est.

2211 3267 2448 3323 Psrnus.
2477 3269 2779 3325 Promissio
2806 3284 2935 3324 sane
2967 3270 3087 3333 ista,
3111 3285 3145 3324 ο
3168 3270 3402 3341 Moyses,
3431 3270 3514 3326 eis
3533 3270 3735 3325 dunta-

2140 3370 2232 3414 xat
2258 3371 2341 3416 est
2382 3361 2563 3427 facta,
2612 3362 2705 3432 qui
2739 3363 2805 3417 de
2852 3362 3017 3418 lsrael
3045 3363 3302 3417 credituri
3355 3371 3517 3418 erant
3568 3372 3735 3433 atque

2138 3452 2297 3516 Juda,
2314 3455 2457 3508 unde
2477 3455 2597 3509 etin
2614 3453 2910 3510 incredulis
2925 3468 3032 3507 non
3054 3464 3139 3507 est
3160 3452 3454 3522 completa,
3468 3454 3735 3522 quemads

2140 3546 2363 3601 modum
2407 3546 2606 3617 populo
2655 3546 2819 3602 lsrael
2850 3548 2917 3603 de
2957 3545 3195 3618 Egypto
3240 3547 3467 3614 educto,
3509 3546 3733 3617 quidam

2142 3638 2271 3707 quia
2318 3648 2686 3707 peccaverunt
2712 3648 2773 3693 et
2817 3655 2845 3693 a
2889 3639 3173 3709 prmeeptis
3212 3638 3428 3693 Domini
3492 3651 3738 3694 recesse-

2141 3738 2268 3783 runt
2322 3739 2523 3784 terram
2573 3731 2945 3800 promissionis
2998 3747 3104 3787 non
3150 3731 3494 3786 intraverunt
3542 3728 3729 3801 (Psal.

2141 3836 2303 3887 xcrv;
2335 3819 2502 3876 Nam.
2533 3821 2643 3893 xlv)
2673 3863 2688 3887 ,
2730 3838 2892 3892 quam
2943 3823 3195 3892 promisit
3244 3822 3512 3878 Dominus
3560 3821 3736 3893 Moysi

2141 3912 2354 3966 dicens:
2378 3910 2700 3966 Descendiut
2726 3912 3003 3967 liberarem
3037 3930 3156 3967 eum
3183 3914 3247 3967 de
3275 3914 3523 3967 manibus
3556 3912 3737 3984 Egy-

2141 4006 2392 4075 ptiorum,
2424 4014 2473 4060 et
2503 4006 2773 4060 educerem
2800 4006 2864 4060 de
2923 4016 3064 4059 terra
3086 4006 3181 4060 illa
3219 4008 3275 4059 in
3317 4014 3512 4059 terram
3541 4006 3736 4060 bonam

2141 4107 2189 4151 et
2217 4098 2502 4168 speciosam
2534 4098 2734 4170 (Exod.
2765 4099 2871 4173 ιιι),
2908 4099 3019 4154 imo
3047 4114 3238 4156 omnes
3260 4099 3313 4154 in
3339 4099 3560 4155 deserto
3583 4113 3737 4157 imr-

2144 4190 2218 4244 tui
2249 4198 2398 4245 sunt.

2214 4301 2449 4360 Marses.
2482 4301 2615 4357 Item
2643 4301 2827 4367 aliud,
2877 4303 3022 4372 quod
3074 4304 3312 4356 nondum
3364 4300 3733 4371 completum,

2142 4396 2286 4463 quod
2324 4395 2377 4448 in
2411 4395 2645 4449 adventu
2679 4395 2880 4449 Christi
2928 4394 3271 4464 prophetavit
3308 4392 3481 4447 Isaias
3499 4408 3625 4447 esse
3652 4391 3743 4446 iu-

2146 4493 2348 4539 turum.
2382 4486 2473 4540 Ait
2498 4486 2643 4541 enim
2672 4504 2686 4540 :
2718 4485 2989 4539 Habitabit
3026 4485 3178 4554 lupus
3198 4501 3315 4538 cum
3345 4500 3503 4566 agno,
3531 4496 3579 4538 et
3611 4500 3743 4554 par-

454 4562 710 4627 diximus,
740 4578 862 4617 cum
892 4561 1171 4617 sceleratis
1215 4569 1293 4616 est
1341 4553 1707 4629 computatns,
1756 4559 1881 4626 quia
1912 4572 2035 4611 eum

2147 4577 2243 4631 dus
2271 4594 2391 4631 cum
2439 4577 2591 4631 Iuvdo
2639 4578 2954 4643 accubabit;
2993 4553 3219 4641 vitulus,
3254 4587 3301 4630 et
3330 4575 3443 4638 leo,
3476 4560 3526 4630 et
3582 4553 3695 4638 oms
3722 4616 3740 4641 ,

455 4653 755 4709 latronibus
800 4662 882 4707 est
924 4667 1238 4722 suspensus.
1297 4648 1364 4704 Et
1420 4650 1528 4719 ipse
1587 4658 1855 4718 peccatum
1908 4646 2043 4701 mul-

456 4760 651 4812 tarunt,
675 4762 783 4801 non
812 4747 1053 4801 omnium
1084 4746 1225 4810 tulit,
1254 4744 1378 4812 quia
1407 4758 1516 4799 non
1548 4756 1753 4805 omnes,
1790 4740 1880 4796 sed
1910 4740 2045 4795 mul-

458 4849 541 4891 tos
564 4838 904 4894 salvilicavit.
940 4836 1072 4891 Item
1104 4836 1350 4906 sequitur
1376 4853 1390 4889 :
1422 4834 1489 4889 Et
1513 4852 1606 4904 pro
1643 4835 2045 4906 transgressori-

458 4931 554 4983 bus
606 4928 827 4999 rogabit.
875 4927 1126 4982 Christus
1169 4934 1348 4980 autem
1397 4942 1496 4998 pro
1551 4927 2044 4998 transgressoribus

461 5022 694 5092 rogavit,
717 5024 933 5090 quando
955 5037 1052 5091 pro
1075 5021 1516 5093 crucifigentibus
1540 5011 1599 5077 se
1619 5022 1795 5079 oravit
1816 5022 2003 5077 dicens
2028 5039 2040 5075 :

461 5114 646 5183 Pater,
671 5115 874 5168 dimitte
903 5116 1121 5183 eis,non
1147 5117 1286 5170 enim
1307 5116 1479 5171 sciunt
1504 5115 1632 5184 quid
1661 5115 1859 5184 faciunt
1888 5114 2040 5187 (Luc.

382 5252 389 5257 .
461 5205 641 5277 xxiii).
669 5204 803 5271 Quia
828 5205 1307 5278 igitur,oMoyses,
1334 5214 1390 5261 et
1415 5213 1624 5273 tempus
1652 5213 1703 5259 et
1740 5204 1842 5260 alia
1865 5204 2042 5259 omnia

462 5313 579 5367 qua:
603 5298 669 5353 de
698 5297 919 5353 Christo
958 5299 1231 5368 praphetze
1260 5297 1641 5367 praedicarunt,
1684 5295 1737 5349 in
1782 5312 1845 5351 eo
1885 5312 2042 5366 quem

458 5388 635 5455 ipsum
683 5386 850 5443 fuisse
880 5390 1172 5453 credimus,
1215 5387 1310 5441 sed
1346 5398 1402 5440 et
1432 5386 1483 5439 in
1514 5386 1694 5440 verbis
1726 5386 1840 5453 ejus
1868 5387 2045 5456 operi-

468 5492 666 5547 .)usque
713 5488 1025 5548 patuerunt,
1073 5486 1225 5547 patet
1271 5490 1457 5531 revera
1486 5490 1608 5530 eum
1652 5475 1763 5548 jam
1812 5480 2041 5542 venisse,

461 5586 565 5626 nec
589 5552 762 5627 debes.
778 5570 890 5639 jam
917 5570 1040 5625 inde
1066 5569 1291 5623 ulterius
1314 5567 1581 5622 dubitare.

534 5663 766 5720 Morsss.
810 5661 953 5716 Satis
986 5659 1228 5731 intelligo
1252 5658 1397 5729 quod
1419 5658 1623 5714 dixisti.
1647 5658 1756 5715 Sed
1779 5660 1820 5714 si
1848 5660 1916 5714 ita
1942 5668 2044 5723 est,

464 5766 564 5807 cur
587 5762 784 5807 caetera
817 5751 995 5805 omnia
1028 5765 1148 5821 quae
1183 5751 1249 5805 de
1279 5747 1493 5805 Christo
1526 5749 1577 5804 in
1616 5749 1894 5819 prophetis
1924 5757 2048 5805 sunt

2144 4668 2305 4722 simul
2362 4669 2745 4731 morabuntur,
2787 4678 2990 4738 ehpuer
3043 4668 3295 4737 parvulus
3338 4669 3563 4727 minabit
3608 4685 3742 4734 eos;

2146 4761 2338 4813 vitulus
2365 4771 2411 4814 et
2466 4776 2618 4813 ursus
2654 4772 2953 4830 pascentur,
3006 4759 3164 4813 simul
3214 4760 3535 4828 requiescent
3572 4762 3746 4815 catuli

2146 4869 2358 4918 eorum,
2413 4863 2459 4906 et
2506 4852 2586 4906 leo
2642 4853 2796 4923 quasi
2825 4852 2912 4905 bos
2961 4852 3192 4905 comedet
3244 4851 3423 4920 paleas
3460 4850 3603 4917 (Isa.
3649 4868 3743 4911 xl;

2147 4945 2295 5016 vay

2222 5057 2455 5116 Psrnus.
2489 5056 2821 5113 Stnltissime
2865 5056 3108 5110 omnium
3136 5098 3150 5120 ,
3194 5072 3227 5108 ο
3287 5053 3526 5125 Moyses,
3570 5056 3750 5112 intet-

2148 5151 2270 5220 ligis
2300 5161 2355 5202 tu
2401 5150 2560 5207 istam
2611 5148 2959 5217 simpliciter,
3008 5157 3068 5201 ut
3096 5147 3270 5215 posita
3326 5156 3441 5210 est,
3495 5146 3749 5215 prpohe-

2152 5240 2318 5293 tiam?

2221 5351 2447 5407 Movsss.
2476 5352 2659 5406 Etiam

2221 5464 2456 5521 Peritos.
2492 5467 2545 5519 In
2576 5481 2640 5520 eo
2665 5481 2858 5536 nempe
2897 5464 3078 5520 cordis
3111 5465 3185 5519 tui
3218 5472 3365 5535 patet
3407 5463 3644 5519 inscitia.
3684 5463 3747 5518 Si

2149 5562 2315 5628 enim,
2348 5570 2406 5614 ut
2442 5559 2782 5631 dieis,lnpus
2830 5576 3017 5632 pacem
3051 5576 3156 5615 non
3208 5561 3404 5615 habeat
3453 5557 3559 5613 nisi
3611 5573 3750 5612 eum

2151 5670 2311 5723 agno,
2348 5669 2446 5710 nec
2471 5655 2669 5726 pardus
2702 5655 2804 5710 nisi
2837 5669 2959 5711 cum
2991 5655 3178 5720 haedo,
3222 5668 3322 5709 nec
3353 5652 3440 5708 leo
3475 5651 3581 5708 nisi
3609 5668 3750 5707 eum

2150 5760 2248 5800 ove
2278 5754 2330 5800 et
2355 5746 2549 5813 vitulo,
2580 5745 2707 5815 quid
2744 5747 2983 5819 proderit
3018 5747 3149 5811 talis
3176 5744 3614 5804 confoederatio?
3650 5743 3756 5799 ln-
