4142 6360
393 410 496 466 (ῑτῖ
1857 399 1994 457 DlAl

2092 400 2145 457 il.
3559 398 3664 457 638
3735 412 3741 418 ’

396 527 659 598 quietabit
684 540 919 596 namque
947 533 1004 581 et
1031 524 1194 592 lupus
1230 523 1483 590 haedum,
1510 530 1567 578 et
1608 520 1695 577 leo
1741 534 1975 591 agnum,
2006 525 2055 582 Α
2079 530 2170 575 tua
2192 534 2298 574 non
2313 520 2614 574 minuetur:
2641 518 2689 575 si
2729 518 2868 582 hec,
2921 516 3140 587 inquam
3164 554 3180 582 ,
3219 516 3295 570 ita
3344 515 3667 586 simpliciter

396 631 446 676 et
482 619 684 689 pardus
709 633 868 675 ovem
893 632 958 673 ac
991 616 1245 671 vitulum.

466 709 705 765 Mersus.
737 708 1020 776 Quomodo
1048 722 1183 779 ergo
1211 705 1679 776 illam-intelligis?

466 799 705 855 Ρετιως.
746 798 856 855 Nos
880 814 1011 854 sane
1036 814 1133 870 per
1155 798 1356 854 bestias
1381 797 1502 852 illas
1539 811 1661 866 quae
1703 796 1891 866 rapina
1922 802 1978 850 et

396 904 563 944 ctrne
591 890 810 956 vivunt,
841 888 1034 958 impios
1082 889 1329 944 homines
1361 886 1743 956 intelligimus,
1790 895 1848 941 et
1886 901 1978 940 ra-

397 993 614 1050 ptores;
653 995 749 1052 per
799 980 1034 1049 reliquas
1078 995 1210 1035 vero
1256 978 1527 1050 pecudes,
1571 985 1886 1032 mansuetos
1916 991 1980 1047 ac

399 1072 716 1144 simplices,
751 1081 808 1128 et
832 1072 900 1127 de
934 1071 1040 1127 illis
1069 1071 1206 1126 dixit
1226 1072 1488 1141 propheta
1537 1069 1681 1139 quod
1730 1068 1979 1123 Christus

399 1176 495 1218 eos
530 1161 694 1218 simul
737 1161 988 1217 habitare
1026 1177 1093 1217 ac
1138 1176 1326 1231 pacem
1384 1160 1585 1215 habere
1639 1159 1975 1230 prmciperct.

398 1252 553 1322 Quod
574 1261 754 1308 autem
780 1253 884 1308 hoc
914 1253 982 1308 de
1011 1251 1324 1308 hominibus
1364 1250 1591 1319 intelligi
1613 1250 1848 1305 voluerit
1872 1289 1888 1314 ,
1920 1249 1975 1304 in

399 1342 752 1414 sequentibus
780 1342 1020 1398 insinuat
1046 1344 1334 1413 propheta,
1362 1357 1486 1397 cum
1529 1340 1825 1411 subjungit,
1852 1342 1978 1411 quia

400 1436 595 1507 repleta
617 1429 701 1491 est
734 1446 876 1491 terra
917 1437 1137 1491 scientia
1184 1437 1395 1491 Domini
1446 1434 1584 1507 (Isa.
1638 1437 1738 1506 st).
1793 1434 1980 1504 Neque

401 1528 549 1583 enim
583 1528 689 1582 hoc
714 1535 937 1597 propter
963 1527 1198 1597 pecudes
1229 1527 1368 1581 dixit
1391 1542 1513 1597 quae
1550 1541 1674 1581 cum
1722 1539 1823 1583 nec
1860 1527 1979 1581 ani-

401 1632 546 1673 mam
596 1617 835 1673 habeant
883 1618 1241 1685 rationalem,
1286 1634 1389 1675 nec
1435 1618 1647 1674 Domini
1694 1617 1978 1673 scientiam

399 1709 602 1765 habere
626 1718 889 1779 possunt,
927 1707 980 1763 id
1026 1717 1112 1764 est
1155 1708 1370 1764 Domini
1427 1709 1813 1779 cognitionem.
1865 1708 1976 1764 Sed

398 1799 468 1855 ad
504 1799 669 1870 hujus
698 1809 894 1855 vestrm
924 1814 1089 1869 super
1117 1800 1439 1870 prophetam
1480 1800 1641 1856 istam
1675 1799 1981 1870 intelligen-

2082 608 2516 680 intelligeretur,
2564 609 2778 665 scilicet
2820 619 2880 663 ut
2925 607 3059 662 solis
3105 606 3359 678 splendor
3391 608 3475 662 vel
3520 607 3663 664 lunze

2082 701 2222 757 foret
2250 701 2577 766 continuus,
2605 715 2712 754 non
2735 706 2884 754 esset
2906 696 3020 767 jam
3049 696 3166 752 dies
3186 694 3273 751 vel
3296 711 3400 752 nox
3417 735 3432 761 ,
3456 697 3664 754 mensis

2080 791 2165 847 vel
2194 807 2403 857 annus,
2435 804 2557 862 qua!
2586 790 2771 846 omnia
2801 804 2869 845 ex
2903 789 3036 844 solis
3055 802 3120 843 ac
3161 786 3303 841 luna:
3340 788 3664 856 proveniunt

2078 883 2572 939 vicissitudinibus.
2605 882 2749 953 Ergo
2775 896 2882 937 non
2920 880 3192 936 immerito
3218 880 3285 937 de
3323 881 3441 936 luce
3470 889 3524 935 et
3547 880 3667 953 glo-

2080 976 2160 1031 ria
2186 975 2306 1031 lidei
2345 983 2550 1030 nostrae
2573 989 2696 1045 qua:
2729 987 2905 1043 neque
2947 972 3225 1028 minuetur
3253 988 3358 1029 nec
3409 972 3661 1040 occidet,

2081 1065 2436 1136 spiritualitcr
2466 1067 2671 1121 dictum
2697 1063 3072 1135 intelligimus.

2150 1155 2383 1212 Mersus.
2415 1156 2555 1224 Quid
2585 1165 2671 1211 est
2702 1155 2867 1211 etiam
2888 1154 3034 1225 quod
3057 1153 3236 1210 adhuc
3280 1154 3412 1210 dicit
3453 1155 3624 1211 Isaias
3638 1169 3663 1221 ,ε

2082 1247 2227 1302 Tunc
2253 1248 2454 1303 videbis
2490 1258 2538 1303 et
2570 1249 2772 1319 omnes,
2798 1260 2845 1303 et
2869 1246 3149 1303 mirabitur
3166 1258 3214 1301 et
3245 1246 3556 1302 dilatabitur
3576 1262 3668 1301 cor

2080 1351 2251 1408 tuum,
2284 1341 2497 1411 quando
2523 1357 2771 1395 conversa
2803 1339 2963 1409 fuerit
2993 1339 3062 1392 ad
3093 1348 3141 1393 te
3169 1338 3449 1392 multitudo
3478 1339 3665 1403 maris,

2081 1431 2337 1502 fortitudo
2366 1432 2599 1501 gentium
2626 1430 2818 1485 venerit
2848 1429 2971 1495 tibi,
3019 1428 3298 1483 inundatio
3347 1426 3669 1482 camelorum

2079 1523 2270 1592 aperiet
2304 1532 2374 1588 te,
2405 1519 2739 1574 Dromedarii
2769 1518 3011 1586 Madian,
3040 1527 3087 1572 et
3120 1517 3266 1588 E/j'a,
3312 1527 3362 1571 et
3402 1532 3579 1571 omnes
3603 1516 3669 1570 de

2082 1611 2227 1669 Saba
2258 1612 2484 1676 uenient,
2511 1627 2703 1665 nurum
2738 1620 2788 1664 et
2839 1612 2960 1665 thus
3012 1609 3325 1679 deferentes,
3352 1620 3400 1662 et
3454 1606 3669 1661 laudem

2079 1703 2305 1763 Domino
2326 1702 2745 1761 annuntiantes?
2772 1700 2907 1773 (Isn.
2926 1700 3039 1773 ως.)
3056 1700 3178 1758 Ηίῡε
3193 1700 3338 1755 enim
3359 1698 3523 1754 etiam
3536 1712 3669 1753 nou-

2082 1795 2209 1851 dum
2231 1804 2359 1851 sunt
2381 1804 2773 1850 consuunuata.

400 1891 493 1947 tite
518 1892 969 1959 destructionem,
1006 1891 1263 1946 dixerunt
1289 1891 1541 1948 doctores
1577 1892 1743 1947 vestri
1774 1891 1978 1946 nullam
2010 1871 2057 1931 Β
2155 1888 2393 1945 Penus.
2419 1886 2806 1942 Consummata
2841 1900 2971 1940 sane
3015 1883 3234 1939 luerunt
3262 1892 3501 1953 tempore
3533 1889 3670 1937 tem-

399 1984 550 2040 inter
575 1993 787 2054 tempus
816 1983 1138 2039 modernum
1163 1993 1219 2039 et
1264 1993 1474 2054 tempus
1503 1983 1705 2040 Christi
1745 1983 1980 2039 futuram

401 2091 529 2131 esse
552 2070 865 2131 distantiam
886 2117 902 2141 ,
940 2077 1042 2131 nisi
1094 2074 1238 2146 quod
1269 2074 1388 2144 ejus
1432 2086 1673 2147 tempore
1699 2076 1985 2147 captivita-

403 2174 514 2221 tem
540 2180 755 2222 omnem
781 2166 1003 2221 exibitis
1026 2175 1190 2237 atque
1218 2166 1521 2223 miseriam.

481 2256 718 2314 Mersus.
746 2256 887 2313 Ecce
909 2257 1038 2313 item
1069 2256 1217 2311 aliud
1244 2256 1397 2313 Isaia:
1429 2258 1572 2327 quod
1613 2257 1850 2313 nondum
1880 2257 1987 2314 sci-

407 2361 531 2401 mus
564 2345 894 2416 completum
940 2360 1091 2412 esse;
1123 2347 1255 2402 dicit
1300 2347 1568 2418 siquidem
1619 2356 1675 2404 et
1704 2347 1858 2416 ipse:
1912 2344 1987 2400 Et

405 2437 507 2492 erit
532 2434 627 2491 lua:
654 2436 797 2492 laute
833 2438 971 2493 sicut
1012 2439 1106 2493 lus;
1141 2438 1270 2493 solis
1292 2449 1339 2494 et
1360 2438 1456 2494 lux
1485 2438 1611 2494 solis
1635 2440 1735 2494 erit
1770 2448 1988 2508 septem-

406 2528 611 2598 pliciter
635 2529 769 2583 sicut
795 2528 891 2584 tua:
906 2539 1099 2600 septem
1118 2532 1346 2599 dierum,
1368 2532 1428 2585 in
1453 2531 1539 2586 die
1566 2548 1670 2603 qua
1688 2531 1985 2602 alligaverit

410 2620 669 2675 Dominus
704 2620 892 2676 uulnus
916 2623 1099 2692 populi
1125 2624 1210 2678 sui
1239 2622 1377 2694 (Isa.
1413 2631 1568 2691 xxx).

482 2711 718 2768 Psrnus.
770 2711 888 2768 Non
939 2723 1178 2786 estgens
1227 2716 1282 2770 in
1336 2723 1449 2770 toto
1489 2716 1690 2772 mundo
1740 2715 1989 2772 stolidior

408 2804 586 2867 vobis,
615 2805 707 2875 qui
738 2805 941 2874 putatis
969 2805 1112 2877 quod
1135 2820 1334 2877 corpus
1358 2806 1443 2861 vel
1466 2806 1647 2862 lumen
1680 2808 1821 2863 lunae
1846 2807 1988 2864 Deus

412 2904 606 2967 augeat
634 2896 750 2951 sive
776 2895 908 2953 solis
937 2914 952 2956 :
986 2896 1068 2952 sol
1093 2897 1240 2953 enim
1267 2899 1312 2953 si
1334 2906 1570 2968 quantus
1598 2914 1741 2955 nunc
1766 2909 1851 2955 est
1875 2916 1987 2955 ma-

409 2987 497 3056 jor
520 2997 725 3043 tantum
753 2999 899 3047 esset
926 2988 1232 3062 dupliciter,
1264 3000 1431 3046 totum
1459 2990 1702 3061 profecto
1726 2992 1987 3048 mundum
2016 3052 2023 3057 ,

412 3079 784 3146 combureret,
826 3095 895 3136 ne
922 3096 1046 3136 cum
1076 3081 1120 3136 si
1161 3081 1619 3152 septempliciter;
1668 3082 1811 3151 quod
1852 3084 1897 3139 si
1932 3092 1989 3140 et

409 3168 593 3225 lumen
621 3171 738 3243 ejus
764 3172 1194 3243 septempliciter
1226 3171 1402 3241 majus
1443 3183 1622 3240 esset,
1653 3175 1840 3231 oculos
1875 3177 1985 3233 uti-

409 3276 517 3332 que
541 3272 758 3319 nostros
774 3265 942 3321 nimio
962 3264 1250 3336 splendore
1264 3265 1608 3322 obtenderet.
1625 3265 1793 3322 Luna:
1817 3269 1984 3324 etiam

409 3353 593 3408 lumen
623 3355 669 3409 si
700 3355 987 3426 splendore
1015 3355 1146 3412 solis
1175 3371 1276 3428 par
1304 3355 1478 3421 ﬁeret,
1506 3371 1667 3412 nemo
1702 3358 1816 3427 jam
1845 3357 1986 3414 ultra

410 3443 757 3512 quiesceret,
786 3460 1000 3515 semper
1047 3445 1247 3501 etenim
1294 3446 1411 3501 dies
1438 3455 1603 3501 esset.
1632 3446 1738 3503 Per
1781 3447 1987 3502 lunaris

411 3537 581 3606 igitur
608 3536 749 3593 lucis
778 3536 892 3593 sive
918 3536 1113 3592 solaris
1141 3547 1511 3608 augmentum,
1540 3537 1709 3593 voluit
1729 3539 1991 3608 propheta

410 3626 639 3698 intelligi
670 3627 827 3681 ﬁdem
851 3635 907 3680 et
937 3625 1164 3696 gloriam
1194 3626 1248 3681 in
1269 3626 1546 3682 Christum
1568 3627 1986 3684 crediturorum.

412 3720 493 3774 Ac
519 3718 565 3772 si
589 3718 832 3772 diceret:
870 3715 1032 3771 Fides
1056 3715 1270 3771 illorum
1297 3725 1353 3773 et
1398 3715 1571 3788 gloria
1613 3717 1991 3788 multipliciter

413 3806 589 3876 niajor
612 3806 719 3863 erit
756 3815 832 3868 et.
862 3804 1192 3876 perlucidior
1246 3820 1411 3875 quam
1453 3806 1863 3863 modernorutn.
1924 3807 1994 3863 Et

412 3901 559 3970 quod
587 3915 695 3955 non
724 3900 792 3955 de
825 3897 951 3954 luna
978 3897 1065 3955 vel
1084 3897 1197 3953 sole
1219 3897 1324 3954 isto
1352 3897 1549 3954 visibili
1567 3938 1583 3966 ,
1608 3899 1705 3973 sed
1745 3900 1814 3956 de
1837 3899 1993 3955 Chri-

414 3993 717 4049 stianorum
748 3990 1090 4047 credulitatis
1116 3989 1289 4062 gloria
1321 4000 1371 4047 et
1416 3989 1706 4061 splendore
1733 3992 1992 4061 propheta

366 4154 371 4157 ν
416 4082 673 4153 loquatur
696 4122 711 4148 ,
759 4081 813 4136 in
849 4081 1203 4152 sequentibus
1238 4088 1473 4137 testatur
1507 4096 1632 4138 cum
1678 4076 1990 4154 subiungit:

417 4172 543 4228 Non
578 4174 678 4227 erit
698 4173 794 4226 tibi
820 4173 1046 4243 amplius
1070 4172 1152 4228 sol
1175 4172 1243 4226 ad
1265 4170 1545 4226 lucentium
1591 4188 1685 4242 per
1704 4173 1878 4239 diem,
1905 4189 1995 4227 nec

416 4264 662 4337 splendor
689 4263 830 4320 luna:
854 4252 1172 4319 illuminabit
1202 4264 1323 4329 tibi,
1348 4264 1439 4319 sed
1469 4264 1572 4318 erit
1602 4265 1700 4319 tibi
1739 4264 1994 4319 Dominus

417 4362 475 4414 in
501 4359 668 4414 lucem
691 4359 1081 4430 sempiternam,
1101 4368 1148 4413 et
1174 4358 1316 4413 Deus
1339 4367 1460 4412 tuus
1486 4359 1542 4412 in
1564 4358 1787 4429 gloriam
1811 4368 1956 4411 tuam
1979 4398 1995 4425 ,

418 4461 470 4506 et
497 4468 602 4507 non
627 4452 827 4507 occidet
855 4451 996 4505 ultra
1021 4450 1101 4506 sol
1122 4461 1243 4506 tuus
1261 4491 1277 4518 ,
1307 4460 1358 4505 et
1392 4451 1521 4506 luna
1547 4461 1640 4506 tua
1665 4467 1768 4507 non
1794 4452 1996 4506 minue-

2083 1980 2157 2050 pli
2190 1979 2438 2059 secundi,
2466 1978 2612 2049 quod
2639 1977 2925 2035 fabricavit
2945 1977 3083 2033 Ezra
3120 1990 3185 2031 ex
3213 1984 3484 2045 praecepto
3507 1972 3667 2047 Cyri,

2088 2082 2226 2129 teste
2247 2073 2444 2142 Aggteo
2477 2071 2774 2141 propheta,
2824 2069 2914 2138 qui
2954 2068 3063 2123 ait:
3094 2065 3227 2122 Htec
3255 2065 3669 2120 dicit-Dominus

2085 2163 2229 2219 Deus
2269 2161 2597 2215 exercituum
2618 2175 2638 2215 :
2664 2158 2851 2212 Adhuc
2883 2156 3144 2212 modicum
3190 2166 3263 2209 est
3282 2195 3296 2219 ,
3329 2166 3377 2207 et
3408 2169 3499 2224 ego
3527 2169 3672 2207 cont-

2084 2252 2293 2308 movebo
2321 2248 2506 2304 coelum
2539 2258 2585 2304 et
2608 2257 2825 2314 terram,
2856 2262 3000 2301 mare
3018 2255 3066 2301 et
3098 2246 3328 2300 aridam.
3356 2240 3427 2297 Et
3457 2243 3669 2297 monebo

2087 2361 2264 2403 omnes
2290 2351 2466 2416 gentes
2490 2383 2506 2410 ,
2533 2352 2582 2398 et
2616 2342 2819 2399 uenient
2865 2339 3167 2395 desiderata
3193 2346 3503 2393 cunctarum
3546 2349 3670 2406 gen-

2087 2442 2244 2505 tium,
2272 2451 2320 2495 et
2348 2438 2568 2510 implebo
2592 2436 2996 2493 domum-istam
3020 2432 3190 2505 gloria
3208 2474 3225 2501 ,
3260 2431 3384 2485 dicit
3413 2428 3669 2484 Dominus

2087 2532 2431 2587 exercituum.
2456 2528 2656 2598 Magna
2680 2529 2778 2582 erit
2803 2526 2971 2598 gloria
2994 2528 3183 2580 domus
3210 2523 3361 2578 istius
3375 2520 3670 2577 nouissime

2087 2629 2207 2695 plus
2235 2638 2394 2694 quam
2419 2623 2623 2692 primae,
2651 2620 2778 2674 dicit
2822 2618 3081 2674 Dominus
3124 2616 3465 2672 exercituum.
3501 2609 3571 2666 Et
3612 2612 3670 2667 in

2088 2714 2203 2768 loco
2263 2711 2541 2782 istojdabo
2593 2726 2814 2781 pacem,
2861 2707 2991 2763 dicit
3041 2707 3294 2761 Dominus
3343 2703 3664 2760 exercituum

2090 2803 2254 2876 (Agg.
2293 2801 2393 2872 xu).
2442 2802 2508 2857 Et
2551 2802 2749 2872 quippe
2786 2815 2908 2871 quae
2954 2799 3026 2855 ibi
3078 2800 3293 2854 dixerat
3337 2796 3504 2853 Isaias
3548 2796 3666 2850 lore

2089 2906 2338 2960 ventura,
2371 2893 2600 2964 Aggzeus
2627 2891 2846 2962 quidem
2876 2891 2931 2945 in
2959 2890 3158 2962 templo
3188 2888 3332 2960 quod
3379 2890 3495 2959 jam
3529 2898 3666 2942 tem-

2087 3002 2223 3053 pore
2269 3000 2370 3043 suo
2416 2982 2734 3040 resediﬁcari
2792 2992 3066 3054 coeperat,
3117 2981 3296 3038 innuit
3349 2994 3470 3037 esse
3517 2992 3666 3035 com-

2088 3077 2308 3150 plenda.

2163 3168 2396 3231 Mersus.
2430 3167 2619 3225 Potest
2676 3164 2927 3236 equidem
2952 3179 3075 3220 esse
3111 3173 3169 3218 ut
3200 3162 3358 3219 dicis.

2158 3259 2397 3316 Psrnus.
2430 3257 2539 3314 Sed
2563 3257 2668 3323 dic,
2691 3271 2724 3312 o
2748 3255 2982 3329 Moyses,
3014 3254 3142 3325 quid
3174 3263 3257 3311 est
3286 3254 3429 3325 quod
3452 3253 3531 3309 ait
3554 3253 3669 3325 Ag-

2088 3368 2256 3424 gteus,
2287 3369 2478 3423 magna
2506 3352 2602 3409 erit
2629 3350 2797 3423 gloria
2821 3350 3007 3405 domus
3033 3348 3182 3403 istius
3213 3348 3510 3403 novissima:
3536 3345 3673 3417 plus

2087 3463 2244 3518 quant
2281 3446 2507 3515 primm?
2532 3445 2589 3500 In
2622 3458 2730 3514 quo
2755 3443 2899 3501 enim
2932 3443 3126 3503 domus
3168 3440 3471 3496 novissima:
3498 3439 3675 3510 major

2088 3537 2192 3591 fuit
2219 3552 2380 3607 quam
2407 3537 2595 3607 prima:
2618 3536 2789 3607 gloria
2810 3575 2827 3602 ,
2855 3550 2978 3590 cutn
3009 3535 3063 3590 in
3104 3532 3398 3589 novissima
3419 3546 3525 3588 non
3557 3530 3673 3587 lue-

2090 3631 2203 3689 rint
2264 3630 2354 3685 illa
2386 3630 2622 3700 pretiosa
2671 3629 2905 3700 insignia
2960 3642 3081 3699 qua:
3112 3627 3334 3682 fuerunt
3368 3626 3423 3680 in
3454 3625 3625 3696 prima
3646 3625 3672 3678 ἲ

2089 3720 2226 3777 Nam
2254 3737 2430 3791 neque
2450 3736 2579 3776 arca
2609 3720 2821 3776 Domini
2856 3720 2957 3775 fuit
2984 3720 3036 3774 in
3065 3722 3340 3785 secunda,
3368 3730 3469 3773 nec
3506 3716 3674 3771 ratio-

2092 3811 2203 3866 nali
2227 3812 2308 3865 usi
2332 3821 2461 3867 sunt
2510 3811 2566 3865 in
2594 3825 2692 3873 ea,
2728 3825 2830 3866 nec
2867 3811 3018 3864 venit
3046 3810 3119 3865 ibi
3150 3809 3290 3880 ignis
3317 3809 3382 3864 de
3417 3807 3559 3864 coelo
3580 3807 3673 3878 qui

2095 3902 2444 3958 combureret
2474 3901 2823 3967 holocausta,
2849 3915 2955 3955 nec
2984 3900 3088 3954 fuit
3119 3908 3246 3955 tunc
3273 3901 3529 3967 temporis
3572 3914 3675 3954 un—

2095 4002 2214 4048 ctus
2241 4000 2334 4046 aut
2357 3991 2618 4062 propheta
2642 4030 2659 4055 ,
2683 3999 2738 4047 et
2762 3989 2867 4044 alia
2916 3990 3047 4044 item
3075 3988 3497 4059 quamplurima.

2166 4083 2398 4140 Marses.
2428 4085 2506 4140 De
2527 4083 2631 4139 hoc
2653 4082 2841 4151 utique
2861 4081 3169 4146 nescimus,
3209 4081 3312 4135 nisi
3334 4080 3479 4150 quod
3516 4094 3547 4134 a
3573 4078 3676 4134 do-

2095 4176 2339 4235 ctoribus
2366 4177 2575 4232 nostris
2606 4173 2945 4237 audivimus,
2978 4172 3071 4228 sed
3105 4180 3162 4227 et
3215 4171 3316 4243 ipsi
3345 4169 3481 4225 nihil
3529 4169 3676 4225 aliud

2098 4270 2395 4335 dixerunt,
2422 4267 2529 4322 nisi
2558 4265 2704 4337 quod
2752 4264 2948 4319 domus
2990 4262 3233 4319 secunda
3279 4263 3470 4318 decem
3519 4261 3679 4316 annis

2096 4358 2396 4431 permansit
2422 4357 2626 4413 diutius
2654 4370 2815 4424 quam
2840 4354 3036 4426 prima.

2168 4449 2407 4504 Ρετιιυε.
2438 4446 2566 4501 Haec
2594 4444 2838 4516 profecto
2854 4444 2999 4500 nulla
3031 4451 3116 4501 est
3133 4443 3324 4515 gloria.

420 4556 527 4610 tur,
553 4545 680 4614 quia
705 4544 962 4599 Dominus
991 4545 1089 4598 erit
1124 4544 1181 4598 in
1225 4544 1390 4599 lucem
1436 4545 1803 4615 sempiternam
1860 4543 1995 4614 (Isa.
2028 4554 2079 4613 ι)
2176 4541 2410 4597 Morsss.
2462 4539 2608 4611 Ergo
2655 4539 2884 4610 Aggzeus
2945 4537 3135 4607 procul
3182 4537 3346 4593 dubio
3391 4544 3476 4591 est
3524 4550 3676 4591 men-

419 4637 535 4708 Lx).
569 4637 704 4692 Nam
732 4638 777 4693 si
807 4637 874 4693 de
902 4637 1017 4693 sole
1059 4636 1145 4692 vel
1193 4636 1323 4692 luna
1344 4638 1564 4708 proprie
1608 4636 1841 4702 diceret,
1897 4637 2000 4692 hoc

421 4724 638 4798 quidem
674 4728 818 4799 quod
852 4728 1014 4792 dicit,
1045 4745 1147 4783 non
1195 4729 1291 4782 erit
1321 4728 1416 4782 tibi
1445 4727 1672 4798 amplius
1714 4727 1795 4783 sol
1820 4728 1890 4782 ad
1918 4727 2003 4782 lu-

423 4821 645 4874 cendum
673 4836 766 4890 per
800 4820 967 4883 diem,
998 4836 1090 4873 nec
1125 4818 1370 4888 splendor
1406 4818 1885 4874 lunwilluminabit
1924 4829 1998 4885 te,

425 4911 504 4965 illi
528 4913 672 4982 quod
697 4926 862 4983 supra
894 4910 1104 4965 dixerat
1123 4910 1456 4965 contrarium
1478 4919 1644 4977 esset,
1672 4913 1769 4965 erit
1796 4912 2005 4968 scilicet

425 5001 520 5061 lita:
544 5002 680 5056 sicut
702 5000 796 5055 tua:
811 5002 978 5066 solis,.
998 5012 1045 5055 et
1088 5002 1185 5054 erit
1212 5001 1629 5070 septempliciter.
1662 5000 1816 5058 Patet
1843 5003 2033 5074 igitur.

428 5092 553 5162 quia
584 5091 960 5163 desplendore
999 5101 1055 5146 et
1100 5092 1273 5162 gloria
1323 5091 1444 5148 lidei
1492 5102 1699 5148 sanctte
1743 5093 1999 5149 Ecclesia:
2052 5093 2056 5097 ’

428 5185 698 5255 propheta
727 5184 817 5240 hic
845 5184 1114 5255 loquitur,
1162 5185 1306 5252 quod
1356 5192 1413 5239 et
1436 5199 1499 5239 ex
1548 5186 2007 5255 consequentibus

431 5273 782 5345 designatur,
812 5292 934 5332 cum
958 5274 1207 5331 subditur
1226 5314 1243 5340 ,
1263 5276 1356 5330 sed
1376 5277 1473 5330 erit
1517 5276 1615 5330 tibi
1655 5275 1916 5332 Dominus
1954 5277 2007 5330 in

430 5364 597 5420 lucem
620 5368 1024 5434 sempiternam,
1069 5376 1116 5419 et
1147 5365 1287 5420 Deus
1315 5375 1437 5420 tuus
1486 5368 1541 5419 in
1575 5365 1797 5434 gloriam
1839 5375 2006 5420 utam.

429 5457 510 5511 Ac
537 5459 582 5511 si
615 5457 823 5514 diceret
852 5476 865 5510 :
898 5456 1253 5527 Nequaquam
1282 5456 1513 5512 ulterius
1555 5455 1676 5511 luce
1722 5456 2010 5513 crudelita-

433 5548 505 5601 tis
536 5560 730 5604 vestrae
760 5550 939 5620 hujus,
965 5563 1086 5616 quae
1115 5549 1306 5604 similis
1337 5557 1421 5604 est
1471 5548 1601 5603 solis
1630 5548 1785 5604 istius
1835 5559 2013 5605 trans—

432 5638 607 5706 itorii,
636 5639 722 5694 vel
748 5640 887 5696 luna:
911 5639 1218 5710 indigebitis
1243 5639 1543 5711 fulgoribus
1565 5678 1582 5705 ,
1609 5638 1775 5709 gloria
1816 5641 2013 5710 quippe

434 5730 572 5786 lucis
592 5746 704 5788 suae
728 5746 827 5789 vos
852 5731 1183 5788 aeternaliter
1218 5731 1543 5788 illuminabit
1590 5732 1871 5789 Dominus.
1906 5730 2013 5788 Sed

436 5831 489 5876 et
516 5824 661 5894 quod
687 5825 968 5895 sequitur,
994 5839 1097 5878 non
1133 5824 1325 5879 occidet
1358 5824 1498 5880 ultra
1532 5823 1613 5881 sol
1636 5836 1754 5880 tuus
1774 5866 1788 5894 ,
1816 5834 1861 5879 et
1886 5823 2012 5879 (una

2105 4634 2254 4690 titus.

2174 4722 2411 4786 Puruus.
2448 4723 2625 4779 Absit.
2652 4722 2760 4780 Sed
2783 4723 2838 4778 in
2860 4723 2964 4778 hoc
2987 4721 3090 4778 luit
3118 4736 3315 4793 magna
3348 4721 3542 4777 domus
3583 4737 3683 4776 uo-

2101 4816 2339 4871 vissimte
2364 4814 2535 4885 gloria
2567 4830 2730 4884 quam
2778 4815 3004 4884 primae,
3061 4815 3204 4886 quod
3244 4814 3393 4868 venit
3435 4813 3688 4870 Christus

2105 4910 2285 4964 adhuc
2310 4923 2372 4964 ea
2397 4916 2601 4974 stante,
2632 4906 2788 4976 cujus
2829 4908 3096 4964 adventus
3145 4907 3323 4978 major
3366 4908 3467 4964 fuit
3514 4907 3686 4978 gloria

2107 5014 2270 5070 quam
2300 4999 2388 5054 illa
2442 4999 2756 5068 supradicta
2791 4999 2973 5054 omnia
3023 4999 3283 5055 habuere.
3330 4999 3437 5055 Sed
3477 5008 3534 5054 et
3563 5001 3686 5063 hoc,

2109 5093 2153 5147 si
2182 5092 2377 5161 placet,
2399 5092 2649 5149 subtilius
2671 5092 2841 5147 multo
2863 5106 3154 5162 possumus
3185 5080 3527 5162 intelligere,’
3542 5093 3692 5148 scili-

2066 5224 2071 5233 .
2111 5192 2191 5238 cet
2223 5183 2366 5253 quod
2419 5184 2485 5239 de
2537 5184 2730 5239 eadem
2778 5184 2940 5238 domo
2985 5182 3191 5238 dictum
3243 5184 3348 5247 sit,
3398 5183 3691 5238 nouissima:

2111 5281 2275 5343 atque
2320 5275 2505 5344 prima:
2530 5316 2545 5343 ,
2601 5275 2668 5330 de
2715 5272 2833 5342 ejus
2867 5272 3117 5328 videlicet
3158 5274 3425 5344 principio
3450 5280 3506 5326 et
3565 5271 3688 5339 title.

2115 5363 2250 5419 Nam
2268 5380 2392 5419 cum
2410 5364 2556 5420 circa
2578 5363 2737 5420 linem
2754 5364 3131 5433 ejudChristus
3157 5366 3439 5421 advenerit
3459 5361 3686 5430 (Coloss.

2116 5456 2196 5523 ιι),
2214 5471 2310 5526 per
2341 5469 2502 5525 quem
2527 5464 2583 5509 et
2607 5455 2659 5509 in
2693 5455 2807 5525 ipsa
2836 5455 2997 5511 domo
3017 5456 3190 5511 deitas
3218 5453 3500 5517 habitavit,
3521 5450 3694 5522 gloria

2117 5547 2304 5616 utique
2329 5546 2445 5614 ejus
2473 5546 2768 5601 novissimo
2816 5546 3099 5616 plusquam
3127 5545 3302 5614 primo
3332 5558 3526 5615 magna
3569 5542 3693 5597 luit.

2116 5640 2281 5711 Cujus
2307 5640 2507 5695 Christi
2537 5639 2775 5694 adventu
2820 5641 3002 5695 omnia
3028 5654 3146 5707 qua:
3174 5648 3228 5692 et
3279 5638 3442 5693 lsaias
3468 5634 3603 5691 dicit
3644 5645 3698 5691 ct

2116 5730 2346 5803 Aggaaus
2372 5738 2635 5795 testatur,
2667 5741 2795 5786 sunt
2839 5728 3126 5799 completa.
3164 5727 3284 5798 ipso
3336 5725 3540 5797 quippe
3594 5726 3697 5779 ad-

2120 5823 2391 5893 veniente,
2422 5825 2589 5881 tnaris
2621 5821 2991 5890 multitudoet
3015 5828 3172 5878 terra:
3204 5820 3272 5879 ad
3312 5834 3434 5877 eum
3456 5826 3542 5877 est
3569 5831 3701 5876 cun-
