4038 6466
443 443 548 501 639

1372 431 1577 486 PETRI
1615 425 1956 485 ALPHONSI
1994 419 2086 475 EX
2125 417 2370 476 JUDJ‘JO
2400 420 2785 478 ClliilSTiAN

3614 422 3720 478 610

443 570 634 618 versa,
698 551 893 606 coelum
918 588 932 611 ,
987 544 1177 609 tellus,
1265 550 1321 597 et
1390 543 1561 597 maria
1584 583 1599 607 ,
1678 549 1805 596 sunt
1873 554 2025 595 eom-
2058 543 2103 598 Α
2138 545 2307 590 tuum.
2338 533 2415 589 illi
2447 542 2625 589 autem
2652 531 2869 602 maligni
2901 529 3139 600 spiritus,
3167 530 3365 587 diaboli
3400 532 3469 586 ab
3502 532 3720 589 homin-

441 657 611 703 mota.
640 643 945 702 Commota,
974 638 1215 705 inquam,
1248 643 1375 690 sunt
1402 676 1417 699 ,
1445 635 1497 689 id
1531 642 1608 690 est
1638 635 1758 689 cmli
1788 642 1837 688 ct
1869 643 2026 687 terrae

440 747 497 791 et
527 735 860 789 habitatores
890 729 1270 793 cxsultarunt,
1300 737 1355 781 et
1382 728 1743 796 undecunque
1768 727 2027 780 llierusa-

440 827 542 880 lem
571 824 871 879 oblationes
911 820 1090 874 varias
1118 819 1184 874 ad
1214 818 1425 874 laudem
1459 819 1628 889 ipsius
1649 818 1851 874 Christi
1885 826 2030 871 attu—

437 918 637 971 lerunt.

513 1006 749 1061 Mersus.
790 1005 973 1073 Quare
993 1004 1104 1072 jam
1152 1003 1386 1072 amplius
1436 1002 1531 1057 tibi
1581 1003 1873 1073 objicerem
1930 1003 2027 1056 ali-

439 1099 752 1167 quid,eum
798 1107 853 1151 tu
910 1095 1272 1150 auctoritates
1320 1111 1470 1151 meas
1511 1111 1702 1151 omnes
1751 1096 1818 1151 ad
1880 1106 2027 1150 tuam

439 1190 699 1260 explanes
730 1189 1098 1244 voluntatem?

514 1282 751 1337 l’s'rnus.
794 1280 968 1335 Habet
998 1281 1199 1335 veriias
1223 1281 1495 1346 robustas,
1524 1280 1720 1351 quibus
1740 1281 2026 1348 innitatur,

439 1372 740 1427 columnas.

1009 1462 1309 1520 TITULUS
1358 1464 1424 1518 Χ.

446 1576 603 1642 Quod
655 1576 920 1631 voluntate
962 1588 1249 1639 spontaneo
1294 1595 1325 1629 a
1364 1577 1569 1634 Judreis
1620 1580 1910 1634 cruciﬁxus
1952 1590 2027 1634 est

941 1644 1181 1701 Christus
1212 1658 1257 1700 et
1304 1650 1528 1702 occisus.

519 1738 753 1792 illorsss.
791 1739 870 1791 Ad
916 1753 1068 1802 rem,
1107 1737 1289 1802 Petre,
1328 1738 1450 1792 volo
1501 1753 1600 1794 nos
1640 1739 1847 1807 redire]
1867 1748 1923 1794 et
1960 1739 2029 1793 de

444 1828 566 1881 aliis
584 1838 685 1881 tute
705 1827 1042 1880 credulitatis
1063 1828 1310 1896 partibus
1334 1827 1483 1891 tnihi,
1508 1843 1711 1897 quaeso,
1732 1830 2025 1897 responde.

2130 629 2232 683 bus
2262 627 2621 697 appellantur.

2205 720 2434 777 Moyses.
2475 717 2676 774 Verum
2710 717 2762 773 hi
2807 715 2992 771 forsan
3021 715 3243 781 diaboli,
3275 728 3559 784 nunquam
3598 715 3719 771 boni

2131 813 2357 868 utdieis
2418 810 2648 882 angeli,
2726 809 2824 866 sed
2895 825 3112 879 semper
3205 807 3433 877 spiritus
3505 806 3722 863 luerunt

2130 904 2302 972 impti.

2134 1043 2145 1053 ,
2202 991 2438 1045 Perses.
2471 988 2588 1044 Non
2614 997 2696 1043 est
2723 989 2910 1056 utique
2936 988 3040 1042 hoc
3088 1002 3299 1041 verum.
3331 985 3525 1055 Neque
3579 986 3720 1040 enim

2130 1082 2273 1138 Deus
2298 1081 2594 1151 quidquam
2622 1080 2749 1135 fecit
2776 1082 2877 1135 nisi
2923 1081 3148 1147 bonum,
3173 1096 3298 1137 cum
3346 1080 3403 1134 in
3434 1079 3718 1135 verissima

2130 1174 2340 1245 legatur
2370 1173 2675 1242 Scriptura,
2711 1170 2853 1225 Vidit
2885 1172 3023 1226 Deus
3050 1181 3237 1225 cuncta
3266 1188 3386 1240 qua:
3411 1171 3608 1238 fecerat
3634 1212 3648 1235 ,
3670 1180 3721 1226 α

2128 1274 2281 1319 erant
2308 1264 2459 1318 valde
2502 1264 2636 1317 bona
2678 1262 2834 1333 (Gen.
2860 1265 2923 1334 ι).
2979 1262 3085 1319 Sed
3123 1263 3250 1339 quia
3304 1262 3511 1318 malum
3549 1262 3722 1333 elego-

2131 1368 2277 1422 runt,
2308 1357 2427 1412 ideo
2457 1356 2678 1426 maligni
2719 1354 2896 1411 eifeeti
2930 1363 3076 1410 sunt.

2200 1449 2437 1504 Messes.
2467 1450 2600 1503 Cum
2625 1457 2679 1501 et
2704 1456 3026 1515 argumento
3054 1446 3472 1518 experimentali
3493 1487 3509 1510 ,
3541 1455 3598 1500 et
3622 1446 3721 1500 do-

2131 1548 2353 1593 ctorum
2392 1537 2870 1608 approbationihus
2921 1539 3192 1593 diabolum
3231 1551 3353 1594 esse
3385 1537 3717 1602 noverimus,

2124 1629 2236 1698 jam
2274 1628 2402 1682 inde
2424 1628 2653 1682 ulterius
2677 1628 2809 1696 quin
2836 1627 2976 1692 sint,
3002 1628 3255 1683 dubitare
3297 1641 3404 1683 non
3433 1626 3718 1691 debemus,

2130 1734 2232 1775 nec
2263 1719 2403 1774 ultra
2428 1734 2591 1789 super
2617 1718 2924 1788 hujusmodi
2948 1720 3246 1788 quaestione
3268 1719 3434 1790 longo
3469 1735 3721 1775 sermone

2133 1812 2462 1881 indigemus.
2491 1811 2567 1864 De
2590 1810 2696 1865 hoc
2727 1810 2896 1880 igitur
2921 1809 3281 1875 dimittamus,
3311 1819 3369 1865 et
3402 1825 3507 1864 cur
3532 1811 3585 1864 in
3610 1810 3722 1878 ejus

443 1915 577 1970 Cum
620 1915 802 1985 itaque
832 1914 1108 1970 Christum
1135 1925 1190 1969 et
1233 1917 1506 1971 hominem
1535 1918 1727 1973 credas
1766 1919 1934 1974 fuisse
1978 1931 2030 1973 et

2138 1900 2422 1952 arbitrium
2464 1900 2627 1952 homo
2657 1899 2935 1953 devenerit
2964 1897 3329 1967 inquiramus.

444 2011 644 2074 Deum,
688 2026 789 2064 cur
826 2026 883 2065 se
907 2011 1151 2079 crneiligi
1177 2026 1371 2079 passus
1402 2022 1519 2076 est,
1570 2028 1670 2067 nec
1709 2029 1768 2067 se
1810 2014 1876 2066 de
1915 2031 2031 2067 ma-

444 2102 603 2155 nibus
629 2101 827 2171 eripuit
877 2100 1232 2155 Judienrum?
1270 2100 1553 2167 Quomodo
1588 2104 1732 2157 enim
1783 2104 2030 2171 omnipo-

444 2193 630 2246 tentia:
671 2194 1013 2247 imminutum
1054 2202 1136 2248 est
1167 2194 1500 2263 imperium?

516 2282 757 2339 PETRUS.
788 2283 935 2340 Bene
977 2286 1194 2354 quidem
1228 2302 1287 2340 se
1318 2287 1456 2341 tueri
1480 2296 1768 2343 etservare
1795 2289 1838 2342 si
1874 2288 2032 2343 vellet

449 2373 655 2443 potuit,
694 2374 788 2428 sed
812 2376 915 2430 hoc
944 2385 1136 2446 sponte
1168 2393 1264 2430 sua
1291 2377 1359 2431 ob
1409 2392 1631 2431 suorum
1659 2377 1884 2433 salutem
1912 2394 2034 2447 per-

450 2462 576 2516 tulit
599 2504 614 2529 ,
650 2461 776 2517 licet
803 2464 956 2517 carni
989 2480 1110 2533 qua:
1139 2465 1204 2519 de
1254 2466 1455 2519 mundo
1484 2476 1607 2521 erat
1649 2482 1755 2520 non
1806 2467 2029 2537 placuit.

447 2550 687 2607 Verbum
718 2553 861 2607 enim
889 2553 981 2607 Dei
1011 2570 1231 2608 carnem
1281 2555 1351 2609 ob
1378 2555 1524 2609 aliud
1566 2570 1905 2625 nequaquam
1937 2570 2032 2610 ca-

444 2651 619 2715 peret,
648 2644 749 2698 nisi
780 2654 837 2697 ut
863 2660 957 2698 eos
986 2645 1083 2713 qui
1114 2644 1164 2697 in
1190 2661 1248 2699 se
1275 2644 1623 2699 crediderant
1651 2654 1706 2698 et
1728 2646 2032 2699 credituros

453 2734 520 2789 de
553 2733 750 2791 diaboli
785 2737 1104 2806 captivntate
1132 2735 1394 2791 liberaret
1423 2734 1696 2807 (10011.1).

518 2847 749 2903 Herses.
790 2849 869 2903 Ex
916 2849 1021 2904 hoc
1080 2866 1208 2904 sane
1254 2859 1345 2903 tuo
1396 2863 1649 2903 sermone
1703 2849 2032 2918 quaestiones

446 2937 698 2991 oriuntur
724 2939 908 2993 multa:
931 2953 944 2990 :
968 2941 1167 3007 prima,
1194 2939 1322 3008 quid
1348 2940 1419 2992 sit
1442 2938 1716 3003 diabolus;
1753 2939 1990 2993 secunda
2013 2979 2029 3003 ,

446 3044 616 3098 quare
640 3029 804 3085 homo
832 3032 1109 3085 devenerit
1141 3031 1193 3083 in
1236 3039 1558 3100 potestatem
1594 3030 1771 3093 illius;
1828 3031 1984 3084 tertia
2014 3070 2031 3095 ,

446 3136 549 3176 cur
573 3121 640 3176 de
668 3137 829 3175 manu
858 3121 976 3189 ejus
1008 3122 1256 3177 homines
1298 3121 1607 3176 liberaverit
1637 3122 1809 3188 Deus,
1863 3137 2029 3191 quan-

447 3209 734 3279 doquidem
760 3209 906 3279 ipsos
938 3210 990 3263 in
1016 3226 1137 3265 eam
1170 3211 1419 3264 decidere
1451 3210 1521 3263 sit
1550 3225 1773 3279 passus;
1812 3220 2025 3280 quarta,
2057 3228 2102 3291 ς

448 3318 550 3357 cur
572 3318 696 3357 cum
739 3318 834 3357 eos
865 3303 1058 3359 redimi
1109 3302 1277 3357 voluit
1317 3320 1411 3357 sua
1464 3305 1567 3359 hoc
1616 3313 1882 3375 potestate
1922 3319 2028 3359 non

449 3392 613 3457 fecit,
649 3393 756 3447 imo
780 3393 1053 3448 incaruari
1083 3408 1146 3448 ac
1181 3394 1289 3463 pati
1317 3395 1529 3449 maluit.

522 3503 756 3561 Penus.
792 3504 1057 3570 Quoniam
1084 3502 1235 3571 plura
1260 3503 1419 3557 simul
1450 3503 1673 3569 dixisti,
1711 3512 1766 3557 et
1809 3505 1875 3558 de
1907 3502 2026 3572 plu-

450 3596 604 3649 ribus
624 3596 780 3650 simul
808 3596 965 3665 plene
994 3610 1099 3649 non
1124 3604 1306 3664 potest
1341 3596 1656 3666 responderi
1682 3636 1697 3658 ,
1734 3611 1946 3669 quaeras
1985 3596 2029 3650 si

450 3687 631 3758 placet
655 3690 721 3741 de
743 3687 969 3757 singulis
999 3687 1121 3742 volo
1141 3727 1157 3754 ,
1185 3695 1238 3741 et
1260 3687 1403 3761 quod
1434 3687 1560 3741 inde
1597 3688 1773 3741 sentio
1805 3702 2033 3756 respou~

454 3775 614 3833 debo.

530 3889 761 3945 Messes.
799 3891 856 3945 lu
882 3893 1071 3962 primis
1096 3892 1261 3961 igitur
1286 3890 1591 3946 dediabolo
1627 3891 1756 3962 quid
1783 3892 1884 3957 sit,
1932 3906 2031 3945 au-

454 3983 572 4038 dire
599 3983 866 4039 desidero.

521 4094 755 4151 PETRUS.
788 4096 1113 4165 Diabolus,o
1142 4096 1829 4170 Moyses,subtilis’quidem
1857 4103 1912 4149 et
1930 4109 2039 4163 Spl-

450 4186 666 4240 ritualis
678 4195 761 4241 est
780 4204 885 4251 res,
902 4198 956 4241 et
982 4188 1081 4241 fuit
1103 4188 1229 4241 olim
1246 4204 1383 4242 lllltls
1397 4188 1461 4241 de
1477 4188 1740 4241 bonorum
1756 4184 2036 4242 ordinibus

452 4276 789 4346 angelorum.
818 4278 984 4346 Cujus
1013 4279 1220 4333 ordinis
1241 4279 1427 4332 duode
1453 4277 1787 4348 principibus
1819 4276 1964 4331 lluza
1983 4284 2037 4329 et

454 4366 687 4422 Ilazazel
723 4368 774 4421 iu
827 4367 1127 4431 llebraica,
1180 4367 1389 4420 llaroth
1432 4382 1560 4419 vero
1614 4374 1664 4417 et
1721 4365 1931 4418 Maroth
1982 4364 2034 4417 in

453 4455 632 4527 lingua
656 4456 996 4526 appellantur
1022 4457 1275 4510 Arabica.
1310 4456 1376 4509 Et
1399 4454 1488 4507 hic
1517 4452 1772 4507 diabolus
1815 4463 2039 4521 peccato

451 4560 507 4605 et
532 4551 817 4620 iniquitate
848 4566 943 4604 sua
982 4559 1326 4618 aggravatus,
1356 4556 1412 4601 et
1440 4546 1593 4614 quasi
1626 4545 2027 4613 aliquantulum
2066 4580 2113 4637 υ

454 4642 810 4713 ponderosior
829 4641 1075 4703 eli'ectus,
1102 4649 1156 4693 et
1184 4639 1262 4692 sic
1291 4639 1358 4692 de
1384 4652 1596 4692 summo
1635 4637 1896 4690 ccelorum
1941 4637 2036 4690 do-

453 4736 669 4805 lapsus,
696 4734 857 4804 paulo
904 4734 1185 4789 descendit
1234 4730 1501 4793 inferius,
1538 4739 1594 4785 et
1638 4741 1723 4785 est
1752 4730 1839 4787 hic
1893 4729 2034 4784 infra

454 4828 861 4882 ﬁrmamentum
894 4826 1161 4880 habitatio
1191 4824 1326 4892 ejus.

528 4917 766 4971 Messes.
821 4915 1095 4985 Scriptum
1153 4914 1398 4984 profecto
1444 4914 1582 4983 apud
1634 4928 1733 4967 nos
1783 4921 1867 4967 cst
1915 4927 2038 4967 esse

462 5009 731 5073 diabolos,
769 5018 824 5064 et
862 5010 929 5063 de
958 5007 1291 5078 principibus
1313 5021 1498 5062 eorum
1526 5005 1676 5061 lluza
1725 5013 1781 5061 et
1806 5004 2038 5060 llazazel

452 5117 575 5158 esse
604 5101 932 5170 appellatos,
963 5100 1056 5156 sed
1099 5101 1201 5156 hoc
1231 5100 1422 5155 vellem
1447 5114 1547 5169 ego
1586 5098 1820 5153 libenter
1843 5098 2036 5152 audire

453 5208 559 5263 qua
591 5190 964 5262 philosophica
998 5191 1207 5246 ratione
1242 5206 1334 5247 eos
1365 5205 1511 5255 esse,
1569 5188 1651 5244 vel
1704 5188 1834 5258 quid
1883 5189 1992 5243 sint
2018 5227 2033 5253 ,

453 5286 629 5354 possis
651 5286 958 5340 ostendere.

522 5379 761 5434 Perses.
804 5378 859 5432 in
901 5378 1092 5447 primis
1122 5377 1286 5446 igitur
1335 5374 1500 5430 debes
1529 5375 1689 5439 scire,
1715 5374 1848 5428 artis
1897 5372 2039 5427 illius

452 5485 573 5541 quae
626 5471 1034 5526 necromantiea
1091 5468 1434 5538 appellatur,
1487 5480 1680 5520 novem
1740 5462 2037 5534 particulas

451 5576 593 5623 esse.
621 5577 855 5629 quarum
884 5569 1120 5617 quatuor
1160 5560 1353 5629 prima:
1403 5559 1469 5611 de
1515 5567 1749 5627 quatuor
1802 5565 2039 5611 tractant

450 5650 758 5717 elementis,
793 5652 1026 5722 qualiter
1052 5653 1102 5704 in
1134 5654 1213 5706 eis
1241 5650 1455 5719 Operari
1491 5650 1760 5719 possimus
1784 5648 2029 5718 physice,

455 5746 702 5814 quinque
730 5762 860 5799 vero
904 5746 1126 5812 reliquae
1176 5744 1633 5813 quemadmodum
1668 5760 1772 5798 non
1807 5743 1908 5798 nisi
1946 5759 2039 5810 per

457 5834 858 5889 invocationem
892 5835 1247 5903 malignorum
1272 5840 1484 5902 operari
1513 5835 1633 5902 quis
1674 5835 1844 5903 possit
1877 5834 2034 5902 spiri-

2206 1990 2441 2044 Pernos.
2480 1989 2743 2056 Quoniam
2768 2005 2898 2060 ergo
2923 1990 3066 2043 Deus
3105 1990 3274 2042 Adam
3308 1991 3375 2042 ad
3425 1990 3717 2059 imaginem

2132 2098 2289 2136 suam
2338 2081 2620 2136 conditum
2672 2089 2728 2134 et
2758 2080 3169 2135 similitudinem
3230 2081 3435 2150 (ibid.),
3497 2082 3729 2151 ideoque

2133 2176 2277 2229 inter
2304 2183 2587 2228 creaturas
2615 2172 2993 2241 excellentem,
3022 2173 3386 2243 compositum
3423 2176 3638 2229 creavit
3667 2184 3729 2233 ei

2133 2268 2435 2335 simplicem
2463 2284 2479 2321 :
2509 2267 2867 2336 compositum
2893 2266 3134 2335 quidem,
3161 2275 3220 2321 ut
3252 2268 3520 2322 tnundu’m
3558 2269 3723 2323 istum

2136 2359 2428 2426 habitaret,
2462 2374 2527 2413 ac
2552 2372 2720 2427 super
2761 2373 2883 2413 eum
2938 2367 3263 2427 potestatem
3322 2360 3731 2430 imperiumque

2136 2452 2397 2516 haberet,
2453 2450 2933 2519 dissolutionisque
2962 2451 3124 2505 etiam
3183 2452 3554 2520 susceptibilis
3601 2467 3735 2507 esse.

2135 2553 2351 2613 posset;
2392 2543 2692 2615 simplicem
2718 2558 2878 2605 vero,
2913 2551 2970 2595 ut
2998 2542 3214 2612 quando
3262 2541 3514 2598 Creatori
3545 2544 3727 2613 plaee-

2136 2647 2239 2705 ret,
2272 2637 2337 2690 ad
2369 2636 2646 2691 cmlestem
2700 2635 3012 2701 angelorum
3068 2635 3300 2704 patriam
3363 2636 3485 2689 sine
3541 2635 3726 2689 carnis

2135 2739 2311 2785 morte
2344 2728 2925 2797 transiret-.quoniam,
2960 2727 3202 2795 inquam,
3236 2742 3360 2780 eum
3388 2727 3552 2781 talem
3584 2726 3728 2780 Deus

2134 2819 2358 2882 creavit,
2386 2834 2511 2873 cutn
2541 2817 2647 2872 hoc
2673 2817 2901 2872 vidisset
2917 2816 3180 2885 ,diabolus
3208 2859 3220 2883 ,
3251 2818 3345 2886 qui
3372 2818 3426 2873 in
3462 2817 3565 2872 hoc
3593 2832 3731 2872 aere

2136 2911 2378 2966 inferiori
2409 2925 2578 2981 prope
2608 2918 2807 2964 terram
2855 2910 3153 2977 habitabat,
3209 2910 3439 2975 invidit,
3494 2919 3553 2963 et
3600 2907 3726 2976 ejus

2135 3003 2544 3059 damnationem
2578 3010 2739 3073 prout
2765 3002 2939 3070 potuit
2970 3001 3336 3070 perquisivit,
3372 3000 3504 3069 quin
3564 3010 3620 3053 et
3669 3011 3729 3055 ut

2138 3096 2236 3151 Dei
2272 3105 2607 3166 praeceptum
2634 3094 2910 3154 transiret,
2951 3102 3004 3147 et
3032 3095 3098 3148 de
3129 3092 3307 3147 fructu
3335 3094 3506 3146 vetito
3536 3106 3725 3146 eome-

2137 3192 2318 3254 deret,
2352 3188 2500 3246 cordi
2533 3186 2968 3257 ejusinspiravit,
2998 3194 3219 3255 propter
3246 3185 3351 3240 hoc
3381 3194 3442 3239 ut
3463 3185 3529 3238 de
3554 3182 3730 3253 digni-

2135 3290 2245 3342 tate
2273 3294 2371 3339 sua
2414 3278 2763 3342 concideret,
2814 3276 3271 3349 quemadmodum
3315 3284 3372 3331 et
3422 3274 3540 3342 ipse
3592 3289 3725 3329 con-

2132 3372 2284 3428 cidit.

2205 3462 2437 3517 Movsns.
2466 3460 2793 3529 Priusquam
2820 3458 2964 3512 aliud
2991 3458 3161 3520 dicas,
3189 3456 3316 3510 mihi
3344 3454 3487 3509 volo.
3523 3451 3728 3518 Petre,

2135 3552 2468 3621 respondeas
2491 3590 2507 3615 ,
2536 3551 2665 3620 quid
2693 3550 2763 3602 sit
2790 3549 2932 3618 quod
2957 3549 3127 3601 Adam
3163 3546 3369 3601 factum
3413 3544 3739 3614 simplicem

2135 3645 2346 3697 dixeris
2372 3653 2536 3713 atque
2577 3641 2941 3710 compositum
2971 3681 2986 3705 ,
3046 3641 3263 3694 videtur
3311 3652 3550 3707 namque
3596 3651 3725 3692 esse

2135 3733 2491 3795 contrarium,
2515 3740 2572 3786 et
2595 3741 2649 3784 tu
2675 3731 2837 3785 etiam
2864 3745 2985 3784 cum
3012 3729 3080 3783 de
3103 3728 3506 3782 resurrectione
3534 3726 3724 3795 dispu-

2139 3827 2387 3879 tahamus
2418 3833 2778 3886 mortuorum,
2811 3836 3011 3890 corpus
3059 3820 3277 3889 aliquod
3307 3820 3518 3891 negasti
3559 3832 3723 3887 posse

2136 3916 2252 3970 fore
2279 3916 2507 3985 simplex
2556 3923 2723 3983 atque
2772 3911 3155 3983 compositum.
3189 3911 3300 3967 Sed
3352 3918 3410 3965 et
3435 3910 3586 3964 aliud
3634 3917 3722 3963 est

2137 4010 2473 4064 contrarium
2503 4050 2518 4076 ,
2577 4007 2721 4077 quod
2771 4017 2828 4061 et
2878 4007 3072 4062 mortis
3126 4021 3249 4061 eum
3315 4003 3723 4073 susceptibilem

2137 4100 2320 4157 dixisti
2347 4114 2468 4155 esse
2515 4107 2779 4163 creatum,
2808 4106 2862 4152 et
2909 4099 3092 4163 talem,
3158 4108 3218 4153 ut
3242 4097 3358 4152 sine
3417 4106 3618 4158 morte,
3656 4094 3727 4149 ad

2138 4192 2372 4262 patriam
2425 4190 2661 4245 transire
2710 4198 2897 4257 posset
2939 4189 3275 4263 angelorum.
3326 4187 3432 4241 Per
3489 4185 3723 4241 alterum

2137 4298 2373 4352 namer
2403 4281 2683 4345 mortalis,
2713 4295 2812 4350 per
2836 4280 3066 4335 alterum
3098 4295 3225 4335 vero
3263 4295 3385 4335 esse
3415 4278 3726 4332 ostenditur

2140 4373 2486 4428 immodalis.

2140 4494 2148 4501 ο
2210 4461 2447 4517 Perses.
2477 4460 2630 4514 Scias
2671 4460 2797 4528 quia
2830 4459 3081 4513 animalia
3134 4459 3317 4514 omnia
3365 4458 3433 4512 de
3488 4466 3726 4528 quatuor

2139 4552 2423 4617 elementis
2451 4559 2576 4606 sunt
2600 4550 2920 4618 composita.
2954 4549 3085 4614 Qua:
3131 4551 3294 4604 etiam
3333 4564 3394 4604 se
3432 4552 3728 4605 variarunt

2139 4660 2237 4712 pro
2290 4645 2530 4713 ipsorum
2600 4640 2864 4695 varietate
2926 4640 3317 4696 elementorum
3348 4682 3365 4707 ,
3422 4642 3485 4695 in’
3535 4656 3724 4695 eorum

2139 4735 2537 4804 compositione
2581 4730 3214 4800 secundum‘qualitates
3276 4740 3332 4785 et
3383 4732 3727 4799 quantitates

2141 4842 2269 4882 snas
2298 4825 2580 4895 impariter
2601 4824 3001 4894 adjunctornm,
3018 4823 3141 4878 inde
3163 4825 3363 4877 etenim
3383 4825 3725 4878 diversarum

2137 4916 2782 4990 provenitdissimilitudo
2795 4917 3118 4981 specierum.
3147 4914 3417 4983 Quoniam
3440 4918 3731 4985 veroipso-

2140 5023 2259 5062 rum
2283 5008 2477 5076 quibus
2501 5017 2899 5076 componuntur
2910 5005 3323 5072 elementorum,
3339 5006 3493 5061 calor
3511 5004 3724 5075 frigori,

2140 5100 2435 5155 humiditas
2464 5098 2720 5163 siccitati,
2754 5097 2991 5152 inanitas
3017 5097 3310 5161 soliditati,
3345 5098 3731 5166 ponderositas

2139 5192 2370 5257 levitati,
2406 5201 2463 5245 et
2487 5189 2758 5245 subtilitas
2785 5190 3068 5245 obtusitati
3101 5199 3385 5259 repugnat,
3418 5203 3730 5261 onmcsquo

2141 5283 2363 5351 reliquae
2401 5297 2521 5351 quae
2554 5282 2607 5335 in
2638 5282 2718 5334 eis
2747 5291 2873 5334 sunt
2901 5281 3191 5349 qualitates
3234 5282 3336 5336 sibi
3369 5282 3439 5343 ad
3492 5282 3730 5343 invicem

2138 5376 2429 5431 contraria:
2483 5382 2650 5437 sunt,
2696 5372 2817 5427 ideo
2845 5389 2930 5427 .ex
2987 5373 3120 5442 ipsis
3163 5389 3380 5443 quoque
3429 5373 3733 5442 composita

2139 5482 2356 5539 semper
2392 5477 2695 5527 mutantur,
2728 5474 2984 5520 crescunt
3013 5466 3264 5520 videlicet
3286 5474 3454 5534 atque
3475 5465 3736 5519 minuun-

2143 5570 2247 5622 tur,
2280 5558 2558 5613 calescunt
2589 5566 2643 5611 et
2669 5555 3073 5625 infrigidantur,
3101 5556 3424 5625 ueterisque
3466 5555 3736 5610 acciden-

2143 5654 2308 5715 tibus,
2336 5652 2599 5716 vieissim,
2633 5648 2963 5704 alliciuutur.
3009 5648 3105 5704 llis
3129 5657 3312 5702 autem
3368 5647 3740 5717 qualitatibus

2145 5746 2214 5798 ita
2243 5744 2412 5799 altera
2444 5744 2511 5797 ad
2569 5742 2791 5797 alterius
2836 5742 3206 5814 expulsionem
3254 5740 3638 5805 tendentibus,
3692 5737 3742 5791 si

2142 5836 2243 5889 alia
2283 5835 2443 5905 paulo
2478 5844 2878 5904 supercrescat,
2917 5834 3019 5889 alia
3048 5832 3263 5903 paulum
3322 5831 3573 5895 deﬁciat,
3606 5845 3744 5899 pro-.-
