4142 6360
399 378 495 431 Gil

1879 369 2171 426 DlALOCl.

3549 385 3656 440 612

397 493 543 546 venit
569 491 845 560 :rgritudo.
874 489 930 544 Si
963 503 1091 544 vero
1113 503 1216 542 una
1244 488 1384 542 ultra
1413 490 1629 542 modum
1659 487 1967 543 abundante
1995 491 2044 547 Α
2068 503 2172 557 que
2209 489 2364 556 egisti
2389 530 2401 552 ,
2433 489 2664 558 qualiter
2694 490 2862 544 Adam
2905 501 3124 561 prepter
3153 503 3432 562 peccatum
3458 512 3613 552 stnnn
3634 539 3652 562 ,

395 584 500 636 alia
532 585 605 636 ita
636 582 852 636 deliciat
876 590 933 634 ut
959 581 1006 634 ei
1038 589 1228 634 contra
1257 590 1405 633 stare
1433 593 1530 631 nec
1553 593 1742 646 parum
1769 575 1969 640 valeat,

393 689 639 728 connexa
664 671 1056 734 dissolvuntur,
1088 669 1338 737 adjuncta
1366 677 1708 736 separantur.
1749 681 1967 736 compo-

395 765 498 817 sita
530 763 900 823 destruuntur,
938 760 1296 814 etdissolutio
1335 759 1422 812 illa
1464 773 1608 810 mors
1645 755 1968 825 appellatur.

393 854 526 907 Cum
555 868 683 906 vero
712 852 881 904 Adam
910 850 1050 905 Deus
1074 852 1281 906 creavit
1308 891 1322 915 ,
1381 849 1587 920 placuit
1632 849 1733 902 sibi
1779 863 1972 902 creare

391 958 515 997 eum
546 942 728 1007 talem,
754 943 845 1009 qui
873 951 926 996 et
950 942 1087 996 mori
1112 951 1165 996 et
1190 956 1295 994 non
1349 940 1484 993 mori
1541 938 1764 992 valeret.
1821 937 1972 990 Fecit

390 1047 522 1102 ergo
570 1047 692 1086 eum
743 1029 809 1084 de
858 1029 1140 1085 clementis
1185 1029 1584 1088 subtilioribus.
1638 1036 1694 1080 ct
1749 1025 1970 1079 omnino

391 1122 671 1192 aequaliter
711 1121 774 1174 de
805 1122 1079 1184 onmibus,
1109 1130 1162 1175 et
1194 1121 1316 1184 hoc,
1345 1129 1402 1173 ut
1428 1129 1480 1173 et
1526 1119 1764 1186 ipsorum
1795 1116 1969 1185 quali-

393 1224 531 1269 tates
560 1214 668 1267 vim
697 1212 932 1282 aliquam
961 1228 1019 1267 se
1043 1213 1108 1266 ad
1147 1213 1378 1265 invicem
1425 1210 1714 1280 superandi
1761 1209 1968 1277 aliqua-

395 1313 551 1359 tenus
583 1319 688 1358 non
742 1305 1021 1358 haberent.
1067 1302 1272 1356 Taliter
1313 1312 1492 1356 autem
1537 1301 1710 1354 factus
1739 1307 1858 1365 est,
1907 1306 1966 1351 ut

395 1413 499 1451 non
536 1396 672 1450 mori
707 1397 822 1464 ipse
873 1395 1160 1462 potuisset,
1189 1403 1242 1447 et
1280 1408 1379 1462 ego
1429 1407 1552 1445 eum
1609 1391 1728 1443 ideo
1758 1387 1963 1456 simpli-

398 1502 517 1539 cem
554 1485 840 1554 appellavi,
893 1495 949 1538 et
981 1483 1362 1539 immortalem.
1417 1481 1532 1536 iloc
1585 1481 1744 1535 modo
1769 1479 1964 1549 quippe

391 1579 567 1631 fuerat
639 1577 1004 1637 immortalis,
1066 1575 1522 1645 quemadmodum
1622 1581 1678 1628 et
1761 1581 1959 1626 caetera

391 1669 654 1738 simplicia
689 1669 1009 1723 immortalia
1038 1678 1166 1722 sunt
1221 1667 1426 1722 omnia.
1458 1666 1622 1736 Cujus
1673 1667 1747 1720 rei
1790 1666 1962 1719 mani-

390 1757 587 1812 festum
646 1761 891 1828 qutedam
949 1760 1199 1812 animalia
1249 1759 1489 1812 tribuunt
1540 1767 1953 1828 argumentum,

2071 589 2125 632 et
2179 580 2250 632 ita
2311 582 2486 634 omnis
2547 582 2710 634 homo
2759 582 2812 634 in
2856 585 3138 637 arbitrium
3186 586 3390 640 venerit
3431 587 3651 642 diahoii.

2073 671 2180 724 Sed
2209 680 2264 725 et
2304 672 2406 726 hoc
2438 673 2590 736 mihi,
2636 674 2679 727 si
2709 675 2852 728 nosti
2903 675 3092 728 vellem
3135 677 3362 744 aperiri,
3396 679 3552 746 quale
3601 687 3660 734 et

2076 763 2349 831 quomodo
2411 765 2703 818 secundum
2768 765 3044 833 physicam
3111 775 3328 835 propter
3403 769 3657 837 praecepti

2075 852 2592 919 transgressionem,
2645 867 2785 915 eam,
2837 869 2998 918 quam
3035 855 3086 906 in
3133 857 3213 908 sui
3269 857 3658 925 compositione

2069 941 2242 994 Adam
2269 941 2551 1007 habuerat,
2586 944 2829 997 amiserit
2857 945 3243 1012 aequalitatem.

2140 1029 2376 1086 Psrnus.
2410 1032 2564 1086 Scias
2587 1049 2714 1101 ergo
2737 1034 2879 1101 quod
2919 1035 3086 1086 Adam
3118 1051 3238 1088 cum
3281 1037 3561 1104 teqttalitcr
3589 1038 3654 1092 de

2067 1121 2348 1176 elementis
2396 1123 2645 1177 erunibus
2701 1124 2876 1178 factus
2923 1134 3105 1190 esset,
3169 1127 3430 1194 aequalem
3488 1130 3651 1182 etiam

2068 1211 2352 1265 alIectuutu
2402 1214 2712 1281 temperiem
2765 1214 2966 1268 habere
3014 1214 3323 1278 debuisset,
3355 1225 3413 1268 ut
3457 1216 3550 1269 irae
3597 1226 3653 1271 et

2067 1301 2366 1366 maestitiae,
2396 1303 2709 1356 comedendi
2755 1312 2920 1372 atque
2966 1304 3206 1370 bibendi,
3242 1319 3305 1358 ac
3329 1315 3650 1360 exterarum

2064 1407 2292 1460 quarum
2324 1395 2464 1446 nulla
2491 1396 2542 1446 in
2572 1396 2788 1448 homine
2810 1397 3212 1462 superabundat
3240 1406 3330 1448 aut
3355 1398 3646 1460 decrescit,

2063 1482 2166 1535 nisi
2192 1497 2258 1536 ex
2280 1482 2666 1537 elementorum
2686 1483 3180 1552 superabundantia
3198 1485 3279 1539 vel
3295 1486 3651 1540 diminutione

2063 1573 2406 1640 qualitatum.
2440 1574 2576 1628 Cum
2603 1589 2732 1628 vero
2755 1575 2802 1628 ei
2829 1571 3075 1628 diabolus
3099 1573 3306 1628 Domini
3335 1577 3416 1629 sui
3447 1590 3651 1644 praece-

2061 1674 2210 1729 ptum
2239 1662 2532 1730 transgredi
2561 1663 2848 1728 consuluit,
2876 1663 3184 1731 ipseautem
3215 1655 3338 1718 inde
3365 1665 3646 1733 cogitavit,

2063 1754 2136 1806 ita
2163 1753 2305 1822 quod
2331 1763 2383 1806 et
2411 1752 2589 1806 facere
2632 1754 2822 1824 elegit,
2854 1770 2954 1808 nec
2994 1756 3173 1808 anima
3206 1768 3264 1808 ut
3303 1766 3482 1825 posset
3518 1771 3644 1826 pro-

389 1864 508 1918 qum
529 1850 653 1918 quia
678 1850 937 1918 :equalius
985 1851 1196 1904 caeteris
1237 1851 1522 1905 elementis
1565 1845 1784 1915 condita
1833 1859 1959 1904 sunt
1987 1830 2032 1888 Β
2062 1843 2263 1906 Ιιὶιιυίι,
2301 1843 2412 1910 iam
2465 1853 2664 1896 extum:
2709 1860 2933 1914 peccare
2979 1855 3033 1898 et
3076 1847 3440 1914 aequalitatem
3491 1862 3645 1900 suam

386 1942 574 2011 procul
606 1941 766 1995 dubio
803 1941 1005 1995 diutius
1033 1942 1238 1995 vivunt.
1276 1941 1410 2008 Quia
1451 1957 1580 1995 vero
1609 1941 1676 1994 de
1726 1950 1962 2010 quatuor

386 2030 564 2084 factus
591 2041 668 2084 est
701 2029 871 2084 Adam
923 2030 1224 2093 elementis,
1255 2040 1308 2086 et.
1351 2032 1609 2101 quidquid
1634 2047 1700 2085 ex
1767 2033 1846 2084 eis
1902 2032 1958 2086 lit

387 2120 732 2188 susceptibile
763 2129 846 2174 est
887 2120 1274 2189 dissolutionis,
1313 2121 1432 2176 ideo
1462 2121 1572 2176 dixi
1599 2136 1721 2176 eum
1766 2132 1960 2175 morta-

385 2209 490 2264 lem
516 2219 678 2278 atque
709 2211 1088 2279 compositum.

455 2339 686 2397 Movses.
733 2342 916 2398 Placet
942 2345 1082 2414 quod
1105 2345 1261 2400 dicis.
1295 2346 1400 2399 Sed
1429 2364 1549 2401 cum
1577 2357 1634 2400 ut
1679 2348 1876 2401 ﬂSSCl‘lS
1905 2357 1958 2402 et

387 2433 526 2485 mori
557 2441 611 2484 et
641 2448 744 2485 non
771 2434 904 2486 mori
929 2435 1182 2502 potuerit,
1217 2451 1383 2504 quare
1417 2437 1716 2490 u.ortalitas
1746 2439 1961 2491 inunor-

388 2522 649 2574 talitatem
681 2524 988 2590 superavit,
1023 2525 1097 2578 ita
1152 2527 1293 2593 quod
1348 2541 1517 2595 usque
1579 2527 1737 2581 hodie
1783 2528 1959 2582 omnis

388 2611 551 2664 homo
585 2613 829 2665 mortalis
858 2613 961 2666 sit?

454 2721 690 2776 Penus.
720 2721 830 2775 Hoc
851 2731 934 2777 est
962 2725 1104 2791 quod
1129 2724 1418 2793 explanare
1447 2724 1708 2793 disposui,
1759 2731 1811 2774 et
1845 2724 1958 2777 lucc

384 2820 466 2866 est
492 2828 650 2864 causa
680 2827 778 2865 cur
802 2813 851 2864 in
877 2822 1200 2880 potestatem
1227 2813 1424 2866 diaboli
1456 2814 1625 2865 Adam
1651 2813 1951 2866 devenerit.

383 2905 516 2957 Cum
578 2919 706 2973 ergo
762 2902 1037 2958 Creatoris
1096 2905 1458 2958 obedientiam
1519 2905 1752 2958 transire
1805 2903 1952 2956 cordi

382 2994 498 3059 ejus
531 2995 788 3057 immisit,
822 3011 986 3064 super
1040 3011 1105 3050 eo
1143 2997 1440 3066 cogitavit;
1502 3005 1783 3064 postquam
1825 3010 1954 3048 vero

382 3090 657 3158 cogitavit,
685 3091 864 3160 elegit,
895 3101 1173 3160 postquam
1197 3091 1376 3158 elegit,
1403 3091 1628 3159 optavit;
1669 3101 1951 3160 postquam

381 3181 612 3248 optavit,
645 3188 696 3233 et
728 3181 892 3241 fecit,
927 3196 1048 3234 cum
1084 3190 1262 3233 autem
1295 3180 1438 3240 fecit,
1485 3181 1759 3248 peccavit;
1801 3189 1948 3249 post-
1983 3167 2022 3222 C

381 3283 544 3338 quam
575 3284 700 3323 vero
723 3271 980 3337 peccavit,
1003 3270 1317 3338 qualitatem
1344 3285 1502 3339 quam
1541 3271 1772 3324 habebat
1803 3281 1856 3324 et
1873 3270 1949 3323 sic

382 3359 842 3414 immortalitatem
867 3361 1065 3426 amisit,
1094 3371 1148 3415 et
1181 3362 1404 3414 omnino
1433 3372 1490 3414 ut
1530 3363 1948 3430 compositorum

382 3462 571 3504 natura
594 3461 678 3506 est
700 3452 1076 3505 mortalitatem
1104 3450 1359 3518 suscepit,
1385 3452 1454 3504 ita
1480 3453 1620 3520 quod
1641 3453 1864 3508 ulterius
1883 3452 1950 3505 ab

381 3553 446 3592 eo
475 3540 714 3606 separari
745 3555 847 3592 non
872 3541 1076 3606 potuit,
1119 3542 1260 3593 unde
1305 3548 1359 3592 et
1401 3539 1704 3606 hujusmodi
1757 3541 1952 3594 diliini-

383 3629 581 3683 tionem
602 3631 825 3698 recepit,
842 3631 982 3698 quod
1011 3630 1285 3683 rationalis
1297 3640 1344 3684 et
1368 3631 1605 3684 mortalis
1621 3632 1796 3685 dictus
1826 3631 1947 3696 fuit,

380 3723 508 3791 quin
541 3732 594 3776 et
633 3729 809 3774 omnis
836 3723 926 3792 qui
957 3723 1023 3776 de
1061 3722 1176 3789 ejus
1205 3725 1411 3776 semine
1457 3725 1760 3792 processit,
1794 3735 1951 3778 natu-

380 3831 495 3869 ram
527 3815 792 3880 eamdem,
823 3824 876 3868 et
905 3816 1014 3882 ipse
1041 3817 1246 3869 habuit.
1283 3816 1382 3867 Est
1407 3813 1600 3883 quippe
1620 3813 1821 3882 justum
1844 3855 1859 3879 ,
1893 3824 1952 3868 ut

383 3909 426 3963 si
461 3908 588 3976 quid
617 3907 682 3961 de
709 3905 815 3958 alio
863 3907 1086 3975 prodeat
1111 3947 1125 3968 ,
1165 3916 1371 3960 natura:
1399 3907 1516 3972 ejus
1542 3906 1947 3960 similitudinem

381 4003 624 4072 recipiat.
669 4001 862 4054 Anima
911 4014 1036 4053 vero
1084 4001 1254 4053 Adam
1299 4017 1419 4053 eum
1455 3999 1750 4054 subtilioris
1808 4009 1952 4055 esset

379 4103 590 4148 naturae
617 4107 778 4161 quam
816 4106 1012 4159 corptts
1031 4131 1046 4154 ,
1073 4100 1233 4157 atque
1266 4091 1502 4144 l'ortioris
1529 4129 1542 4152 .
1573 4091 1698 4160 quia
1729 4103 1950 4159 peccato

381 4182 457 4236 illi
487 4197 766 4236 assensum
801 4180 1048 4250 pra-buit,
1072 4188 1126 4232 et
1171 4197 1290 4233 cum
1325 4190 1507 4250 posset
1554 4196 1658 4234 non
1713 4181 1946 4244 restitit,

381 4273 558 4325 omnis
578 4271 757 4323 anima
784 4285 903 4338 qua:
925 4272 1135 4338 corpori
1165 4285 1231 4323 ex
1262 4271 1605 4338 corruptione.
1629 4271 1717 4323 illa
1751 4285 1949 4339 proge-

382 4360 497 4412 nito
533 4374 591 4413 se
613 4357 959 4422 miscuit,ob
1004 4359 1214 4428 culpam
1262 4359 1406 4414 illaut
1434 4376 1556 4412 cum
1608 4362 1674 4415 de
1723 4375 1952 4428 corpore

380 4450 581 4516 exiret,
638 4449 760 4503 coeli
826 4450 1188 4503 summitatem
1244 4451 1384 4518 quod
1431 4467 1540 4504 sua:
1585 4460 1704 4504 erat
1746 4462 1951 4505 natura:

383 4537 901 4605 transcenderejam
952 4540 1215 4606 nequivit,
1247 4541 1356 4594 imo
1405 4541 1457 4593 in
1521 4541 1764 4594 inferiori
1824 4556 1948 4594 aere

1982 4498 2029 4556 D

383 4631 468 4684 hic.
512 4644 680 4700 prope
731 4638 929 4682 terram
971 4631 1245 4683 remansit.
1292 4630 1460 4697 Quem
1512 4633 1565 4684 in
1622 4632 1794 4684 locum
1823 4633 1946 4700 quia
1983 4677 1990 4682 .

382 4720 495 4788 ipsa
528 4718 680 4786 quasi
719 4719 924 4772 advena
953 4720 1187 4784 devenit,
1217 4719 1348 4772 civis
1375 4729 1554 4772 autem
1585 4729 1701 4772 erat
1728 4718 1945 4784 diaboli,

381 4820 598 4877 prepter
627 4808 730 4861 hoc
764 4807 1006 4862 diabolus
1032 4822 1194 4878 super
1223 4822 1342 4860 eam
1391 4818 1710 4876 potestatem
1763 4808 1949 4860 habuit

380 4909 434 4951 et
472 4899 796 4952 desiderium
821 4913 974 4952 suum
997 4899 1137 4968 quod
1172 4899 1284 4967 ipse
1322 4899 1757 4962 desideraverat,
1801 4914 1948 4952 com-

381 4989 580 5057 pletum
615 4988 732 5044 fuit.
761 4989 893 5057 Quia
927 5005 1054 5044 vero
1077 4991 1238 5044 etiam
1260 4990 1390 5042 Adae
1432 4999 1704 5057 peccaturo
1753 4990 1947 5057 duplex

383 5078 515 5143 fuit,
544 5081 822 5147 spirituale
851 5081 1058 5134 scilicet
1079 5089 1133 5133 et
1156 5079 1434 5147 corporale
1463 5096 1475 5130 :
1527 5078 1803 5146 spirituale
1830 5079 1947 5145 qui-
1983 5130 1985 5132 .

382 5169 501 5222 dem
524 5211 538 5236 ,
568 5171 691 5238 quia
716 5171 929 5224 diabolo
957 5171 1138 5240 potius
1165 5187 1328 5238 quam
1366 5171 1471 5222 Deo
1516 5169 1770 5230 credere,
1804 5168 1946 5236 quod

383 5261 449 5312 ad
485 5245 731 5328 spiritum
784 5263 1034 5328 pertinet,
1081 5270 1133 5313 et
1172 5261 1388 5314 obedire
1431 5260 1622 5324 elegit,
1667 5258 1947 5325 corporale

381 5360 600 5416 autem,
640 5353 763 5421 quia
792 5367 850 5405 se
890 5353 940 5403 in
989 5353 1134 5403 vetiti
1189 5350 1394 5402 fructus
1425 5349 1740 5412 dulcedine,
1803 5346 1944 5414 quod

381 5441 462 5493 sui
493 5449 575 5492 est
603 5441 848 5509 corporis
870 5439 1177 5502 delectavit,
1208 5439 1326 5491 ideo
1349 5451 1481 5490 sane
1506 5445 1734 5488 mortem
1764 5436 1946 5490 carnis

380 5540 434 5585 et
464 5541 686 5586 mortem
718 5533 941 5597 animae,
1001 5546 1214 5601 poenam
1266 5529 1474 5602 scilicet
1512 5527 1780 5582 duolicem
1831 5527 1945 5594 ipse

378 5623 650 5677 Sustinuit.

449 5737 677 5792 Morsss.
709 5737 851 5793 Satis
876 5737 1166 5806 composite
1197 5748 1252 5792 ut
1283 5736 1411 5790 mihi
1439 5735 1652 5790 videtur
1671 5734 1942 5790 ordinate-

2061 1934 2210 1986 exire
2247 1933 2484 2002 incoepit,
2516 1932 2640 2002 quia
2677 1936 2988 2003 temperiem
3020 1936 3163 1989 illam
3204 1937 3421 1998 amisit,
3453 1948 3506 1990 et
3537 1953 3646 2006 quo

2063 2038 2166 2076 non
2219 2023 2522 2092 indigebat,
2552 2023 2658 2076 imo
2700 2026 2801 2078 sibi
2857 2026 3080 2078 \etitum
3125 2025 3330 2091 fuerat,
3362 2029 3644 2081 comedere

2061 2115 2358 2182 exoptavit,
2390 2123 2444 2168 et
2467 2116 2542 2167 sic
2571 2117 2835 2184 gradatim
2884 2133 3049 2185 usque
3091 2118 3156 2171 ad
3197 2133 3328 2185 opus
3354 2119 3562 2172 devenit
3589 2128 3646 2174 et

2061 2209 2312 2270 comedit,
2345 2217 2398 2260 et
2429 2218 2552 2261 tunc
2576 2223 2796 2262 ommno
2818 2209 3178 2278 :equalitatem
3204 2226 3356 2263 suam
3385 2211 3640 2278 perdidit.

2061 2295 2211 2364 Quod
2238 2297 2280 2350 si
2308 2297 2362 2350 in
2395 2299 2580 2366 primis
2612 2299 2680 2351 ita
2705 2313 2868 2367 super
2884 2314 2946 2351 eo
2968 2301 3250 2369 cogitaret,
3275 2311 3350 2362 ut,
3372 2301 3644 2356 bonumue

2062 2405 2129 2444 an
2163 2388 2360 2442 malum
2408 2399 2590 2453 esset,
2627 2392 2767 2458 quod
2797 2391 3049 2444 audiebat
3081 2401 3288 2446 tantum
3321 2393 3638 2461 inspiceret,

2061 2481 2352 2533 nonetiam
2397 2467 2658 2547 eligeret,
2694 2481 2877 2550 procul
2907 2482 3065 2535 dubio
3107 2499 3202 2536 nec
3244 2492 3494 2551 peccaret
3543 2497 3643 2537 nec

2059 2571 2417 2639 mqualitatcm
2446 2573 2738 2635 amitteret,
2773 2573 2918 2625 verhi
2952 2574 3160 2642 gratia,
3184 2573 3639 2642 quemadmodum

2060 2676 2178 2712 cum
2208 2661 2326 2728 quis
2356 2676 2452 2713 nec
2490 2661 2712 2712 nimium
2746 2660 2898 2714 hctus
2923 2672 3024 2723 est,
3065 2678 3162 2715 nec
3193 2662 3418 2715 nimium
3449 2661 3640 2726 tristis,

2059 2748 2150 2800 sed
2184 2748 2233 2800 in
2264 2758 2488 2816 utroque
2509 2748 2752 2817 aequalis,
2783 2749 2824 2801 si
2868 2739 3137 2824 rumorem
3166 2761 3292 2802 tunc
3321 2750 3484 2802 talem
3534 2765 3634 2801 att-

2058 2839 2188 2902 tiiat,
2223 2854 2330 2908 quo
2359 2848 2407 2892 et
2437 2839 2591 2892 irasci
2621 2847 2672 2892 et
2701 2855 2804 2892 non
2826 2880 2839 2904 ,
2874 2839 2918 2892 si
2947 2840 3098 2899 velit,
3130 2840 3339 2905 valeat,
3369 2841 3480 2908 ipse
3512 2855 3640 2893 veto

2056 2945 2220 2999 super
2251 2930 2338 2982 illo
2366 2931 2443 2983 sic
2469 2930 2818 2996 cogitaverit,
2862 2939 2920 2982 ut
2967 2932 3129 2984 etiam
3179 2945 3318 2999 πίει-ο
3353 2930 3493 2984 ferat
3533 2931 3638 2984 hoc

2057 3022 2198 3091 quod
2226 3022 2476 3086 audierit,
2501 3022 2717 3074 cholera
2743 3022 2958 3089 quidem
2985 3022 3143 3074 rubea
3179 3022 3242 3074 de
3271 3037 3374 3089 qua
3401 3021 3642 3089 procedit

2058 3119 2158 3178 ira,
2189 3131 2254 3170 ex
2286 3115 3005 3184 hujuscemodicogitatione
3036 3115 3087 3167 in
3123 3129 3188 3168 eo
3228 3124 3634 3175 connnovetur,

2056 3219 2108 3264 et
2133 3211 2208 3264 sic
2264 3207 2352 3261 ille
2410 3207 2631 3261 calescit
2679 3215 2840 3273 atque
2892 3206 3180 3269 irascitur,
3211 3214 3265 3258 et
3299 3220 3406 3274 quo
3461 3204 3636 3272 magis

2053 3299 2308 3361 calescit,
2360 3297 2530 3366 magis
2574 3307 2627 3348 et
2657 3296 2872 3349 cholera
2905 3307 3179 3355 movetur,
3213 3297 3387 3349 donec
3418 3311 3521 3347 om:
3548 3293 3638 3348 ine

2052 3389 2340 3450 irascatur,
2369 3394 2422 3439 et
2453 3386 2529 3438 sie
2557 3383 2902 3439 mediocritas
2921 3391 2973 3437 et
2994 3383 3281 3452 temperies
3305 3383 3396 3436 illa
3429 3381 3638 3435 Intesti-

2052 3480 2142 3533 tite
2187 3485 2348 3547 atque
2391 3476 2588 3530 laetitia:
2615 3490 2774 3544 quam
2831 3475 2980 3544 prius
3032 3474 3264 3528 habebat
3313 3473 3632 3528 destruitur.

2053 3571 2108 3624 Si
2144 3585 2268 3624 vero
2299 3570 2363 3624 de
2392 3583 2610 3622 rumore
2669 3567 2760 3620 illo
2811 3567 2885 3621 ita
2941 3566 3083 3635 quod
3139 3581 3261 3619 eum
3309 3581 3412 3619 non
3455 3566 3636 3634 pigeat

2052 3665 2356 3728 meditetur,
2409 3677 2506 3716 nec
2540 3661 2756 3715 cholera
2817 3673 3090 3724 movetur,
3142 3673 3240 3713 nec
3297 3659 3410 3728 ipse
3471 3659 3633 3712 homo

2052 3752 2272 3805 calescit
2309 3761 2401 3805 aut
2453 3752 2738 3814 irascitur,
2799 3765 2897 3804 nec
2950 3750 3018 3802 ab
3080 3763 3144 3802 eo
3203 3747 3487 3816 temperies
3539 3745 3631 3799 illa

2052 3848 2353 3908 separatur.

2124 3928 2352 3982 Messes.
2386 3927 2499 3979 lloc
2540 3941 2672 3980 sane
2714 3927 2986 3980 credimus
3013 3942 3130 3988 nos,
3163 3927 3304 3992 quod
3329 3936 3384 3979 et
3406 3925 3630 3978 consilio

2053 4019 2319 4088 serpentis
2363 4018 2535 4070 Adam
2590 4016 2892 4082 peccaverit
2940 4015 3094 4084 (Gen.
3144 4014 3254 4082 ιιι),
3304 4023 3357 4066 et
3405 4030 3467 4066 ex
3514 4014 3630 4080 ejus

2052 4116 2272 4177 peccato
2322 4106 2497 4160 omnis
2547 4107 2708 4158 homo
2753 4103 2910 4156 morti
2959 4103 3206 4156 addictus
3253 4103 3341 4155 sit.
3373 4102 3630 4156 Dortores

2053 4213 2286 4266 namque
2315 4197 2481 4250 nostri
2517 4194 2711 4248 multos
2735 4193 2899 4246 fuisse
2946 4192 3089 4245 viros
3129 4200 3488 4253 attestantur,
3525 4193 3620 4262 qui

2053 4290 2155 4343 nisi
2200 4287 2465 4357 serpentis
2493 4286 2720 4341 consilio
2767 4294 2821 4338 et
2865 4285 2992 4338 Adze
3040 4294 3263 4352 peccato
3315 4281 3628 4336 nullatenus

2053 4387 2412 4441 morerentur,
2439 4379 2504 4432 de
2533 4387 2840 4431 sanctorum
2868 4383 3045 4428 autem
3079 4375 3360 4429 animabus
3386 4375 3530 4442 quod
3553 4375 3622 4427 ad

2055 4470 2326 4525 infernum
2371 4478 2491 4539 post
2519 4479 2747 4522 mortem
2774 4469 3150 4523 descenderint
3193 4482 3296 4520 non
3336 4467 3627 4520 credimus.

2051 4563 2227 4628 Quare
2273 4561 2316 4614 si
2365 4562 2486 4615 inde
2529 4560 2762 4628 aliquam
2792 4559 3177 4612 auctoritatem
3225 4557 3447 4614 hahcas.
3497 4555 3626 4607 mihi

2049 4670 2239 4725 precor
2267 4653 2409 4706 illam
2437 4653 2711 4706 ostendas.

2119 4745 2352 4798 Pnrnus.
2395 4742 2639 4795 Breviter
2697 4741 2912 4809 quidem
2993 4740 3084 4793 tibi
3150 4738 3276 4791 illud
3345 4735 3622 4806 aperiam,

2050 4837 2140 4890 sed
2190 4847 2374 4888 tamen
2408 4832 2691 4886 notmullas
2738 4835 2862 4887 inde
2907 4831 3256 4885 auctoritates
3314 4826 3626 4882 manifestas

2049 4927 2315 4982 inducmn.
2348 4923 2402 4975 ln
2431 4921 2624 4977 Genesi
2657 4939 2887 4992 namque
2912 4925 2978 4977 de
3018 4921 3186 4976 Jacob
3216 4921 3412 4990 legitur
3433 4959 3447 4982 ,
3478 4919 3623 4988 quod

2047 5027 2098 5072 et
2129 5017 2339 5070 ﬁliabus
2365 5015 2478 5069 suis
2504 5016 2570 5068 ad
2609 5016 2998 5069 consolandum
3042 5031 3162 5068 eum
3191 5029 3353 5082 super
3385 5012 3494 5065 lilio
3524 5027 3624 5067 suo

2047 5109 2240 5178 Joseph
2269 5108 2630 5178 congregatis.
2668 5107 2836 5160 noluit
2884 5106 3149 5161 consolari
3200 5108 3385 5160 dicens
3421 5124 3432 5158 :
3482 5103 3626 5169 Quia

2047 5201 2354 5253 descendam
2416 5200 2484 5252 ad
2553 5200 2720 5268 [ilium
2798 5215 2968 5252 meum
3031 5198 3211 5269 lugens
3289 5197 3358 5250 ad
3427 5196 3622 5263 inferos

2049 5290 2200 5356 (Ceu.
2242 5292 2468 5359 xxxvii).

2118 5379 2348 5435 Movsns.
2392 5382 2505 5435 lloc
2540 5397 2672 5435 sane
2707 5381 2872 5436 Jacob
2903 5382 3198 5438 secundum
3243 5391 3440 5447 corpus
3461 5374 3620 5430 dixit.

2048 5469 2151 5525 Per
2187 5469 2388 5525 inferos
2414 5473 2555 5525 enim
2587 5482 2808 5540 tetram,
2835 5475 2885 5528 in
2915 5489 3019 5542 qua
3045 5473 3378 5542 sepeliuntur
3406 5478 3619 5524 omnes.

2047 5560 2268 5629 intelligi
2298 5562 2481 5615 voluit.
2507 5564 2582 5616 Ac
2607 5565 2649 5617 si
2676 5564 2879 5618 diceret
2909 5581 2922 5616 :
2960 5564 3250 5629 Quousque
3301 5554 3534 5610 moriar?
3565 5561 3620 5607 εἰ

2043 5647 2100 5702 in
2155 5656 2299 5703 terra
2338 5663 2457 5703 cum
2515 5651 2624 5706 lilio
2662 5668 2784 5709 meo
2833 5654 3095 5724 sepeliar,
3139 5650 3267 5718 quin
3305 5655 3358 5701 et
3393 5646 3614 5699 interitu

2043 5741 2161 5812 ipso
2188 5758 2400 5816 semper
2429 5744 2637 5814 lugebo.
