4038 6456
530 401 634 461 H3

1460 392 1663 451 PETRI
1703 390 2049 450 ALPHONSI
2087 390 2177 446 EX
2218 390 2466 448 JUDJEO
2505 392 2897 448 cumsuam

3660 394 3750 468 Gtt

599 516 838 574 Ρῑτιιοε.
873 514 989 571 Non
1024 522 1107 569 cst
1133 526 1327 581 verum
1358 509 1501 578 quod
1533 507 1688 562 dicis.
1720 506 1939 561 Sciebat
1967 507 2112 562 enim
2141 510 2185 564 Α
2287 506 2516 562 Mersus.
2558 506 2667 577 Ege
2697 521 2828 562 sane
2866 507 2999 562 nihil
3037 508 3287 564 desidero
3316 508 3416 564 nisi
3448 523 3720 576 veritatem.

529 611 678 680 quod
705 611 845 665 tilius
876 622 1006 661 suus
1028 607 1083 659 in
1118 614 1263 659 terra
1296 617 1399 655 non
1439 608 1556 655 erat
1580 598 1844 667 sepultus.
1879 598 1991 651 imo
2017 613 2119 667 pu-

529 703 679 756 tabat
703 699 843 771 quod
866 698 940 752 ab
962 696 1139 764 aliqua
1158 694 1324 748 bestia
1347 703 1492 745 esset
1515 689 1823 745 devoratus.
1854 687 1966 742 Hoc
1987 696 2116 757 ergo

529 790 665 847 dixit
711 788 1003 843 secundum
1057 785 1297 838 animam
1335 799 1347 834 :
1384 782 1523 847 Quia
1574 782 1643 834 ad
1709 780 1879 844 ﬁlium
1942 796 2115 833 meum

526 883 707 952 lugens
743 879 812 933 ad
861 877 1059 945 inferos
1103 874 1439 927 descendam.
1470 872 1550 925 Ac
1586 871 1629 925 si
1677 872 1922 925 diceret:
1978 869 2113 935 Quia

526 982 775 1026 mortuus
824 978 908 1022 est
960 966 1100 1021 illius
1155 979 1343 1027 meus,
1399 962 1638 1027 moriar,
1686 970 1741 1016 et
1791 961 1857 1015 ad
1908 960 2113 1014 inferos

528 1063 621 1118 ubi
667 1062 847 1116 anima
884 1058 998 1127 ejus
1026 1066 1139 1120 est,
1172 1066 1226 1110 et
1268 1052 1461 1109 euines
1502 1054 1695 1107 animae
1740 1060 2112 1112 mortuorum.

523 1154 713 1223 lugens
757 1150 1063 1204 deveniam.
1112 1146 1250 1210 Quin
1302 1154 1356 1198 et
1409 1145 1510 1198 hoc
1565 1152 1797 1197 testatur
1843 1142 2009 1195 David
2061 1141 2113 1194 in

522 1243 738 1299 Psaltne
768 1257 890 1297 cum
935 1240 1106 1295 dicit:
1143 1237 1282 1303 Quid
1329 1246 1401 1289 est
1453 1236 1607 1288 homo
1640 1235 1729 1303 qui
1759 1237 1884 1286 vivet
1921 1246 1969 1284 et
2010 1247 2113 1284 non

523 1335 709 1390 uidebit
738 1342 985 1396 mortem,
1026 1340 1073 1384 et
1111 1339 1253 1383 eruet
1274 1329 1514 1381 animum
1548 1341 1698 1380 suam
1735 1324 1797 1377 de
1831 1340 1994 1376 manu
2027 1323 2114 1376 in-

525 1426 661 1498 feri?
684 1422 1169 1496 (Psal.t.xxxv|tt.)
1198 1419 1302 1475 Per
1326 1419 1426 1473 hoc
1456 1432 1689 1486 namque
1712 1433 1820 1486 quo
1847 1417 1955 1469 ait:
1983 1414 2113 1480 Qui:

524 1532 600 1577 est
655 1520 811 1574 homo
857 1518 946 1583 qui
994 1516 1122 1570 rivet
1171 1523 1217 1567 et
1267 1530 1370 1566 non
1418 1510 1606 1564 videbit
1656 1517 1899 1567 mortem,
1940 1506 2115 1559 innuit

523 1613 727 1669 nullum
781 1625 900 1664 esse
950 1608 1041 1677 qui
1080 1622 1185 1662 non
1236 1604 1500 1659 moriatur
1542 1600 1836 1662 hominem,
1879 1612 1976 1668 per
2012 1598 2115 1651 hec

523 1714 704 1760 antem
754 1701 898 1773 quod
940 1708 1049 1764 est,
1077 1707 1125 1752 et
1174 1705 1319 1751 eruet
1368 1696 1600 1748 animant
1644 1708 1796 1745 suam
1845 1690 1909 1743 de
1953 1704 2114 1742 manu

522 1798 701 1868 inferi,
727 1795 964 1850 insinuat
993 1791 1192 1846 nullam
1233 1798 1477 1855 tempore
1521 1800 1618 1839 sue
1657 1784 1893 1837 animam
1928 1783 1993 1835 de
2028 1782 2112 1834 in-

2288 596 2526 652 Peraus.
2568 597 2624 651 ln
2657 598 2847 667 primis
2888 598 3068 668 itaque
3108 614 3294 667 quaere
3319 614 3348 651 a
3377 608 3427 654 te
3455 616 3552 669 quo
3585 606 3629 660 in
3654 608 3749 669 loco

2217 687 2419 743 fuerint
2442 698 2754 744 sanctorum
2785 690 2996 753 anima},
3027 705 3150 744 cum
3173 706 3268 745 eas
3293 689 3344 744 in
3373 691 3570 748 inferno
3593 704 3750 758 creta:

2216 795 2325 835 non
2358 778 2548 835 fuisse.

2288 871 2518 928 Messes.
2552 874 2608 928 ln
2637 873 2778 929 caele
2804 874 2995 944 utique
3024 873 3198 930 fuere.

2286 964 2520 1020 Ps‘raus.
2552 964 2627 1019 De
2655 966 2758 1019 hoc
2794 966 2989 1030 etiam,
3024 981 3241 1034 quaeso,
3274 970 3562 1034 responde,
3599 974 3637 1027 si
3672 992 3751 1029 un-

2215 1070 2375 1124 quam
2405 1057 2487 1111 vel
2532 1057 2729 1128 legeris
2758 1058 2845 1113 vel
2882 1059 3150 1122 audieris,
3189 1075 3467 1131 quousque
3511 1063 3750 1137 altiuspe-

2216 1154 2383 1201 testas
2412 1162 2625 1215 eorum,
2657 1149 2749 1217 qui
2781 1149 2835 1202 in
2874 1149 3280 1203 uecremantica
3322 1159 3439 1206 arte
3469 1165 3747 1222 operantur,

2214 1240 2386 1307 possit
2412 1241 2727 1294 ascendere.

2287 1332 2519 1388 Messes.
2560 1334 2744 1404 Usque
2773 1337 2841 1389 ad
2869 1334 3272 1391 ﬁrmamentum
3305 1341 3674 1396 tantummodo.

2284 1425 2519 1480 Pernus.
2554 1426 2621 1479 Et
2648 1436 2829 1497 potest
2856 1426 2982 1481 illud
3016 1428 3360 1497 aliquatenus
3393 1432 3638 1487 transire?

2287 1516 2521 1571 Mevses.
2554 1517 2751 1571 Mirum
2777 1527 2861 1572 est
2903 1520 3046 1588 quod
3077 1519 3301 1586 quaeris,
3338 1535 3459 1573 cum
3489 1535 3585 1576 non
3616 1524 3752 1579 solum

2216 1625 2245 1662 a
2279 1609 2636 1678 sapientibus,
2672 1609 2766 1662 sed
2807 1618 2861 1663 et
2888 1626 2919 1664 a
2960 1610 3159 1665 vetulis
3186 1610 3238 1664 in
3270 1612 3554 1679 proverbio
3590 1614 3754 1668 dictum

2216 1714 2334 1755 esse
2363 1700 2632 1763 ﬂUtileiiS,
2675 1708 2883 1754 tantum
2911 1699 3083 1756 babes
3114 1700 3168 1754 in
3199 1701 3326 1765 hoc,
3362 1713 3609 1769 quantum
3631 1704 3758 1760 habit

2217 1792 2465 1847 diabolus
2487 1793 2543 1847 in
2572 1792 2748 1848 oculis.

523 1864 663 1945 ferni
694 1902 852 1941 manu
902 1885 1141 1956 potuisse
1169 1881 1400 1937 servari.
1432 1878 1693 1933 Ezechias
1725 1891 1939 1947 quoque
1970 1873 2108 1927 utin
2146 1864 2187 1922 Β
2286 1882 2521 1937 panos,
2575 1882 2728 1937 Nunc
2775 1882 2940 1949 igitur
2990 1883 3111 1938 νοιο
3158 1883 3309 1938 dicas
3352 1885 3756 1952 quemadmodum

521 1978 661 2034 Isaia
701 1976 929 2047 legimus
966 1974 1094 2027 licet
1129 1975 1303 2027 bonus
1344 1970 1506 2024 homo
1556 1976 1611 2021 et
1643 1976 1882 2034 sanctus
1914 1963 2110 2026 fuerit,

523 2070 669 2125 sicut
690 2069 743 2123 in
769 2067 1021 2122 oratione
1044 2078 1141 2120 sua
1175 2072 1407 2117 testatur
1430 2062 1545 2130 ipse
1580 2075 1702 2113 cum
1741 2057 1911 2112 dicit:
1949 2056 2114 2110 Obse-

522 2176 634 2225 cro,
658 2159 898 2222 Domine,
930 2166 1207 2220 memento,
1235 2168 1436 2224 quaeso,
1455 2151 1713 2215 quomodo
1743 2146 2113 2201 ambulaverint

522 2267 699 2305 coram
746 2260 794 2304 te
839 2251 891 2302 in
943 2248 1157 2301 veritate
1203 2256 1250 2299 et
1298 2245 1352 2298 in
1400 2244 1555 2297 corde
1603 2240 1863 2310 perfecto,
1893 2249 1941 2293 et
1975 2240 2113 2310 quod

523 2344 715 2395 bonum
757 2350 831 2394 est
864 2340 918 2393 in
940 2340 1104 2393 oculis
1149 2339 1253 2391 tuis
1281 2336 1489 2405 fecerim
1521 2331 1628 2404 (IV
1659 2331 1785 2402 Reg.
1814 2336 1933 2401 xx),
1961 2331 2109 2395 licet,

524 2435 765 2504 inquam,
796 2444 1015 2488 sanctus
1043 2432 1225 2494 fuerit,
1258 2430 1326 2484 ad
1374 2429 1647 2482 infernum
1699 2435 1876 2478 tamen
1916 2439 1976 2478 se
2017 2424 2111 2477 de.

523 2540 838 2580 scensurum
864 2539 982 2578 esse
1012 2523 1271 2586 ostendit,
1300 2536 1421 2577 cum
1455 2521 1508 2574 in
1545 2518 1903 2588 sequentibus
1931 2516 2064 2571 dicit
2097 2533 2110 2569 :

523 2614 640 2687 Ego
664 2615 797 2680 dixi,
823 2616 875 2669 in
901 2614 1119 2667 dimidio
1146 2615 1349 2668 dierum
1376 2627 1605 2666 mei-rum
1632 2609 1818 2665 vudam
1844 2608 1911 2660 ad
1935 2618 2114 2678 portus

525 2707 689 2778 inferi
716 2707 851 2778 (13a.
881 2707 1132 2775 xxxviii).
1209 2751 1216 2759 .

552 2874 559 2893 ,
593 2822 826 2878 Messes.
851 2819 908 2875 Si
928 2820 999 2874 ita
1021 2826 1104 2874 est
1126 2824 1184 2871 ut
1205 2817 1427 2879 asseris,
1448 2824 1577 2869 tunc
1601 2822 1657 2869 et
1680 2811 2113 2883 patriarcharum

524 2916 719 2970 animae
735 2922 789 2968 et
803 2914 1061 2983 propheta
1071 2925 1210 2973 rum,
1229 2918 1655 2976 ceterorumque
1670 2915 1982 2960 sanctorum
1999 2921 2114 2957 em-

523 3004 674 3059 nium
726 3013 852 3057 ante
888 3011 1117 3056 mortem
1166 2999 1346 3063 illius,
1377 3013 1537 3067 quem
1585 2997 1858 3050 Christum
1898 2994 2110 3059 dicitis,

522 3095 931 3156 defunctorum,
956 3108 1063 3148 una
1091 3107 1213 3148 cum
1243 3091 1528 3145 animabus
1557 3089 1850 3159 impiorum
1891 3089 1947 3143 in
1994 3088 2113 3144 loco

522 3203 632 3243 uno
664 3188 956 3243 demoratur
985 3194 1132 3240 sunt.

593 3299 830 3355 Perses.
860 3299 1060 3354 Verum
1091 3297 1336 3366 proiecto
1370 3304 1472 3362 est,
1501 3295 1644 3365 quod
1681 3295 1733 3349 in
1779 3294 2107 3350 obscuritate

522 3405 715 3446 omnes
748 3405 813 3444 ac
850 3387 1235 3449 tenebris,sed
1284 3402 1390 3441 non
1439 3396 1596 3442 erant
1646 3401 1834 3441 omnes
1874 3387 1927 3440 in
1975 3386 2108 3441 locis

522 3477 851 3548 penalibus,
898 3477 1014 3531 sive
1058 3477 1363 3546 suppliciis,
1396 3492 1520 3531 nam
1565 3475 1721 3544 juxta
1773 3478 1966 3531 merita
2009 3491 2106 3531 sua

522 3570 928 3624 retribuebatur
961 3568 1209 3637 singulis,
1232 3577 1604 3621 verumtamen
1639 3581 1828 3621 omnes
1858 3568 1910 3620 in
1940 3567 2108 3621 infer-

523 3677 597 3715 ne
624 3671 678 3713 et
704 3660 804 3714 sub
829 3661 951 3728 jure
980 3668 1139 3713 erant
1181 3657 1402 3713 diaboli.
1441 3657 1630 3712 Nullus
1672 3658 1817 3711 enim
1863 3668 2108 3712 mortuus

525 3750 596 3804 ab
630 3748 806 3802 Adam
838 3763 1010 3817 usque
1055 3749 1122 3802 ad
1161 3756 1402 3801 tmertem
1440 3746 1642 3801 Christi
1692 3747 1927 3802 claustra
1961 3747 2111 3801 devi-

525 3840 665 3894 tavit
710 3838 940 3905 inferni,
973 3848 1030 3901 et
1073 3840 1174 3894 hoc
1217 3839 1545 3909 percipimus
1582 3854 1652 3893 ex
1683 3839 1863 3894 verbis
1904 3838 2105 3906 Moysi,

525 3929 618 3998 qui
667 3943 790 3983 cum
840 3927 978 3983 ﬁlios
1026 3928 1189 3983 Israel
1239 3929 1554 3985 admoneret
1613 3930 1791 3985 facere
1841 3939 2109 4000 prmcepta

525 4017 763 4084 Domini,
804 4027 858 4073 et
887 4018 968 4072 eis
992 4018 1308 4088 praediceret
1347 4034 1468 4088 quae
1514 4019 1637 4075 inde
1670 4020 1894 4087 prtemia
1932 4029 2112 4075 essent

526 4108 805 4174 habituri,
837 4108 968 4162 nihil
996 4124 1231 4178 unquam
1261 4110 1327 4163 de
1353 4110 1688 4164 beatitudine
1730 4110 2001 4179 pollicitus
2027 4118 2113 4165 est

526 4200 784 4269 paradisi.
840 4199 1036 4254 Netum
1086 4201 1230 4254 enim
1274 4202 1386 4271 jam
1433 4212 1637 4257 extunc
1689 4202 1870 4257 fuerat
1931 4190 2106 4258 omni-

529 4294 630 4345 bus
676 4294 945 4347 nemiuem
991 4292 1119 4347 illuc
1161 4306 1281 4347 esse
1330 4294 1656 4347 intraturum
1707 4301 1834 4348 ante
1883 4303 2111 4349 mortem

529 4380 752 4435 Christi.

537 4541 544 4547 .
599 4492 833 4548 Mersus.
864 4492 981 4548 Non
1009 4502 1077 4548 ob
1116 4495 1221 4548 hoc
1250 4493 1444 4563 opinor
1471 4494 1612 4562 quod
1647 4494 1831 4549 dixisti
1864 4495 2115 4564 de'para-

530 4584 648 4637 dise
674 4582 817 4652 loqui
848 4582 1058 4653 Moyses
1086 4583 1329 4646 distulit,
1362 4584 1456 4641 sed
1501 4586 1719 4654 agnovit
1764 4586 1890 4654 quia
1940 4589 2113 4659 magis

530 4675 615 4729 vel
642 4675 725 4729 his
750 4674 1051 4728 visibilibus
1074 4675 1229 4728 bonis
1253 4690 1373 4744 quae
1396 4691 1742 4747 summopere
1763 4682 2111 4748 exoptabant,

532 4766 599 4820 ad
622 4765 982 4820 obedientium
1007 4764 1099 4820 Dei
1125 4768 1407 4837 praeceptis
1436 4768 1749 4835 admonere,
1777 4771 1860 4824 vel
1885 4786 2117 4840 praesen-

534 4857 679 4911 tibus
709 4856 868 4911 malis
894 4857 1276 4927 laboribusque
1303 4874 1438 4929 quos
1475 4860 1770 4926 timebant,
1800 4863 1868 4917 ab
1913 4864 2114 4934 iniqui-

539 4951 740 5004 tatibus
768 4951 881 5006 suis
918 4961 1100 5021 posset
1133 4951 1471 5018 absterrere;
1511 4970 1675 5023 quam
1723 4956 1768 5009 si
1814 4955 1880 5010 de
1922 4956 2119 5011 futuris

539 5040 817 5111 suppliciis
844 5042 1180 5110 prazdiceret,
1212 5052 1305 5098 aut
1334 5045 1542 5102 cmlesti
1593 5061 1753 5115 quam
1800 5047 2120 5102 nesciebant

541 5131 890 5187 beatitudine.

609 5247 847 5304 Penus.
881 5247 1052 5304 Prava
1075 5260 1158 5304 est
1188 5251 1290 5305 ista
1337 5261 1425 5305 tua
1457 5250 1659 5320 opinio.
1693 5248 1828 5304 Nam
1874 5252 1921 5305 si
1958 5260 2015 5306 et
2058 5251 2122 5317 de

539 5337 739 5408 duplici
767 5339 1009 5407 praemio,
1038 5350 1093 5395 et
1122 5340 1188 5395 de
1209 5340 1407 5410 duplici
1442 5355 1566 5394 cum
1596 5340 1677 5396 eis
1702 5349 1889 5410 ageret
1911 5341 2121 5412 suppli-

540 5431 648 5498 cio,
682 5439 831 5486 tanto
880 5433 1052 5503 magis
1108 5441 1164 5488 et
1214 5433 1280 5487 ad
1331 5432 1530 5486 malmn
1563 5432 1919 5502 fugiendum,
1950 5441 2007 5488 et
2057 5433 2126 5488 ad

540 5522 742 5581 bonum
787 5523 1106 5578 admoneret
1148 5522 1603 5592 amplectendam.
1644 5522 1916 5579 Przeterea
1943 5534 2123 5579 autem

543 5613 589 5669 si
618 5612 701 5668 vis
723 5614 1009 5678 ostendam
1041 5614 1139 5669 tibi
1171 5613 1470 5668 secundum
1505 5623 1649 5668 tuam
1691 5615 1860 5685 ipsius
1890 5616 2126 5671 creduli-

545 5714 730 5770 tatem,
759 5714 1069 5760 sanctorum
1100 5703 1312 5758 animas
1354 5704 1404 5756 in
1441 5704 1650 5759 interno
1681 5707 1843 5763 fuisse
1866 5748 1879 5773 ,
1925 5718 1976 5764 et
2027 5708 2128 5763 sub

542 5796 736 5852 diaboli
758 5798 905 5867 jure,
930 5808 1057 5849 ante
1085 5795 1288 5850 Christi
1322 5804 1555 5850 mortem

2215 1972 2407 2027 credas
2451 1971 2654 2027 factum
2703 1973 2845 2042 quod
2883 1973 2935 2027 in
2962 1973 3100 2028 libro
3125 1974 3320 2043 legitur
3366 1975 3538 2044 primo
3577 1974 3751 2045 Regum

2217 2068 2359 2136 (cap.
2393 2068 2612 2135 xxvut),
2646 2064 2956 2121 Samuelcm
2988 2068 3197 2121 scilicet
3224 2082 3321 2137 per
3365 2067 3631 2121 mulierem
3668 2084 3760 2136 quae

2216 2158 2509 2228 pytbenem
2558 2156 2795 2211 habebat
2844 2157 3197 2225 suscitatum,
3232 2173 3496 2213 verumne
3521 2160 3651 2214 enim
3682 2159 3762 2212 fuit

2216 2253 2329 2306 sive
2357 2250 2737 2306 fautasticum?

2286 2340 2517 2397 Mersus.
2552 2341 2733 2396 Multis
2758 2342 2933 2397 modis
2962 2343 3208 2413 profecto
3240 2355 3436 2396 Verum
3462 2342 3728 2396 ostenditur
3748 2381 3760 2404 .

2213 2446 2324 2485 uno
2354 2431 2570 2502 quidem
2620 2435 2763 2502 quod
2815 2433 2942 2486 inde
2972 2443 3220 2502 patenter
3259 2433 3534 2502 loquitur,
3573 2432 3764 2501 qualiter

2216 2522 2425 2577 scilicet
2453 2523 2519 2577 de
2550 2530 2695 2594 terra
2726 2522 3054 2588 ascenderit,
3085 2524 3263 2592 qualis
3292 2523 3470 2578 forma
3494 2524 3762 2593 ejus.a:tas,

2216 2613 2707 2681 vestimentumque
2738 2612 2934 2679 fuerit,
2970 2620 3023 2668 et
3076 2616 3350 2682 quomodo
3400 2631 3468 2668 ex
3517 2625 3658 2684 parte
3690 2616 3763 2669 Dei

2215 2704 2397 2758 omnia
2420 2720 2538 2773 qua:
2564 2702 2692 2757 Saul
2714 2706 2984 2773 quaesivit,
3002 2707 3273 2761 veraciter
3298 2707 3419 2776 ipse
3442 2707 3759 2776 respoadcrit.

2217 2805 2273 2851 et
2302 2796 2569 2866 quidquid
2611 2798 2775 2861 dixit,
2811 2797 3001 2853 falsum
3036 2802 3161 2854 inde
3199 2798 3502 2870 quidquam
3539 2817 3633 2854 non
3659 2800 3765 2862 fuit.

2217 2887 2325 2942 alio
2353 2903 2503 2952 vero,
2536 2890 2679 2959 quod
2711 2890 2841 2944 Saul
2881 2891 2931 2944 in
2964 2901 3231 2961 potestate
3263 2892 3508 2948 mulieris
3536 2908 3643 2947 esse
3680 2895 3768 2947 sci-

2218 2990 2321 3047 ret,
2351 2981 2492 3049 qued
2523 2980 2830 3037 Samuelem
2883 2982 3152 3037 suscitare
3192 2996 3399 3053 posset,
3457 2986 3629 3054 utique
3669 3001 3767 3040 eum

2215 3070 2466 3125 suscitari
2501 3086 2605 3126 non
2639 3073 2880 3142 rogareti,
2940 3074 3098 3127 tertio
3130 3085 3305 3127 autem
3328 3115 3347 3139 ,
3385 3076 3530 3144 quod
3559 3076 3769 3129 doctores

2157 3212 2179 3232 ,
2218 3163 2388 3218 nostri
2439 3162 2606 3217 Deum
2657 3162 2804 3217 Sauli
2853 3174 3137 3232 peccatum
3178 3181 3332 3219 suum
3388 3167 3452 3220 in
3494 3178 3651 3220 morte
3695 3181 3770 3219 sua

2212 3262 2467 3309 asserunt
2497 3254 2855 3319 cendenasse,
2888 3270 2952 3308 ex
2983 3254 3153 3324 ipsius
3180 3254 3461 3311 Samuelis
3496 3258 3559 3311 ad
3588 3251 3770 3310 Saulrtn

2210 3360 2477 3400 sermone.
2511 3345 2589 3398 Ex
2614 3345 2718 3399 hoc
2745 3345 2887 3400 enim
2913 3346 3054 3414 quod
3080 3346 3213 3400 dicit
3242 3364 3254 3399 :
3289 3345 3429 3401 Cras
3460 3364 3626 3401 autem
3659 3358 3705 3400 tu
3730 3355 3770 3397 et
3834 3368 3843 3371 λ

2209 3438 2312 3507 ﬁlii
2331 3438 2409 3490 tui
2432 3452 2633 3491 mecum
2657 3437 2799 3491 eritis
2824 3437 3021 3507 (ἰὸἰιι.),
3049 3438 3411 3506 comprobant
3442 3438 3650 3495 Saulem
3670 3452 3770 3492 cum

2211 3528 2462 3583 Samuele
2490 3528 2545 3582 in
2574 3527 2752 3583 locum
2781 3529 3063 3583 devenisse
3093 3529 3312 3598 quietis.

2281 3638 2517 3694 Pernus.
2549 3640 2817 3694 Verumne
2846 3655 2914 3694 an
2942 3640 3135 3695 falsum
3159 3640 3345 3707 fuerit,
3389 3642 3594 3697 diutius
3612 3640 3771 3711 dispu-

2211 3739 2329 3785 tare
2371 3746 2479 3785 non
2526 3742 2724 3801 placet.
2770 3730 2876 3786 Sed
2907 3731 2949 3785 si
2987 3734 3058 3785 ita
3103 3743 3216 3798 est,
3265 3741 3325 3786 ut
3355 3734 3598 3798 asseris,
3625 3732 3775 3800 qualis

2213 3837 2308 3893 per
2330 3832 2503 3878 artem
2524 3824 2985 3878 necromanticam
3014 3825 3192 3894 potuit
3213 3826 3492 3889 suscitari,
3517 3825 3561 3880 si
3586 3826 3635 3878 in
3657 3824 3773 3877 cmlo

2212 3917 2390 3970 esset?
2423 3916 2575 3983 Quod
2610 3916 2654 3969 si
2697 3916 2749 3969 in
2800 3915 2939 3970 caele
2971 3932 3076 3970 non
3115 3925 3254 3978 erat,
3295 3918 3486 3986 procul
3517 3916 3670 3972 dubio
3692 3912 3775 3970 sub

2214 4004 2410 4060 diaboli
2435 4008 2588 4072 jure,
2619 4015 2673 4059 et
2705 4005 2757 4059 in
2787 4004 2998 4060 inferne
3036 4007 3371 4076 quiescebat.

2285 4120 2519 4177 Mersus.
2569 4122 2713 4176 Bene
2756 4124 2889 4178 mihi
2923 4124 3210 4180 insidiatus
3238 4141 3322 4191 es,
3349 4137 3404 4182 et
3434 4128 3571 4183 bene
3598 4139 3677 4180 me
3710 4124 3776 4176 vi-

2214 4212 2366 4274 cisti,
2415 4213 2656 4282 satisque
2705 4215 2809 4269 huc
2866 4232 3039 4286 usque
3091 4227 3371 4272 ostensum
3412 4230 3535 4283 est,
3572 4216 3776 4286 qualiter

2216 4303 2493 4357 devenerit
2532 4304 2695 4358 homo
2744 4306 2795 4358 in
2842 4322 3060 4361 manum
3107 4309 3329 4363 diaboli.
3381 4309 3638 4380 Sequitur
3667 4319 3778 4374 ergo

2217 4402 2275 4446 ut
2305 4394 2578 4462 explancs,
2605 4411 2705 4451 cur
2730 4397 2853 4452 inde
2880 4412 3005 4453 eum
3037 4399 3179 4455 Deus
3202 4401 3487 4467 eduxerit,
3534 4413 3652 4453 cum
3692 4397 3772 4450 de-

2218 4483 2401 4538 cidere
2430 4500 2715 4555 perpessus
2745 4488 2836 4542 sit.

2284 4595 2520 4653 Ρετκοε.
2554 4599 2820 4656 Damnate
2848 4601 3012 4673 igitur
3041 4617 3239 4672 genere
3283 4604 3528 4658 humano
3570 4618 3635 4656 ex
3677 4615 3777 4655 ser-

2217 4688 2392 4754 pentis
2450 4689 2702 4754 consilio,
2752 4701 2807 4745 et
2859 4694 3016 4761 primi
3071 4695 3310 4760 parentis
3364 4695 3494 4748 Adae
3543 4701 3782 4763 peccato,

2218 4777 2505 4842 damnato,
2541 4778 2791 4847 inquam,
2825 4796 2888 4835 ac
2924 4782 3156 4852 duplici,
3209 4792 3269 4837 ut
3315 4785 3581 4849 diximus,
3632 4791 3783 4838 morte

2220 4869 2464 4934 multato,
2486 4872 2742 4940 quoniam
2768 4871 2987 4927 fuerunt
3014 4874 3164 4927 multi
3195 4876 3377 4929 sancti
3403 4877 3525 4941 viri,
3551 4877 3637 4944 qui
3662 4872 3788 4927 nullo

2218 4959 2512 5013 cennnisse
2560 4974 2658 5013 suo
2695 4960 2748 5013 in
2787 4960 3037 5030 laqueum
3093 4962 3413 5017 deciderant
3439 4963 3660 5025 diaboli,
3699 4958 3785 5013 nisi

2221 5048 2313 5103 ille
2364 5049 2532 5102 veteri
2583 5060 2808 5118 peccato
2833 5065 2898 5105 ac
2939 5049 3094 5120 quasi
3123 5051 3236 5120 jam
3282 5051 3556 5121 naturalig,
3589 5047 3791 5104 intuitus

2223 5138 2325 5192 hoc
2353 5139 2569 5208 generis
2600 5137 2867 5194 Conditor
2894 5141 3142 5211 humani,
3178 5142 3384 5213 pietate
3412 5151 3591 5196 metus
3619 5153 3679 5193 ac
3705 5135 3791 5190 mi-

2224 5228 2543 5293 sericordia,
2573 5242 2667 5283 eos
2691 5229 2815 5285 inde
2836 5231 3007 5285 voluit
3036 5233 3275 5289 liberari.

2298 5320 2525 5375 Mersus.
2560 5321 2626 5375 Et
2649 5338 2794 5387 cum,
2829 5332 2887 5377 ut
2909 5326 3139 5390 asseris,
3169 5342 3334 5398 super
3372 5341 3464 5383 eos
3498 5321 3665 5378 fuerit
3696 5317 3797 5389 pie-

2230 5421 2339 5466 tate
2381 5423 2716 5479 commetus,
2749 5430 2922 5483 quare
2960 5432 3054 5471 eos
3105 5417 3302 5473 ibidem
3348 5417 3533 5473 tandiu
3585 5407 3793 5469 detineri

2227 5514 2311 5559 est
2338 5520 2561 5575 passus,
2590 5507 2842 5563 videlicet
2876 5508 2945 5563 ad
2976 5509 3123 5564 illius
3161 5526 3323 5579 quem
3353 5511 3634 5566 Christum
3671 5502 3798 5559 aucl-

2228 5599 2352 5653 latis
2375 5608 2604 5668 tempus.

2299 5704 2535 5765 Peraus.
2575 5708 2694 5765 Non
2735 5712 2837 5769 hoc
2884 5725 3015 5769 sane
3059 5714 3268 5785 iustitia
3306 5714 3505 5784 aliqua,
3553 5711 3651 5767 sed
3700 5688 3808 5762 sola

2230 5800 2361 5856 fecit
2398 5801 2600 5869 pietate
2641 5818 2759 5871 sua,
2790 5818 2854 5859 ac
2882 5792 3112 5877 Simplici
3161 5807 3403 5861 bonitate
3426 5845 3441 5873 ,
3483 5809 3543 5861 et
3586 5798 3811 5871 simplex
