4038 6462
309 382 421 436 615

1817 385 2110 442 DIALOCI.

3491 390 3597 448 6.66

317 497 540 565 quidem
578 498 819 562 bonitas,
853 508 909 554 ut
943 500 992 553 in
1023 506 1220 554 nostrae
1264 498 1638 554 collocationis
1679 500 1903 554 exordio
1933 507 1979 563 Α
2008 501 2151 571 quod
2181 502 2341 557 totius
2374 502 2708 572 contagionis
2748 511 2798 557 et
2846 503 3049 572 peccati
3081 518 3276 574 expers
3311 519 3554 561 servaret
3576 549 3592 570 ,

321 587 594 653 diximus,
639 605 742 645 nec
780 604 1084 644 mensuram
1124 604 1223 642 nec
1274 588 1558 642 terminum
1611 589 1770 644 debet
1808 589 1904 642 hac

324 679 472 734 bere.

395 769 628 826 Movsss.
679 771 746 824 Et
777 786 977 842 quare,
1024 780 1083 825 ut
1128 786 1287 840 supra
1322 771 1454 833 dixi,
1485 786 1606 824 cum
1638 786 1732 825 eos
1761 770 1905 825 redi-

329 860 399 915 mi
429 860 597 915 voluit
623 859 725 914 sub
757 863 859 915 hoc
898 871 1165 931 potestate
1209 877 1313 914 non
1345 859 1490 926 fecit,
1533 861 1642 914 imo
1672 859 1907 915 Verbum

329 969 480 1010 suum
512 953 787 1006 incarnari
815 967 878 1007 ac
915 954 1024 1021 pati
1054 952 1261 1006 tnaluit.

396 1043 631 1097 Penus.
687 1043 843 1110 Quod
887 1045 986 1098 hoc
1024 1044 1183 1098 modo
1229 1058 1323 1096 eos
1373 1043 1596 1112 eripuit,
1645 1043 1904 1112 sapientia

328 1136 569 1209 profecto
599 1136 993 1204 perfectissima
1026 1134 1144 1198 fuit,
1175 1136 1314 1188 sicut
1355 1135 1404 1187 in
1450 1133 1570 1186 aliis
1602 1135 1714 1188 suis
1756 1135 1904 1188 inve-

325 1226 475 1279 nitur
497 1223 751 1292 operihtts
781 1223 990 1290 priscis.
1021 1222 1152 1275 Cum
1185 1223 1328 1276 enim
1353 1223 1657 1290 quondam,
1690 1231 1748 1276 ιιι
1795 1224 1908 1291 ipse

327 1316 486 1380 nosti,
518 1315 771 1384 pupulum
813 1330 968 1368 suum
1015 1313 1178 1366 Israel
1206 1313 1270 1365 de
1308 1313 1628 1382 .‘Egypliaca
1682 1315 1908 1383 captivi-

331 1417 434 1461 tate
479 1415 694 1476 pararet
741 1407 990 1470 educere,
1037 1403 1522 1474 Egyptiorumqnc
1554 1406 1906 1475 primogenita

331 1499 559 1568 maligno
590 1498 782 1568 spiritu
807 1497 965 1552 vellet
989 1497 1262 1560 occidere,
1297 1511 1422 1550 suos
1473 1497 1767 1553 incolumes
1796 1514 1909 1552 ser-

327 1601 476 1651 vare,
515 1603 708 1656 agnum
736 1585 821 1638 vel
854 1585 1064 1639 hzcdum
1100 1585 1244 1654 ipsos
1294 1600 1391 1654 per
1436 1585 1625 1640 domos
1669 1586 1908 1654 singulas

329 1678 583 1748 praecepit
625 1677 929 1738 immolare,
959 1676 1098 1730 ostia
1129 1676 1409 1729 domorum
1440 1676 1659 1730 inlicere
1704 1664 1902 1745 (Exod.

330 1769 539 1838 xu),vut
565 1767 788 1821 veniens
818 1766 1078 1834 malignus
1106 1767 1325 1834 spiritus
1358 1769 1572 1818 domum
1608 1766 1697 1819 illo
1728 1777 1904 1822 trans-

2011 603 2280 663 quatenus
2333 596 2504 664 ipsum
2537 597 2608 648 ita
2650 596 2910 650 mundum
2949 607 3002 650 et
3052 597 3119 652 ab
3148 599 3294 653 omni
3327 599 3454 654 vitio
3495 615 3594 669 pu-

2009 703 2162 751 rum,
2191 686 2320 740 illud
2361 688 2613 756 generale
2656 688 2910 742 delictum
2963 690 3232 744 redimere
3284 702 3496 759 posset,
3541 702 3597 744 et

2010 778 2186 847 ipsum
2215 779 2283 832 ab
2314 793 2377 832 eo
2406 780 2496 848 qui
2546 796 2723 834 rerum
2752 791 2832 835 est
2866 782 3192 851 principium
3221 795 3556 853 assumptum
3577 826 3592 848 ,

2010 871 2242 937 primum
2273 872 2512 923 omnium
2550 881 2828 938 peccatum
2877 872 3108 935 deleret,
3147 874 3277 942 quin
3309 883 3362 926 et
3394 883 3450 927 ut
3477 874 3595 930 sine

2010 960 2211 1012 carnali
2238 970 2390 1028 patre
2421 963 2784 1031 progenitum,
2819 963 3164 1017 commissum
3201 965 3318 1033 ejus
3353 966 3445 1032 qui
3477 967 3594 1020 sine

2009 1063 2160 1120 patre
2188 1054 2361 1108 factus
2395 1063 2476 1107 est
2506 1054 2764 1107 auferret.
2794 1054 3062 1108 Prmterea
3095 1064 3151 1107 ut
3192 1056 3333 1110 Deus
3364 1071 3456 1110 eos
3502 1057 3593 1125 qui

2010 1159 2131 1196 cum
2163 1155 2336 1198 morte
2371 1144 2464 1196 filii
2493 1145 2573 1197 sui
2599 1160 2628 1195 a
2656 1143 2852 1197 diaboli
2886 1144 3081 1212 laqueo
3127 1144 3336 1199 liberati
3381 1157 3592 1212 essent,

2011 1233 2227 1300 propria
2256 1231 2516 1300 deinceps
2551 1233 2838 1300 iniquitate
2871 1232 2922 1284 in
2954 1233 3131 1300 ipsum
3161 1234 3506 1298 recidissent,
3539 1234 3591 1288 in

2009 1321 2096 1374 die
2120 1321 2308 1390 judicii
2338 1323 2735 1376 rationabiliter
2761 1322 3066 1375 damnaret.

2083 1413 2310 1468 Illovses.
2361 1414 2495 1468 Cum
2554 1415 2701 1468 illum
2743 1429 2904 1482 quem
2956 1413 3231 1467 Christum
3283 1416 3459 1469 dicitis
3495 1431 3594 1484 pro

2012 1503 2380 1572 redemptione
2400 1505 2631 1557 lmmana
2656 1505 2932 1558 voluntate
2958 1515 3250 1572 spontanea
3273 1507 3592 1560 occubuisse

2009 1595 2288 1658 asseratis,
2312 1610 2408 1649 cur
2434 1595 2550 1664 ejus
2575 1595 2952 1649 interfectores
2976 1597 3370 1660 condemnatis,
3397 1607 3590 1650 etcum

2011 1697 2217 1740 tantum
2249 1685 2578 1741 voluntatem
2628 1688 2746 1754 ejus
2793 1687 3189 1755 complessent,
3223 1688 3429 1756 peccati
3472 1703 3592 1742 reos

2010 1776 2288 1830 astrttilis?

332 1861 432 1914 iret
466 1859 720 1913 infectam
751 1859 1034 1928 sanguine.
1073 1857 1179 1910 Sed
1211 1873 1333 1910 cum
1366 1856 1526 1909 vellet
1571 1872 1663 1909 eos
1705 1857 1776 1909 ita
1809 1873 1904 1909 cu-
1939 1845 1980 1900 Β
2078 1867 2314 1922 Ρετιιυε,
2342 1865 2397 1921 Si
2426 1881 2486 1921 ea
2511 1866 3023 1937 “liqueimemione
3050 1865 3325 1927 fecissem.
3353 1865 3584 1932 scine“,

331 1951 548 2016 stodire,
575 1965 751 2004 nonne
783 1958 992 2018 poterat
1020 1949 1219 2017 absque
1247 1949 1348 2002 hoc
1384 1948 1586 2017 Opere?

399 2039 624 2096 Movsss.
658 2039 878 2093 Poterat
902 2040 1106 2107 utique.

389 2131 632 2208 femus.
692 2129 832 2197 Quid
885 2143 1014 2198 ergo
1073 2128 1304 2198 indiguit
1354 2125 1658 2196 hujusmodi
1708 2129 1904 2184 libera-

335 2224 504 2279 done?

400 2315 635 2370 Movsns.
668 2311 946 2382 Sapientia
975 2325 1107 2366 sane
1137 2311 1252 2379 ejus
1277 2318 1380 2376 est,
1415 2325 1634 2364 causam
1667 2309 1900 2380 aliquam

333 2408 486 2462 rebus
511 2406 738 2474 singulis
779 2405 1104 2471 attribuere,
1132 2419 1226 2472 per
1249 2420 1408 2472 quam
1433 2418 1525 2457 eas
1551 2404 1615 2457 ad
1655 2404 1900 2458 ell‘eetum

333 2501 453 2554 vclit
488 2499 809 2569 producere,
842 2497 980 2551 sicut
1009 2511 1104 2565 per
1131 2495 1254 2563 agni
1286 2495 1367 2548 vel
1403 2495 1540 2548 haedi
1573 2496 1900 2549 sacriticium

334 2592 397 2645 ab
434 2592 519 2644 illa
567 2599 741 2643 morte
786 2588 951 2642 voluit
979 2602 1074 2641 eos
1124 2587 1415 2647 redimere,
1469 2599 1664 2640 causas
1721 2596 1902 2639 autem

334 2697 503 2735 rerum
536 2679 654 2734 illas
687 2693 790 2733 non
829 2691 1112 2747 possumus
1149 2691 1338 2730 omnes
1365 2677 1663 2744 percipere.

399 2769 631 2824 Penus.
659 2768 874 2822 Arcana
911 2781 1143 2836 namque
1173 2765 1264 2819 Dei
1303 2767 1433 2820 adet.
1464 2765 1726 2835 profunda
1775 2777 1903 2821 sunt

333 2873 384 2915 et
414 2859 818 2924 inscrutabilia,
861 2857 1004 2927 quod
1047 2874 1108 2911 ea
1137 2857 1317 2911 nullus
1365 2866 1541 2926 potest
1593 2869 1898 2928 penetrare.

333 2953 506 3019 Quare
547 2967 676 3022 ergo
704 2949 997 3020 quatrendo
1047 2951 1264 3003 miraris
1319 2965 1421 3004 cur
1462 2950 1692 3004 Verbum
1742 2967 1898 3005 suum

334 3043 594 3096 incarnari
620 3041 876 3096 Dominus
901 3055 964 3094 ac
992 3040 1126 3094 mori
1156 3055 1255 3110 pro
1287 3039 1658 3109 redemptione
1693 3040 1900 3094 miserit

333 3135 604 3190 hominis?

397 3226 628 3282 Movsss.
660 3226 726 3279 Et
748 3240 846 3280 cur
866 3239 958 3279 eos
998 3239 1104 3278 non
1138 3224 1364 3279 redemit
1395 3224 1459 3278 ab
1496 3224 1584 3279 illo
1624 3223 1752 3279 Adm
1779 3240 1900 3294 pee-

330 3331 448 3372 cato
470 3314 718 3369 animalis
767 3314 1052 3379 cujuslibet
1078 3314 1474 3377 immolatione,
1508 3315 1645 3367 sicut
1693 3315 1744 3366 in
1786 3314 1901 3381 lege

333 3416 650 3476 praeceptum
672 3415 757 3459 est
787 3404 971 3473 (Levit.
1003 3421 1087 3471 IV;
1118 3403 1281 3458 Num.
1312 3409 1387 3476 v),
1420 3421 1516 3475 pro
1547 3415 1768 3476 peccato
1817 3421 1900 3458 sa-

334 3498 560 3552 criﬁcari
603 3499 667 3551 de
705 3497 883 3565 aliqua
923 3497 1165 3567 pecude?

397 3587 634 3642 Ρετιιυε.
687 3587 1018 3642 Stultissime
1066 3587 1342 3651 omnium,
1388 3589 1476 3641 uhi
1539 3597 1618 3642 tot
1670 3590 1901 3657 pecudes

331 3688 508 3748 posset
554 3679 825 3733 invenire?
873 3679 1012 3744 Quot
1061 3680 1204 3732 enim
1261 3679 1479 3732 fuerunt
1527 3679 1776 3733 homines
1830 3687 1899 3733 al)

333 3772 494 3841 ipsius
525 3770 704 3825 tnundi
745 3771 983 3841 origine,
1015 3781 1100 3832 et,
1142 3781 1194 3825 et
1223 3771 1387 3824 futuri
1434 3781 1593 3825 erant
1635 3788 1803 3840 usque
1845 3774 1896 3825 in

336 3863 496 3932 ipsius
518 3862 1010 3924 consummatione,
1038 3871 1114 3915 tot
1141 3863 1326 3930 utique
1363 3863 1594 3930 pecudes
1631 3863 1897 3916 immolari

333 3953 516 4007 fuisset
560 3966 801 4007 necesse.
853 3950 1059 4006 Praeter
1108 3953 1210 4006 hoc
1243 3953 1402 4005 etiam
1436 3961 1718 4020 peccatum
1773 3953 1898 4006 illud

335 4044 470 4112 quod
503 4052 558 4098 et
580 4058 774 4112 corpus
803 4051 1095 4110 occuparat
1125 4051 1180 4096 et
1213 4043 1472 4105 animam,
1509 4041 1901 4095 rationabiliter

335 4133 492 4187 deleri
525 4148 629 4186 non
657 4143 888 4201 poterat,
916 4133 1017 4187 nisi
1045 4147 1141 4202 per
1167 4131 1496 4186 sacriﬁcium
1529 4131 1670 4200 quod
1695 4140 1751 4183 et
1779 4145 1903 4184 cor-

333 4241 430 4294 pus
457 4226 683 4281 haberet
705 4235 760 4280 et
781 4227 1040 4280 animam.

398 4316 625 4371 Messes.
656 4315 790 4372 Cum
818 4317 981 4386 igitur
1025 4315 1152 4369 illud
1197 4329 1295 4383 per
1327 4314 1649 4369 sacriﬁcium
1682 4312 1786 4367 tale
1817 4327 1896 4367 νει

330 4407 456 4462 dimi
509 4407 712 4470 voluit,
765 4422 935 4474 quare
968 4406 1096 4460 illud
1147 4404 1473 4459 sacrificium
1521 4406 1586 4458 de
1637 4404 1900 4474 propheta

2007 1969 2065 2011 ut
2095 1957 2427 2012 voluntatem
2459 1957 2575 2026 ejus
2601 1956 2968 2025 complerent,
2996 1967 3049 2011 et
3085 1957 3254 2024 ipsius
3288 1968 3481 2019 morte,
3520 1959 3589 2012 de

2005 2049 2199 2103 diaboli
2223 2060 2488 2118 petestate
2513 2051 2757 2104 exituros
2782 2047 2899 2103 fore
2921 2064 2978 2102 se
3010 2049 3332 2114 crederent,
3382 2050 3586 2104 nullum

2005 2139 2374 2210 proculdubio
2403 2148 2680 2209 peccatum
2709 2139 3066 2192 incurrerent.
3109 2135 3244 2202 Quia
3292 2152 3421 2191 vero
3463 2154 3585 2192 eum

2006 2237 2372 2298 negaverunt,
2414 2238 2468 2282 et
2493 2244 2557 2281 ex
2589 2228 2788 2282 invidia
2819 2227 3160 2292 occiderunt,
3192 2227 3310 2280 ideo
3351 2236 3402 2280 et
3450 2230 3586 2283 tanti

2005 2318 2164 2387 hujus
2193 2318 2414 2372 sceleris
2443 2318 2518 2371 rei
2560 2326 2718 2382 sunt,
2743 2325 2798 2370 et
2825 2331 2925 2370 nec
2966 2317 3020 2370 in
3072 2319 3321 2385 prtesenti
3355 2318 3585 2383 szecnlo,

2005 2427 2103 2466 nec
2131 2411 2182 2464 in
2218 2409 2419 2471 futuro,
2468 2409 2740 2463 miseriam
2783 2423 2845 2462 ac
2888 2408 3288 2462 tribulationem
3331 2410 3583 2475 exibunt,

2005 2502 2238 2571 quandiu
2287 2501 2339 2555 in
2385 2501 2486 2554 hac
2521 2515 2617 2554 sua
2670 2499 2909 2567 nequitia
2962 2499 3375 2568 permanebunt.
3430 2500 3585 2566 Quod

2005 2601 2184 2644 autem
2214 2601 2267 2644 et
2299 2591 2373 2643 rei
2403 2598 2455 2643 et
2489 2589 2678 2642 merito
2710 2587 2819 2640 sint
2857 2588 3234 2652 condemnati,
3267 2603 3364 2656 per
3408 2588 3585 2642 simile

2003 2681 2283 2734 ostendam
2330 2680 2458 2745 tibi,
2490 2691 2546 2732 et
2589 2687 2642 2731 tu
2681 2677 2845 2732 etiam
2894 2677 3006 2744 ipse
3053 2687 3255 2730 rectum
3289 2693 3405 2732 esse
3442 2679 3588 2748 judi-

2003 2773 2174 2826 cabis.

2077 2861 2303 2916 lllovsas.
2338 2860 2450 2930 Ego
2493 2875 2623 2915 sane
2646 2875 2767 2916 cum
2809 2859 3066 2921 audiero,
3120 2858 3162 2912 si
3217 2868 3422 2912 rectum
3471 2867 3580 2925 est,

2007 2965 2209 3005 rea-tum
2235 2951 2511 3018 judicabo.

2076 3041 2311 3096 Peritos.
2365 3041 2606 3095 llabebat
2673 3041 2835 3111 igitur
2901 3041 3064 3096 homo
3123 3041 3340 3110 quidam
3402 3043 3582 3096 navim

1958 3185 1968 3200 ,
2003 3149 2187 3198 unam,
2219 3143 2272 3187 et
2303 3142 2421 3186 erat
2446 3134 2696 3186 voluntas
2723 3133 2839 3202 ejus
2861 3135 3180 3188 comburere
3223 3133 3364 3187 illam
3389 3172 3403 3199 ,
3448 3141 3586 3189 utet

1958 3223 1971 3241 ³
2005 3226 2184 3279 clavos
2211 3241 2457 3279 seorsum
2494 3225 2738 3286 haberet,
2769 3234 2824 3278 et
2856 3225 2955 3278 sibi
2997 3227 3062 3279 de
3103 3224 3258 3294 lignis
3295 3223 3585 3281 carbonem

2004 3317 2224 3372 faceret.
2269 3317 2378 3371 lloc
2410 3325 2587 3370 autem
2621 3333 2685 3371 eo
2730 3318 3032 3385 cogitante,
3063 3318 3281 3387 quidam
3331 3318 3586 3371 inimicus

2001 3412 2117 3478 ejus
2147 3418 2305 3462 noctu
2345 3409 2410 3461 ad
2465 3424 2657 3462 navem
2703 3409 2881 3472 venit,
2933 3417 2988 3463 et
3033 3409 3247 3463 nescius
3288 3409 3584 3463 voluntatis

2002 3499 2192 3566 hujus,
2243 3499 2370 3551 odio
2415 3513 2535 3551 eam
2589 3498 2904 3551 combussit.
2958 3495 3111 3550 Mane
3166 3507 3344 3550 autem
3401 3494 3581 3559 facta,

2003 3589 2163 3643 homo
2186 3589 2474 3657 prtedictus
2500 3597 2554 3641 ut
2585 3588 2798 3641 volebat
2825 3587 3008 3642 clavos
3035 3587 3248 3656 quidem
3287 3587 3441 3640 navis
3467 3602 3580 3641 sua:

2002 3679 2055 3732 in
2086 3689 2238 3746 parte
2280 3695 2410 3742 una,
2440 3680 2492 3732 in
2530 3678 2633 3731 alia
2675 3693 2802 3732 vero
2847 3677 3139 3732 carbonem
3184 3678 3404 3730 invenit.
3449 3677 3580 3729 Item

2002 3769 2186 3822 aliud:
2219 3769 2347 3822 Erat
2392 3771 2584 3822 donms
2629 3769 2874 3837 quzedam
2918 3768 3125 3836 lapidea
3176 3768 3294 3821 viro
3334 3767 3585 3830 cuidam,

2001 3875 2164 3928 quam
2203 3875 2324 3913 cum
2368 3859 2650 3912 destruere
2698 3860 2884 3922 vellet,
2917 3869 2974 3911 ut
3013 3859 3080 3912 de
3128 3858 3394 3927 lapidibus
3439 3857 3586 3911 aliud

2002 3950 2271 4018 quoddam
2317 3951 2602 4003 ardilieium
2657 3949 2889 4010 faceret,
2945 3948 3083 4000 forte
3137 3950 3356 4016 quidam
3414 3949 3588 4002 hostis

2001 4043 2116 4111 ejus
2139 4040 2210 4093 ita
2239 4039 2325 4093 die
2353 4041 2584 4108 quadam
2617 4040 2832 4108 dejecit,
2867 4039 3007 4106 quod
3035 4054 3135 4090 nec
3167 4054 3328 4105 super
3351 4039 3583 4107 lapidem

2003 4132 2135 4202 lapis
2167 4131 2442 4192 remansit,
2465 4139 2520 4182 et
2551 4130 2648 4182 hoc
2675 4143 2777 4181 non
2807 4143 2904 4197 pro
2933 4127 3077 4179 illius
3111 4143 3277 4195 quam
3308 4128 3588 4180 nesciebat

2003 4224 2280 4278 voluntate
2309 4219 2648 4288 complenda,
2678 4219 2772 4274 sed
2805 4233 2901 4287 per
2926 4217 3109 4271 odium
3157 4216 3326 4271 fecit.
3360 4217 3454 4271 Vir
3483 4233 3584 4270 au-

2005 4323 2111 4368 tem
2162 4313 2486 4382 przedictus,
2519 4325 2640 4364 cum
2697 4310 2762 4363 ad
2815 4311 3032 4364 domum
3078 4323 3231 4362 suam
3282 4309 3368 4361 die
3417 4307 3584 4362 altera

2002 4405 2259 4467 venisset,
2291 4403 2432 4472 quod
2459 4402 2639 4456 facere
2667 4399 2940 4467 cogitabat
2969 4407 3023 4452 et
3054 4397 3270 4452 volebat
3290 4436 3306 4462 ,
3330 4397 3582 4452 ell'eetum

330 4498 505 4566 aliquo
533 4498 615 4552 vel
644 4498 884 4566 quolibet
907 4496 1012 4550 alio
1037 4497 1154 4548 viro
1182 4505 1371 4549 sancto
1397 4495 1513 4548 ﬁeri
1543 4511 1648 4548 non
1693 4496 1896 4562 potuit,
1928 4511 1979 4569 ι)
2003 4496 2222 4565 reperit.
2260 4493 2397 4548 Cum
2443 4507 2570 4546 vero
2610 4507 2710 4546 nec
2753 4489 2842 4544 ille
2893 4491 2982 4558 qui
3031 4489 3209 4542 navim
3253 4486 3580 4554 combussit,

329 4591 456 4660 quin
504 4590 683 4658 potius
724 4589 958 4644 Verbum
1014 4602 1171 4640 snmn
1227 4601 1461 4640 carnem-
1497 4587 1769 4656 suscipere
1835 4603 1897 4641 ac

330 4689 558 4733 mortem
597 4678 778 4732 subire
817 4676 1097 4746 promisit?
1175 4683 1178 4688 '

393 4771 632 4826 Penus.
668 4771 801 4836 Quia
831 4769 1099 4823 hominem
1125 4769 1271 4822 illum
1303 4769 1392 4836 qui
1419 4782 1515 4836 pro
1543 4778 1690 4823 tanto
1714 4784 1776 4824 ac
1807 4768 1896 4822 tali

323 4873 547 4933 peccato
614 4852 928 4916 redimendo
995 4861 1382 4924 occumberet,
1440 4861 1508 4914 ab
1573 4863 1717 4922 omni
1780 4877 1900 4916 esse

325 4955 520 5009 delicto
555 4954 847 5007 immunem
890 4967 1111 5006 necesse
1139 4951 1348 5006 fuisset.
1375 4951 1430 5005 Si
1455 4953 1600 5006 enim
1631 4970 1734 5009 non
1778 4969 1902 5022 pee—

331 5059 444 5102 cata
473 5046 693 5117 propria
723 5052 893 5098 morte
913 5059 1007 5097 sua
1036 5044 1300 5096 redimere
1327 5043 1607 5110 indigeret,
1639 5044 1740 5097 hoc
1773 5059 1902 5099 vero

334 5144 382 5194 in
407 5143 588 5212 aliquo
609 5139 700 5208 qui
727 5148 934 5192 tantum
964 5147 1105 5190 esset
1127 5136 1289 5190 homo
1320 5136 1542 5204 reperiri
1573 5152 1676 5190 non
1701 5148 1898 5206 posset.

333 5232 527 5286 Natura
580 5230 725 5285 enim
771 5228 1014 5296 corporis
1061 5242 1089 5280 a
1141 5237 1363 5295 peccato
1409 5226 1510 5279 sibi
1549 5241 1744 5279 cavere
1796 5243 1900 5280 non

333 5322 587 5385 sustinet,
627 5328 861 5375 testante
889 5319 997 5371 Deo
1039 5317 1091 5369 in
1127 5314 1358 5379 Genesi,
1407 5323 1463 5370 et
1492 5316 1737 5381 dicente,
1776 5317 1902 5385 quia

333 5409 522 5466 insidet
553 5423 707 5464 mens
737 5406 971 5462 hominis
1010 5405 1298 5475 diligenter
1329 5405 1396 5458 ad
1440 5405 1711 5472 nequitias
1751 5421 1778 5458 a
1815 5405 1905 5472 ju-

333 5512 543 5560 ventute
597 5499 756 5572 (Gen.
809 5497 951 5567 VIII).
988 5496 1130 5552 Dicit
1180 5511 1395 5564 quoque
1455 5505 1511 5550 et
1562 5494 1816 5551 Salomon
1851 5498 1902 5551 in

335 5593 685 5650 Ecclesiaste:
713 5589 833 5643 Non
855 5599 930 5642 est
955 5589 1108 5641 homo
1139 5591 1193 5642 in
1217 5598 1358 5642 terra
1378 5587 1468 5658 qui
1508 5587 1671 5656 faciat
1693 5588 1902 5654 bonum,

312 5694 376 5740 Δ
401 5702 501 5741 non
525 5691 704 5756 peccet
731 5680 928 5750 (Eccle.
958 5669 1076 5749 vn).
1102 5678 1261 5734 Ratio
1290 5679 1451 5750 igitur
1481 5689 1535 5735 et
1564 5681 1655 5735 Dei
1690 5683 1908 5750 sapien-

297 5778 382 5834 Lia
410 5778 530 5846 fuit,
560 5784 623 5830 ut
638 5773 877 5828 Verbum
899 5787 1054 5828 suum
1075 5786 1271 5842 corpus
1294 5772 1587 5828 humanum
1609 5774 1902 5843 acciperet,

2001 4602 2100 4640 nec
2126 4586 2212 4639 ille
2241 4585 2330 4653 qui
2361 4584 2580 4637 domum
2612 4582 2805 4652 dejccit
2835 4596 2932 4649 pro
2975 4580 3253 4633 voluntate
3296 4579 3468 4630 hostis
3498 4579 3583 4632 sui

2001 4676 2354 4746 complenda,
2403 4676 2500 4730 sed
2541 4690 2609 4730 ex
2654 4675 2780 4730 odio
2829 4671 3140 4739 invidiaque
3181 4669 3406 4733 fecerit,
3454 4667 3584 4738 quid

2003 4772 2067 4825 de
2095 4771 2175 4824 eis
2200 4769 2502 4838 jutl'tcabis?

2075 4858 2304 4912 Movscs.
2346 4857 2456 4927 Ego
2483 4871 2614 4912 sane
2639 4865 2693 4910 et
2720 4870 2815 4910 eos
2838 4869 2960 4910 reos
2986 4868 3107 4908 esse
3131 4853 3343 4924 judicof,
3385 4859 3439 4907 et
3480 4865 3582 4920 pu-

2004 4950 2248 5005 niendos.
2804 4968 2808 4972 ‘

2073 5047 2306 5102 Pernus.
2333 5045 2532 5100 Eadem
2558 5060 2687 5114 ergo
2711 5045 2923 5099 ratione
2955 5043 3030 5097 rei
3071 5053 3199 5104 sunt
3243 5053 3404 5111 atque
3439 5039 3584 5110 judi—

2006 5141 2186 5205 candi,
2220 5140 2310 5210 qui
2347 5137 2622 5193 Christum
2665 5153 2767 5190 non
2816 5151 2912 5205 pro
2954 5133 3072 5202 ejus
3118 5133 3400 5186 voluntate
3435 5145 3586 5185 com-

2006 5231 2218 5302 plenda.
2252 5234 2344 5286 sed
2376 5232 2482 5286 odii
2515 5229 2834 5284 occiderunt
2862 5229 3183 5296 invidimqnc
3205 5239 3433 5278 veneno.

2077 5321 2304 5376 Movsss.
2339 5320 2531 5375 Procul
2555 5318 2718 5372 dubio
2747 5318 2822 5372 rei
2853 5327 3048 5381 essent,
3084 5319 3125 5370 si
3167 5317 3266 5370 hoc
3296 5312 3454 5366 modo
3476 5326 3584 5378 quo

2007 5412 2140 5468 dicis
2176 5411 2450 5466 fecissent.
2479 5411 2828 5480 Nequaquam
2863 5425 2994 5464 vero
3042 5409 3120 5461 sic
3165 5406 3425 5463 fecerunt.
3475 5404 3582 5455 imo

2031 5510 2152 5556 usto
2176 5514 2296 5554 eum
2319 5498 2525 5568 judicio
2555 5500 2892 5553 occiderunt.

2079 5591 2312 5646 Parens.
2364 5591 2432 5645 Et
2477 5605 2636 5658 quam
2671 5590 2718 5644 ei
2775 5589 2983 5657 culpam
3041 5587 3402 5653 imputarent,
3453 5578 3580 5650 quia

2007 5699 2129 5739 emn
2150 5681 2311 5736 morti
2342 5680 2682 5734 addixerunt.

2081 5769 2307 5827 Messes.
2351 5769 2486 5836 Quia
2518 5778 2570 5822 et
2615 5782 2804 5838 magus
2835 5765 2930 5820 fuit
2952 5806 2965 5833 ,
2995 5774 3046 5820 et
3075 5778 3168 5835 per
3197 5771 3366 5819 artem
3414 5763 3582 5834 magi.
