4038 6452
413 396 519 464 tm

1362 399 1563 457 PETRI
1599 401 1937 458 ALPHONSI
1974 399 2063 454 EX
2094 396 2335 455 JUDEO
2374 392 2768 451 CHRISTIANI

3583 390 3678 448 6S3

418 541 537 577 cum
573 525 711 577 ﬁlius
756 522 919 577 lsrael
969 524 1019 573 in
1070 534 1308 573 errorem
1360 518 1541 581 misit,
1573 526 1626 570 et
1656 527 1854 587 praeter
1902 519 2004 571 hoc
2031 530 2079 588 Α
2112 527 2319 585 tempus
2353 516 2597 570 eamdem
2630 511 3003 581 a‘gritudincm
3042 510 3267 579 recepit,
3297 518 3354 563 et
3384 506 3515 562 licet
3540 518 3685 566 exte-

412 613 613 671 b‘ilium
644 612 733 666 Dei
760 625 819 665 se
848 609 1078 662 vocavit.

486 704 722 758 PETHUS.
752 700 866 754 Non
899 710 982 754 est
1014 697 1233 757 mirum,
1260 697 1300 748 si
1320 697 1437 750 hate
1460 705 1516 750 et
1543 696 1735 766 aliajde
1761 711 1827 751 eo
1857 696 2008 752 dixe-

417 804 539 849 runt
588 792 889 855 mendacia,
936 790 1064 844 licet
1094 791 1161 843 ad
1198 789 1567 843 redimendum
1612 805 1708 843 eos
1754 790 1872 859 ipse
1902 791 2002 842 ad-

419 886 639 939 venerit.
676 884 789 938 lloc
818 899 1051 951 namque
1099 882 1167 935 de
1205 883 1284 935 eis
1321 882 1458 935 Osce
1489 883 1874 950 prophetavit:
1912 880 2005 935 Va:
2042 930 2045 931 ,

413 975 484 1027 eis
537 976 786 1043 quoniam
838 980 1220 1026 recesserunta
1271 989 1371 1025 me.
1435 971 1832 1037 Vastabuntttr,
1877 974 2002 1041 quia

412 1065 747 1132 prmuaricati
790 1074 910 1115 sunt
960 1062 1144 1115 inme.
1192 1060 1262 1113 Et
1307 1048 1399 1131 ego
1448 1062 1642 1114 redemi
1674 1077 1795 1126 eos,
1827 1070 1875 1114 et
1904 1061 2004 1129 ipsi

409 1154 571 1207 locuti
603 1161 726 1208 sunt
749 1163 934 1207 contra
961 1169 1041 1206 me
1088 1155 1360 1207 mendacia
1411 1154 1556 1222 (Ose.
1583 1153 1704 1223 vn).
1732 1151 2002 1208 Praeterea

413 1254 594 1299 tamen
639 1244 730 1299 ubi
772 1254 979 1298 tantum
1028 1245 1161 1299 artis
1214 1244 1437 1314 magica:
1469 1244 1750 1298 addiscere
1801 1244 1998 1313 potuit,

414 1346 470 1390 ut
501 1352 597 1405 per
629 1352 749 1390 eam
778 1337 832 1389 in
863 1337 1045 1389 vinum
1080 1352 1272 1404 aquam
1311 1336 1645 1390 converterit
1676 1334 1859 1404 (Joan.
1893 1335 1955 1403 ιι)
1984 1352 1997 1387 :

417 1430 485 1484 de
517 1431 756 1499 quinque
792 1429 1040 1500 panibus,
1072 1429 1351 1483 hominum
1387 1428 1551 1481 millia
1585 1428 1825 1497 quinque
1859 1426 2001 1480 refe-

412 1519 558 1574 cerit
600 1517 782 1589 (Joan.
817 1519 913 1586 vn),
964 1519 1209 1587 leprosos
1257 1516 1409 1588 (Luc.
1444 1516 1621 1586 xviii),
1653 1516 2004 1586 bydropicos-

413 1626 523 1680 que
570 1611 849 1665 sanaverit
880 1609 1034 1681 (Luc.
1091 1614 1225 1681 nv),
1259 1610 1469 1664 claudis
1512 1624 1794 1677 gressum,
1826 1609 2003 1661 surdis

414 1705 694 1768 auditum,
727 1703 892 1757 mutis
940 1702 1168 1756 verbum
1210 1701 1431 1770 (Matth.
1456 1700 1532 1771 ιι)
1559 1739 1575 1762 ,
1607 1700 1762 1754 caecis
1791 1714 2003 1769 quoque

414 1794 588 1848 visum
622 1794 944 1856 reddiderit,
971 1802 1044 1852 et.
1078 1792 1220 1861 quod
1248 1790 1422 1860 majus
1444 1792 1698 1845 omnibus
1721 1799 1828 1854 est,
1858 1804 2003 1843 mor-

2109 607 2220 661 rius
2250 616 2427 660 cutem
2458 621 2633 667 suam,
2667 615 2725 657 ut
2753 603 2864 666 alii,
2906 602 3161 655 mundam
3204 600 3501 670 aspiceret,
3554 616 3687 654 nun-

2105 712 2266 765 quam
2312 706 2520 759 tamen,
2567 707 2623 749 ut
2676 696 2789 764 ipse
2836 694 2996 752 dixit.
3047 693 3421 746 inﬁrmitatem
3469 691 3689 746 interius

2104 803 2212 841 non
2242 788 2431 840 sensit.
2459 786 2729 840 Prmterea
2760 794 2938 838 autem
2970 798 3235 852 nusquam
3269 783 3321 835 in
3351 791 3467 835 tota
3503 797 3690 835 necro-

2110 880 2344 934 mantica
2396 879 2593 948 legitur
2638 878 2783 946 quod
2827 892 2925 946 per
2974 891 3091 932 eam
3125 876 3398 930 veraciter
3447 874 3689 942 leprosus

2106 988 2346 1042 unquam
2379 982 2620 1026 curetur.
2675 971 2751 1025 De
2790 971 2948 1024 caecis
2993 976 3194 1033 autem,
3226 968 3294 1023 de
3325 968 3409 1021 eis
3444 967 3535 1036 qui
3567 969 3686 1023 caeci

2106 1073 2429 1129 nascuntur,
2463 1061 2789 1117 contradicit
2824 1060 3047 1130 physica
3076 1059 3220 1128 quod
3256 1072 3351 1112 eos
3380 1056 3689 1111 illuminare

2103 1154 2285 1206 valeat
2316 1154 2604 1208 medicina.
2638 1153 2853 1206 Assitha
2885 1166 3012 1205 vero
3041 1165 3231 1218 magus
3261 1157 3500 1203 testatur
3527 1150 3685 1218 quod,

2102 1259 2200 1313 per
2227 1255 2401 1299 artem
2432 1244 2919 1309 necromanticam,
2949 1244 3029 1297 eis
3060 1241 3330 1296 veraciter
3362 1241 3549 1295 lumen
3588 1257 3687 1293 non

2101 1336 2377 1390 reddatur.
2842 1408 2847 1413 ‘

2182 1428 2413 1484 Movses.
2460 1430 2596 1485 Esse
2629 1437 2827 1499 potest.
2868 1427 2975 1483 Sed
3004 1428 3069 1482 de
3098 1426 3327 1481 mortuis
3357 1425 3489 1495 quid
3525 1425 3687 1486 dices,

2104 1536 2228 1575 cum
2274 1522 2413 1576 idem
2446 1522 2661 1577 Assitba
2710 1521 2989 1590 perbibeat
3015 1519 3160 1589 quod
3205 1535 3300 1573 eos
3339 1518 3613 1572 soscitarc
3638 1526 3690 1569 et

2105 1624 2235 1662 cum
2261 1611 2341 1664 eis
2372 1611 2516 1679 loqui
2548 1613 2710 1666 homo
2738 1612 2931 1681 possit,
2964 1618 3019 1665 et
3050 1612 3103 1664 in
3135 1610 3276 1665 libro
3307 1624 3406 1663 suo
3436 1624 3546 1677 quo
3578 1607 3687 1661 ﬁmi

2104 1700 2281 1755 valeat
2326 1704 2544 1757 modum
2591 1705 2850 1767 ostendit,
2896 1712 2952 1757 et
2995 1718 3063 1757 ex
3110 1702 3213 1755 alia
3253 1712 3409 1771 parte
3463 1701 3517 1753 in
3557 1699 3689 1752 libro

2106 1790 2311 1859 Regum
2354 1793 2583 1863 legatur,
2618 1804 2675 1848 ut
2704 1795 2971 1859 diximus,
3015 1794 3247 1865 qualiter
3274 1808 3370 1861 per
3411 1792 3686 1846 mulierem

414 1898 534 1941 tuos
578 1887 923 1940 suscitaverit
976 1883 1172 1953 (Marc.
1213 1898 1322 1948 vlt;
1374 1881 1533 1936 Joan.
1569 1898 1654 1945 x1;
1689 1880 1819 1935 Luc.
1871 1880 2004 1950 vn),
2040 1882 2082 1935 Β
2109 1881 2478 1948 pythonissam
2509 1881 2728 1937 Samuel
2775 1885 3070 1939 suscitatus
3096 1884 3216 1938 sit?
3246 1882 3299 1952 (I
3322 1882 3446 1952 Reg.
3474 1883 3687 1945 xxvm.)

414 1977 625 2047 aliaque
672 1992 793 2043 qua:
834 1975 1017 2030 omnia
1067 1988 1392 2029 enumerare
1419 1973 1636 2043 longum
1668 1983 1784 2037 est,
1831 1972 1998 2025 mira-

414 2069 532 2123 cula
566 2066 790 2122 fecerit?

484 2158 721 2214 Messes.
774 2157 969 2212 Dicunt
1023 2171 1156 2211 sane
1210 2157 1461 2212 doctores
1507 2156 1680 2210 nostri
1741 2155 1884 2224 quod
1945 2154 1999 2208 in

414 2250 650 2322 Egypto
676 2265 795 2304 eam
823 2249 1104 2304 addidicit.

487 2342 724 2398 PBTRUS.
775 2343 855 2396 Ex
903 2341 1084 2396 verbis
1135 2342 1301 2413 igitur
1346 2341 1450 2395 tuis
1487 2342 1538 2395 in
1589 2339 1828 2412 Egypto
1873 2349 2001 2395 tunc

416 2435 678 2505 temporis
720 2435 885 2488 fuisse
925 2430 1371 2503 comprobantur,
1404 2433 1494 2503 qui
1529 2448 1695 2502 opera
1725 2433 1915 2488 eadem
1945 2439 2002 2488 et

414 2527 514 2597 ipsi
545 2537 864 2595 operarentu
874 2542 918 2579 r.

486 2617 718 2671 Mersus.
750 2615 933 2669 Potest
970 2630 1091 2670 οδες,

482 2708 717 2763 Psraus.
764 2706 944 2773 Quare
994 2722 1125 2776 ergo
1170 2721 1336 2775 opera
1382 2718 1569 2762 eorum
1624 2702 1896 2772 divulgata
1945 2712 2001 2757 et

415 2800 596 2854 audita
626 2816 733 2855 non
772 2808 933 2863 sunt,
979 2798 1434 2868 quemadmodum
1482 2806 1540 2851 et
1587 2795 1703 2863 ejus
1753 2795 1999 2849 fuerunt?

418 2889 597 2956 Quare
626 2890 789 2944 etiam
824 2888 1100 2957 sapientes
1156 2887 1369 2957 Egypti
1433 2886 1735 2941 doctrinam
1774 2882 1890 2951 ejus
1934 2901 1999 2940 ac

417 2983 591 3052 legem
633 2981 1002 3045 susciperent.
1043 2982 1089 3035 si
1142 2995 1266 3034 eum
1322 2993 1540 3049 magum
1579 2992 1703 3033 esse
1740 2991 2000 3048 agnosce-

413 3072 577 3128 rent?

484 3162 719 3218 Movsss.
759 3162 836 3217 De
867 3168 969 3216 hoc
999 3159 1093 3215 tibi
1122 3168 1271 3214 certe
1297 3158 1482 3214 nescio
1509 3173 1609 3230 ego
1649 3157 1992 3227 respondere.

412 3253 597 3322 Neque
640 3253 786 3307 enim
835 3253 900 3307 de
949 3251 1029 3307 eis
1075 3250 1289 3316 audivi,
1321 3248 1466 3319 quod
1502 3250 1555 3303 in
1599 3264 1722 3303 eum
1754 3263 1995 3317 unquam

410 3343 761 3407 crediderint,
797 3356 896 3396 nec
927 3342 1226 3411 quomodo,
1254 3350 1347 3394 aut
1370 3338 1589 3409 quando
1619 3336 1890 3393 fecerint?

481 3433 715 3490 Psraus.
753 3435 826 3488 De
853 3433 938 3487 his
976 3432 1136 3488 modo
1162 3432 1538 3494 dimittamus,
1578 3440 1633 3486 et
1676 3444 1840 3499 opera
1882 3429 1998 3499 ejus

412 3526 623 3596 singula
656 3526 1016 3595 inquiramus,
1048 3532 1108 3576 ut
1138 3539 1206 3576 an
1245 3522 1327 3576 vel
1366 3536 1463 3591 per
1493 3530 1666 3574 artem
1694 3521 1958 3590 magicam
1980 3559 1995 3581 ,

411 3618 495 3672 vel
523 3633 618 3685 per
648 3619 807 3670 aliam
836 3618 1114 3686 physicam
1145 3616 1405 3683 aliquam,
1443 3629 1510 3666 an
1540 3613 1719 3684 potius
1752 3627 1849 3682 per
1882 3613 1995 3666 vir~

414 3716 585 3761 tutem
616 3707 707 3760 Dei
742 3705 886 3760 facta
918 3705 1121 3760 fuerint
1144 3689 1503 3774 inquiramus.

484 3794 714 3850 Mersus.
741 3794 887 3850 Bene
927 3796 1085 3850 dicis.
1141 3797 1204 3849 Et
1247 3811 1346 3865 ego
1386 3796 1548 3848 etiam
1582 3796 1646 3848 de
1695 3795 2000 3848 minoribus

416 3887 757 3956 inquirendis
788 3887 1015 3940 multum
1065 3903 1170 3941 non
1220 3902 1369 3941 curo.
1409 3885 1468 3940 Si
1509 3887 1651 3940 enim
1686 3887 1750 3940 de
1782 3886 2001 3955 majori-

417 3979 515 4032 bus
565 3978 896 4043 ostendetis,
945 3981 1088 4049 quod
1129 3993 1226 4048 per
1259 3978 1512 4033 virtutem
1543 3978 1638 4032 Dei
1669 3980 1813 4032 facta
1837 3987 1995 4044 sunt,

413 4069 479 4123 de
509 4070 812 4125 minoribus
840 4085 944 4123 non
986 4069 1269 4123 dubitabo.

483 4158 713 4215 PETRUS.
744 4159 1029 4231 Sapienter
1055 4160 1312 4232 loqueris.
1345 4160 1413 4215 Et
1435 4175 1556 4231 ego,
1576 4169 1632 4213 ut
1655 4160 1813 4225 dicis,
1846 4160 1919 4214 ita
1947 4171 2001 4215 ct

414 4253 679 4315 concedo,
711 4268 882 4323 quare
910 4254 978 4307 de
1006 4254 1246 4322 quolibet
1273 4253 1510 4322 primum
1547 4252 1824 4321 inquirito.

486 4341 718 4397 Movsas.
768 4342 1010 4397 Primum
1041 4344 1282 4396 omnium
1314 4343 1478 4404 mihi,
1509 4342 1575 4396 de
1604 4342 1836 4411 leprosis
1871 4356 2003 4410 qua-

416 4428 541 4484 liter
589 4431 828 4484 mundati
876 4442 1003 4484 sunt
1033 4429 1249 4499 (Matth.
1282 4446 1409 4495 vin;
1445 4429 1572 4483 Luc.
1621 4431 1788 4501 xvii),
1824 4432 1891 4485 'et
1936 4431 2003 4486 de

2173 1969 2411 2027 Penus.
2457 1972 2658 2027 Verum
2711 1974 2955 2043 profecto
3005 1983 3110 2039 est,
3162 1974 3313 2043 quia,
3364 1973 3508 2027 sicut
3536 1972 3685 2033 dies,

2104 2060 2321 2115 Assitha
2354 2072 2606 2117 testatur.
2658 2065 2764 2118 Sed
2804 2066 2946 2119 inter
2975 2064 3067 2119 Dei
3100 2080 3235 2133 opus
3267 2073 3325 2119 et
3366 2064 3501 2118 illud
3553 2063 3690 2132 quod

2104 2168 2200 2221 per
2225 2163 2395 2207 artem
2436 2156 2702 2224 magicam
2745 2156 2805 2209 ιιι
2830 2197 2847 2222 ,
2884 2157 2937 2210 in
2983 2157 3408 2212 resuscitatione
3456 2166 3694 2210 mortuos

2106 2259 2249 2308 rum,
2302 2246 2558 2300 distantia
2602 2248 2796 2317 ingens
2841 2247 3098 2303 habetur.
3155 2247 3354 2303 Μοτιυί
3408 2248 3556 2300 enim
3601 2260 3695 2315 per

2106 2350 2323 2406 magum
2376 2337 2610 2407 aliquem
2660 2339 2939 2402 suscitati,
2987 2339 3129 2392 ultra
3177 2355 3341 2409 quam
3396 2339 3556 2408 longa
3612 2348 3696 2391 est

2114 2426 2305 2479 umbra
2333 2442 2429 2480 sua
2463 2427 2744 2483 ambulare
2779 2444 2887 2483 non
2916 2438 3163 2499 possunt,
3194 2430 3286 2484 sed
3323 2446 3446 2483 cum
3484 2431 3551 2482 ad
3580 2429 3697 2496 ejus

2107 2514 2269 2568 finem
2300 2521 2569 2587 venerint,
2602 2518 2654 2572 in
2691 2528 2896 2573 terram
2934 2521 3130 2574 mortui
3169 2520 3443 2583 recidunt,
3469 2521 3563 2588 qui
3596 2537 3694 2572 au-

2102 2614 2208 2659 tem
2241 2624 2337 2676 per
2364 2609 2453 2662 Dei
2487 2609 2825 2664 suscitantur
2852 2612 3131 2678 virtutem,
3180 2612 3375 2666 bibunt
3402 2628 3469 2667 ac
3499 2627 3691 2666 come-

2104 2698 2258 2765 dunt,
2287 2701 2528 2770 quolibet
2558 2713 2612 2757 ct
2641 2704 3046 2773 quantumlibet
3094 2706 3376 2767 incedunt,
3410 2714 3493 2772 et,
3524 2722 3699 2775 quam

2101 2791 2191 2843 diu
2223 2791 2316 2846 Dei
2369 2794 2627 2862 placitum
2666 2804 2793 2862 est,
2843 2806 2902 2851 ut
2953 2797 3132 2851 caeteri
3183 2798 3434 2852 homines
3484 2799 3696 2860 vivunt,

2102 2881 2244 2935 sicut
2280 2884 2353 2936 illi
2385 2900 2523 2952 quos
2552 2896 2606 2940 et
2633 2887 2840 2943 Eliseus
2870 2897 2924 2942 et
2945 2887 3091 2942 Elias
3116 2890 3403 2943 suscitavit
3457 2901 3516 2945 et
3544 2890 3701 2945 Chri-

2102 2984 2217 3027 stus
2246 2975 2362 3041 (III
2385 2976 2511 3046 Reg.
2542 2995 2689 3045 xvii;
2734 2972 2818 3033 IV
2847 2979 2976 3049 Reg.
3001 2995 3082 3045 iv;
3132 2979 3258 3033 Luc.
3288 2981 3407 3047 vn).

2173 3066 2403 3122 Mersus.
2446 3071 2581 3125 Cum
2622 3073 2728 3125 huc
2759 3087 2929 3140 usque
2961 3072 3095 3126 satis
3130 3082 3411 3126 ostensum
3452 3073 3526 3125 sit
3555 3074 3699 3141 quod

2104 3155 2236 3209 nihil
2281 3174 2377 3225 per
2426 3168 2595 3213 artem
2654 3162 2945 3231 magicam,
2994 3161 3105 3214 imo
3150 3170 3245 3229 per
3275 3160 3371 3214 Dei
3412 3162 3697 3226 virtutem.

2104 3257 2159 3300 ut
2187 3251 2462 3317 propheta:
2493 3251 2607 3317 alii,
2638 3252 2798 3306 homo
2828 3253 2915 3307 ille
2938 3265 3132 3309 cuncta
3164 3254 3484 3322 patraverit,
3517 3255 3688 3315 dicas,

2102 3341 2239 3399 volo.
2274 3358 2372 3396 cur
2401 3359 2459 3397 se
2492 3360 2599 3410 non
2648 3346 2991 3415 prophetam,
3023 3346 3115 3400 sed
3143 3345 3239 3400 Dei
3264 3344 3464 3399 Filium
3495 3361 3695 3400 vocare

2102 3435 2533 3502 praesumpserit.

2173 3524 2406 3578 Psrnus.
2460 3525 2587 3579 Ideo
2611 3541 2742 3580 sane
2770 3526 2920 3595 fecit,
2952 3528 3078 3596 quia
3104 3529 3376 3582 veraciter
3401 3528 3572 3582 Filius
3601 3528 3695 3583 Dei

2102 3612 2221 3666 fuit.
2245 3614 2398 3680 Quod
2423 3631 2545 3670 cum
2570 3600 2817 3687 superius
2842 3620 3261 3673 auctoritatibus
3291 3619 3478 3671 multis
3508 3630 3693 3672 ostene

2101 3703 2367 3767 derimus,
2419 3721 2543 3760 cum
2590 3708 2654 3761 de
2701 3708 2817 3777 ipso
2863 3707 3006 3778 quod
3032 3708 3175 3762 Deus
3219 3717 3273 3761 et
3316 3710 3483 3761 homo
3533 3708 3694 3761 fuerit

2103 3808 2386 3862 ageremus
2435 3793 2619 3861 (Joan.
2663 3795 2725 3866 ι),
2771 3794 2882 3862 jam
2930 3796 2983 3850 id
3035 3796 3265 3850 ulterius
3312 3797 3548 3866 probare
3585 3811 3691 3849 non

2104 3883 2425 3952 indigemus.
2473 3884 2625 3951 Quod
2670 3887 2714 3939 si
2763 3888 2927 3940 etiam
2958 3886 3113 3950 velis,
3157 3888 3208 3941 in
3243 3897 3534 3954 angustam
3566 3888 3691 3942 inde

2102 3972 2529 4041 disputationem
2582 3976 2887 4043 veniamus,
2937 3986 2993 4031 et
3023 3992 3125 4046 ego
3161 3978 3255 4030 tibi
3288 3993 3388 4046 per
3427 3979 3689 4031 rationem

2102 4065 2384 4118 ostendam
2416 4066 2584 4135 quod,
2621 4083 2744 4121 cum
2782 4083 2841 4121 se
2873 4069 2965 4122 Dei
3005 4068 3201 4123 Filium
3251 4068 3471 4122 vocavit
3503 4068 3684 4139 (Joan.

2103 4156 2204 4226 XI),
2234 4158 2521 4211 veritatem
2550 4158 2759 4213 locutus
2786 4159 2909 4213 fuit.

2177 4248 2407 4303 Movsss.
2442 4248 2648 4307 Placet.

2174 4338 2407 4395 Penus.
2455 4341 2555 4407 Qui
2609 4341 2792 4410 itaque
2840 4357 2937 4413 per
2984 4354 3238 4396 virtutem
3281 4353 3541 4413 operatur
3569 4346 3684 4409 Dei,

2105 4440 2356 4501 potestne
2384 4431 2679 4502 quidquam
2708 4434 2910 4504 absque
2940 4435 3108 4504 ipsius
3122 4436 3214 4489 Dei
3246 4437 3533 4492 voluntate
3559 4451 3687 4506 0pc-

412 4522 575 4576 ctccis
620 4522 852 4590 qualiter
900 4521 1192 4575 illuminati
1232 4520 1385 4590 (Luc.
1439 4519 1637 4591 xvm),
1687 4521 1999 4592 responderi
2034 4559 2078 4611 Β
2107 4526 2261 4579 rari?

416 4613 560 4668 volo.

487 4705 724 4762 Prrnus.
757 4703 941 4767 Scias,
972 4703 1097 4773 quia
1142 4703 1293 4772 lepra
1337 4704 1612 4759 ullatenus
1656 4704 1814 4758 aliter
1839 4721 2000 4774 quam

417 4797 500 4848 ve!
530 4812 623 4864 per
647 4794 969 4848 medicinam
991 4834 1007 4856 ,
1035 4795 1116 4849 vel
1145 4811 1239 4863 per
1266 4795 1358 4850 Dei
1391 4797 1645 4850 virtutem
1686 4798 1864 4850 curari
1895 4813 2001 4850 non

420 4894 626 4951 potest.
677 4885 831 4952 Quod
879 4886 922 4940 si
965 4902 1063 4955 per
1105 4887 1464 4951 medicinam,
1498 4887 1579 4942 vel
1618 4904 1714 4959 per
1757 4890 2003 4957 potiones

422 4974 684 5039 interius,
746 4990 839 5043 per
887 4977 1172 5031 unctiones
1226 4987 1491 5048 purgatur
1551 4979 1811 5033 exterius.
1867 4978 2001 5034 Cum

421 5075 602 5121 autem
630 5067 949 5120 medicinam
979 5069 1214 5139 aliquam
1261 5071 1477 5141 operari
1508 5072 1576 5125 ab
1605 5086 1670 5125 eo
1704 5072 1865 5125 homo
1894 5088 1999 5126 non

420 5156 645 5224 viderit,
671 5160 763 5212 sed
806 5174 900 5213 eos
930 5164 1094 5216 verbo
1120 5173 1328 5218 tantum
1357 5174 1412 5218 et
1439 5165 1491 5216 in
1532 5174 1806 5217 momento
1845 5179 2002 5218 cura-

421 5248 577 5312 verit,
611 5250 855 5320 profecto
883 5253 1025 5322 quod
1056 5269 1151 5323 per
1177 5256 1432 5309 virtutem
1464 5253 1560 5307 Dei
1603 5252 1808 5307 factum
1838 5255 1929 5308 sit.

491 5339 721 5398 Mersus.
765 5342 955 5399 Nonne
1008 5347 1075 5399 de
1103 5346 1347 5400 Firmino
1382 5360 1540 5413 mago
1588 5344 1817 5415 legimus
1857 5345 2001 5415 quod

424 5431 693 5501 leprosum
730 5433 897 5488 unum
930 5435 1315 5490 mundaverit?

495 5522 725 5581 PETBUS.
772 5525 992 5580 Falsum
1040 5540 1170 5579 sane
1213 5534 1296 5582 est
1339 5524 1481 5593 quod
1527 5540 1650 5581 eum
1693 5526 1998 5591 curaverit;

425 5611 541 5679 ipse
576 5629 704 5666 vero
744 5630 840 5683 per
887 5615 1150 5678 magicam
1192 5622 1362 5666 artem
1409 5628 1559 5666 suam
1596 5618 1781 5669 oculos
1822 5614 2000 5667 homi-

426 5717 553 5753 num
590 5703 820 5772 decepit,
858 5704 1084 5771 etquod
1119 5704 1172 5755 in
1211 5718 1271 5756 re
1309 5719 1415 5755 non
1446 5715 1563 5758 erat
1592 5704 1760 5758 videri
1799 5702 1997 5758 eﬂecit.

430 5788 592 5857 Cujus
627 5793 705 5847 rei
735 5798 1112 5862 argumentum
1140 5800 1244 5847 est.
1276 5792 1421 5861 quod
1462 5808 1605 5864 aeger
1628 5802 1752 5864 post
1782 5793 2000 5863 aliquod

2178 4616 2405 4671 Moyses.
2450 4615 2683 4671 Necesse
2718 4626 2823 4684 est,
2864 4618 2992 4672 mihi
3025 4619 3258 4684 videtur,
3293 4620 3440 4689 quod
3478 4619 3566 4689 qui
3594 4634 3689 4687 per

2106 4708 2364 4761 virtutem
2392 4709 2482 4760 Dei
2515 4707 2646 4761 facit
2676 4708 2899 4777 aliquid,
2932 4708 3239 4763 nullatenus
3272 4709 3375 4763 nisi
3401 4710 3687 4764 'voluntate

2106 4800 2344 4868 ejusdem
2377 4798 2471 4852 Dei
2513 4799 2640 4851 illud
2673 4810 2949 4867 operetur.

2180 4887 2414 4942 Penus.
2461 4888 2528 4941 Et
2564 4888 2654 4957 qui
2688 4904 2785 4957 per
2816 4890 3068 4943 virtutem
3102 4889 3218 4952 Dei,
3252 4897 3305 4943 et
3341 4887 3461 4957 ejus
3494 4902 3686 4956 opera-

2109 4986 2193 5030 tur
2242 4976 2596 5042 voluntatem,
2636 4979 2876 5047 nunquid
2938 4994 3046 5032 non
3082 4978 3352 5047 sequitur,
3401 4978 3549 5046 quod
3592 4976 3686 5031 Dei

2105 5070 2336 5135 amicus,
2374 5080 2428 5124 et
2457 5072 2631 5126 ﬁdelis
2662 5073 2777 5143 ejus
2802 5072 2873 5125 sit
2898 5073 3131 5126 servus?

2177 5160 2404 5215 Marses.
2462 5163 2661 5233 Utique
2715 5165 2981 5233 sequitur.
3017 5163 3155 5216 Nam
3197 5164 3300 5218 hoc
3339 5162 3570 5233 legendo
3604 5164 3689 5216 in-

2105 5254 2373 5315 venimus,
2401 5255 2545 5321 quod
2573 5256 2742 5307 sancti
2770 5255 3062 5323 prophetia,
3094 5255 3185 5323 qui
3222 5254 3482 5308 miracula
3512 5268 3688 5323 quon-

2105 5338 2226 5391 dam
2256 5338 2516 5402 fecerunt,
2550 5340 2659 5395 Deo
2685 5342 2863 5395 dilecti
2894 5343 3051 5411 eique
3077 5342 3264 5396 ﬁdeles
3300 5341 3547 5406 fuerunt,
3577 5342 3688 5395 sic-

2105 5436 2163 5479 ut
2206 5425 2451 5498 Moyses,
2485 5429 2649 5496 Elias,
2682 5440 2737 5484 et
2762 5432 2993 5496 Eliseus,
3050 5432 3315 5498 multique
3347 5430 3463 5494 alii,
3504 5431 3593 5499 qui
3632 5430 3686 5481 in

2103 5519 2212 5572 vita
2263 5536 2358 5573 sua
2415 5522 2671 5576 miracula
2727 5523 2881 5591 plura
2933 5531 3213 5592 patrarunt
3269 5520 3684 5590 (Exod.n,tn;

2104 5609 2198 5662 ΙΙΙ
2227 5609 2352 5681 Reg.
2386 5629 2496 5667 xvu
2524 5625 2573 5667 et
2604 5630 2773 5680 xvtu;
2801 5613 2977 5669 Eccle.
3005 5630 3203 5678 nvnt;
3232 5612 3317 5665 ιγ
3338 5611 3472 5683 Reg.
3511 5628 3578 5677 tt,
3604 5627 3685 5677 tv,

2104 5715 2156 5765 v,
2189 5703 2284 5770 Vt).

2175 5792 2407 5851 Penus.
2455 5796 2518 5851 Et
2545 5796 2637 5866 qui
2678 5796 2885 5851 amicus
2911 5798 3003 5852 Dei
3036 5805 3087 5851 et
3114 5796 3287 5851 ﬁdelis
3320 5795 3443 5865 ejus
3471 5802 3576 5862 est,
3615 5794 3687 5849 de
