4038 6470
243 455 348 513 0L9

1751 459 2037 521 DIALOGI.

3435 465 3540 521 650

250 571 369 629 Deo
391 570 482 629 vel
506 588 574 631 ex
601 584 761 646 parte
783 575 872 632 Dei
902 575 1036 632 falso
1061 574 1350 646 quidquam
1378 589 1502 631 eum
1531 591 1637 633 non
1663 577 1843 634 dicere
1874 574 1922 633 Α
1945 574 2081 640 ejus,
2131 575 2257 630 dum
2291 576 2343 630 in
2387 591 2550 630 cruce
2594 577 2878 645 penderet,
2933 576 3161 632 dicentis
3189 594 3201 630 :
3236 575 3413 641 Pater,
3457 579 3540 631 Λί-

259 678 491 722 necesse
520 674 626 722 εει.

335 754 573 810 Μοῑεεε.
624 753 825 809 Verum
866 763 968 810 est.

334 845 576 901 Pus-sus.
633 845 771 902 Cum
803 846 967 917 igitur
988 844 1258 910 Christus,
1283 856 1342 901 ut
1371 863 1531 918 supra
1561 850 1848 919 probatura

268 947 370 999 est.
418 948 477 993 et
519 951 621 1008 per
646 936 743 992 Dei
794 939 1052 993 virtutem
1100 939 1537 1007 voluntatemque
1589 943 1848 998 miracula

271 1032 481 1098 fecerit,
527 1041 583 1088 et
624 1047 693 1087 ex
732 1033 834 1088 hoc
872 1042 1136 1102 sequatur
1163 1034 1304 1105 quod
1337 1036 1545 1091 amicus
1580 1036 1697 1105 ejus
1734 1053 1848 1093 ser-

268 1140 475 1194 vusque
506 1124 678 1180 fidelis
713 1126 1007 1188 exstiterit,
1062 1127 1248 1197 procul
1292 1127 1460 1184 dubio
1506 1129 1849 1185 concluditur

268 1219 411 1287 quod
442 1218 510 1274 de
539 1218 648 1274 Deo
685 1220 769 1274 vel
814 1235 879 1274 ex
917 1230 1072 1288 parte
1106 1220 1223 1287 ejus
1259 1220 1396 1275 falso
1440 1222 1571 1277 nihil
1607 1239 1845 1292 unquam

268 1312 480 1366 locutus
512 1309 602 1364 sit.
633 1309 788 1378 Quod
818 1308 952 1365 cum‘
978 1311 1048 1365 ita
1079 1310 1166 1376 sit,
1203 1312 1470 1366 veraciter
1494 1329 1623 1383 ergo
1647 1313 1842 1370 Filium

266 1403 357 1458 Dei
396 1418 455 1457 se
483 1403 697 1457 vocavit
726 1400 908 1473 (Joan.
941 1405 1030 1473 ι).

336 1493 569 1550 Μοτειεε.
616 1491 777 1548 Ratio
807 1502 889 1547 est
915 1493 1055 1562 quod
1084 1493 1286 1548 dixisti.
1319 1493 1426 1550 Sed
1456 1495 1557 1552 hoc
1581 1512 1704 1550 cum
1732 1507 1846 1553 stu-

266 1600 395 1656 pore
426 1583 669 1637 admiror
693 1599 792 1653 ego
821 1584 1123 1638 vehementi
1155 1586 1297 1653 quod
1329 1601 1452 1640 cum
1486 1597 1724 1657 tempore
1753 1589 1846 1644 illo

265 1676 570 1743 complures
603 1675 805 1730 fuerint
834 1675 955 1739 viri,
994 1674 1269 1730 intellectu
1313 1692 1508 1747 magno
1536 1694 1601 1734 ac
1627 1681 1845 1748 sapien-

268 1769 337 1822 tia
368 1767 605 1837 przediti.
641 1781 977 1837 nequamtam
1014 1780 1137 1820 eum
1186 1766 1345 1822 talem
1377 1767 1542 1823 fuisse
1586 1786 1845 1842 percepe-

267 1862 394 1913 rint.
428 1857 579 1926 Quod
612 1858 657 1912 si
689 1866 1053 1929 agnoverunt,
1081 1872 1253 1926 quare
1282 1857 1440 1912 fidem
1489 1858 1607 1929 ejus
1637 1860 1843 1916 doctri-

1954 669 2101 722 mitte
2134 669 2227 733 eis,
2262 685 2364 722 non
2393 670 2533 723 enim
2579 672 2750 724 sciunt
2779 669 2906 740 quid
2939 668 3142 739 faciunt
3174 666 3326 741 (Luc.
3356 674 3534 741 χχιιι).

1958 761 2063 816 Per
2110 763 2253 832 quod
2302 763 2607 817 ostenditur
2656 763 2771 834 ipse
2816 777 2911 817 eos
2939 762 3228 817 admodum
3259 762 3535 828 dilexisse,

1954 851 2085 908 licet
2123 862 2312 907 contra
2357 869 2479 908 eum
2525 862 2884 923 operarentur
2918 854 3123 924 inique,
3171 863 3232 909 ut
3274 855 3535 924 prephcta

1954 951 2185 997 testatur
2212 941 2506 997 Zacharias
2534 961 2546 997 :
2580 941 2647 996 Et
2666 943 2893 1012 dicetur,
2921 944 3113 1012 inquit,
3137 945 3186 998 ei
3209 959 3228 995 :
3252 943 3392 1010 Quid
3413 954 3537 998 suat

1949 1033 2118 1105 plaga:
2138 1037 2271 1098 istm,
2296 1036 2351 1089 in
2374 1036 2545 1090 medio
2577 1051 2829 1090 manuum
2854 1046 3065 1089 tuarum
3082 1037 3107 1087 ?
3138 1035 3204 1090 Et
3228 1037 3360 1090 dicet
3386 1054 3404 1091 :
3430 1036 3533 1093 llis

1948 1125 2190 1195 plagatus
2226 1142 2342 1179 sum
2380 1126 2435 1179 in
2464 1125 2621 1178 domo
2661 1141 2843 1178 eorum
2880 1141 3010 1195 quos
3038 1125 3318 1195 diligebam
3344 1125 3532 1193 (Zach.

1949 1217 2094 1286 xm).
2134 1216 2265 1278 Sed,
2314 1232 2348 1271 o
2379 1215 2612 1287 Moyses,
2662 1217 2705 1271 si
2734 1215 2844 1271 Deo
2872 1216 3068 1286 placet,
3113 1217 3290 1271 adhuc
3323 1227 3536 1288 tempus

1948 1308 2127 1362 veniet
2171 1322 2280 1377 quo
2333 1317 2388 1363 et
2434 1318 2655 1378 nepotes
2704 1318 2919 1378 patrum
2970 1323 3191 1363 suorum
3235 1310 3533 1378 nequitiam

1950 1408 2359 1471 recognoscent,
2400 1410 2456 1456 et
2484 1416 2672 1455 eorum
2723 1408 2946 1471 peccata
3002 1400 3340 1455 condolendo
3379 1400 3536 1469 plan-

1947 1503 2073 1562 gent
2103 1502 2159 1549 et
2185 1492 2461 1557 dolebunt,
2516 1504 2570 1549 et
2615 1494 2680 1547 ad
2705 1494 2993 1549 Dominum
3043 1503 3433 1549 convertentur
3480 1504 3537 1547 et

1947 1584 2222 1647 redibunt,
2268 1584 2409 1639 sicut
2439 1585 2570 1641 dicit
2601 1585 2897 1640 Zacharias
2929 1586 3191 1654 propheta
3224 1601 3237 1638 :
3268 1584 3337 1637 Et
3361 1585 3534 1654 eﬁ‘uu-

1946 1674 2069 1726 (Iam
2111 1689 2268 1743 super
2293 1674 2508 1727 domum
2536 1674 2726 1739 David,
2761 1685 2810 1728 et
2851 1690 3013 1743 super
3051 1674 3370 1728 habitatores
3402 1672 3534 1728 Hie-

1947 1763 2173 1817 rusalem
2213 1764 2455 1833 spiritum
2495 1765 2684 1833 gratia:
2720 1775 2766 1819 et
2806 1779 3041 1834 precum,
3084 1774 3132 1817 et
3169 1763 3419 1831 aspicient
3458 1765 3529 1817 ad

1949 1869 2028 1906 me
2086 1870 2236 1924 quem
2300 1854 2661 1919 couﬁxerunt,
2722 1866 2770 1908 et
2816 1857 3065 1924 plaugeut
3130 1871 3250 1908 eum
3312 1854 3529 1920 planctu

267 1966 497 2018 statuque
548 1960 892 2020 respuerunt,
932 1959 985 2003 et
1032 1965 1154 2005 eum
1186 1950 1573 2018 cruciﬁgeudo,
1619 1968 1840 2008 suarum

1945 1945 2094 2011 quasi
2126 1945 2476 2014 unigenitum,
2515 1958 2560 1999 et
2590 1948 2836 1999 dotelmnt
2883 1962 3037 2015 super
3065 1963 3205 2012 eum,
3254 1957 3310 1999 ut
3355 1946 3525 2001 doleri

267 2042 672 2097 damnationem
705 2041 1007 2095 animarum
1049 2040 1286 2095 scienter
1316 2039 1702 2096 incurrerunt?

333 2135 572 2190 l’nuus.
615 2132 781 2199 Sane,
815 2132 955 2187 sieut
997 2133 1369 2202 prmdiximus,
1399 2148 1463 2186 ex
1511 2133 1709 2187 invidia
1739 2135 1841 2191 hoc

262 2227 530 2290 fecerunt,
564 2224 690 2294 quia
729 2224 981 2279 videlicet
1025 2238 1120 2294 per
1154 2240 1276 2280 eum
1322 2225 1639 2295 dignitatem
1686 2242 1839 2282 suam

263 2335 327 2373 ac
368 2318 569 2373 famam
620 2318 870 2372 amittere
917 2317 1212 2371 tinmeruut
1258 2316 1566 2386 (locum).
1614 2317 1680 2373 Et
1716 2319 1843 2373 huic

263 2408 442 2464 simile
508 2409 812 2462 invenimus
863 2419 1102 2479 tempore
1150 2408 1436 2463 Jeruhoam
1492 2413 1633 2481 regis
1679 2411 1840 2465 Israel

264 2498 466 2556 factum
505 2518 644 2556 esse.
690 2499 902 2556 Mortuo
946 2501 1144 2572 quippe
1190 2502 1495 2563 Salomone,
1548 2504 1730 2557 induo
1762 2505 1840 2558 di-

265 2594 439 2648 visum
468 2605 551 2650 est
585 2610 809 2664 regnum
844 2592 980 2663 ejus,
1010 2594 1291 2665 Scriptura
1342 2605 1654 2661 attestaute,
1696 2598 1839 2652 obti-

266 2687 496 2756 nuitque
543 2698 749 2757 partem
794 2703 951 2740 unam
997 2685 1140 2741 filius
1183 2684 1303 2756 ejus
1333 2686 1599 2754 Rohoam,
1628 2700 1837 2759 partem

266 2791 401 2831 vero
432 2775 652 2832 alteram
682 2791 874 2832 servus
907 2776 1024 2846 ejus
1056 2776 1365 2832 .lerohoam.
1396 2778 1633 2847 Accepto
1658 2790 1837 2836 autem

263 2866 558 2923 Jeroboam
606 2883 726 2923 cum
761 2868 1112 2940 optimatibus
1154 2868 1267 2924 suis
1305 2869 1553 2936 consilio,
1583 2871 1716 2926 duos
1742 2887 1839 2926 au-

272 2974 392 3016 reos
419 2958 547 3015 fecit
571 2960 766 3015 vitulos
791 2975 927 3030 quos
957 2960 1182 3030 populus
1214 2962 1485 3026 adoraret,
1518 2979 1606 3028 ne,
1637 2964 1679 3017 si
1714 2963 1840 3020 Hie-

266 3051 496 3106 rusalem
529 3054 593 3107 ad
620 3053 884 3108 orandum
924 3062 980 3108 et
1004 3054 1439 3122 sacrificandum,
1471 3064 1530 3110 ut
1557 3072 1674 3112 mos
1698 3066 1836 3126 erat,

263 3144 460 3215 saepius
505 3148 848 3212 ascenderet,
897 3146 1077 3201 forsan
1108 3145 1395 3217 aliquando
1426 3147 1624 3203 ibidem
1664 3165 1839 3204 rema-

268 3245 417 3291 neret
436 3277 451 3301 ,
480 3239 735 3310 partique
761 3237 1002 3295 Rohoam
1052 3239 1373 3302 adhaereret,
1404 3250 1460 3295 et
1502 3240 1574 3293 ita
1604 3240 1837 3311 dignita-

266 3340 370 3385 tem
420 3346 573 3384 suam
600 3329 888 3387 Jeroboam
941 3331 1237 3396 amitteret,
1290 3331 1434 3387 sicut
1476 3332 1662 3401 eadem
1693 3331 1840 3388 Scri-

266 3429 417 3489 ptura
444 3421 623 3486 docet,
638 3422 824 3477 dicens
853 3439 867 3474 :
896 3421 1139 3493 Dixitque
1159 3422 1441 3476 Jeroboam
1458 3422 1512 3475 in
1533 3423 1688 3477 corde
1707 3440 1802 3478 suo
1818 3440 1838 3479 :
1895 3472 1902 3480 .

275 3509 423 3565 Nunc
452 3521 739 3567 revertetur
776 3529 987 3584 regnum
1025 3513 1095 3566 ad
1123 3512 1334 3567 domum
1362 3513 1549 3577 David,
1585 3514 1631 3566 si
1662 3530 1841 3568 ascen-

266 3601 395 3654 derit
427 3599 653 3671 papulas
692 3602 788 3655 iste
824 3612 879 3656 ut
904 3601 1062 3671 faciat
1100 3600 1363 3669 sacriﬁcia
1392 3601 1447 3655 in
1476 3601 1630 3656 deum
1655 3602 1840 3656 Domi-

266 3691 318 3745 ui
372 3692 429 3745 in
458 3689 898 3761 Hierusalem,“
942 3702 1264 3746 convertetur
1299 3708 1391 3746 cor
1440 3691 1622 3762 populi
1682 3693 1839 3765 hujus

265 3784 331 3836 ad
355 3783 639 3837 Dominum
674 3801 828 3838 suum
858 3783 1087 3838 Roboam
1116 3800 1284 3854 regem
1306 3783 1342 3837 1
1348 3786 1473 3848 uda,
1504 3782 1842 3853 interﬁcient-

265 3893 359 3946 que
390 3891 471 3929 me
507 3885 555 3930 et
593 3884 919 3931 revertentur
946 3877 1016 3929 ad
1045 3892 1183 3929 cum.
1236 3873 1299 3928 Et
1330 3879 1556 3946 cogitato
1598 3878 1837 3943 consilio,

265 3969 387 4038 fecit
429 3967 566 4023 duos
606 3968 796 4023 vitulos
835 3985 1043 4031 aureos,
1083 3978 1128 4021 et
1160 3968 1293 4022 dixit
1328 3969 1441 4022 eis:
1482 3966 1662 4022 Nolite
1700 3968 1839 4023 ultra

266 4062 544 4114 ascendere
572 4058 924 4114 Hierusalem.
959 4059 1093 4113 Ecce
1125 4059 1198 4112 dii
1242 4059 1343 4124 tui,
1374 4058 1566 4124 Israel,
1594 4061 1685 4130 qui
1708 4060 1838 4114 edu-

266 4160 453 4205 xerunt
490 4161 540 4204 te
589 4151 653 4205 de
677 4159 815 4205 terra
838 4149 1058 4221 Egypti
1100 4149 1217 4223 (111
1246 4149 1374 4220 Reg.
1405 4150 1529 4218 xu).
1579 4151 1712 4206 Cum
1743 4166 1841 4205 au-

266 4252 372 4297 tem
415 4253 475 4298 et
520 4243 637 4313 ipse
684 4242 995 4308 Jeroboam,
1032 4250 1088 4297 et
1129 4257 1384 4313 proceres
1431 4244 1535 4307 sui,
1573 4243 1840 4313 sapientia

266 4335 431 4391 multa
468 4344 652 4392 essent
680 4334 913 4407 praediti,
951 4346 1061 4389 tum
1087 4350 1187 4406 per
1211 4333 1556 4390 Salomonem
1586 4336 1675 4405 qui
1707 4350 1843 4405 prte-

230 4481 238 4487 .
266 4437 522 4493 cesserat,
546 4427 638 4498 qui
660 4426 899 4482 omnium
920 4434 975 4482 et
990 4426 1405 4499 prmeedentium
1426 4436 1481 4482 et
1505 4427 1842 4498 sequentium

265 4532 343 4585 se,
382 4527 524 4574 teste
552 4516 854 4589 Scriptura,
886 4517 1320 4588 sapientissimus
1369 4519 1545 4573 fuerat
1570 4517 1692 4589 (III
1716 4518 1839 4590 Reg.

268 4612 362 4681 tv),
409 4622 521 4666 tum
550 4625 652 4681 per
688 4625 875 4681 pacem
912 4610 1083 4681 ipsius
1118 4620 1361 4680 tempore
1391 4610 1696 4668 Salomonis
1722 4628 1840 4666 ma-
1870 4632 1918 4691 ι)

268 4718 367 4773 gna
392 4702 706 4768 eXStiterat,
738 4716 857 4772 qua:
895 4702 963 4756 ad
1003 4702 1316 4758 discendum
1365 4703 1705 4773 sapientiam,
1745 4716 1842 4773 op-

269 4793 655 4863 portunitatem
694 4807 889 4863 magna
933 4794 1353 4862 prmstat,'patet
1384 4792 1651 4863 prolecui,
1692 4795 1839 4865 quia,

271 4884 409 4938 sicut
456 4884 717 4947 diximus,
754 4898 851 4952 per
890 4883 1146 4938 invidiam
1187 4893 1241 4939 et
1278 4886 1523 4939 timorem
1566 4887 1716 4954 regni
1757 4888 1841 4941 sui

269 4973 585 5027 admittendi
636 4973 739 5029 hoc
788 4972 1035 5027 fecerint.
1082 4973 1264 5028 Mirari
1313 4976 1478 5045 igitur
1519 4991 1623 5031 non
1654 4978 1842 5044 debes,

270 5067 310 5119 si
340 5066 473 5136 legis
503 5068 756 5122 doctores
785 5076 840 5122 et
861 5066 1065 5122 Scriba:
1093 5067 1307 5122 invidia:
1337 5083 1545 5124 veneno
1565 5070 1841 5126 Christum

269 5157 598 5220 occiderint,
652 5172 775 5212 cum
823 5172 921 5227 per
966 5172 1088 5212 eum
1140 5157 1368 5228 gloriam
1418 5167 1475 5214 et
1525 5161 1842 5230 dignitatem

269 5264 417 5304 suam
457 5249 757 5304 amissuros
785 5263 843 5303 se
866 5263 990 5304 esse
1024 5249 1336 5306 timuerunt.

339 5339 574 5397 Ilorsss.
624 5339 929 5396 Verisimile
964 5349 1050 5396 est
1083 5342 1226 5412 quod
1261 5342 1417 5397 dicis.
1454 5342 1841 5399 Verumtamen

273 5435 446 5490 adhuc
493 5436 660 5491 etiam
714 5435 884 5489 miror
934 5434 1302 5503 vehementer,
1357 5436 1485 5492 licet
1536 5435 1603 5492 de
1650 5438 1842 5492 eodem

272 5528 396 5583 alibi
425 5529 759 5598 quaesierim,
788 5529 975 5595 miror,
1017 5530 1258 5600 inquam,
1297 5545 1418 5585 cum
1454 5549 1484 5585 a
1516 5532 1840 5589 Deo.secun-

274 5618 398 5674 dum
426 5620 567 5691 quod
594 5620 734 5676 dicis
763 5629 956 5691 potens
983 5620 1271 5686 exstiterit,
1307 5635 1405 5676 cur
1435 5635 1496 5677 se
1532 5622 1713 5676 statim
1737 5638 1843 5678 non

278 5713 647 5770 vindicaverit.

346 5808 579 5867 Penus.
624 5806 739 5864 lloc
770 5822 960 5879 nempe
1002 5822 1099 5864 sua
1135 5824 1327 5878 magna
1354 5808 1599 5865 bonitate
1639 5810 1767 5865 fecit
1793 5820 1847 5864 ct

285 5900 666 5958 misericordia.
727 5898 795 5953 Et
849 5899 951 5955 hoc
1004 5901 1348 5972 percepimus
1406 5917 1505 5958 nos
1561 5917 1628 5958 ex
1666 5902 1847 5959 verbis

590 5994 864 6053 Pnaoc.
911 5992 1149 6054 CLVII.

1942 2035 2072 2088 solet
2104 2038 2157 2089 in
2189 2050 2354 2090 morte
2375 2038 2713 2107 printogeniti
2756 2035 2943 2109 (Zarh.
2979 2039 3097 2109 xu).
3156 2041 3220 2093 Et
3265 2040 3355 2095 det
3404 2041 3520 2101 tibi,

1944 2142 2143 2194 qttzrso,
2195 2128 2537 2196 omnipotens
2569 2127 2729 2191 Deus,
2764 2139 2823 2183 ut
2857 2141 2910 2184 tu
2941 2132 3006 2185 de
3036 2132 3142 2187 illis
3167 2133 3258 2202 qui
3295 2147 3525 2189 convero

1946 2226 2148 2280 tentur,
2181 2219 2260 2276 sis
2284 2235 2442 2275 unus.
2474 2221 2666 2274 Amen.

2518 2309 2818 2367 TITULUS
2858 2310 2945 2367 XI.

2052 2400 2124 2453 De
2156 2403 2533 2456 resurrectione
2561 2412 2606 2458 et
2647 2420 2865 2458 ascensu
2891 2404 3088 2459 Christi
3118 2407 3173 2462 in
3204 2407 3392 2462 coelum

2016 2489 2245 2546 llnvsss.
2297 2492 2586 2561 llucnsque
2630 2494 2764 2548 satis
2790 2504 3067 2550 ostensum
3097 2504 3183 2550 est
3209 2497 3277 2551 de
3303 2498 3525 2552 homine

1944 2582 2033 2636 illo
2072 2585 2213 2651 quod
2256 2585 2528 2640 voluntate
2568 2596 2866 2655 spontanea
2907 2603 3006 2657 pro
3042 2604 3241 2657 genere
3280 2591 3523 2645 humano

1943 2685 2172 2726 mortem
2224 2676 2524 2742 susceperit
2579 2675 2914 2732 redimendo.
2966 2678 3119 2734 Nunc
3151 2690 3331 2735 autem
3361 2680 3428 2734 de
3455 2697 3523 2735 eo

1945 2774 2120 2821 tecum
2160 2765 2305 2835 loqui
2340 2767 2479 2832 volo,
2520 2771 2685 2838 quod,
2718 2769 2859 2823 sicut
2904 2769 2956 2822 in
3003 2778 3107 2825 tua:
3137 2771 3258 2824 fidei
3306 2773 3516 2839 exposi-

1943 2858 2087 2913 tione
2134 2860 2336 2923 dixisti,
2369 2862 2454 2915 die
2484 2860 2784 2915 resurrexit
2816 2862 2992 2915 tertio.
3045 2862 3109 2915 Et
3135 2864 3272 2917 bene
3300 2864 3519 2933 quidem

1941 2966 2060 3008 esse
2089 2952 2283 3022 potuit,
2316 2969 2437 3007 cum
2469 2953 2687 3009 deitatis
2716 2954 3009 3024 plenitudo,
3042 2966 3099 3009 ut
3131 2957 3290 3021 dicis,
3319 2958 3371 3012 in
3405 2957 3522 3027 ipso

1942 3045 2267 3103 habitaverit
2296 3047 2430 3118 (Col.
2465 3048 2548 3117 ιι),
2581 3058 2913 3121 umerosque
2962 3061 3208 3106 mortuos
3238 3053 3361 3106 vita:
3397 3053 3523 3105 red-

1941 3139 2153 3204 diderit,
2190 3150 2248 3195 ut
2285 3142 2522 3213 seipsum
2572 3144 3001 3199 resnscitaverit.
3052 3144 3158 3198 Sed
3206 3145 3309 3198 hoc
3360 3146 3522 3197 modo

1941 3245 2127 3299 quaero
2165 3247 2194 3283 a
2229 3240 2281 3285 te
2318 3232 2392 3296 si,
2430 3242 2713 3303 postquam
2746 3235 3066 3301 resurrexit,
3101 3234 3242 3290 Dens
3272 3244 3325 3291 et
3354 3235 3523 3291 homo

1943 3331 2001 3377 ut
2035 3323 2184 3393 prius
2216 3322 2400 3391 fuerit,
2429 3325 2634 3380 necne?

2012 3414 2248 3471 Parcus.
2299 3416 2474 3472 Credo
2506 3418 2692 3489 procul
2731 3420 2894 3474 dubio
2930 3421 3057 3491 quia
3098 3421 3179 3476 sic
3206 3421 3327 3477 fuit.
3383 3421 3520 3477 Cum

1941 3509 2085 3562 enim
2134 3511 2250 3580 ejus
2298 3511 2480 3564 anima
2542 3526 2573 3564 a
2624 3526 2852 3582 corpore
2893 3512 3155 3567 dissoluta
3202 3513 3268 3567 ad
3317 3513 3524 3568 inferos

1942 3609 2000 3653 ut
2032 3598 2155 3655 inde
2198 3600 2369 3657 bonos
2408 3602 2641 3672 eriperet
2684 3603 2989 3668 descendit,
3031 3620 3308 3675 nunquam
3350 3604 3419 3659 ab
3454 3622 3521 3661 ea

1941 3689 2197 3746 divinitas
2233 3693 2346 3762 ipsa
2388 3694 2625 3748 recessit.
2673 3693 2828 3750 Unde
2855 3705 3061 3751 etcum
3101 3697 3167 3750 ad
3196 3710 3394 3765 corpus
3431 3713 3520 3752 re-

1943 3783 2161 3845 meavit,
2209 3800 2425 3854 semper
2472 3798 2594 3838 cum
2635 3800 2699 3839 ea
2746 3787 3067 3856 permansit,
3099 3803 3270 3859 quare
3305 3796 3360 3843 et
3392 3798 3524 3843 tunc

1939 3881 1996 3927 et
2024 3890 2165 3928 llllttc
2193 3884 2245 3929 et
2273 3890 2443 3944 usque
2477 3876 2528 3930 in
2556 3885 2817 3931 :rtcrnum
2843 3890 2900 3932 et
2934 3883 3093 3934 homo
3126 3891 3179 3933 et
3202 3878 3346 3934 Deus
3391 3881 3519 3934 erit.

2013 3963 2243 4019 illovsrzs.
2296 3965 2442 4021 Satis
2491 3981 2614 4021 reor
2659 3968 2787 4036 quia
2834 3967 2913 4023 sic
2961 3968 3174 4035 credas,
3215 3969 3309 4025 sed
3348 3981 3522 4024 restat

1944 4058 2121 4113 adhuc
2166 4073 2331 4113 unum
2380 4064 2445 4114 de
2488 4074 2595 4127 quo
2642 4060 2775 4113 mihi
2832 4058 2955 4113 volo
2996 4060 3345 4129 respondeas.
3384 4061 3518 4116 Cum

1941 4150 2084 4204 enim
2114 4166 2222 4204 non
2252 4152 2324 4205 ob
2356 4151 2518 4206 aliam
2563 4167 2781 4207 causam
2810 4166 2972 4222 quam
3002 4162 3058 4206 ut
3086 4152 3224 4207 filios
3249 4151 3419 4206 Adam
3451 4156 3521 4209 de

1942 4239 2140 4294 diaboli
2180 4242 2311 4312 jugo
2337 4243 2574 4314 eriperet
2597 4258 2815 4299 carnem
2847 4245 3170 4311 susceperit,
3203 4252 3515 4315 postquam,

1944 4338 2002 4383 ut
2045 4330 2203 4399 dicis,
2254 4331 2383 4388 illud
2432 4332 2737 4403 complevit,
2773 4342 2833 4388 ut
2876 4333 3066 4397 voluit,
3117 4348 3285 4403 quare
3322 4334 3521 4391 itemur.

1943 4425 2188 4494 corporis
2214 4441 2272 4481 se
2300 4426 2567 4496 gravitate
2599 4426 2915 4497 impedivit?

2013 4516 2246 4574 Passus.
2281 4518 2490 4589 Corpus
2514 4520 2730 4590 quidem
2760 4519 2960 4574 Christi
2989 4518 3186 4574 subtile
3218 4518 3338 4585 fuit,
3369 4527 3420 4574 et
3450 4518 3520 4574 ab

1945 4608 2092 4661 onmi
2126 4618 2351 4679 peccato
2378 4609 2794 4664 mundissimum
2823 4607 2981 4680 (Isai.
3015 4625 3142 4677 un;
3194 4609 3223 4663 Ι
3248 4609 3393 4664 Petr.
3425 4608 3514 4677 ιι).

1944 4698 2130 4769 Neque
2176 4701 2319 4755 enim
2349 4700 2431 4755 vel
2460 4701 2618 4770 primi
2656 4703 2897 4771 parentis
2921 4703 3071 4766 Adae,
3110 4702 3195 4757 vel
3224 4717 3289 4758 ex
3325 4702 3519 4771 .seipso

1945 4793 2160 4863 aliquod
2215 4794 2487 4849 contraxit
2534 4804 2857 4863 peccatum,
2906 4805 2962 4850 et
3006 4811 3127 4851 cum
3178 4794 3284 4850 tale
3333 4794 3515 4863 fuerit,

1946 4884 2188 4955 nunquid
2219 4886 2357 4941 mori
2383 4885 2587 4951 debuit,
2616 4903 2738 4941 cum
2766 4896 2821 4943 et
2845 4889 3037 4952 Adam,
3057 4886 3266 4942 nonnisi
3299 4896 3520 4959 propter

1946 4988 2223 5050 peccatum
2253 4979 2472 5045 obierit,
2499 4989 2554 5034 et
2581 4993 2838 5051 prmterea
2873 4996 2993 5036 cum
3028 4981 3080 5034 in
3112 4996 3177 5036 eo
3201 4979 3377 5036 deitas
3418 4982 3517 5035 ha-

1945 5071 2201 5139 bitaverit
2223 5071 2246 5125 ?

2017 5160 2246 5217 blovsss.
2291 5159 2431 5216 Non.

2017 5252 2251 5307 Penus.
2292 5253 2426 5308 Cum
2467 5268 2596 5324 ergo
2632 5252 2834 5307 nullam
2867 5254 2937 5308 ob
2970 5255 3208 5326 culpam,
3234 5270 3396 5326 quam
3425 5255 3521 5307 ad-

1946 5345 2202 5409 misisset,
2232 5345 2339 5399 imo
2362 5359 2460 5414 pro
2485 5344 2757 5399 salvandis
2788 5345 2901 5400 suis
2927 5345 3265 5401 solummodo
3292 5355 3519 5399 mortem

3547 5316 3562 5342 ι

1946 5437 2203 5507 suscepit,
2233 5437 2475 5506 nunquid
2510 5451 2613 5490 non
2642 5435 2837 5490 merito
2869 5436 3183 5492 resusciari
3215 5436 3446 5491 debuit?
3536 5422 3547 5443 ’

2017 5527 2245 5583 Movsss.
2287 5525 2432 5581 Ordo
2477 5542 2608 5580 sane
2646 5527 2871 5581 rationis
2920 5529 2998 5583 sic
3028 5528 3212 5597 exigit.
3266 5527 3372 5581 Sed
3423 5541 3520 5579 cur

1947 5623 2086 5680 adeo
2123 5622 2376 5679 suscitari
2412 5621 2707 5686 festinavit,
2736 5630 2792 5675 et
2820 5637 2923 5676 non
2954 5636 3232 5689 quousque
3276 5620 3396 5675 boui
3427 5620 3518 5687 qui

1948 5714 2145 5771 mortui
2174 5722 2316 5779 sunt,
2359 5713 2446 5767 alii
2483 5714 2813 5769 suscitentur
2859 5714 2913 5766 in
2944 5714 3047 5767 line
3085 5710 3268 5765 mundi
3313 5709 3363 5782 (1
3392 5709 3517 5764 Cor.

1949 5827 2046 5874 xv;
2081 5807 2269 5862 Matth.
2301 5808 2447 5877 xxv),
2488 5805 2852 5876 exspectavit?

2020 5903 2251 5956 Penus.
2297 5900 2399 5953 Alii
2442 5916 2674 5970 namque
2719 5900 2914 5955 mortui
2962 5909 3181 5967 peccata
3233 5899 3288 5955 in
3315 5898 3515 5954 mundo

2930 5991 3006 6052 21

2960 6207 2967 6231 l
