4038 6450
512 447 609 510 (i9!

511 570 617 622 iste
667 564 813 633 pinra
871 553 1283 607 ('onttttist-runt,

512 618 768 712 mortem,
800 660 1015 716 pennam
1047 636 1245 692 scilicet
1275 628 1502 702 peccati,
1533 630 1911 692 susceperunt,
1943 618 2092 670 ideo-

514 762 619 816 que
646 751 925 812 quousque
960 732 1069 785 Deo
1102 722 1368 797 placuerit
1396 716 1648 774 suscitari
1680 730 1785 767 non
1816 716 2093 779 poterunt,

518 808 607 894 ille
650 808 828 887 autem
854 842 950 881 nec
969 823 1118 885 Adae,
1144 833 1240 873 nec
1270 814 1439 878 aliud,
1462 819 1519 866 ut
1539 808 1793 870 diximus,
1817 810 2095 873 peccatum

517 925 728 987 habuit,
762 922 870 975 imo
901 922 1095 984 sponte
1122 926 1237 975 sua,
1267 916 1323 963 et
1346 920 1444 977 pro
1469 911 1657 958 nostra
1699 893 2095 963 redemptione,

519 1022 604 1074 die
642 1013 862 1086 quidem
890 1023 997 1063 una
1032 1001 1310 1065 occubuit,
1362 996 1467 1052 alia
1510 1007 1641 1048 vero
1685 990 1753 1044 ad
1801 986 2095 1047 infernum,

519 1118 578 1166 ut
617 1078 744 1163 inde
779 1102 953 1158 bonos
990 1095 1279 1154 educeret,
1319 1089 1433 1158 ipse
1465 1081 1764 1140 descendit.
1805 1078 1940 1134 Cum
1972 1089 2101 1145 ergo

518 1200 702 1258 omnia
751 1202 973 1267 propter
1021 1203 1141 1258 quae
1186 1190 1408 1240 venerat
1438 1178 1549 1249 jam
1605 1173 1960 1244 complesset,
1999 1182 2102 1222 nec

520 1294 660 1348 foret
699 1263 948 1348 ulterius,
988 1290 1048 1334 ut
1089 1279 1161 1332 ita
1199 1276 1400 1337 dicam,
1449 1268 1594 1339 quod
1650 1263 1893 1319 facturus
1934 1267 2100 1322 esset,

522 1381 717 1436 merito
745 1377 832 1432 die
870 1371 1028 1428 tertia
1060 1365 1383 1423 resurrexit.
1420 1360 1690 1416 Praeterea
1723 1355 1886 1410 etiam
1915 1350 2100 1406 Enoclt

523 1481 579 1528 et
615 1470 786 1532 Elias,
833 1462 960 1535 quia
1006 1457 1179 1515 sancti
1224 1454 1322 1509 viri
1367 1466 1432 1506 ac
1473 1448 1618 1519 digni
1673 1447 1911 1509 fuerunt,
1965 1440 2105 1496 sicut

526 1530 801 1622 credimus
827 1530 884 1614 et
909 1570 1009 1611 nos
1036 1560 1092 1607 et
1115 1566 1236 1611 vos,
1267 1546 1445 1601 adhuc
1486 1543 1677 1597 vivunt
1716 1535 1872 1609 (Gen.
1905 1549 1972 1598 v;
2020 1530 2103 1586 IV

532 1660 653 1729 Heg.
678 1657 765 1724 ιι),
796 1659 851 1707 et
887 1649 1015 1703 licet
1056 1646 1109 1700 in
1148 1644 1254 1696 line
1287 1636 1472 1695 mundi
1509 1631 1783 1697 morituri,
1811 1626 1993 1684 statim
2026 1633 2103 1678 ta-

533 1717 657 1804 men
700 1717 921 1816 propter
965 1734 1312 1792 sanctitatem
1361 1741 1516 1782 suam
1567 1717 1929 1777 resurrecturi
1959 1721 2105 1770 sunt.

531 1803 850 1905 Quod-cum
893 1828 968 1883 ita
1015 1823 1105 1890 sit,
1145 1834 1344 1889 corpus
1372 1812 1575 1869 Christi
1626 1807 1771 1881 quod
1819 1803 2106 1861 sanctissi-

1425 425 1625 481 PETRI
1664 414 1998 475 ALI’llO-NSI
2050 410 2137 465 EX
2177 406 2421 462 JUDIEO
2460 396 2848 458 CllillSTlANl

1336 542 1464 611 quin
1501 549 1554 591 et
1600 552 1694 606 pro
1725 533 1853 587 Atla)
1889 528 2083 583 delicto
2116 530 2159 587 Α
2193 519 2359 574 telum
2407 514 2649 589 grossius
2705 510 2800 565 tibi
2853 505 3207 577 respondebo,
3263 514 3319 557 et
3365 500 3495 571 quia
3549 514 3650 569 per
3678 504 3767 558 hoc

3669 389 3765 446 652

2196 611 2319 668 boni
2344 606 2547 678 aliquid
2579 605 2911 661 crediturum
2945 611 2997 653 te
3038 613 3158 653 esse
3185 594 3456 651 desidero.

2267 701 2499 756 Mersus.
2540 695 2613 750 Ut
2635 695 2713 749 sic
2741 692 2910 747 facias
2935 685 3242 757 expostulo.

2266 793 2503 847 Peritos.
2530 787 2677 842 Nosti
2711 786 2888 852 itaque
2908 780 3052 849 quod
3080 790 3239 830 anser
3261 783 3318 830 et
3343 772 3569 844 gallina,
3597 785 3771 841 passer

2197 893 2256 938 et
2284 883 2476 937 alauda
2507 880 2574 935 de
2601 887 2835 946 quatuor
2863 868 3145 927 elementis
3173 880 3364 921 omnes
3396 863 3530 918 facti
3560 873 3706 929 sunt,
3732 870 3770 921 st

2201 976 2315 1029 alas
2344 972 2577 1028 habent?

2271 1065 2506 1120 Mevsss.
2546 1058 2747 1129 Utique
2777 1055 2924 1111 nevi.

2274 1158 2507 1212 PETRUS.
2554 1154 2650 1207 Dic
2674 1166 2805 1221 ergo
2840 1161 3028 1219 passer
3058 1153 3112 1199 et
3145 1143 3338 1199 alanna
3371 1156 3473 1196 cur
3500 1140 3644 1193 adeo
3670 1154 3774 1193 sur-

2204 1265 2324 1306 sum
2351 1244 2584 1302 velando
2642 1240 2971 1302 ascendunt.
3002 1252 3163 1293 anser
3191 1244 3373 1290 autem
3410 1242 3464 1289 et
3492 1232 3692 1302 gallina
3717 1235 3777 1288 si-

2204 1342 2405 1398 militer
2435 1340 2616 1392 facere
2644 1349 2753 1389 non
2782 1330 3056 1402 possunt?

2279 1433 2511 1489 Mersus.
2556 1426 2694 1494 Quia
2735 1434 2792 1480 et
2841 1423 2913 1478 illi
2946 1431 3070 1478 sunt
3107 1422 3258 1491 parvi
3289 1417 3564 1487 corporis,
3592 1425 3651 1471 et
3677 1415 3780 1470 ideo

2206 1524 2457 1585 leviores,
2492 1528 2548 1574 et
2579 1518 2666 1575 isti
2700 1515 2967 1587 majores,
3012 1522 3070 1568 et
3103 1521 3327 1583 propter
3373 1510 3481 1564 hoc
3527 1507 3780 1578 pendere-

2209 1619 2403 1672 siores.

2279 1711 2518 1765 Penus.
2572 1706 2629 1760 Si
2660 1720 2726 1759 ex
2758 1700 3064 1774 quantitate
3106 1695 3301 1752 levitas
3324 1692 3600 1765 provenit,
3628 1707 3782 1763 quare

2212 1802 2393 1856 vultur
2424 1799 2508 1855 vel
2542 1796 2721 1866 aquila
2753 1810 2876 1849 cutn
2912 1789 3163 1847 omnibus
3194 1788 3279 1841 his
3306 1784 3484 1854 major
3511 1785 3605 1849 sit,
3635 1784 3784 1838 subii.

532 1878 681 1983 :1“!!!
716 1921 956 1978 omnium
989 1923 1044 1970 et
1075 1929 1105 1967 a
1132 1917 1357 1983 peccato
1386 1902 1799 1961 mundissimum
1840 1896 1963 1961 fuit,
1994 1904 2109 1951 sta-
2139 1878 2178 1935 Β
2208 1894 2347 1948 tuius
2370 1892 2625 1947 omnibus
2654 1887 2884 1942 volando
2909 1878 3269 1938 conscendit?

533 2021 631 2075 tim
658 2024 717 2070 ut
746 2010 917 2067 voluit
945 2004 1193 2063 suscitari
1226 2016 1334 2056 non
1361 1995 1588 2053 debuit?
1629 1993 1756 2048 Ideo
1784 1990 1950 2046 etiam
1981 2003 2104 2043 eum

531 2104 788 2166 suscitari
828 2113 1049 2157 necesse
1097 2096 1227 2161 l'uit,‘
1265 2101 1324 2146 ut
1369 2090 1508 2145 sicut
1534 2100 1631 2157 per
1679 2090 1905 2139 mortem
1955 2093 2107 2134 suam

533 2196 870 2256 descendens
895 2192 961 2247 ad
1002 2187 1206 2244 inferos
1227 2184 1295 2240 de
1324 2182 1447 2253 jure
1471 2177 1669 2234 diaboli
1701 2186 1943 2231 mortuos
1972 2173 2110 2227 libe-

538 2292 701 2356 ravit,
730 2290 804 2343 ita
840 2292 896 2339 et
922 2298 1019 2354 per
1068 2274 1526 2334 resurrectionem
1574 2283 1727 2324 suam
1773 2268 1838 2322 de
1871 2264 2109 2331 ejusdem

537 2381 736 2439 diaboli
782 2391 965 2439 manu,
1014 2379 1272 2427 venturos
1314 2364 1590 2426 liberaret,
1640 2358 1766 2429 quia
1818 2370 1944 2412 cum
1987 2368 2112 2407 eum

540 2475 898 2535 resurrexisse
936 2467 1181 2529 audiunt,
1219 2460 1467 2521 credunt,
1501 2465 1557 2511 et
1584 2453 1799 2523 dejugo
1830 2451 2003 2522 ipsius
2038 2448 2111 2503 ita

541 2574 765 2623 exeunt.

615 2679 848 2737 Marses.
888 2675 1048 2730 Ratio
1076 2680 1160 2726 est
1188 2667 1332 2738 quod
1375 2664 1531 2720 dicis.
1581 2660 1687 2715 Sed
1717 2672 1902 2729 posses
1934 2664 1987 2711 tu
2017 2654 2117 2709 alio

545 2787 653 2843 qua
682 2771 1068 2841 prophetarum
1095 2759 1418 2816 auctoritate
1446 2754 1588 2825 quod
1621 2750 1870 2807 suscitari
1898 2749 2120 2804 deberet

545 2862 833 2920 ostendere
850 2858 875 2914 Ἰ

598 2968 852 3030 Vsa-nes.
896 2969 1118 3024 Possum
1166 2963 1370 3033 utique.
1425 2959 1563 3013 Dicit
1618 2970 1848 3025 namque
1874 2951 2039 3007 David
2067 2951 2120 3006 in

551 3065 758 3137 psalmo
795 3078 809 3116 :
855 3056 981 3113 Dies
1021 3071 1176 3125 super
1200 3054 1308 3107 dies
1354 3050 1489 3121 regis
1519 3047 1760 3119 adjicies,
1799 3061 1966 3100 annos
2007 3043 2123 3114 ejus

552 3173 713 3226 nsque
746 3157 801 3209 in
820 3152 958 3207 diem
994 3146 1342 3222 generationis
1376 3153 1424 3199 et
1446 3139 1788 3213 generationis
1810 3137 1986 3209 (Psal.
2007 3138 2121 3204 1.x).

554 3223 763 3316 Deque
789 3243 952 3299 etiam
990 3255 1113 3309 rege
1153 3238 1252 3291 ista
1295 3235 1397 3289 nisi
1446 3234 1513 3288 de
1548 3230 1765 3287 Christo
1804 3229 1909 3284 dici
1953 3228 2126 3298 potuit
2151 3223 2193 3280 C

553 3332 872 3407 prophetia?
903 3329 1004 3384 Per
1028 3328 1143 3383 dies
1175 3326 1373 3396 quippe
1402 3322 1565 3392 regis,
1598 3320 1876 3376 deﬁnitum
1915 3327 2127 3388 tempus

554 3443 661 3497 quo
690 3435 817 3482 ante
842 3423 1144 3496 passionem
1172 3418 1419 3473 Christus
1466 3416 1517 3469 in
1545 3413 1745 3468 mundo
1768 3412 1922 3477 vixit,
1953 3408 2128 3464 notari

558 3517 823 3588 l‘r0pheta
872 3513 1071 3578 voluit;
1116 3526 1210 3581 per
1245 3510 1361 3565 dies
1401 3516 1581 3562 autem
1627 3519 1764 3575 quos
1808 3519 1970 3573 super
2015 3503 2130 3558 dies

559 3613 703 3681 regis
749 3606 1084 3677 adjiciendus
1127 3618 1248 3657 esse
1283 3601 1441 3662 dixit,
1468 3614 1605 3671 quos
1632 3607 1688 3653 et
1716 3598 1832 3652 sine
1878 3596 2129 3651 determi-

561 3702 780 3756 natione
828 3698 1033 3768 posuit,
1088 3705 1295 3764 tempus
1345 3700 1467 3761 post
1510 3689 1626 3759 ejus
1680 3686 2130 3745 resurrectionem

560 3789 843 3854 intellexit,
874 3786 1015 3857 quod
1044 3794 1099 3837 et
1125 3785 1228 3836 line
1252 3782 1551 3837 cariturum
1582 3794 1702 3834 esse
1730 3778 1981 3850 signavit,
2009 3791 2131 3831 cum

561 3879 786 3945 addidit,
819 3892 984 3932 annos
1009 3875 1122 3944 ejus
1146 3888 1306 3941 usque
1335 3871 1388 3924 in
1412 3870 1549 3924 diem
1588 3867 1941 3939 generationis
1964 3875 2013 3921 et
2041 3882 2131 3937 ge-

560 3970 868 4027 nerationis.
923 3967 978 4020 In
1018 3965 1151 4019 Isaia
1189 3977 1402 4033 quoque.
1449 3960 1684 4033 legitur:
1713 3957 1872 4012 Nunc
1917 3973 2134 4010 censur-

559 4080 702 4133 gnm,
732 4063 854 4114 dicit
883 4059 1309 4120 Dominus,nunc
1337 4030 1624 4113 exaltabor,
1664 4066 1800 4104 nunc
1832 4048 2137 4102 snbleuubor

561 4156 700 4221 the.
734 4152 953 4219 χχχιιι).
1003 4150 1068 4203 Et
1109 4148 1197 4203 ltic
1241 4146 1341 4200 tria
1368 4143 1629 4199 Dominus
1673 4140 1899 4212 intelligi
1947 4138 2132 4195 voluit.

560 4249 718 4315 Quod
744 4248 909 4319 etiam
937 4243 1012 4298 ait
1042 4258 1056 4294 :
1088 4238 1243 4293 Nunc
1272 4252 1606 4307 consurgam,
1639 4235 1706 4291 de
1739 4233 2138 4291 resurrectione

562 4343 645 4396 sui
677 4339 939 4411 corporis,
971 4336 1037 4389 de
1065 4342 1237 4388 morte
1263 4330 1416 4397 dixit,
1444 4329 1587 4398 quod
1636 4338 1814 4383 autem
1861 4328 2135 4398 sequitur:

568 4433 725 4488 Nune
768 4428 1061 4487 exultabor.
1103 4425 1171 4478 de
1213 4436 1441 4476 ascensu
1481 4435 1582 4476 suo
1613 4419 1667 4474 in
1697 4418 1893 4475 eadem
1939 4417 2135 4481 intulit,

565 4524 784 4579 tertium
814 4535 964 4581 vero,
993 4514 1136 4586 quod
1163 4522 1283 4567 est:
1309 4508 1465 4564 Nunc
1490 4510 1815 4573 snblevabor,
1844 4511 1909 4564 de
1936 4508 2135 4563 exalta-

568 4619 715 4671 tione
742 4622 796 4670 et
823 4612 991 4683 gloria
1030 4610 1082 4661 in
1110 4622 1170 4663 se
1203 4603 1540 4660 credentium
1574 4602 1798 4657 addidit.

637 4726 865 4780 Mersus.
890 4716 1341 4787 Quandoquidem
1364 4716 1431 4770 de
1469 4714 1781 4769 ascensione
1815 4713 2141 4766 mentionem

568 4818 765 4879 fecisti,
800 4826 858 4870 et
890 4827 990 4884 ego
1016 4810 1335 4881 jamdudum
1367 4808 1433 4863 de
1464 4809 1566 4861 bec
1605 4820 1850 4876 qna-rere
1879 4805 2142 4874 disposui,

571 4926 712 4965 nunc
742 4909 807 4963 de
834 4922 923 4970 eo,
961 4905 1007 4960 si
1034 4903 1231 4975 placet,
1259 4900 1495 4972 qualiter
1530 4897 1731 4952 factum
1779 4896 1970 4951 credas
2014 4896 2143 4949 mihi

569 4999 783 5070 postulo
827 4994 1161 5069 responderi.
1200 4991 1461 5048 Prohibet
1498 5003 1731 5058 namque
1769 4988 1908 5042 ratio
1945 4989 2147 5057 pende-

572 5105 751 5146 rosam
799 5103 912 5143 rem
957 5101 1121 5156 super
1171 5085 1342 5140 levem
1394 5080 1477 5137 vel
1527 5078 1825 5135 ascendere
1862 5076 1945 5129 vel
1979 5076 2143 5131 susti-

573 5196 708 5234 “('I'l.

643 5291 877 5346 Perses.
919 5287 1081 5343 Fides
1122 5286 1364 5356 profecto
1411 5297 1528 5336 mea
1571 5280 1827 5351 estquod
1871 5279 1921 5332 in
1951 5277 2146 5332 coelum

574 5382 897 5447 ascenderit,
927 5380 1092 5436 credo
1127 5378 1289 5431 etiam
1325 5375 1449 5443 quia
1479 5388 1588 5427 sua:
1610 5374 1782 5427 virtus
1807 5371 2149 5440 omnipoten-

577 5476 663 5530 tiae
695 5483 842 5528 tanta
880 5473 951 5525 sit
993 5470 1124 5540 med
1160 5480 1482 5536 quocunque
1515 5464 1672 5517 modo
1711 5462 1911 5517 factum
1962 5461 2147 5526 fuerit,

508 5584 509 5587 ‘
577 5565 833 5636 possibile
875 5563 975 5617 fuit
1003 5575 1123 5615 esse
1163 5567 1221 5611 ut
1248 5557 1469 5627 placuit.
1511 5555 1666 5623 Quod
1697 5556 1741 5610 si
1776 5555 1898 5610 inde
1925 5569 2045 5607 cum
2088 5554 2153 5607 ii-

579 5657 685 5712 deli
725 5655 908 5722 alique
951 5665 1198 5721 agerem,
1245 5647 1387 5701 aliud
1425 5662 1556 5701 sane
1594 5661 1699 5700 non
1745 5644 2150 5714 responderem.

579 5749 714 5815 Quia
738 5760 867 5801 vero
891 5755 946 5798 tu
974 5740 1283 5798 incredulus
1303 5755 1382 5803 es,
1410 5749 1462 5794 et
1492 5739 1563 5793 nil
1591 5739 1692 5794 nisi
1722 5752 1968 5809 gressum
2000 5736 2152 5806 quid,

583 5851 638 5898 et
667 5840 809 5912 quod
833 5837 983 5908 quasi
1016 5835 1221 5906 palpari
1253 5833 1422 5902 possit
1454 5832 1723 5904 intelligis,
1761 5832 1879 5886 ideo
1907 5831 2154 5900 aliquau-

2281 1984 2510 2040 Movsss.
2552 1981 2689 2049 Quia
2714 1980 2783 2033 de
2805 1974 3090 2031 elementis
3135 1969 3386 2026 subtilius
3432 1967 3783 2037 compositum

2209 2087 2292 2131 est
2320 2091 2536 2146 corpus.

2282 2167 2524 2223 Penus.
2566 2164 2634 2220 Et
2665 2162 2794 2218 licet
2817 2159 2933 2216 leve
2961 2159 3030 2213 sit
3056 2166 3111 2213 et
3141 2154 3359 2219 subtile,
3384 2154 3519 2224 quid
3539 2163 3637 2208 est
3665 2151 3786 2221 quod

2210 2274 2411 2330 corpus
2440 2257 2569 2313 illud
2595 2268 2811 2311 sursum
2841 2251 2974 2307 facit
2997 2247 3484 2305 condescendere?

2287 2350 2521 2406 Mersus.
2590 2344 2785 2400 Procul
2835 2341 3001 2398 dubio
3045 2339 3313 2411 spiritus,
3365 2338 3486 2391 sine
3538 2350 3647 2404 quo
3691 2349 3789 2389 non

2216 2439 2393 2496 solum
2425 2454 2530 2493 non
2562 2436 2770 2498 volare,
2797 2434 2892 2488 sed
2919 2447 3020 2487 nec
3048 2429 3253 2486 moveri
3286 2439 3472 2500 posset
3507 2427 3785 2481 ullatenus.

2289 2531 2523 2586 Psrnus.
2569 2527 2705 2583 Cum
2733 2525 2898 2595 igitur
2927 2522 3134 2579 Christi
3161 2535 3362 2590 corpus
3384 2527 3510 2590 post
3561 2533 3791 2573 resurre-

2219 2623 2459 2679 ctionem
2501 2618 2832 2675 levissimum
2859 2624 2916 2671 et
2941 2613 3348 2669 subtilissimum
3390 2612 3578 2676 fuerit,
3612 2613 3791 2682 quippe

2219 2730 2343 2771 cum
2374 2714 2426 2768 in
2455 2719 2633 2766 morte
2673 2721 2888 2765 omnem
2920 2704 3377 2776 ponderositatem
3421 2714 3478 2756 et
3504 2702 3792 2772 spissitudi-

2222 2822 2346 2861 nem
2371 2804 2639 2868 amiserit,
2667 2798 2820 2870 cujus
2857 2798 2934 2852 rei
2965 2804 3344 2868 argumentum
3381 2803 3465 2849 est
3499 2794 3641 2864 quod
3673 2793 3794 2847 ulte-

2223 2898 2337 2953 rius
2370 2911 2474 2953 nec
2500 2894 2620 2951 cibo
2647 2907 2747 2949 nec
2779 2899 2907 2963 potu
2938 2889 3201 2960 indiguit;
3233 2904 3379 2951 cum,
3424 2888 3666 2957 inquam,
3697 2887 3792 2939 tale

2226 2988 2411 3055 fuerit,
2440 2996 2495 3043 et
2533 2986 2805 3058 Spiritum,
2837 2983 2891 3037 id
2921 2992 3003 3038 est
3033 2981 3271 3035 animam
3318 2995 3506 3034 secum
3538 2978 3792 3037 habuerit.

2226 3093 2282 3139 et
2304 3092 2566 3153 prmterea
2614 3078 2895 3143 deitatem,
2925 3090 3045 3145 quae
3090 3072 3342 3127 erunibus
3392 3071 3577 3126 carnis
3608 3069 3796 3140 spiriti-

2230 3174 2329 3227 bus
2360 3172 2540 3242 Moyse
2579 3177 2877 3223 attestaute
2919 3165 3231 3221 dominatur
3265 3172 3322 3218 et
3362 3160 3644 3233 praecellit,
3673 3176 3796 3213 ιιιιιι-

2228 3266 2355 3335 quid
2388 3280 2492 3318 non
2523 3264 2576 3316 in
2604 3262 2821 3324 cmlnm,
2851 3273 2975 3314 eum
3008 3257 3229 3328 placuit,
3274 3254 3574 3310 ascendere
3600 3251 3798 3323 potuit?

2228 3357 2358 3410 ltcm
2410 3356 2476 3409 de
2521 3351 2636 3405 Elin
2666 3393 2680 3417 ,
2732 3350 2888 3421 cujus
2932 3363 3132 3418 corpus
3180 3344 3383 3399 nullam
3437 3358 3538 3412 per
3583 3352 3795 3395 mortem

2230 3446 2583 3501 Subtilitatem
2642 3442 2915 3512 suscepit,
2967 3449 3023 3497 et
3071 3448 3253 3493 tamen
3305 3454 3492 3492 coram
3552 3433 3799 3503 discipulo

2230 3555 2328 3593 suo
2353 3539 2531 3592 Eliseo
2560 3537 2611 3590 in
2639 3537 2806 3590 altum
2836 3534 3100 3599 ascendit,
3149 3531 3422 3603 quomodo
3452 3529 3625 3585 credis
3651 3528 3800 3583 ratio-

2231 3632 2483 3686 nabiliter
2511 3639 2566 3685 et
2593 3629 2886 3684 secundum
2917 3626 3195 3697 physicam
3229 3624 3435 3679 factum
3465 3621 3608 3676 fuit?

2304 3724 2533 3780 Mersus.
2581 3724 2725 3777 Elias
2761 3735 2890 3776 sane
2938 3719 3167 3775 multum
3208 3716 3501 3789 jejunavit,
3543 3725 3596 3770 et
3622 3729 3797 3785 parum

2234 3818 2488 3882 comedit,
2519 3816 2660 3871 unde
2693 3823 2750 3870 et
2780 3827 2980 3884 corpus
3019 3825 3176 3866 suum
3217 3809 3498 3865 levitatem
3527 3818 3582 3863 et
3608 3806 3799 3861 subtili-

2237 3919 2399 3964 tatem
2450 3915 2654 3962 tantam
2703 3905 2933 3972 accepit,
2982 3901 3124 3971 quod
3170 3915 3343 3970 usque
3388 3900 3443 3953 in
3476 3913 3653 3953 aerem
3683 3912 3797 3951 cen-

2237 4003 2498 4058 scendere
2544 3998 2739 4070 potuit,
2792 3996 2881 4050 ubi
2927 3994 3089 4050 etiam
3139 4002 3195 4048 et
3220 3992 3397 4063 angeli
3446 4008 3569 4046 eum
3599 4004 3797 4057 accepr-

2240 4102 2386 4161 runt,
2435 4098 2491 4146 et
2535 4105 2642 4161 quo
2685 4088 2793 4143 Dee
2843 4086 3046 4158 placuit
3093 4083 3517 4154 deportaverunt
3568 4078 3795 4152 (IVlieg.

2240 4204 2300 4249 ιι.
2335 4185 2439 4255 ιν).

2310 4277 2546 4332 Ρετιιυε.
2591 4274 2725 4330 Cum
2757 4287 2887 4343 ergo
2917 4287 3115 4341 corpus
3144 4270 3347 4326 Christi
3380 4278 3435 4323 et
3464 4283 3564 4338 per
3594 4275 3794 4320 mortem

2240 4368 2438 4425 subtile
2460 4366 2663 4422 factum
2693 4365 2785 4429 sit,
2809 4374 2864 4419 et
2887 4378 2983 4434 per
3008 4365 3111 4418 hoc
3138 4361 3281 4432 quod
3310 4371 3434 4430 pOSt
3467 4356 3797 4414 resurrectio—

2244 4475 2363 4514 nem
2405 4458 2733 4512 necessitate
2782 4455 2959 4524 aliqua
3010 4470 3112 4508 nec
3161 4451 3514 4507 manducavit
3545 4464 3641 4505 nec
3666 4448 3798 4506 bibit,

2172 4571 2217 4625 ι)
2246 4554 2375 4618 quin
2425 4563 2482 4606 et
2519 4549 2739 4604 deitatis
2762 4548 3189 4618 plenitudinem,
3233 4561 3352 4614 quae
3396 4559 3563 4614 super
3612 4540 3798 4611 angelus

2248 4652 2329 4696 est
2359 4641 2411 4694 in
2440 4656 2498 4694 se
2527 4640 2794 4699 habuerit.
2827 4655 2944 4703 cur,
2983 4638 3125 4691 sicut
3155 4637 3412 4701 diximus,
3464 4633 3799 4689 conscendere

2248 4731 2300 4784 in
2329 4729 2523 4785 coelum
2564 4729 2847 4798 nequivit?
2895 4728 3000 4781 Sed
3028 4737 3082 4780 et
3109 4727 3246 4781 ratio
3276 4734 3359 4780 est
3391 4725 3538 4794 quod
3573 4722 3800 4777 ascende-

2248 4823 2337 4876 rit.
2370 4823 2427 4875 Si
2458 4821 2604 4876 enim
2639 4822 2834 4885 locum,
2882 4820 2936 4874 in
2966 4835 3073 4889 quo
3100 4817 3312 4889 Moyses
3354 4818 3537 4872 stabat
3563 4831 3680 4872 cum
3714 4811 3796 4868 sibi

2249 4917 2301 4968 in
2336 4915 2470 4968 rubo
2501 4914 2751 4982 apparuit
2778 4913 3033 4967 Dominus
3063 4919 3285 4981 propter
3313 4909 3646 4964 vicinitatem
3673 4921 3799 4961 suam

2252 5006 2398 5058 hora:
2440 5004 2602 5059 unius
2647 5013 2894 5058 sanctum
2938 5001 3199 5056 Dominus
3243 5000 3485 5070 appellat
3529 5010 3583 5054 et
3615 5009 3802 5067 prop'er

2249 5095 2366 5165 ejus
2395 5098 2738 5150 sanctitatem
2772 5093 2939 5164 Moysi
2973 5094 3226 5161 imperat,
3255 5099 3313 5144 ut
3342 5106 3439 5145 sua
3470 5090 3803 5144 calceatnrnta

2250 5186 2443 5252 solvat,
2476 5185 2698 5240 dicens:
2730 5183 2883 5239 Solve
2919 5183 3322 5236 culceamentnm
3355 5181 3422 5235 de
3454 5180 3663 5248 pedibus
3688 5188 3802 5232 ius;

2252 5281 2397 5335 locus
2430 5279 2568 5333 enim
2609 5281 2664 5331 in
2696 5293 2798 5346 quo
2833 5286 2942 5330 stas
2975 5286 3114 5329 terra
3151 5285 3340 5329 sancta
3381 5282 3459 5326 est
3489 5270 3677 5341 (Exod.
3710 5272 3799 5329 ut).

2252 5386 2447 5442 corpus
2491 5369 2690 5424 (Ihristi
2765 5369 2819 5422 in
2879 5382 2986 5436 quo
3033 5366 3341 5420 divinitatis
3400 5363 3671 5434 plenitudo
3712 5369 3801 5409 non

2254 5470 2653 5523 momentaneo,
2695 5458 2788 5512 sed
2819 5456 3132 5526 perenniter
3176 5454 3469 5516 habitavit,
3503 5447 3724 5519 nunquid
3753 5445 3801 5497 in

2254 5554 2502 5608 sordibus
2527 5551 2707 5604 mundi
2734 5550 2889 5619 hujus
2917 5557 3038 5618 post
3068 5546 3520 5601 resurrectionem
3552 5549 3803 5598 remanere

2256 5646 2477 5701 debuit?
2516 5645 2625 5698 luto
2650 5642 2813 5712 justa,
2846 5651 2904 5696 ut
2929 5640 3187 5705 diximus,
3238 5641 3473 5704 ratione,
3525 5652 3641 5690 eum
3669 5634 3804 5685 dese-

2258 5737 2383 5794 ruit.
2418 5749 2740 5804 sursumque
2775 5734 2826 5787 in
2859 5731 3058 5785 cmlum
3091 5730 3430 5787 conscendit.

2329 5828 2557 5882 Marses.
2599 5825 2795 5894 Aperta
2835 5823 3054 5895 quidem
3109 5823 3319 5878 ratione
3352 5823 3453 5877 hoc
3482 5811 3728 5891 probasti.
3751 5813 3807 5861 θί
