4038 6462
259 513 351 576 633

1706 505 1998 559 DIALOCI.

3367 511 3470 567 εδει

271 636 396 687 bona
423 623 594 680 sindlia
615 614 886 674 induxisti.
913 615 1014 673 Sed
1042 617 1236 688 poterit
1265 615 1442 687 aliqua
1467 618 1533 672 de
1559 633 1784 673 ascensu
1816 627 1862 679 Α
1895 633 2112 686 semper
2135 618 2386 673 credulus
2419 619 2604 680 fuerit,
2637 633 2735 673 cur
2765 621 2906 676 sicut
2935 622 2988 675 iu
3021 622 3140 678 aliis
3169 639 3332 694 super
3364 627 3465 680 hoc

256 723 363 792 ejus
391 719 436 771 in
463 711 721 784 prophetis
753 710 1045 762 auctoritas
1081 709 1308 763 inveniri
1335 711 1356 762 ?

354 843 525 884 ETRUS.
564 824 754 878 Poterit
792 823 994 892 utique.
1048 822 1102 877 lu
1131 822 1327 878 Genesi
1368 840 1604 895 namque
1653 827 1788 896 legi-

252 937 361 978 mus
410 916 677 972 Domimnn
707 929 867 984 super
897 915 998 968 hoc
1033 913 1272 968 locutum
1323 914 1488 968 fuisse
1521 915 1585 968 ad
1615 917 1786 970 Abra-

249 1015 378 1072 ham,
405 1009 521 1061 licet
546 1004 771 1058 occulte.
812 1002 1084 1073 Scriptum
1115 1005 1257 1058 enim
1290 1015 1373 1059 est
1398 1021 1412 1058 :
1441 1004 1506 1058 Et
1535 1007 1785 1074 produrit

248 1102 373 1154 illum
399 1098 552 1167 foras,
580 1105 625 1147 et
643 1095 778 1147 dixit
809 1094 927 1150 illi:
953 1096 1136 1163 Aspice
1173 1097 1227 1150 in
1262 1096 1447 1150 ctrlum
1484 1108 1530 1151 et
1569 1115 1785 1152 numera

200 1245 205 1250 ,
246 1190 420 1251 stellas,
455 1190 496 1240 si
513 1187 701 1255 poteris
720 1185 1058 1240 dinumerare
1107 1186 1252 1240 illas.
1288 1186 1354 1239 Et
1379 1189 1510 1240 dixit
1535 1203 1554 1242 :
1577 1188 1664 1241 Sic
1689 1191 1784 1241 erit

193 1267 202 1286 ’
246 1295 394 1332 semen
424 1287 581 1330 tuum.
609 1273 677 1326 Et
699 1274 916 1328 credidit
940 1275 1204 1328 Abraham
1237 1274 1363 1338 Deo,
1393 1287 1439 1330 et
1469 1279 1784 1332 a'stiinatum

245 1381 307 1424 est
339 1369 408 1421 illi
432 1367 496 1419 ad
519 1366 776 1435 justitiam
828 1364 981 1433 (Gen.
1026 1367 1142 1432 xv).
1193 1366 1297 1420 Sed
1343 1368 1448 1433 dic,
1494 1383 1526 1420 0
1555 1367 1783 1438 Moyses,

245 1462 352 1531 quid
377 1469 452 1514 est
478 1457 616 1528 quod
646 1457 742 1517 ait,
774 1457 1021 1526 produxit
1045 1459 1192 1510 illum
1221 1459 1408 1528 foras?
1433 1459 1610 1526 Quare
1637 1463 1782 1515 enim

245 1555 328 1607 hoc
368 1550 528 1605 fecit?
569 1548 821 1618 Nunquid
873 1549 1020 1603 intus
1070 1559 1127 1602 ut
1180 1550 1315 1605 foris
1361 1551 1633 1606 Abraham
1675 1570 1782 1608 non

243 1643 440 1705 sciebat,
483 1640 624 1710 quod
671 1639 856 1695 stellas
898 1657 1190 1696 munerare
1236 1658 1342 1697 non
1387 1645 1644 1712 poterat?
1686 1644 1782 1699 Vel

1891 711 2082 770 tacuit,
2112 712 2360 766 similiter
2388 728 2494 766 non
2528 714 2692 766 tacuit
2717 723 2771 767 et
2802 715 2921 769 hic?

1961 801 2189 858 MOYSES.
2233 802 2441 863 Nescio,
2484 804 2576 857 sed
2605 803 2682 858 sic
2713 805 2861 860 dicit.

1959 895 2192 950 Penus.
2237 894 2484 964 Nunquid
2524 911 2627 948 non
2668 911 2828 964 supra
2869 897 3135 960 diximus,
3167 901 3306 964 quod
3347 913 3469 954 vero

1887 985 2013 1040 btnn
2041 986 2254 1054 aliquod
2285 995 2489 1040 temere
2521 986 2799 1056 Scriptura
2832 1003 2935 1040 non
2976 989 3186 1058 posuit?

1957 1075 2186 1132 Movsss.
2230 1077 2325 1130 Die
2352 1093 2483 1148 ergo
2517 1087 2601 1143 ιιι,
2634 1093 2802 1146 quare
2838 1079 2940 1132 hoc
2968 1081 3187 1134 dixerit.

1957 1165 2192 1221 Ρετιιυε.
2237 1166 2484 1221 Profecto
2533 1167 2658 1234 quia
2706 1177 2894 1220 contra
2942 1182 3097 1222 usmn
3139 1182 3258 1224 erat
3297 1180 3352 1224 et
3388 1171 3472 1223 in—

1886 1258 2164 1311 credibilis
2207 1259 2294 1310 illa
2345 1259 2668 1325 promissio,
2719 1258 2785 1311 de
2835 1274 3062 1312 ascensu
3109 1262 3333 1315 seminis
3385 1262 3466 1315 sui

1887 1351 1938 1403 in
1971 1353 2201 1413 cmlum,
2246 1353 2364 1406 ideo
2403 1352 2621 1406 additur
2658 1353 2724 1406 ad
2768 1353 3160 1408 ostendendam
3191 1353 3308 1420 ejus
3339 1372 3470 1408 san.

1884 1445 2128 1498 ctitatem
2163 1443 2436 1497 :Credidit
2480 1444 2741 1497 Abraham
2793 1444 2920 1498 Deo.
2971 1445 3105 1509 Quia
3162 1462 3468 1506 vero,ca:n

1883 1552 1990 1590 non
2029 1535 2166 1588 foret
2195 1535 2388 1588 mirum
2420 1519 2469 1589 si
2501 1535 2805 1596 dubitaret,
2837 1551 2940 1588 non
2968 1544 3146 1589 tamen
3179 1537 3467 1597 dubitavit,

1883 1630 1976 1684 sed
2003 1628 2253 1691 credidit,
2287 1628 2407 1682 ideo
2440 1629 2714 1697 sequitur,
2743 1639 2789 1680 et
2829 1629 3145 1681 a’stimatum
3176 1641 3250 1682 est
3283 1630 3359 1682 illi
3399 1635 3469 1682 ml

245 1733 450 1803 nunquid
477 1732 614 1787 ορηε
651 1733 696 1786 si
727 1732 886 1786 vene;
925 1733 1070 1788 ίηιυε
1099 1734 1147 1788 ei
1188 1743 1246 1788 υι
1294 1734 1426 1790 foris
1460 1736 1602 1806 quod
1649 1738 1785 1792 dixit
1875 1719 2162 1791 justitiam.
2195 1721 2300 1774 Sed
2328 1731 2383 1775 et
2412 1721 2576 1774 David
2607 1721 2660 1775 in
2691 1719 2898 1788 psalmo
2919 1721 2984 1773 de
3005 1719 3204 1774 Christi
3237 1737 3466 1775 ascensu

240 1829 393 1881 dicere
435 1842 534 1880 non
581 1824 832 1879 valeret?
885 1824 1038 1888 Item,
1084 1841 1208 1879 cum
1258 1827 1355 1890 ait,
1387 1828 1461 1880 sic
1487 1830 1581 1880 erit
1611 1846 1784 1884 semen

240 1931 383 1981 tuum,
418 1933 580 1987 quare
630 1933 738 1970 non
781 1917 938 1978 dixit,
993 1917 1188 1971 faciam
1237 1934 1420 1973 semen
1469 1921 1784 1973 tuumsit-ut

1885 1814 2142 1883 loquitur,
2175 1829 2297 1868 cum
2341 1813 2509 1866 refert
2545 1813 2688 1882 quod
2725 1814 2792 1867 de
2827 1813 3032 1866 semine
3061 1829 3157 1868 suo
3183 1829 3210 1866 a
3241 1813 3468 1867 Domino

1887 1907 2254 1974 promittitur:
2283 1905 2500 1967 Semen,
2535 1905 2734 1974 inquit,
2769 1905 2884 1973 ejus
2917 1905 2968 1956 in
2997 1916 3246 1957 (uernum
3287 1923 3469 1959 mane-

235 2006 394 2061 stellas
433 2005 550 2060 CtBll
571 2045 587 2070 ,
619 2006 663 2059 si
699 2014 877 2076 potest
898 2005 1024 2075 quis
1047 2006 1392 2062 dinumerare
1421 2009 1604 2063 stellas
1629 2011 1775 2072 caeli,

1887 1997 1989 2060 bit,
2028 2007 2074 2049 et
2113 1998 2329 2049 thronus
2368 1995 2481 2064 ejus
2525 1998 2660 2049 sicut
2701 1995 2780 2048 sol
2827 1995 2880 2047 in
2930 2007 3205 2060 conspectu
3251 2013 3386 2058 meo,
3414 2008 3465 2049 et

236 2107 282 2152 ct
321 2113 490 2152 semen
539 2105 688 2150 tuum
730 2097 1183 2163 dinumerabitur,
1232 2101 1682 2168 quemadmodum
1725 2113 1781 2158 et

234 2189 341 2244 alibi
385 2189 544 2244 dicit:
573 2187 799 2243 Faciam
849 2207 1022 2244 semen
1069 2199 1221 2243 tuum
1265 2201 1515 2261 tauquam
1564 2211 1778 2248 arenam

230 2279 386 2342 maris,
408 2280 450 2332 si
486 2288 655 2348 potest
709 2280 824 2346 quis
869 2279 1208 2332 dinumerare
1248 2296 1467 2334 arenam
1515 2283 1696 2348 maris,
1728 2293 1778 2337 et

227 2385 374 2422 semen
399 2378 536 2422 tuum
564 2368 992 2422 dinumerabitur
1021 2369 1044 2421 2

287 2478 492 2534 Nosses.
538 2480 592 2534 In
652 2481 752 2534 hoc
783 2489 934 2534 certe
975 2479 1123 2534 aliud
1171 2485 1377 2547 nescio,
1412 2483 1516 2538 nisi
1542 2485 1668 2554 quia
1699 2487 1778 2542 sic

225 2570 384 2625 dicere
410 2571 597 2640 placuit
629 2571 765 2624 Deo.

287 2680 502 2738 Peritos.
536 2683 864 2739 Sermonem
893 2685 1091 2756 quippe
1118 2684 1239 2740 volo
1278 2695 1448 2740 totum
1486 2685 1776 2756 intelligas,

222 2775 428 2842 etquod
457 2777 676 2829 vertunn
710 2777 926 2847 aliquod
979 2789 1184 2834 temere
1215 2777 1496 2850 Scriptura
1543 2797 1648 2836 non
1682 2799 1778 2852 po-

223 2865 319 2918 suit
344 2866 486 2920 scias.
513 2867 673 2932 Quod
704 2870 885 2938 itaque
929 2871 1189 2940 scriptum
1219 2881 1322 2936 est,
1351 2872 1598 2940 produxit
1627 2874 1774 2927 illum

220 2958 366 3026 foras,
395 2958 588 3014 duabus
627 2963 703 3016 de
734 2963 915 3017 causis
951 2979 982 3016 a
1015 2964 1245 3017 Domino
1273 2964 1475 3020 factum
1507 2974 1608 3020 est.
1651 2964 1770 3021 Una

220 3049 430 3117 quidem,
459 3061 513 3106 ut
538 3053 585 3106 ei
614 3053 752 3108 coeli
785 3054 958 3108 locmu
1000 3057 1333 3120 ostenderet,
1378 3059 1519 3125 quod
1549 3073 1646 3128 per
1675 3059 1777 3115 hoc

217 3142 522 3213 designatur,
562 3147 716 3215 quod
747 3157 832 3201 est
869 3149 1043 3215 aspice
1078 3147 1262 3202 caelum
1297 3147 1452 3219 (Gen.
1482 3151 1556 3220 v).
1589 3150 1773 3206 Altera

217 3250 330 3291 vero
353 3245 406 3289 ut
429 3237 713 3292 stellarum
752 3239 1172 3306 nndtitut'linem,
1203 3251 1257 3294 et
1285 3241 1386 3296 hoc
1416 3252 1501 3296 est
1525 3243 1667 3313 quod
1695 3244 1777 3297 di-

215 3326 294 3389 cit,
323 3344 524 3384 numera
548 3329 762 3398 stellas,
785 3331 832 3382 si
853 3331 1044 3398 poteris
1069 3332 1403 3386 dinumerare
1424 3333 1564 3387 illas.
1614 3333 1771 3400 Quod
1800 3321 1846 3383 (ἶ

215 3428 372 3474 autem
411 3425 702 3492 sequitur:
737 3423 811 3475 sic
851 3423 947 3476 erit
986 3439 1159 3477 semen
1199 3434 1366 3490 tuum,
1418 3427 1469 3479 in
1508 3425 1772 3482 Hebraico

213 3515 403 3584 quidem
431 3517 658 3585 ponitur
691 3515 795 3570 tale
828 3515 1047 3569 verbum
1079 3517 1223 3585 quod
1263 3517 1314 3570 in
1343 3517 1538 3572 Latino
1581 3529 1628 3573 et
1671 3523 1770 3574 huc

216 3607 368 3660 reddit
393 3618 437 3661 et
475 3609 573 3673 sic,
611 3623 690 3662 eo
719 3607 926 3662 scilicet
954 3610 1097 3676 quod
1129 3618 1183 3662 et
1211 3609 1388 3664 locum
1434 3619 1487 3665 et
1519 3611 1772 3666 similitu-

217 3698 374 3753 dinem
423 3700 726 3768 signilicat.
779 3699 835 3754 Si
867 3701 1010 3755 enim
1059 3701 1164 3756 tale
1187 3717 1388 3772 ponere
1417 3703 1596 3767 vellet,
1628 3706 1769 3774 quod

213 3789 359 3842 locum
405 3791 791 3846 tantummodo
841 3791 1193 3859 signiﬁcaret,
1223 3804 1367 3856 nm,
1419 3793 1612 3859 henna,
1668 3797 1772 3850 uti-

210 3895 300 3944 que
322 3881 558 3938 diceret:
599 3884 652 3939 si
701 3898 828 3938 vero
865 3883 970 3937 tale
1004 3883 1147 3952 quod
1176 3885 1348 3938 solum
1389 3888 1464 3939 sic
1497 3889 1766 3953 redderet,

209 3981 320 4036 τε),
345 3974 520 4038 cacha,
546 3975 846 4045 posuisset.
879 3973 981 4029 Per
1009 3976 1108 4030 hoc
1132 3976 1294 4044 igitur
1325 3978 1464 4044 quod
1498 3977 1566 4030 ibi
1591 3990 1682 4040 π),
1708 3996 1768 4031 co

211 4065 381 4131 posuit,
416 4069 590 4121 notari
627 4067 802 4120 voluit
833 4077 886 4122 et
917 4067 1112 4134 locum,
1154 4069 1205 4122 in
1246 4084 1352 4138 quo
1383 4070 1622 4123 futurum
1652 4082 1771 4125 erat

207 4156 409 4212 Abrahae
449 4175 670 4223 semen.
698 4160 945 4214 Christus
969 4161 1220 4216 videlicet
1250 4171 1369 4230 post
1396 4177 1546 4216 suam
1579 4179 1769 4217 ascen-

205 4245 406 4313 sionem,
437 4260 492 4305 et
524 4251 704 4320 ipsius
729 4252 950 4306 seminis
976 4250 1396 4307 multitudinem.

263 4358 479 4418 Movses.
521 4363 665 4418 illud
707 4365 822 4419 scio
849 4380 948 4436 ego
983 4369 1126 4436 quod
1153 4383 1215 4421 eo
1245 4365 1506 4424 chraice
1527 4410 1542 4433 ,
1579 4369 1768 4426 Latine

201 4451 266 4505 sic
283 4454 480 4519 reddat,
513 4458 613 4512 sed
648 4473 912 4526 nusquam
944 4467 1072 4527 puto
1101 4457 1273 4513 locum
1305 4460 1594 4530 signiﬁcat.

260 4543 484 4604 Parcus.
527 4551 694 4605 Facit
729 4550 951 4620 utique:
980 4551 1035 4604 In
1064 4551 1248 4606 Exodo
1297 4569 1531 4623 namque
1575 4556 1765 4626 legitur

1880 2089 2013 2141 sicut
2034 2089 2158 2141 luna
2183 2087 2410 2155 perfecta
2433 2089 2487 2140 in
2514 2099 2791 2148 a'ternum,
2819 2097 2865 2138 et
2889 2086 3030 2139 testis
3058 2090 3110 2139 in
3139 2089 3265 2140 caelo
3290 2090 3463 2154 [ide/is

1881 2194 2095 2247 semper
2118 2175 2288 2247 (I’sal.
2314 2181 2594 2247 Lxxxvnl).
2623 2177 2746 2231 lla-c
2769 2187 2947 2231 autem
2977 2179 3264 2246 promissio
3293 2180 3463 2232 fuitne

1883 2269 2020 2324 facta
2053 2278 2272 2339 prOpIer
2296 2269 2530 2338 aliquem
2559 2269 2624 2322 de.
2651 2269 2858 2324 semine
2885 2267 3050 2322 David
3083 2281 3280 2336 pr:ctcr
3307 2271 3461 2323 Chri-

1880 2374 2044 2426 stmn,
2076 2380 2142 2417 an
2171 2365 2235 2417 de
2262 2363 2477 2418 Christo
2501 2363 2716 2417 solum?

1951 2455 2180 2512 Movsss.
2217 2457 2350 2510 Cum
2395 2457 2524 2510 mihi
2576 2455 2778 2510 nullum
2823 2465 3008 2525 surgat
3054 2458 3353 2523 prolicuum
3392 2472 3461 2509 ex

1880 2546 2342 2608 contradicendo,
2394 2560 2581 2600 revera
2652 2554 2873 2615 propter
2927 2543 3204 2598 Christum
3259 2543 3459 2598 lactant

1881 2639 2046 2693 fuisse
2074 2653 2176 2692 non
2206 2638 2434 2705 abnego.
2464 2637 2592 2690 Inde
2617 2637 2761 2689 enim
2795 2645 3172 2704 argumentum
3203 2644 3287 2689 est
3315 2637 3462 2704 quod

1880 2730 2291 2800 promissionem
2325 2729 2491 2792 illam,
2526 2743 2645 2798 qua:
2675 2727 2840 2780 David
2867 2743 2896 2780 a
2925 2727 3153 2780 Dutnino
3177 2727 3318 2781 facta
3350 2738 3459 2789 est,

1880 2823 1946 2876 de
1971 2821 2175 2876 semine
2205 2835 2303 2874 suo
2333 2818 2437 2873 alio
2461 2832 2620 2887 quam
2648 2818 2714 2871 de
2743 2816 2960 2871 Christo
2983 2817 3280 2870 comitatur
3309 2832 3459 2871 sem-

1881 2928 1976 2982 per
2010 2911 2266 2977 conditio,
2292 2912 2431 2965 sicut
2456 2909 2510 2963 in
2541 2909 2676 2962 libro
2707 2907 2911 2977 Regum
2943 2908 3250 2962 invenimus
3273 2911 3458 2968 tertio.

1879 3003 2019 3071 quod
2066 3001 2254 3069 David,
2284 3017 2404 3054 cum
2445 2999 2558 3067 jam
2601 2998 3092 3067 appropinquarent
3121 2997 3235 3051 dies
3267 3002 3460 3052 mortis

1879 3107 2017 3156 sum,
2051 3091 2318 3160 castigans
2362 3089 2705 3145 Salomonem
2740 3090 2906 3143 lilium
2929 3133 2943 3152 ,
2980 3092 3156 3160 inquit
3193 3093 3257 3145 ad
3289 3109 3410 3146 eum
3441 3112 3456 3146 :

1879 3184 2189 3255 Confortare
2227 3195 2274 3238 et
2319 3194 2424 3238 esto
2470 3184 2564 3247 vir,
2591 3194 2722 3245 etc..
2756 3185 3047 3253 statimque
3089 3201 3306 3240 causam
3357 3203 3460 3241 etir

1878 3289 1999 3327 eum
2028 3273 2334 3343 castigaret,
2365 3271 2628 3339 adiunxit,
2655 3273 2841 3328 dicens
2865 3288 2878 3326 :
2906 3274 2966 3329 Si
2990 3277 3329 3330 custodierint
3357 3280 3458 3346 fuii

1878 3365 1953 3418 tui
1989 3365 2122 3418 viam
2163 3379 2362 3427 meum,
2395 3373 2440 3417 et
2489 3365 2869 3417 ambulaverint
2915 3383 3090 3420 coram
3130 3385 3211 3424 me
3240 3371 3292 3423 in
3326 3373 3459 3425 reri-

1876 3467 1980 3512 tate
2010 3459 2064 3511 in
2085 3468 2190 3511 toto
2219 3460 2370 3510 corde
2392 3473 2508 3517 suo,
2532 3466 2579 3508 et
2603 3456 2656 3509 in
2680 3458 2821 3510 omni
2857 3459 3036 3512 anima
3065 3477 3186 3522 sua.
3224 3477 3327 3516 non
3357 3480 3458 3516 au-

1877 3549 2072 3618 feretur
2100 3549 2190 3602 tibi
2214 3550 2292 3602 rir
2309 3548 2372 3601 de
2397 3547 2526 3601 solio
2555 3547 2722 3601 Israel
2745 3545 2861 3616 (111
2890 3546 3019 3618 Reg.
3045 3550 3129 3619 ll).
3160 3549 3460 3606 Promissio

1875 3648 2052 3693 autem
2099 3638 2208 3701 illa,
2242 3653 2362 3708 qua:
2391 3637 2492 3692 sibi
2537 3636 2604 3690 de
2631 3637 2853 3692 Christo
2900 3647 2985 3692 est
3031 3639 3193 3704 facta,
3222 3641 3324 3695 etsi
3359 3641 3454 3695 lilii

1877 3732 1949 3786 tui
1977 3741 2263 3800 peccarent
2288 3730 2479 3800 utique
2509 3730 2830 3800 punirentur
2850 3771 2865 3794 ,
2894 3730 2988 3786 sed
3019 3742 3201 3787 tamen
3229 3735 3457 3802 promit-

1877 3821 2005 3873 titur
2031 3835 2149 3874 esse
2173 3819 2510 3887 complenda,
2539 3819 2679 3872 sicut
2707 3820 2758 3872 in
2786 3819 2974 3873 eodem
3001 3820 3197 3891 legitur
3216 3822 3453 3892 psalmo:

1873 3909 1931 3964 Si
1961 3921 2134 3963 autem
2178 3908 2547 3977 dereliquerint
2581 3907 2680 3976 ﬁlii
2722 3907 2836 3977 ejus
2877 3908 3040 3977 legem
3082 3927 3272 3976 meam,
3301 3921 3348 3964 et
3397 3914 3456 3967 in

1863 4001 2082 4071 judiciis
2111 4002 2236 4054 meis
2268 4017 2368 4052 non
2396 3999 2798 4064 ambulaverint,
2824 4001 2869 4052 si
2879 4000 3126 4068 justitias
3155 4018 3295 4054 meas
3324 4019 3454 4070 pro-

1872 4094 2187 4162 fanaverint,
2217 4101 2262 4144 et
2293 4091 2545 4143 mandata
2577 4107 2691 4143 mea
2723 4107 2823 4142 non
2847 4091 3209 4156 custodierint,
3233 4094 3454 4146 visitabo

1870 4187 1924 4238 in
1953 4185 2096 4253 virga
2145 4183 2442 4252 iniquitates
2463 4197 2662 4245 eorum,
2714 4191 2761 4234 el
2804 4182 2858 4234 in
2900 4182 3192 4235 verberibus
3237 4199 3454 4251 peccata

1869 4294 2080 4340 eorum;
2112 4275 2522 4329 misericordiam
2551 4284 2726 4326 autem
2751 4289 2920 4327 meam
2944 4290 3046 4327 non
3069 4274 3364 4344 dispergam
3385 4277 3452 4328 ab

1868 4387 1948 4434 eo,
1978 4380 2024 4422 et
2057 4385 2172 4440 qua?
2196 4367 2478 4438 procedunt
2506 4368 2567 4420 de
2595 4367 2748 4421 labiis
2772 4369 2918 4434 meis,
2939 4385 3038 4422 non
3072 4369 3264 4437 faciam
3295 4370 3448 4424 irrita

1869 4460 2041 4531 (Psal.
2069 4459 2350 4527 Lxxxvm).

1941 4553 2175 4608 Peritos.
2219 4553 2361 4608 Bene
2408 4552 2620 4618 dixisti,
2648 4561 2702 4608 et
2737 4554 2874 4608 bene
2902 4553 3216 4625 Scripturas
3243 4555 3449 4611 intelli-

201 4635 255 4691 de
276 4637 448 4712 Moyse
478 4645 632 4714 quod
677 4645 802 4698 vidit
839 4645 1006 4698 virum
1050 4644 1357 4715 ngyptium
1393 4651 1764 4716 percutientem
1799 4668 1842 4722 ί)
1870 4661 1996 4713 gere
2025 4657 2076 4701 te
2097 4645 2498 4711 demonstrasti,
2531 4655 2584 4700 et
2606 4647 2938 4701 contrarium
2966 4647 3173 4702 nullum
3197 4649 3447 4717 posuisti.

197 4739 449 4800 quemdam
477 4742 542 4795 de
575 4739 818 4794 llebrwis
852 4740 1099 4800 fratribus
1124 4741 1255 4794 suis.
1283 4739 1514 4811 Cumque
1541 4744 1767 4796 circum-

196 4833 421 4897 spexisset
453 4833 562 4886 huc
603 4843 761 4901 atque
802 4832 960 4896 illuc,
995 4832 1296 4902 nullumque
1327 4833 1508 4887 adesse
1538 4835 1764 4899 uidisset,

194 4940 478 4990 percussum
523 4925 842 4996 .Egyptium
883 4925 1150 4978 abscondit
1197 4925 1381 4978 sabulo
1428 4923 1624 4994 (Exod.
1682 4931 1764 4996 ιι).

197 5015 280 5070 libi
312 5018 455 5072 enim
488 5021 601 5072 huc
641 5028 793 5086 atque
833 5015 958 5068 illuc
999 5015 1239 5085 ponitur,
1269 5017 1320 5069 in
1353 5015 1620 5072 llebraico
1647 5020 1769 5088 qui-

189 5110 294 5162 dem
324 5110 577 5166 invenies
621 5127 680 5162 co
708 5121 753 5163 et
783 5127 861 5162 co.
900 5108 1002 5163 Sed
1032 5108 1096 5162 ad
1142 5109 1298 5178 hujus
1328 5111 1608 5163 sententizc
1639 5128 1768 5164 cou-

189 5195 541 5255 lirmationetn
590 5200 838 5266 sequitur
879 5200 930 5252 in
977 5199 1163 5252 eodem
1191 5217 1203 5250 :
1230 5196 1460 5252 Credidit
1500 5199 1764 5253 Abraham

185 5285 310 5355 Deo,
338 5302 384 5343 et
433 5293 766 5345 a'stimatum
812 5300 885 5343 est
925 5288 1004 5341 illi
1049 5289 1118 5341 ad
1155 5289 1421 5358 justitiam
1462 5287 1614 5357 (Gen.
1650 5295 1762 5358 xv).

185 5377 349 5443 Quare
394 5383 548 5436 enim
599 5382 655 5435 in
703 5383 803 5435 hac
841 5379 1196 5450 promissione
1239 5380 1457 5431 credidit
1501 5380 1765 5433 Abraham

185 5470 280 5524 Deo
328 5475 450 5543 plus
501 5491 676 5544 quam
728 5475 779 5528 in
831 5473 950 5527 aliis
995 5472 1444 5542 promissionibus
1489 5489 1609 5542 quae
1660 5475 1762 5528 sibi

182 5561 324 5619 facta:
355 5577 486 5620 sunt
511 5584 544 5620 a
577 5566 722 5620 Deo?

242 5656 478 5714 Marses.
521 5660 585 5712 In
621 5659 869 5715 omnibus
902 5657 1144 5728 profecto
1175 5659 1420 5721 credidit,
1457 5659 1548 5728 qui
1589 5659 1763 5713 incre-

177 5743 326 5800 dulus
357 5764 654 5818 nunquam
683 5748 800 5802 fuit.

239 5839 485 5896 PETBUS.
529 5841 609 5895 Et
642 5857 806 5910 quare
835 5842 886 5895 in
917 5841 1138 5912 singulis
1167 5843 1613 5912 promissiouibus
1657 5858 1760 5896 non

176 5930 297 5985 dicit
329 5933 639 5991 Scriotura
670 5937 789 6006 quia
818 5937 1036 5989 credidit
1067 5936 1192 6006 Deo,
1217 5937 1355 5992 sicut
1377 5937 1494 6004 hic;
1529 5936 1609 5991 vel
1638 5951 1761 5990 cunt

1873 4738 1976 4792 Sed
1998 4739 2246 4794 Christus
2265 4738 2534 4808 quomodo
2551 4739 2602 4791 in
2628 4748 2879 4793 aeternum
2902 4741 3150 4807 manebit,
3175 4741 3278 4796 nisi
3305 4741 3449 4797 Deus

1869 4832 1992 4896 erit,
2026 4840 2073 4884 et
2101 4831 2318 4884 thronus
2355 4830 2468 4899 ejus
2507 4831 2638 4883 sicut
2674 4830 2752 4883 sol
2781 4831 2862 4885 vel
2907 4831 3032 4885 luna
3075 4831 3128 4884 in
3171 4843 3448 4902 conspectu

1873 4923 2081 4979 Domini
2110 4923 2231 4984 erit.
2265 4932 2319 4978 et
2347 4922 2460 4987 ipse
2482 4923 2625 4975 testis
2654 4923 2707 4974 iu
2730 4922 2854 4976 caelo
2876 4922 3048 4990 fidelis
3079 4937 3314 4994 semper,
3339 4925 3444 4979 nisi

1870 5017 1922 5070 in
1968 5015 2107 5069 cmlo
2153 5015 2251 5069 sit?
2295 5014 2567 5070 Christum
2617 5014 2795 5083 itaque
2839 5014 3121 5068 Psalmtsta
3152 5016 3204 5069 in
3239 5017 3441 5071 caelum

1871 5106 1984 5160 fore
2040 5121 2389 5159 ascensurum
2446 5105 2765 5174 designavit.
2848 5106 2960 5159 Hoc
3024 5117 3204 5161 autem
3264 5108 3446 5162 facere

1868 5199 2153 5266 quisquam
2193 5208 2250 5251 ut
2285 5197 2558 5252 credimus
2605 5214 2708 5250 non
2753 5208 2962 5267 posset,
2998 5200 3098 5252 nisi
3129 5210 3184 5253 et
3221 5201 3360 5254 Dens
3391 5211 3446 5254 et

1870 5292 2031 5345 homo
2062 5299 2224 5344 esset.

1941 5380 2166 5434 Morcus.
2211 5381 2487 5435 Sermonis
2512 5380 2754 5448 Profecto
2783 5381 2912 5433 mihi
2942 5381 3151 5435 videtur
3170 5382 3248 5434 sic
3275 5381 3444 5449 exigit

1866 5473 2019 5528 ordo.

1938 5563 2168 5618 Ρετιιυδ.
2207 5562 2335 5618 item
2384 5561 2548 5616 David
2593 5564 2716 5617 alibi
2766 5566 2817 5618 in
2859 5565 3067 5634 psalmo
3096 5564 3162 5617 de
3203 5566 3389 5616 eodem
3424 5585 3436 5615 τ

1869 5655 2107 5726 [Exsurge
2127 5699 2140 5720 ,
2171 5657 2336 5726 gloria
2368 5674 2480 5710 mea
2500 5697 2514 5720 ,
2543 5673 2780 5726 exsurge,
2805 5657 3107 5726 psalterium
3137 5670 3181 5708 et
3215 5656 3438 5715 cithara,

1865 5767 2142 5819 exsurgam
2191 5748 2442 5802 diluculo.
2500 5749 2750 5801 lfxaltare
2789 5764 2942 5814 super
2976 5749 3151 5810 caelos,
3188 5747 3349 5808 Deus,
3391 5757 3438 5799 et

1866 5859 2020 5911 super
2035 5857 2234 5894 onmem
2258 5851 2450 5894 terrain
2472 5838 2636 5907 gloria
2659 5851 2746 5891 tua
2771 5836 2943 5904 (Psal.
2974 5843 3104 5905 LVI).
3131 5838 3226 5891 llic
3241 5840 3440 5907 quippe

1869 5931 2035 5987 David
2066 5941 2121 5987 et
2153 5930 2353 5986 Christi
2399 5930 2854 5985 resurrectionem
2887 5928 3144 5994 insinuat,
3170 5939 3224 5984 et
3253 5945 3444 5986 ascen-
