4038 6450
540 485 645 540 655

1455 462 1655 519 PETRI
1695 451 2031 513 ALPl-lllNSl
2072 449 2159 506 EX
2198 445 2444 503 JUDAZO
2488 436 2878 498 CllRlSTlANl
3568 384 3579 391 -
3667 434 3758 490 656

543 605 772 661 sionem,
806 604 860 649 et
890 590 1134 661 quaedam
1179 584 1302 640 alia.
1354 580 1506 647 Quod
1539 578 1683 631 enim
1722 583 1795 627 att
1822 591 1835 626 τ
1863 572 2120 636 Exsurge,
2151 589 2195 646 Α
2226 567 2539 618 servitutem
2581 558 2682 628 ipsi
2715 552 2981 625 promittit
3001 591 3015 616 ,
3044 556 3189 620 patet
3217 546 3472 618 proiecto,
3496 545 3615 615 quia
3640 544 3762 614 judi-

2100 658 2111 661 _
2258 659 2268 661 μ
2539 650 2550 661 .
2696 649 2707 660 ο
2868 660 2874 661 ,
2934 642 2971 661 ιε
3027 638 3475 661 -μ-.---...-.,.ιὲι...λ
3516 636 3609 661 ..ξι-2
3652 650 3734 661 ΛΑ...

541 692 711 763 gloria
740 703 876 746 mea,
905 680 1105 736 Christi
1144 672 1597 730 resurrectionem
1644 667 1910 735 designat.
1948 663 2023 715 Ac
2069 658 2114 712 si

544 751 750 836 diceret
777 795 790 828 :
824 775 1094 841 Exsurget
1123 769 1188 821 de
1228 772 1402 819 tunrte
1430 760 1678 814 Christus
1711 758 1799 825 qui
1832 767 1911 808 est
1948 751 2117 821 gloria

457 880 498 913 ἰ
541 885 683 925 mea.
720 865 852 920 Illud
890 871 1068 915 autem
1108 856 1252 926 quod
1293 863 1409 908 est:
1442 851 1699 916 Exsurge,
1736 844 2038 915 psalterium
2070 850 2116 894 et

542 962 764 1022 cithara,
795 963 1012 1025 propter
1039 950 1293 1023 gaudium
1322 944 1521 1005 intulit,
1550 950 1604 996 et
1632 938 1871 992 lattitiam
1908 948 2027 1004 quae
2054 948 2120 986 ex

543 1050 743 1107 Christi
776 1045 1177 1101 resurrectione
1222 1038 1431 1092 fuerant
1462 1041 1812 1103 proventura,
1845 1041 1965 1095 quae
1989 1024 2124 1077 bene

542 1160 642 1216 per
682 1138 992 1211 psalterimn
1023 1134 1397 1204 designantur,
1422 1137 1478 1180 et
1508 1126 1800 1183 citharam,
1831 1133 1953 1173 cum
1986 1126 2122 1169 tem-

548 1248 675 1301 pore
702 1224 1078 1299 prosperitatis
1106 1234 1162 1276 et
1191 1219 1388 1273 laetitia:
1427 1211 1733 1284 hujusmodi
1771 1212 2127 1262 exerceantur

550 1327 926 1379 instrumenta.
955 1318 1031 1371 At:
1053 1317 1096 1370 si
1121 1315 1349 1369 diceret:
1368 1309 1584 1364 Christo
1606 1310 1942 1372 resurgenle,
1968 1309 2127 1351 omne

550 1433 671 1471 cum
705 1430 768 1470 eo
789 1411 1039 1485 gaudium
1064 1411 1319 1475 exsurget
1343 1411 1507 1471 atque
1536 1396 1739 1451 laetitia.
1771 1392 1874 1446 Per
1902 1388 2125 1444 tertium

555 1525 682 1563 vero
708 1508 848 1576 quod
879 1513 964 1557 est
995 1520 1008 1555 :
1044 1500 1339 1567 Exsurgam
1364 1489 1619 1554 diluculo,
1654 1486 1740 1540 ubi
1772 1480 2129 1552 supplendum

555 1610 638 1654 est
670 1569 986 1652 iit-diluculo
1017 1633 1035 1658 ,
1062 1596 1278 1645 notatur
1309 1585 1434 1655 quia
1467 1583 1582 1653 ipse
1611 1576 1776 1631 David
1804 1575 1869 1628 de
1892 1569 2132 1626 tenebris

559 1689 753 1747 inferni
776 1683 1085 1756 eripiendus
1100 1691 1218 1736 erat
1245 1684 1561 1745 resurgente
1589 1668 1823 1725 Christo.
1858 1664 1949 1718 Sic
1975 1677 2133 1716 nam-

560 1800 666 1855 que
712 1782 800 1837 hic
848 1794 944 1850 per
989 1774 1283 1830 diluculum
1332 1766 1681 1836 intelligimus
1738 1760 1950 1822 lucem,
1995 1756 2136 1810 sicut

561 1876 746 1932 multis
776 1876 829 1928 in
856 1871 988 1924 locis
1011 1883 1105 1937 per
1135 1878 1331 1919 nomen
1363 1858 1506 1931 quod
1534 1866 1618 1912 est
1643 1866 1857 1921 vesper,
1885 1850 2136 1903 tenebras

562 1967 866 2037 intelligere
887 1961 1124 2017 solemus
1153 1965 1208 2012 et
1240 1962 1474 2009 noctem.
1502 1949 1583 2004 Ae
1607 1947 1653 2001 si
1680 1953 1866 2015 aperte
1893 1941 2072 1996 dicere

562 2031 785 2118 Christo
832 2059 1175 2121 resurgente,
1218 2058 1504 2113 exsurgam
1549 2047 1605 2094 et
1652 2052 1751 2109 ego
1798 2037 1865 2090 de
1904 2031 2143 2088 tenebris

565 2166 689 2208 cum
704 2164 768 2204 eo
790 2147 843 2201 in
863 2143 1030 2216 gloria
1051 2150 1108 2195 et
1130 2151 1322 2208 magna
1345 2134 1482 2188 luce.
1509 2130 1775 2197 Quartum
1798 2131 1978 2179 autem
2003 2118 2143 2190 quod

566 2238 1019 2298 dixit:E:raltare
1061 2245 1217 2296 super
1257 2226 1429 2288 caelos,
1469 2222 1629 2283 Deus,
1660 2228 1707 2271 et
1753 2230 1907 2284 super
1945 2226 2145 2266 ornuem

570 2346 763 2389 terram
807 2328 972 2399 gloria
1016 2336 1128 2386 tua,
1167 2321 1231 2374 de
1260 2315 1583 2374 exaltatione
1611 2321 1666 2365 et
1692 2322 1918 2364 ascensu
1946 2302 2146 2359 Christi

572 2428 630 2481 in
655 2423 851 2479 cmlum
897 2415 1122 2476 addidit,
1151 2412 1217 2466 de
1266 2424 1374 2479 quo
1420 2418 1647 2461 ascensu
1691 2415 1788 2471 per
1828 2406 1998 2451 totum
2046 2392 2148 2448 sibi

575 2514 833 2571 mundum
874 2506 1161 2580 provenire
1198 2500 1427 2557 debebat
1462 2496 1655 2568 gloria.
1688 2492 1852 2559 Quasi
1900 2490 2102 2543 diceret
2133 2503 2147 2539 :

578 2578 915 2662 Exaltaberis
960 2612 1122 2668 super
1159 2592 1326 2648 caelos
1364 2600 1414 2645 et
1450 2587 1731 2649 ascendas,
1780 2592 1834 2637 et
1883 2580 2005 2634 inde
2054 2578 2152 2632 tibi

578 2716 675 2772 per
704 2707 870 2755 totam
897 2704 1097 2748 terram
1132 2682 1561 2741 accumulahitur
1605 2678 1796 2749 gloria.
1843 2673 1995 2741 Quod
2027 2685 2154 2725 vero

581 2790 749 2855 dixit,
781 2786 942 2850 Deus,
975 2775 1283 2836 necessario
1320 2773 1386 2828 de
1414 2770 1633 2826 Christo
1670 2763 2036 2832 intelligimus,
2063 2758 2155 2830 qui

580 2894 637 2941 et
664 2883 826 2936 homo
850 2876 951 2930 l'uit
979 2883 1036 2928 et
1073 2873 1230 2927 Deus.
1260 2868 1434 2921 Purus
1453 2863 1596 2919 enim
1631 2861 1769 2915 Deus
1815 2872 1936 2911 cum
1970 2870 2066 2908 nec
2091 2853 2159 2907 de

582 2978 700 3031 loco
724 2972 789 3027 ad
818 2971 992 3025 locum
1007 2973 1315 3025 moveatur,
1340 2956 1529 3027 procul
1546 2953 1708 3008 dubio
1733 2965 1831 3005 nec
1861 2947 2159 3009 descendit,

588 3083 687 3125 nec
720 3062 964 3121 ascendit
991 3069 1084 3114 aut
1108 3056 1401 3111 exaltatnr.

659 3159 887 3213 Movses.
926 3150 1133 3209 Sufficit
1155 3190 1167 3213 ,
1203 3147 1373 3200 lateor
1419 3139 1559 3212 quod
1593 3139 1657 3191 de
1682 3148 1909 3189 ascensu
1955 3127 2158 3182 dixisti.

590 3252 698 3308 Sed
724 3250 778 3304 in
808 3260 910 3302 tute
948 3244 1071 3300 ﬁdei
1113 3236 1452 3310 expositione
1497 3230 1676 3287 adimo
1716 3240 1882 3280 unum
1913 3219 2162 3287 tetigisti,

592 3342 844 3399 videlicet
877 3339 1022 3409 quod
1066 3332 1220 3388 vivos
1262 3328 1510 3398 judicare
1539 3330 1594 3378 et
1621 3328 1862 3374 mortuos
1906 3321 2165 3368 venturus

591 3439 664 3494 sit
685 3436 740 3491 itt
759 3434 845 3491 die
861 3428 1072 3502 judicii.
1112 3422 1277 3489 Cujus
1306 3420 1383 3475 rei
1419 3432 1519 3472 nec
1541 3418 1923 3486 argumentum
1953 3420 2052 3460 nec
2080 3417 2166 3457 ra-

594 3532 795 3588 tionem
832 3521 1135 3595 expostulo.
1178 3517 1235 3572 Si
1263 3516 1406 3570 enim
1426 3552 1441 3575 ,
1468 3518 1525 3565 ut
1551 3507 1804 3569 creditis,
1834 3514 1888 3559 et
1919 3504 2058 3557 Deus
2087 3508 2169 3555 est

596 3633 650 3679 et
674 3622 861 3683 homo,
889 3615 1021 3672 satis
1064 3626 1188 3665 eum
1214 3606 1445 3677 iudicem
1472 3602 1634 3656 etiam
1666 3596 1848 3651 mundi
1889 3608 2010 3647 csse
2040 3607 2171 3646 con-

596 3714 750 3771 cedo.
777 3708 883 3765 Sed
905 3705 1070 3760 babes
1097 3710 1150 3756 tu
1169 3699 1402 3768 aliquam
1429 3694 1493 3749 de
1509 3690 1784 3759 Scriptura
1798 3684 2170 3740 auctoritatem

600 3820 765 3876 super
794 3801 890 3857 eo?

674 3860 910 3948 l’snus.
947 3885 1145 3954 Utique
1190 3880 1387 3936 habeo.
1432 3874 1524 3930 Sic
1570 3883 1802 3937 namque
1846 3866 2075 3936 legimus
2121 3860 2175 3914 in

606 3981 843 4038 Danielis
871 3978 1048 4032 libro:
1074 3969 1399 4042 Aspiciebam
1439 3966 1601 4018 donec
1628 3959 1801 4014 throni
1833 3955 1987 4026 positi
2029 3962 2175 4017 sunt,

603 4087 653 4130 et
704 4072 959 4141 Antiquus
1011 4040 1212 4119 dierum
1260 4059 1393 4114 sedit
1444 4054 1607 4126 (Dan.
1636 4052 1754 4120 vtt).
1803 4047 1871 4101 Et
1912 4053 2095 4115 postea
2124 4040 2179 4094 in

606 4167 793 4223 eodem
820 4132 1129 4216 {Iudicium
1166 4152 1321 4215 sedit,
1360 4158 1406 4202 et
1448 4145 1569 4198 libri
1607 4140 1771 4210 aperti
1802 4146 1945 4191 sunt.
1981 4132 2181 4188 Deinde

608 4262 769 4316 etiam
818 4256 872 4309 in
921 4250 1108 4307 eadem
1156 4235 1749 4306 visionezdspiciebam
1793 4245 1951 4300 ergo,
1983 4225 2180 4292 inquit,

606 4357 668 4407 in
693 4349 881 4407 visione
906 4342 1091 4405 noctis,
1112 4348 1158 4391 et
1180 4349 1293 4389 ecce
1314 4346 1433 4386 cum
1460 4326 1678 4380 nubibus
1705 4321 1814 4375 cteli
1836 4333 1984 4388 quasi
2013 4313 2056 4368 F
2061 4314 2184 4366 ilius

615 4532 770 4595 venit,
812 4528 866 4580 in
907 4526 1182 4586 conspectu
1228 4514 1342 4583 ejus
1389 4507 1680 4563 obtulerunt
1720 4518 1860 4564 eum,
1890 4510 1934 4552 et
1968 4497 2106 4551 dedit
2141 4494 2188 4547 ei

615 4628 941 4694 potestatem,
969 4622 1017 4667 et
1055 4612 1391 4670 honorem,et
1426 4614 1662 4669 regnum,
1694 4606 1739 4649 et
1777 4609 1951 4647 omnes
1988 4588 2187 4661 populi,

617 4685 783 4769 tribus
816 4718 864 4763 et
911 4704 1103 4774 lingua:
1142 4697 1362 4754 servient
1408 4692 1474 4746 ei.
1526 4687 1766 4743 Potestas
1808 4685 1921 4753 ejus
1965 4690 2189 4753 potestas

619 4820 820 4865 (eterna
855 4815 972 4872 qua
1006 4813 1110 4852 non
1147 4791 1436 4860 auferetur,
1471 4794 1518 4838 et
1557 4796 1772 4853 regnum
1802 4777 1914 4847 ejus
1945 4791 2046 4828 non
2073 4789 2190 4827 cor-

621 4865 892 4968 rumpetur
926 4890 1124 4965 (ibid.).
1154 4884 1422 4952 Antiquos
1452 4877 1650 4950 quippe
1675 4873 1884 4931 dierum
1911 4868 2004 4940 qui
2030 4865 2194 4927 sedit,

624 4961 766 5049 Deus
794 4961 955 5045 Pater
980 4994 1083 5040 est.
1110 4981 1216 5035 Per
1244 4979 1348 5032 hoc
1381 4988 1508 5029 vero
1536 4968 1677 5042 quod
1706 4966 1842 5023 dixit
1876 4982 1889 5018 :
1920 4961 2198 5015 Iudicium

626 5085 783 5146 sedit,
808 5092 856 5136 et
884 5078 1003 5133 libri
1032 5072 1197 5144 aperti
1222 5079 1360 5132 sunt,
1389 5064 1652 5138 judicium
1681 5059 2015 5129 designatur,
2058 5050 2200 5121 quod

630 5194 681 5228 ιιι
732 5174 838 5229 line
885 5141 1074 5225 mundi
1110 5174 1195 5224 est
1239 5164 1508 5217 futurum,
1547 5155 1601 5207 in
1630 5166 1738 5221 quo
1767 5148 1919 5219 quasi
1965 5147 2017 5199 in
2051 5141 2200 5197 libris

631 5268 833 5338 scripta
852 5264 1207 5322 discutientur
1232 5253 1423 5309 merita
1447 5245 1782 5315 singulorum
1808 5241 2023 5311 (Matth.
2051 5242 2199 5305 xxv).

634 5361 736 5431 Qui
765 5368 945 5415 autem
973 5368 1098 5411 cum
1126 5348 1357 5405 nubibus
1383 5340 1506 5397 coeli
1528 5337 1798 5399 veniebat,
1827 5332 2075 5389 Christus
2098 5340 2201 5393 est,

637 5420 726 5525 qui
757 5460 905 5509 recte
930 5462 1034 5503 non
1061 5442 1229 5499 Filius
1258 5433 1492 5492 hominis
1518 5430 1779 5493 absolute,
1805 5425 1898 5482 sed
1929 5424 2080 5495 quasi
2110 5420 2206 5473 Fi-

637 5550 738 5602 lius
767 5541 992 5600 hominis
1030 5536 1256 5596 dicitur,
1287 5529 1412 5597 quia
1452 5539 1558 5579 non
1602 5523 1670 5576 de
1710 5529 1864 5590 patre
1906 5512 2109 5571 carnali
2155 5523 2209 5566 et

641 5648 833 5703 matre,
883 5635 992 5688 imo
1027 5629 1094 5683 de
1122 5624 1329 5694 virgine
1356 5629 1412 5674 et
1444 5619 1551 5673 Deo
1588 5615 1747 5670 Patre
1782 5621 1940 5665 natus
1965 5615 2068 5663 est.
2108 5603 2212 5659 Per

643 5733 745 5785 huc
782 5696 912 5783 vero
943 5718 1086 5792 quod
1117 5723 1306 5788 parato
1326 5709 1561 5779 judicio,
1588 5717 1644 5762 et
1671 5705 1870 5774 apertis
1900 5701 2071 5764 libris,
2104 5696 2214 5751 Αη-

645 5824 817 5887 tiquus
852 5817 1055 5870 dierum
1082 5811 1129 5864 ei
1172 5812 1497 5876 potestatem,
1534 5809 1581 5854 et
1611 5797 1878 5861 honorem,
1906 5803 1954 5847 et
2002 5804 2214 5861 regnum

648 5914 808 5978 dedit,
836 5919 891 5964 et
917 5905 1154 5961 omnium
1197 5896 1532 5970 peptdortnn,
1562 5893 1795 5950 tribuum
1822 5904 1885 5946 ac
1913 5887 2212 5960 linguarum

2191 659 2364 737 icium
2407 650 2646 707 omnium
2696 649 2748 700 in
2792 642 2975 700 mundi
3020 638 3476 696 consummatione
3515 636 3612 689 sibi
3650 650 3751 692 con-

2213 731 2433 803 'cessnm
2484 743 2574 796 sit.
2623 739 2724 794 Per
2753 739 2856 791 hoc
2901 733 3065 789 etiam
3107 731 3248 801 quod
3292 740 3395 795 est,
3425 737 3640 798 potestas
3668 729 3763 797 ejus

2223 850 2418 894 caterua
2446 851 2562 904 qua'
2589 849 2691 887 non
2720 829 2993 897 auferetur
3012 866 3025 889 ,
3062 833 3109 878 et
3148 838 3357 893 regnum
3389 820 3500 890 ejus
3526 818 3659 889 quod
3680 836 3766 874 non

2226 937 2612 998 corrumpetur,
2642 920 2783 993 quod
2817 928 3026 974 tantum
3057 917 3123 970 ad
3169 927 3390 982 regnum
3421 911 3646 965 divinum
3669 927 3768 981 per-

2226 1024 2451 1085 tinet,et
2474 1033 2568 1088 per
2594 1014 2721 1070 illud
2748 1012 2888 1084 quod
2921 1007 3193 1080 praecedit,
3219 1004 3368 1077 quasi
3387 1000 3434 1056 F
3438 1002 3560 1056 ilius
3578 1002 3770 1057 hominis

2230 1084 2488 1181 veniebat,
2512 1107 2702 1182 procul
2750 1106 2915 1161 dubio
2963 1102 3222 1161 innuitur,
3268 1096 3408 1168 quod
3439 1095 3525 1149 ille
3552 1094 3630 1148 cui
3653 1092 3770 1162 judi-
3819 1084 3827 1115 Ξ

2228 1208 2371 1263 cium
2407 1221 2472 1260 ac
2510 1214 2737 1271 regnum
2788 1197 2894 1251 tale
2937 1195 3192 1252 dabatur,
3223 1188 3469 1244 Christus
3495 1195 3593 1247 est,
3620 1183 3700 1254 qui
3726 1195 3771 1240 ct

2232 1298 2395 1362 Deus,
2436 1302 2496 1349 ut
2536 1293 2791 1355 diximus,
2820 1296 2876 1342 et
2909 1286 3072 1341 homo
3107 1283 3319 1335 futurus
3343 1285 3479 1332 erat.
3530 1275 3769 1329 Cnncedat

2232 1398 2410 1444 autem
2439 1385 2557 1449 tibi,
2584 1382 2778 1447 amice,
2805 1378 3085 1441 Dominus,
3117 1379 3178 1427 ιιι
3209 1382 3263 1426 ιιι
3290 1370 3341 1424 in
3373 1367 3571 1436 judicio
3596 1365 3676 1420 illo
3695 1381 3770 1420 eo-

2234 1496 2353 1535 rum
2384 1477 2475 1547 qui
2506 1476 2559 1529 in
2593 1480 2747 1544 parte
2774 1469 2995 1525 dextera
3022 1461 3321 1520 collocandi
3353 1465 3480 1513 sunt
3515 1456 3693 1527 (ibid.),
3719 1456 3778 1510 sit
3838 1480 3848 1495 ο

2239 1586 2400 1628 unus.
2425 1569 2617 1623 Amen.

2802 1648 3105 1710 TITULUS
3142 1647 3247 1703 XII.

2242 1757 2394 1825 Quod
2440 1754 2523 1808 lea:
2574 1749 2995 1806 Christianorum
3037 1742 3139 1826 legi
3189 1739 3359 1810 Moysi
3415 1753 3516 1791 non
3566 1745 3635 1789 est
3673 1750 3781 1789 con-

2933 1826 3121 1870 trarta.

2080 1950 2134 1993 ιε
2172 1932 2215 1986 Β
2312 1919 2540 1974 Morses.
2584 1912 2854 1967 Hactenus
2876 1908 2943 1962 de
2963 1903 3190 1976 singulis
3213 1911 3317 1955 tua-
3345 1897 3668 1955 crudelitatis
3685 1910 3785 1965 par-

2248 2014 2390 2067 tibus
2418 2006 2743 2063 sullicienter
2764 2002 3092 2069 disputatum
3112 2004 3213 2057 est,
3243 1992 3339 2048 sed
3365 1992 3419 2045 in
3440 1988 3782 2059 disputationis

2246 2101 2471 2157 exordio
2520 2111 2682 2151 unum
2730 2091 2904 2146 adhuc
2952 2086 3157 2148 dixisti,
3212 2080 3468 2138 videlicet
3510 2079 3641 2149 quod
3677 2080 3788 2132 hora

2246 2189 2583 2263 baptismatis
2613 2185 2686 2241 tui
2718 2180 2996 2255 apostolos
3038 2175 3317 2231 credidisti
3351 2173 3421 2228 de
3459 2185 3561 2242 qua
3595 2168 3791 2225 credidi-

2251 2258 2362 2339 tate
2387 2281 2513 2352 quid
2544 2280 2616 2333 sit
2641 2274 2771 2332 mihi
2801 2270 3016 2345 postulo
3046 2264 3390 2336 responderi,
3416 2271 3588 2315 utrum
3616 2258 3795 2313 scilicet

2251 2390 2344 2431 eos
2403 2374 2571 2427 honos
2621 2376 2676 2423 et
2726 2375 2942 2421 sanctos
2993 2357 3185 2415 credas
3250 2350 3620 2408 tantummodo
3669 2348 3797 2403 viros

2253 2466 2556 2527 exstitisse,
2588 2460 2673 2515 vel
2713 2457 2854 2528 quod
2902 2452 3264 2525 praedicarunt
3324 2460 3519 2500 verum
3561 2441 3727 2506 fuisse,
3753 2447 3796 2493 et

2254 2560 2395 2631 quod
2427 2557 2528 2627 ipsi
2554 2553 2898 2610 crediderunt
2922 2557 2975 2601 te
3000 2546 3163 2601 etiam
3200 2541 3449 2597 credere.

2327 2669 2561 2725 PETBUS.
2599 2664 2900 2731 Utrumque
2924 2657 3166 2730 profecto
3189 2653 3358 2710 credo
3388 2667 3509 2723 ego,
3531 2659 3584 2706 et
3602 2663 3683 2705 eos
3700 2663 3797 2703 san-

2259 2773 2375 2820 ctns
2409 2761 2598 2823 fuisse,
2622 2766 2680 2813 et
2707 2769 2892 2809 verum
2921 2768 3018 2822 per
3039 2750 3223 2806 omnia
3251 2745 3601 2817 pratdicasse,
3625 2738 3802 2811 etquod

2250 2854 2639 2927 praedicarunt,
2670 2862 2866 2920 Operor
2892 2860 2989 2916 pro
3020 2857 3143 2898 meo
3171 2854 3350 2911 posse.

2334 2968 2561 3023 Movscs.
2597 2964 2716 3019 Jam
2761 2962 2813 3016 in
2856 2959 3107 3029 laqueum
3156 2952 3415 3009 decidisti
3438 2991 3453 3017 ,
3485 2949 3550 3002 de
3587 2959 3681 3015 quo
3718 2956 3804 2995 non

2264 3063 2466 3134 poteris
2514 3056 2774 3127 expediri.
2826 3052 2958 3108 Cum
3005 3050 3150 3103 enim
3203 3047 3257 3101 in
3299 3041 3575 3115 principio
3616 3039 3674 3093 de
3711 3034 3806 3103 lege

2267 3133 2576 3227 qumsissem
2609 3148 2796 3220 Moysi,
2817 3147 2861 3201 si
2887 3159 3007 3200 eam
3026 3151 3083 3197 ut
3105 3142 3302 3211 ahipso
3332 3139 3463 3193 data
3494 3133 3808 3190 estobservao

2193 3280 2239 3342 Ο
2270 3264 2379 3313 res,
2407 3260 2570 3317 quam
2612 3252 2986 3310 transgressus
3012 3251 3132 3291 esse
3156 3232 3439 3287 videbaris
3466 3227 3613 3291 mihi,
3639 3235 3685 3279 tu
3710 3224 3809 3291 qui-

2270 3343 2390 3397 dem
2421 3353 2541 3394 cam
2571 3347 2624 3391 te
2650 3332 2922 3404 complere
2946 3371 2960 3395 ,
2992 3329 3258 3384 veraciter
3305 3325 3628 3383 observare,
3655 3326 3704 3372 et
3739 3329 3814 3384 per

2270 3431 2600 3489 rectissimus
2630 3427 2748 3497 ejus
2780 3424 3003 3479 semitas
3050 3430 3197 3475 recto
3246 3432 3449 3487 gressu
3493 3413 3722 3467 incedere
3745 3422 3817 3461 re.

2270 3524 2553 3597 spondisti.
2589 3521 2678 3575 llle
2703 3518 2865 3573 etiam
2897 3530 3055 3584 quem
3081 3512 3355 3567 Christum
3379 3506 3591 3568 dicitis,
3614 3517 3720 3558 eam
3745 3512 3821 3567 per

2271 3618 2450 3673 omnia
2485 3611 2848 3675 conservavit,
2898 3609 3037 3663 sicut
3089 3615 3317 3659 testatur
3361 3602 3490 3669 ipse
3537 3613 3649 3653 cum
3679 3592 3819 3646 dicit:

2276 3709 2412 3777 Quia
2456 3707 2619 3777 legem
2660 3720 2763 3758 non
2802 3702 3016 3762 solvere,
3041 3699 3131 3751 sed
3172 3694 3472 3762 adimplere
3504 3690 3613 3744 veni
3641 3684 3820 3756 (Matth.

2275 3804 2351 3874 ν).
2395 3796 2633 3869 Apostoli
2682 3805 2858 3849 autem
2915 3806 3052 3861 quos
3083 3799 3135 3844 te
3162 3787 3366 3842 asseris
3393 3783 3700 3840 credidisse.
3727 3787 3823 3828 eam

2276 3893 2672 3953 dissolverunt,
2700 3897 2755 3943 et
2799 3885 3084 3955 praeceptis
3119 3882 3234 3952 ejus
3266 3879 3371 3933 alia
3421 3872 3683 3933 contraria
3712 3882 3825 3939 prmo

2279 3990 2534 4055 ceperunt
2574 3977 2719 4049 (Cal.
2756 3978 2851 4046 tv).
2897 3977 3109 4042 Quare,
3147 3987 3269 4025 cum
3311 3984 3511 4023 eorum
3561 3962 3681 4019 illud
3700 3956 3824 4015 dicis.

2281 4093 2444 4133 unmn
2470 4074 2597 4143 quid
2626 4082 2681 4126 et
2701 4069 2816 4139 ejus
2844 4066 3177 4124 contrarium
3209 4065 3442 4118 credere
3471 4057 3682 4113 videris.

2354 4168 2583 4221 Ρετιιιτε.
2624 4160 2861 4230 Apostoli
2906 4172 3037 4212 sane
3074 4154 3186 4209 veri
3218 4150 3475 4218 discipuli
3520 4144 3711 4203 Christi
3737 4140 3827 4192 l‘ue-

2288 4272 2430 4326 runt,
2456 4269 2511 4314 et
2559 4254 2818 4325 quidquid
2854 4251 3217 4321 praedicarunt
3249 4261 3344 4316 per
3371 4243 3653 4299 Christum
3678 4235 3831 4302 utique

2286 4355 2546 4412 fecerunt,
2578 4359 2632 4403 et
2673 4348 2842 4417 legem
2880 4343 3046 4414 Moysi
3078 4357 3184 4396 non
3224 4338 3532 4399 solverunt,
3566 4331 3659 4387 sed
3683 4328 3826 4381 adiat-

2288 4448 2500 4519 plernnt

2361 4561 2589 4616 Movscs.
2633 4556 2696 4609 Et
2746 4552 3012 4624 quomodo
3047 4548 3188 4604 scire
3236 4543 3543 4616 poterimus
3590 4534 3721 4607 quod
3760 4542 3837 4600 per

2223 4635 2268 4690 Ῐ)
2293 4654 2565 4711 Christum
2619 4649 2761 4702 illam
2813 4644 3207 4716 praedicarunt,
3237 4652 3362 4693 cum
3402 4644 3598 4689 notum
3634 4628 3700 4684 sit
3725 4619 3840 4694 κιτιοά

2296 4747 2491 4801 nullam
2508 4743 2608 4798 nisi
2628 4752 2749 4813 post
2771 4748 2996 4794 mortem
3013 4735 3129 4806 ejus
3141 4729 3593 4803 praedicationem
3616 4708 3840 4776 iecerunt?

2367 4862 2598 4916 Perses.
2637 4854 2918 4925 Quomodo
2948 4862 3125 4905 autem
3150 4846 3274 4901 inde
3298 4853 3590 4915 possemus
3613 4831 3842 4891 dubitare,

2300 4969 2419 5007 cum
2454 4954 2688 5009 sciamus
2713 4965 2806 5004 eos
2833 4945 2958 5001 nihil
2986 4941 3128 4996 aliud
3160 4953 3323 5008 quam
3356 4935 3641 4990 Christum
3662 4934 3711 4979 et
3736 4934 3845 4991 prte-

2301 5062 2454 5120 cepta
2497 5047 2613 5117 ejus
2661 5037 3017 5112 prm’icasse?
3060 5034 3212 5101 Quod
3256 5029 3402 5083 enim
3436 5035 3495 5080 et
3523 5036 3648 5078 eum
3686 5025 3735 5072 et
3757 5011 3849 5081 ejus

2301 5099 2567 5215 praecepta
2618 5132 3002 5205 praedicarunt,
3033 5099 3414 5193 argumentum
3460 5122 3549 5169 est
3596 5106 3729 5178 quod
3767 5099 3848 5166 ipsi

2306 5245 2363 5290 ut
2383 5234 2498 5301 ejus
2517 5231 2673 5283 tidem
2701 5223 3010 5279 dilatarent,
3025 5217 3270 5271 diversas
3288 5222 3343 5266 et
3367 5207 3693 5276 longinquas
3708 5200 3852 5250 terrai

2307 5322 2599 5391 nudipedes
2621 5316 2913 5388 petierunt,
2929 5310 3098 5370 sitim,
3115 5305 3336 5365 fantem,
3363 5298 3693 5354 nuditatem,
3712 5284 3854 5352 frigus

2307 5415 2465 5472 simul
2503 5422 2557 5468 et
2601 5410 2857 5471 calorem,
2886 5400 3187 5472 angustiam
3232 5404 3287 5450 et
3333 5392 3605 5453 laborem,
3642 5382 3790 5449 flagra
3812 5380 3853 5426 el

2309 5510 2634 5565 occisionem
2663 5505 2731 5558 ob
2756 5502 2873 5571 ejus
2912 5493 3307 5553 confessionem
3340 5488 3452 5541 fere
3490 5493 3684 5537 ontnes
3706 5479 3856 5543 pertu-

2310 5606 2507 5658 lerunt.
2540 5601 2670 5654 Nam
2713 5596 2984 5667 quomodo
3011 5593 3126 5647 haec
3155 5602 3255 5659 pro
3280 5599 3345 5640 eo
3372 5579 3686 5653 potuissent
3718 5563 3845 5625 susti-

2314 5713 2462 5763 nere,
2503 5705 2561 5750 et
2609 5692 2889 5765 prmceptis
2917 5689 3034 5759 ejus
3077 5679 3334 5739 contrarii
3384 5675 3472 5729 vel
3519 5665 3861 5729 inobedientes

2315 5784 2576 5844 existere?

2388 5877 2614 5932 Μωδεεῖ..
2656 5874 2735 5943 Si,
2780 5881 2838 5928 ut
2872 5868 3026 5934 dicis,
3061 5878 3164 5921 nec
3204 5878 3235 5919 a
3268 5857 3485 5919 Christo
3517 5842 3869 5909 dissenserunt
