4038 6476
234 364 344 420 657

1752 381 1858 436 DlA
1869 382 2042 438 ωσι.

3404 396 3509 457 658

238 484 472 552 apostoli
494 528 507 551 ,
540 503 645 544 nec
684 491 929 546 Christus
974 491 1025 545 in
1073 492 1251 562 aliquo
1278 507 1305 546 a
1335 493 1449 564 lege
1496 493 1700 566 Moysi,
1735 513 1830 553 cur
1859 506 1905 562 Λ
1937 501 2237 563 nationem,
2273 504 2361 559 ille
2384 546 2398 570 ,
2428 508 2519 577 qui
2545 507 2748 562 decima
2792 509 3004 578 septimi
3040 513 3237 567 mensis
3273 514 3358 568 die
3400 532 3507 571 non

241 592 375 644 ergo
404 575 577 650 Moysi
612 582 868 635 contrarii
892 580 1109 637 fuerunt
1130 583 1397 652 apostoli?

318 669 552 724 Peritos.
600 671 666 724 Et
698 672 752 726 in
783 688 890 741 quo
919 672 1261 729 invenientur
1285 677 1579 731 conzrarii?

314 759 546 814 Movses.
591 761 648 814 In
679 764 908 818 cunctis.

317 851 551 908 PETRL’S.
591 852 826 909 Nimium
857 854 1059 911 dixisti.
1080 855 1181 926 ipsi
1208 857 1351 912 enim
1376 857 1827 928 jejunium,elee-

246 959 528 1015 mosynam
558 961 624 1001 ac
654 947 1081 1003 miscricordiam
1112 952 1503 1019 praedicarunt,
1538 954 1704 1010 Deum
1736 974 1824 1012 su-

244 1051 340 1106 per
365 1037 548 1090 omnia
580 1046 637 1091 et
675 1038 978 1108 proximum
1022 1049 1082 1095 ut
1128 1057 1188 1097 se
1231 1042 1379 1113 diligi
1430 1059 1820 1115 praeceperunt,

246 1128 565 1190 homicidia,
617 1127 1029 1195 fornicationes,
1074 1132 1249 1198 furta,
1304 1135 1610 1189 testimonia
1665 1137 1821 1200 falsa,

247 1217 522 1281 invidiam,
545 1226 601 1271 et
625 1217 727 1271 alia
757 1218 884 1274 vitia
906 1236 1025 1290 qua:
1057 1223 1195 1276 ratio
1225 1224 1506 1289 abhorret,
1531 1237 1583 1278 ct
1614 1226 1824 1297 llloyscs

245 1309 524 1378 prohibet,
555 1310 657 1380 ipsi
687 1311 848 1365 etiam
883 1313 1274 1383 prohibuerunt
1307 1315 1534 1386 (Ep/tes.
1568 1333 1629 1379 v;
1669 1317 1820 1372 liam.

245 1399 340 1461 vi).
374 1399 661 1467 Quomodo
690 1417 820 1473 ergo
848 1403 983 1458 dicis
1013 1405 1140 1473 quia
1168 1404 1334 1477 Moysi
1368 1407 1421 1461 in
1451 1411 1659 1463 cunctis
1690 1427 1820 1465 con-

154 1520 167 1535 ο
245 1494 393 1546 trarii
428 1492 684 1548 fuerunt?

316 1586 545 1643 Movses.
592 1588 648 1642 Si
705 1604 757 1642 tu
804 1590 1126 1659 supradictis
1176 1591 1347 1663 Moysi
1389 1607 1828 1662 consenserunt,

246 1695 409 1749 quare
469 1682 524 1735 iu
584 1679 904 1750 quibusdam
975 1682 1096 1737 aliis
1147 1686 1216 1739 ab
1277 1687 1465 1740 eodem
1540 1686 1818 1743 discorda-

249 1774 413 1824 runt?
1776 1774 1783 1784 ’

312 1861 546 1918 Ρετιιυε.
584 1863 641 1917 1η
672 1865 905 1933 quibus?

310 1957 540 2013 Movsss.
578 1957 816 2015 Primum
845 1968 927 2015 est
957 1961 1101 2032 quod
1132 1963 1626 2034 circumcisionem,
1653 1983 1816 2038 quam

242 2060 294 2103 et
317 2051 355 2103 Α
366 2051 549 2105 braha:
569 2062 624 2106 et
645 2052 812 2124 Moysi
839 2053 981 2109 Deus
1006 2056 1282 2127 praecepit,
1300 2067 1353 2112 et
1377 2056 1628 2116 Christus
1651 2061 1813 2116 etiam

243 2158 398 2212 quem
438 2143 626 2200 dicitis
667 2146 1018 2203 circumcisus
1067 2147 1196 2215 fuit,
1231 2150 1459 2220 apostoli
1500 2162 1815 2225 postposue-

241 2245 385 2301 runt,
417 2238 548 2307 quin
576 2247 630 2292 et
656 2238 783 2292 (ieri‘
800 2237 1189 2308 prohibuerunt
1219 2239 1363 2310 (Gai.
1392 2244 1469 2313 v).

306 2327 541 2382 Penus.
581 2328 737 2383 Prius
771 2330 838 2384 de
886 2330 989 2385 hac
1018 2331 1437 2388 circumcisione
1472 2349 1641 2404 quare
1668 2343 1723 2390 et
1747 2336 1813 2391 ad

239 2436 395 2488 quam
448 2419 736 2475 utilitatem
785 2430 1051 2494 praecepta
1096 2424 1168 2477 sit
1208 2423 1406 2479 intueri
1449 2425 1728 2490 debemus,
1760 2437 1815 2480 et

238 2522 363 2566 tunc
390 2512 595 2581 justum
625 2529 696 2568 an
727 2513 984 2585 injustum
1015 2515 1084 2571 sit
1110 2516 1252 2587 quod
1284 2518 1512 2586 apostoli
1544 2518 1812 2586 fecerunt,

240 2602 430 2658 melius
461 2619 834 2674 agnoscemus.

304 2696 539 2753 Movses.
577 2697 781 2754 Placet.

306 2787 545 2846 Persas.
586 2789 678 2845 Dic
713 2799 769 2845 tu
794 2805 943 2862 ergo,
976 2792 1316 2849 circumcisio
1340 2794 1428 2848 illa
1464 2812 1629 2866 quam
1661 2797 1811 2851 utili-

236 2889 401 2935 tatem
428 2882 605 2938 credis
629 2891 841 2952 poterat
864 2883 1077 2952 all‘erre,
1104 2886 1184 2940 vel
1207 2901 1377 2956 quare
1402 2888 1516 2943 ﬁeri
1547 2899 1811 2959 pnecepta

235 2981 309 3026 est
336 2982 533 3028 octava
564 2974 686 3028 die?
712 2974 864 3044 (Gen.
900 2992 1040 3044 xvn;
1074 2978 1235 3034 Leuit.
1269 2980 1395 3048 xu.)

292 3065 535 3121 Moyses.
576 3066 651 3122 De
692 3078 880 3123 octava
925 3070 1167 3140 proiecto
1210 3073 1299 3128 die
1343 3089 1563 3128 causam
1610 3075 1808 3131 nullam

233 3156 325 3210 nisi
361 3158 625 3227 placitum
659 3160 752 3215 Dei
800 3161 934 3217 scio.
989 3160 1291 3218 Utilitatem
1322 3173 1500 3220 autem
1528 3163 1807 3230 aﬂercbat,

232 3248 348 3317 quia
382 3248 706 3306 salvationis
728 3260 850 3306 erat
877 3252 1114 3308 occasio.

284 3342 538 3397 Penus.
580 3343 656 3398 Ex
702 3345 880 3401 verbis
916 3346 1083 3417 igitur
1128 3346 1233 3401 luis
1279 3348 1632 3419 perpenditur
1667 3350 1811 3418 quod

232 3435 452 3504 quilibet
479 3437 670 3506 quavis
706 3437 795 3492 die
826 3438 1183 3494 circumcisus
1211 3439 1283 3494 sit
1311 3440 1627 3508 salvabitnr,
1657 3452 1710 3496 et
1740 3442 1812 3495 ita

235 3526 501 3582 incassum
529 3537 584 3582 et
606 3527 810 3597 absque
831 3532 1075 3599 prolicuo
1098 3531 1183 3585 die
1207 3541 1396 3586 octava
1426 3532 1543 3588 ﬁeri
1566 3532 1810 3602 iubetur.

235 3616 326 3674 Sed
354 3627 415 3674 et
441 3617 590 3675 aliud
620 3634 864 3688 quaerere
896 3622 1092 3692 placet.
1122 3620 1480 3679 Circumcisio
1512 3624 1600 3678 illa
1627 3634 1810 3682 utrum

240 3710 323 3767 alis
358 3725 424 3765 re
457 3711 529 3765 ad
573 3712 925 3768 salvationem
958 3713 1185 3785 indiget,
1214 3715 1297 3771 vel
1338 3715 1451 3785 ipsa
1494 3717 1607 3771 sola
1639 3718 1814 3772 salva-

243 3802 373 3860 tione
402 3802 654 3860 conferre
682 3804 859 3859 valet?

296 3894 531 3952 Movsss.
568 3896 689 3952 Alia
719 3898 904 3969 utique
943 3899 1167 3969 indiget,
1203 3900 1330 3970 quia
1359 3901 1424 3954 ad
1453 3899 1809 3955 salvationem

248 3986 570 4055 perfectam,
619 3999 817 4059 praeter
863 3990 1369 4059 circumcisionem,
1412 3991 1585 4062 legem
1640 3991 1808 4063 Moysi

250 4079 493 4151 compleri
533 4090 771 4153 oportet,
803 4091 860 4138 et
887 4083 1104 4138 modum
1149 4099 1258 4154 quo
1292 4084 1388 4139 ﬁat
1417 4097 1569 4155 potes
1599 4085 1807 4152 audire,

253 4171 292 4226 si
320 4172 514 4243 placet.
563 4173 622 4230 Si
668 4176 813 4229 enim
861 4176 982 4246 quis
1037 4184 1092 4231 et
1130 4177 1486 4232 circumcisus
1533 4176 1716 4243 fuerit,
1756 4187 1811 4232 et

255 4262 409 4334 legem
435 4275 602 4322 totam
629 4265 857 4322 ﬁdeliter
878 4267 1215 4335 custodierit,
1240 4268 1427 4339 procul
1448 4269 1610 4323 dubio
1630 4269 1811 4324 salvus

258 4356 580 4414 erit.Sivero
596 4357 949 4413 circumcisus
971 4358 1097 4425 erit,
1128 4369 1183 4413 et
1204 4357 1375 4429 legem
1403 4359 1454 4412 in
1491 4358 1807 4428 quibusdam

261 4462 353 4503 non
377 4449 664 4505 observare
701 4449 1127 4519 praesumpserit,
1157 4449 1418 4520 supplicia
1464 4449 1679 4518 quidem
1711 4464 1809 4518 pro

1928 590 2274 659 jejunaverit,
2303 595 2429 652 licet
2460 599 2813 656 circumcisus
2839 603 2929 665 sit,
2955 603 3156 658 nullam
3189 615 3366 660 tamen
3411 609 3509 661 ha-

1931 680 2079 735 bebit
2126 684 2502 742 salvatiouem.
2545 690 2636 746 Sic
2672 692 2814 746 enim
2861 694 3123 765 scriptum
3156 699 3319 753 estin
3350 698 3510 753 Levi-

1932 774 2288 833 tico:0mnis
2334 783 2511 836 animo
2559 801 2676 853 qua:
2717 787 2906 857 amicta
2950 804 3051 841 non
3093 789 3250 858 fuerit
3280 792 3367 845 die
3387 794 3505 853 hoc.

1927 867 2114 935 peribit
2145 870 2210 922 de
2250 872 2457 940 populis
2487 873 2598 927 suis
2621 872 2762 942 (Leu.
2795 877 2970 946 χχιιι).
3009 876 3183 944 Quod,
3212 879 3257 933 si
3288 892 3513 950 propter

1929 959 2031 1014 hoc
2055 961 2273 1028 peribit,
2304 963 2650 1020 circumcisio
2681 967 2864 1035 procul
2897 969 3058 1022 dubio
3083 986 3187 1025 non
3215 973 3411 1028 valebit

2002 1050 2234 1107 Movsss.
2270 1053 2383 1108 lloc
2410 1064 2556 1111 certe
2586 1057 2795 1110 videtur
2819 1060 2976 1113 ratio.

1997 1141 2232 1200 Perncs.
2271 1144 2409 1211 Quid
2453 1162 2586 1218 ergo
2614 1148 2750 1203 dicis
2788 1150 2854 1204 de
2881 1150 3074 1216 Adam,
3112 1152 3262 1218 Seth,
3296 1155 3512 1222 Enoch,

1928 1232 2251 1301 Matlinsale,
2303 1237 2416 1294 Noe
2456 1250 2511 1295 et
2556 1241 2666 1295 tilio
2706 1241 2824 1309 ejus
2871 1243 3020 1310 Seni,
3054 1257 3109 1299 et
3155 1247 3277 1303 aliis
3320 1251 3510 1304 multis

1925 1338 2060 1389 quos
2090 1341 2428 1398 nequaquam
2449 1331 2819 1397 circumcisus,
2843 1343 2899 1388 et
2930 1345 3109 1390 tamen
3138 1336 3304 1394 fuisse
3331 1342 3511 1396 credi-

1924 1429 2045 1467 mus
2077 1416 2348 1472 salvatos?

1995 1505 2223 1562 Movses.
2282 1509 2557 1580 Siquidem
2587 1552 2603 1578 ,
2634 1523 2920 1583 antequam
2966 1514 3309 1572 circumcisio
3366 1534 3529 1589 prce--

1922 1598 2215 1669 ciperetur,
2268 1600 2502 1667 fuerunt.
2544 1613 2597 1660 et
2642 1607 2763 1661 ideo
2798 1608 2915 1663 sine
2953 1623 3016 1663 ea
3068 1608 3265 1664 salvari
3309 1621 3503 1679 potue-

1923 1700 2067 1747 runt.

1993 1783 2231 1841 PETBUS.
2272 1787 2339 1842 Et
2367 1788 2495 1857 quid
2540 1789 2690 1845 dices
2733 1793 2799 1846 de
2832 1791 2933 1847 Job
2960 1801 3012 1848 et
3056 1795 3218 1849 sociis
3242 1796 3377 1867 ejus,
3406 1798 3519 1867 qui

1849 1862 1894 1921 Β
1923 1886 2045 1946 post
2088 1878 2519 1934 circumcisionis
2559 1892 2888 1951 praeceptum
2920 1862 3343 1949 exstitct'unt,vet
3372 1862 3499 1941 licet

1919 1965 2281 2021 incircumcisi
2312 1978 2491 2023 tamen
2523 1969 2658 2024 salvi
2686 1968 2946 2025 fuerunt?

1987 2055 2220 2112 Moyses.
2262 2056 2470 2129 Quippe
2515 2058 2581 2113 de
2630 2068 2788 2130 gente
2834 2060 2925 2114 illa
2972 2075 3077 2115 non
3126 2060 3379 2127 fuerunt,
3408 2063 3496 2118 cui

1918 2146 2101 2203 datum
2132 2157 2252 2204 erat
2271 2149 2702 2206 circumcisiouis
2731 2161 3078 2222 praeceptum.

1987 2240 2219 2298 Ρετιωε.
2259 2241 2395 2309 Quid
2410 2242 2594 2314 itaque
2611 2243 2896 2314 praedictos
2908 2258 3095 2299 omnes
3124 2243 3249 2299 fecit
3277 2246 3456 2302 salvos
3474 2246 3498 2301 2

1988 2331 2218 2389 Movsas.
2255 2333 2449 2390 Nescio
2488 2350 2698 2400 revera,
2728 2336 2823 2390 sed
2862 2346 2989 2404 puto
3017 2341 3141 2406 quia
3181 2337 3319 2391 bona
3364 2338 3521 2393 lidcs-

1916 2441 2036 2490 sua,
2065 2436 2120 2481 et
2145 2427 2341 2496 quibus
2368 2427 2661 2483 utebantur
2685 2428 2974 2483 sacriﬁcia.

1985 2518 2219 2576 PETRUS.
2260 2518 2399 2585 Quid
2423 2519 2586 2589 igitur
2613 2519 2749 2573 dicis
2777 2517 2844 2573 de
2876 2519 3085 2583 lsmacl,
3114 2520 3198 2573 cui
3223 2532 3492 2591 pt‘mceptu

1916 2618 2001 2663 est
2030 2610 2406 2674 circumcisio,
2437 2611 2519 2665 lex
2552 2626 2680 2677 non,
2708 2621 2763 2665 ct
2794 2610 2952 2678 cujus
2996 2612 3281 2680 progenies
3325 2629 3499 2681 usque

1916 2700 2072 2755 hodie
2115 2702 2557 2757 circumciditur?
2589 2701 2838 2771 Nunquid
2867 2702 3014 2756 enim
3064 2718 3159 2771 per
3204 2704 3495 2758 circumci-

1914 2792 2121 2846 sionem
2163 2792 2307 2847 illam
2352 2792 2667 2847 salvantur?
2707 2792 2813 2849 Sed
2861 2793 3009 2847 dices
3054 2793 3180 2862 quia
3229 2794 3330 2857 sic,
3363 2804 3495 2849 tium

1916 2882 2027 2936 sola
2059 2882 2404 2938 circumcisio
2427 2883 2636 2938 confert
2660 2883 2910 2944 salutem,
2936 2883 3140 2953 absque
3170 2884 3300 2954 legis
3322 2884 3515 2957 Moysi.

1914 2977 2326 3047 complementa.
2360 2977 2416 3032 Si
2446 2992 2571 3033 vero
2600 2978 2747 3033 dices
2774 2993 2901 3042 nou,
2959 2977 3156 3046 tibiipsi
3189 2982 3499 3035 contrarius

1914 3071 2044 3135 eris,
2071 3086 2192 3125 cum
2225 3071 2475 3140 superius
2518 3071 2741 3136 dixeris,
2771 3069 3238 3125 circumcisiourut
3272 3086 3518 3127 causanv

1916 3178 2035 3218 esse
2065 3163 2398 3217 salvationis.

1894 3296 1897 3301 .
1988 3254 2211 3310 Movses.
2258 3254 2417 3309 Ratio
2441 3266 2525 3310 cst
2548 3255 2690 3326 quod
2720 3256 2874 3311 dicis.

1984 3344 2223 3401 PETRUS.
2260 3344 2397 3412 Quid
2426 3346 2554 3400 item
2578 3345 2846 3415 judicabis
2869 3346 2934 3401 de
2962 3347 3281 3402 mulieribus
3308 3345 3497 3401 Judai-

1915 3439 1994 3493 cis
2025 3455 2144 3508 qua:
2193 3448 2466 3509 nequeunt
2506 3440 2845 3504 circumcidi,
2873 3451 2929 3495 et
2975 3449 3154 3495 tamen
3193 3440 3495 3495 creduntur

1914 3532 2154 3587 Salvari?

1987 3622 2216 3677 Movsss.
2261 3623 2384 3677 Ideo
2413 3624 2629 3694 quidem
2664 3625 2963 3689 salvantur,
2988 3634 3131 3696 quod
3159 3627 3226 3681 de
3256 3625 3515 3680 homint-u

1913 3715 2013 3771 bus
2041 3715 2376 3769 circumcisis
2408 3727 2725 3770 nascuntur.

1984 3803 2216 3861 Penus.
2259 3805 2398 3872 Quid
2420 3821 2549 3875 ergo
2576 3806 2641 3861 de
2673 3807 2808 3860 Sara
2835 3818 2889 3860 et
2917 3806 3181 3872 Rebecca,
3208 3808 3411 3862 Rachel
3434 3819 3491 3863 et

1912 3894 2033 3960 Lia,
2064 3906 2121 3949 et
2145 3911 2311 3950 uxore
2335 3895 2503 3964 Moysi
2526 3895 2795 3964 Sephora,
2825 3911 2945 3965 qua:
2969 3896 3333 3951 Madianitidis
3364 3897 3511 3961 fuit,

1912 3995 1967 4040 et
1999 3986 2161 4050 Ruth,
2185 4001 2304 4055 qua:
2328 3995 2386 4039 et
2407 4001 2622 4049 omnes,
2650 3994 2709 4038 ut
2748 3987 3036 4050 credimus,
3064 3987 3228 4041 salva:
3257 3998 3403 4053 sunt,
3435 3999 3515 4044 et.

1913 4091 2091 4134 tamen
2120 4080 2187 4134 de
2219 4077 2418 4134 Judreis
2462 4089 2599 4133 natm
2628 4094 2732 4133 non
2767 4079 3017 4133 fuerunt?
3058 4080 3114 4134 Si
3148 4082 3292 4135 enim
3326 4081 3511 4137 salvas

1911 4170 2107 4225 futura:
2148 4185 2251 4225 non
2273 4180 2475 4235 essent,
2508 4171 2695 4241 utique
2737 4170 2836 4223 viri
2880 4170 2985 4237 sui,
3021 4171 3113 4240 qui
3143 4180 3200 4225 et
3227 4172 3402 4227 sancti
3432 4184 3491 4228 et

1910 4264 2184 4336 prophetae
2209 4272 2387 4330 erant,
2409 4279 2501 4318 eas
2543 4278 2641 4333 pro
2669 4262 2925 4317 uxoribus
2951 4278 3056 4317 non
3090 4264 3369 4330 haberent,
3393 4275 3488 4319 aut

1913 4356 1966 4409 in
1991 4355 2070 4410 eis
2100 4354 2241 4409 filios
2262 4363 2607 4422 generarent.

1982 4445 2210 4501 Movses.
2250 4444 2324 4499 De
2356 4445 2457 4500 hoc
2487 4460 2616 4500 sane
2640 4444 2734 4501 tibi
2766 4446 2895 4501 dare
2921 4447 3106 4500 nescio
3127 4459 3229 4516 ego
3258 4458 3486 4515 respon-

261 4541 673 4610 transgressione
697 4540 1004 4604 sustinebit,
1034 4540 1127 4594 sed
1158 4540 1282 4595 inde
1319 4548 1496 4594 tamen
1528 4541 1593 4593 ad
1627 4540 1806 4595 salva-
1840 4551 1886 4611 ι)
1913 4553 2053 4604 sum,
2089 4537 2232 4609 quod
2262 4537 2391 4591 mihi
2437 4552 2712 4607 nunquam
2742 4536 2843 4591 fuit
2868 4548 3166 4593 ostensum.
3200 4538 3279 4592 Tu
3306 4548 3487 4592 autem

257 4630 438 4685 tionem
474 4631 748 4686 transibit.
792 4630 945 4698 Quod
982 4630 1028 4686 si
1063 4638 1231 4686 totam
1274 4631 1447 4703 legem
1490 4632 1810 4694 servaverit,

258 4723 592 4780 circumcisus
623 4734 802 4778 autem
829 4738 935 4777 non
966 4723 1154 4787 fuerit,
1183 4723 1465 4793 pernulla,
1495 4739 1612 4793 quae
1641 4724 1814 4793 patia—

261 4819 342 4864 tur
363 4814 611 4885 supplicia
641 4813 843 4869 salvari
868 4813 1144 4869 ullatenus
1168 4814 1387 4884 poterit.

328 4904 542 4964 Penus.
580 4906 737 4963 Unde
776 4907 927 4963 vobis
969 4906 1277 4978 hujusmodi
1317 4906 1613 4962 credulitas
1644 4907 1808 4971 venit,

258 5008 373 5049 cum
413 5012 509 5052 nec
554 4997 789 5053 Abrahae
831 5012 932 5052 nec
976 4995 1147 5068 Moysi
1201 4998 1345 5051 Deus
1398 4996 1526 5051 illud
1577 5013 1810 5066 unquam

256 5087 579 5154 promiserit,
610 5101 711 5143 nec
741 5088 999 5158 propheta
1051 5087 1191 5141 ullus
1235 5088 1338 5142 hoc
1382 5102 1618 5156 unquam
1664 5088 1815 5142 dixe-

258 5178 333 5231 rit
349 5179 371 5233 '!

331 5268 541 5329 Marses.
580 5270 691 5329 Nos
733 5271 863 5327 illud
905 5272 1101 5343 quippe
1142 5270 1492 5339 intelligimus
1531 5285 1597 5325 ex
1638 5272 1813 5326 verbis

247 5375 370 5428 qua
390 5365 453 5419 ad
479 5363 754 5420 Abraham
804 5363 934 5418 dicit
976 5362 1275 5418 Dominus:
1299 5360 1590 5425 Masculus,
1619 5362 1811 5432 inquit,

242 5454 345 5520 qui
373 5472 466 5511 non
510 5456 913 5511 circumcidetur
949 5471 1107 5509 carne
1153 5453 1397 5524 prwputii
1427 5454 1538 5519 sui,
1570 5453 1814 5522 disparia:

240 5545 419 5599 anim
447 5546 537 5601 illa
579 5547 644 5601 de
674 5561 859 5617 genere
889 5562 985 5600 suo
1012 5543 1164 5617 (Gen.
1200 5547 1356 5612 xvtt).
1396 5544 1503 5599 Per
1540 5546 1640 5600 hoc
1668 5546 1813 5600 enim

244 5633 483 5693 innititur
523 5639 666 5709 quod
711 5636 803 5707 qui
847 5637 1199 5694 circumcisus
1252 5635 1415 5691 fuerit
1447 5651 1551 5690 non
1595 5636 1812 5706 peribit,

241 5725 365 5780 into
383 5730 703 5786 salvabitur.

336 5817 554 5881 Ρετιιυε.
596 5821 901 5880 Secundum
942 5821 1098 5892 huius
1123 5822 1463 5879 auctoritatis
1497 5833 1598 5879 tute
1630 5821 1811 5892 espla.

1915 4629 2067 4693 mihi,
2098 4630 2142 4684 si
2176 4629 2339 4693 nosti,
2369 4630 2797 4685 circumcisionis
2823 4631 2999 4700 pande
3022 4630 3341 4700 proficuum.

1986 4723 2220 4778 Penus.
2266 4722 2619 4778 Circumcisio
2663 4721 2904 4791 profecto
2947 4732 3171 4790 propter
3212 4723 3312 4775 hoc
3360 4722 3485 4776 data

1914 4814 2035 4879 fuit,
2064 4822 2123 4867 ut
2150 4828 2281 4881 gens
2313 4813 2524 4867 Domini
2560 4812 2629 4865 ab
2654 4811 2775 4866 aliis
2805 4813 3053 4879 gentibus
3089 4811 3326 4865 discerni
3355 4827 3452 4880 pos

1914 4913 1994 4959 set
2018 4913 2073 4958 et
2101 4903 2342 4973 agnosci.
2387 4902 2467 4955 Ad
2496 4900 2650 4969 cujus
2677 4902 2843 4955 etiam
2872 4902 3046 4970 gentis
3103 4901 3360 4968 majorem
3404 4906 3479 4955 di-

1915 4996 2260 5057 scretionem,
2291 5000 2617 5063 praeceptum
2640 5004 2724 5047 est
2746 5002 2801 5047 et
2821 4993 2985 5057 aliud,
3016 4992 3347 5048 videlicetne
3367 4999 3492 5063 quis

1914 5091 1981 5146 de
2023 5090 2126 5144 alia
2154 5090 2296 5144 tribu
2327 5089 2544 5144 duceret
2576 5102 2797 5141 uxorem
2824 5086 3015 5156 (Num.
3046 5088 3255 5156 κυνί).
3288 5088 3350 5142 Et
3387 5091 3488 5142 hoc

1914 5180 2129 5250 quidem
2150 5188 2318 5233 totum
2338 5187 2660 5250 praceotum
2681 5187 2782 5240 est,
2803 5178 2927 5246 quia
2945 5179 3010 5232 de
3032 5180 3236 5234 semine
3257 5182 3490 5234 Abrahae

1917 5280 1973 5327 et
1998 5271 2113 5342 lege
2143 5270 2331 5342 Moysi,
2356 5283 2413 5325 et
2437 5271 2577 5326 tribu
2603 5269 2765 5335 Juda,
2782 5269 3032 5324 Christus
3061 5281 3318 5325 venturus
3344 5285 3507 5332 erat,~

1916 5375 1976 5418 ut
2016 5364 2283 5429 videlicet,
2314 5379 2435 5419 cum
2482 5365 2712 5427 veniret,
2739 5373 2923 5434 posset
2952 5364 3193 5433 agnosci,
3221 5363 3346 5432 quia
3375 5363 3501 5430 ipse.

1914 5466 2077 5523 esset,
2102 5466 2151 5513 et
2184 5471 2251 5512 ne
2281 5457 2346 5510 de
2375 5456 2480 5509 alia
2509 5456 2727 5511 natione
2762 5455 2883 5524 quis
2906 5465 3172 5523 surgeret,
3204 5452 3296 5522 qui
3326 5452 3487 5506 Chri-

1919 5561 2062 5606 stum
2091 5564 2212 5604 esse
2258 5563 2317 5604 se
2362 5549 2587 5611 diceret,
2629 5557 2685 5602 et
2722 5548 2802 5602 sic
2840 5550 2893 5600 in
2935 5559 3178 5601 errorem
3224 5544 3506 5599 mundum;

1917 5642 2229 5697 dimitteret.
2256 5639 2323 5694 Et
2349 5639 2491 5708 quod
2512 5640 2580 5693 ad
2599 5638 2772 5709 gentis
2801 5637 3203 5697 discretionem,
3226 5634 3486 5688 mandata

1918 5732 2081 5788 fuerit
2106 5730 2463 5794 circumcisio,
2482 5745 2606 5793 non,
2622 5740 2681 5783 ut
2701 5728 2906 5792 dixisti,
2924 5728 2988 5780 ad
3013 5725 3364 5781 salvationem
3378 5725 3497 5779 duo.

1922 5838 2054 5879 sane
2071 5822 2328 5877 habemus
2350 5831 2679 5891 argumenta.
2705 5818 2876 5874 Unum
2888 5817 3103 5885 quidem
3125 5818 3267 5886 quod
3287 5830 3499 5886 prmo»
