4142 6360
1428 351 1628 406 PETRI
1666 349 2006 408 ALPHOSSI
2047 350 2135 405 EX
2173 351 2415 409 JUDIEO
2447 355 2838 409 ClllllS'l'lANl

3679 357 3786 411 660

537 472 691 530 ptum
710 473 874 530 esset,
896 465 1009 519 ﬁeri
1035 474 1222 520 octava
1248 465 1353 528 die,
1382 475 1435 518 et
1460 481 1563 518 non
1580 478 1738 520 antea
1761 478 1984 536 propter
2009 469 2110 521 bcc
2136 472 2186 527 Α
2283 469 2512 526 Movses.
2550 475 2592 525 A
2620 473 2821 544 Moyse.

539 557 682 622 quod
699 570 797 610 nec
821 567 945 608 ante
965 566 1209 609 octavam
1238 557 1378 610 diem
1402 573 1535 626 puer
1555 572 1587 610 a
1616 569 1790 614 matre
1807 571 2106 630 separatur,

536 660 638 698 nec
671 644 898 699 formido
919 647 1020 699 ulla
1045 646 1270 700 habetur
1297 688 1312 708 ,
1350 647 1492 715 quod
1519 647 1640 701 aliis
1659 651 2074 705 commisceatnr
2092 691 2110 714 ,

537 735 623 788 die
660 745 838 790 autem
883 749 1072 790 octava
1121 753 1226 806 qua
1277 741 1343 792 de
1388 739 1477 793 illa
1508 740 1805 807 pollutione
1851 744 2110 797 mundari

535 827 727 881 mulier
756 843 819 882 ac
857 829 1023 882 lavari
1074 831 1405 899 praecipitur.
1437 833 1753 902 priusquam
1787 835 1889 889 hoc
1921 834 2108 900 faciat,

531 935 666 990 puer
686 920 1108 987 circumciditur,
1133 937 1200 976 ne
1225 932 1428 977 remota
1461 934 1632 978 matre
1661 926 1984 990 cambiatur,
2014 942 2112 981 seu

531 1015 670 1070 alius
715 1019 1133 1072 commisceatur
1191 1018 1334 1087 (Leu.
1399 1021 1519 1086 m).
1575 1020 1736 1073 Aliud
1791 1036 1919 1074 vero
1968 1021 2110 1088 quod

531 1110 886 1180 quadraginta
919 1109 1096 1171 annis,
1125 1109 1321 1178 quibus
1359 1110 1411 1164 in
1443 1113 1656 1166 deserto
1687 1112 1778 1166 ﬁlii
1810 1112 1972 1166 Israel
2001 1127 2114 1166 mo-

531 1201 634 1254 rati
683 1210 834 1262 sunt,
888 1215 1080 1255 omnes
1117 1202 1206 1269 qui
1241 1201 1439 1256 ibidem
1489 1203 1598 1256 nati
1638 1213 1765 1258 sunt
1813 1203 2113 1258 circumcisi

531 1309 639 1344 non
679 1291 917 1354 fuerunt,
947 1307 1014 1347 ex
1053 1309 1160 1362 quo
1207 1302 1386 1346 autem
1418 1297 1484 1346 ad
1536 1304 1734 1348 terram
1765 1295 2114 1351 habitabilem

537 1392 825 1446 venerunt,
855 1399 922 1436 ne
949 1385 1068 1437 aliis
1102 1385 1352 1456 gentibus
1384 1386 1760 1445 miscerentur,
1795 1387 1978 1439 statim
2023 1401 2118 1452 per

525 1475 698 1529 Josne
745 1491 774 1526 a
823 1475 1050 1528 Domino
1085 1476 1558 1546 circnmcidijnssi
1605 1487 1748 1536 sunt.
1778 1478 1918 1530 sicut
1969 1477 2119 1530 inve—

533 1570 692 1622 niunt
721 1569 812 1637 qui
846 1569 1016 1636 ipsius
1043 1568 1209 1623 Josuc
1237 1570 1432 1623 librum
1479 1570 1660 1639 legunt
1689 1571 1826 1640 (los.
1861 1573 1936 1639 ν).
1964 1571 2117 1638 Quod

537 1667 716 1710 autem
767 1658 1235 1712 circumcisionem
1273 1699 1288 1720 ,
1350 1658 1666 1712 salvationis
1717 1675 1935 1713 causam
2000 1675 2119 1713 csse

537 1749 742 1812 dixisti,
778 1750 964 1816 utique
1015 1750 1360 1804 circumcisio
1393 1760 1599 1804 tantum
1647 1767 1808 1806 causa
1856 1769 1960 1806 non
2018 1752 2117 1806 fuit

537 1840 654 1907 ejus
679 1841 781 1901 rei,
815 1841 923 1895 imo
945 1840 1106 1895 etiam
1138 1842 1267 1896 ﬁdes
1296 1843 1455 1908 bona,
1477 1844 1738 1898 sacriﬁcia
1766 1855 1926 1913 atque
1957 1861 2119 1913 Opera
2156 1825 2198 1881 η

536 1939 709 1993 recta,
739 1940 789 1983 et
824 1939 944 1998 post
970 1931 1150 1984 datam
1182 1931 1675 1992 circumcisionem,
1702 1941 1948 1986 etantea.
1981 1933 2121 1985 sicut

537 2031 687 2089 patet
736 2021 789 2074 in
838 2020 1031 2086 Adam,
1070 2021 1222 2082 Seth,
1277 2022 1483 2084 Enoeh,
1534 2021 1850 2083 Malhusale,
1902 2021 2012 2074 Noe
2068 2033 2122 2074 et

539 2115 688 2175 Sent.
731 2111 833 2167 Job
863 2122 917 2168 et
949 2114 1112 2168 sociis
1156 2114 1271 2181 ejus
1302 2123 1464 2183 atque
1515 2113 1754 2168 Judaicis
1784 2114 2119 2172 mulieribus.

538 2207 632 2276 qui
671 2219 862 2260 omnes
912 2219 1028 2258 sme
1072 2205 1516 2267 circumcisione,
1573 2205 1676 2257 ﬁde
1731 2214 1876 2258 recta
1929 2204 2123 2259 salsati

542 2308 688 2365 sunt,
722 2312 787 2352 ac
815 2297 970 2351 bonis
998 2297 1271 2365 operibus.
1303 2299 1442 2362 Quin
1503 2298 1665 2350 etiam
1699 2297 1902 2350 nullum
1931 2299 2124 2367 pracdi-

542 2400 756 2444 ctorum
785 2389 1103 2443 salvationis
1128 2406 1383 2460 generum
1410 2391 1638 2443 salutem
1661 2389 1995 2454 conferebat,
2022 2391 2122 2444 nisi

543 2484 625 2537 eis
654 2492 858 2536 tantum
885 2482 976 2552 qui
1001 2483 1377 2537 discretionem
1405 2483 1682 2542 habentes.
1710 2482 1912 2536 Christi
1940 2483 2125 2536 crede-

543 2576 680 2629 bant
710 2577 1022 2636 ailventum.
1063 2587 1116 2630 et
1139 2592 1197 2630 se
1225 2577 1422 2630 salvari
1463 2592 1619 2646 posse
1649 2592 1755 2631 non
1808 2577 2125 2640 credebant,

547 2667 651 2720 nisi
697 2683 793 2736 per
827 2682 972 2719 eum.
1005 2666 1138 2720 Cum
1189 2683 1318 2721 vero
1347 2667 1597 2721 Christus
1644 2666 1879 2720 salvator
1923 2667 2130 2722 scilicet

545 2773 706 2825 quem
731 2758 1117 2825 exspectabant
1143 2759 1376 2820 advenit,
1408 2768 1468 2812 ut
1495 2758 1660 2828 Moysi
1691 2758 1862 2827 legem
1891 2759 2127 2828 comple-

546 2858 656 2914 ret,
686 2849 1000 2904 circumcidi
1033 2863 1091 2902 se
1127 2848 1317 2914 voluit,
1349 2859 1404 2903 et
1434 2850 1673 2904 utetiam
1710 2866 1805 2921 per
1839 2851 1940 2904 hoc
1979 2859 2128 2919 pate-

546 2949 725 2995 sceret
759 2941 901 3010 quod
949 2940 1017 2994 de
1065 2940 1271 2994 semine
1301 2941 1551 3007 Abrahae,
1601 2951 1653 2997 et
1687 2943 1801 3010 lege
1851 2943 2040 3015 Moysi,
2077 2954 2131 2998 et

546 3035 692 3088 tribu
724 3032 883 3095 Juda,
915 3033 1052 3087 sicut
1082 3034 1447 3103 praediximus,
1483 3036 1670 3090 venire
1696 3037 1935 3091 deberet.
1967 3035 2128 3091 Com-

547 3127 710 3196 pletis
739 3141 867 3197 ergo
918 3127 1172 3179 omnibus
1201 3138 1424 3196 propter
1469 3143 1588 3196 qua:
1633 3129 1974 3183 circumcisio
2002 3129 2125 3182 data

550 3218 671 3282 fuit,
693 3215 806 3285 jam
845 3231 1006 3270 nemo
1039 3215 1264 3270 ulterius
1292 3217 1727 3280 circumcisione,
1759 3218 1883 3284 quia
1912 3233 2011 3270 nec
2039 3233 2129 3286 ge-

551 3308 699 3363 neris
719 3309 896 3376 aliqua
940 3307 1265 3362 discretione
1309 3308 1535 3377 indiguit
1567 3307 1702 3376 (Col.
1741 3309 1843 3378 ιιι).
1877 3308 2129 3378 Quisquis

548 3403 695 3456 cuitu
726 3401 792 3454 ad
850 3401 1021 3470 legem
1050 3399 1254 3454 Christi
1302 3415 1359 3453 se
1404 3399 1713 3462 conferens,
1763 3401 2131 3470 cujuscunque

549 3493 766 3564 generis
791 3508 852 3546 ac
885 3493 1078 3562 lingua:
1103 3493 1192 3555 sit,
1223 3491 1395 3545 ﬁdelis
1420 3499 1627 3544 tantum
1653 3507 1772 3546 esse
1795 3491 1942 3556 velit,
1973 3501 2132 3546 cane-

549 3583 628 3636 ris
655 3581 978 3636 Christianis
1005 3597 1101 3650 par
1131 3581 1334 3634 existit.
1375 3581 1662 3646 Prteterea,
1699 3590 1982 3651 postquam
2030 3582 2128 3636 ba—

549 3675 781 3743 ptismus
809 3673 974 3734 venit,
1017 3689 1136 3724 cum
1164 3673 1276 3742 ipse
1327 3673 1598 3741 generalis
1627 3673 1854 3727 salvatio
1893 3675 2130 3729 virorum

553 3781 618 3819 ac
646 3764 926 3817 mulierum
967 3765 1057 3824 sit,
1084 3763 1195 3830 jam
1237 3765 1372 3818 ultra
1413 3765 1757 3820 circumcisio
1789 3765 1854 3818 ad
1881 3766 2133 3820 salvatio-

554 3869 678 3909 nem
743 3853 1050 3907 necessaria
1096 3869 1200 3906 non
1257 3853 1377 3907 fuit.
1423 3854 1688 3921 Quoniam
1745 3856 1910 3927 igitur
1962 3857 2134 3912 modis

553 3943 805 3998 omnibus
833 3950 1108 3996 ostensum
1153 3952 1238 3996 est
1269 3943 1736 3997 circumcisionem
1783 3954 1904 4013 post
1930 3943 2133 4000 Christi

554 4035 844 4086 adventum
873 4033 1234 4086 necessariam
1265 4048 1367 4085 non
1391 4047 1534 4094 esse.
1565 4033 1684 4086 ideo
1713 4043 1956 4103 patenter
1975 4049 2136 4104 agno-

554 4139 710 4178 scere
736 4135 906 4194 potes,
937 4139 1036 4179 cur
1065 4138 1184 4178 eam
1215 4123 1440 4193 apostoli
1477 4137 1814 4193 nequaquam
1853 4125 1965 4178 ﬁeri
1993 4141 2133 4195 pra:-

553 4231 766 4284 cepere.

629 4305 856 4361 Movses.
889 4305 958 4360 Et
985 4307 1029 4358 si
1059 4319 1178 4358 eam
1220 4315 1324 4358 non
1356 4312 1748 4374 praaceperunt,
1777 4319 1945 4374 quare
1973 4305 2144 4358 etiam.

556 4398 674 4452 ﬁeri
699 4397 1093 4467 prohibuerunt
1114 4397 1138 4448 ?

2285 561 2518 617 Penus.
2549 561 2764 618 Falsum
2795 571 2899 616 est.
2940 561 3006 615 Et
3039 562 3164 617 inde
3210 562 3316 616 duo
3345 563 3602 616 habemus
3629 579 3792 633 argn-

2213 665 2414 716 menta,
2447 671 2630 718 unum,
2663 655 2806 725 quod
2829 670 2950 709 cum
2997 655 3253 709 Dominus
3286 654 3454 720 Moysi
3501 656 3568 710 de
3595 667 3790 710 extra-

2215 751 2330 804 neis
2351 763 2675 820 praeceptum
2715 749 2888 814 daret,
2911 750 3096 804 dicens
3121 767 3135 802 :
3165 747 3224 803 Si
3250 751 3365 818 quis
3399 753 3792 818 peregrinorum

2213 846 2268 896 in
2291 854 2511 897 vestram
2537 843 2756 897 voluerit
2783 843 3007 896 transire
3036 841 3318 904 coloniam,
3343 853 3389 894 et
3419 842 3592 907 facere
3622 839 3796 894 I'Itase

2216 937 2451 1004 Domini,
2491 936 2895 990 circumcidetur
2915 937 3060 1005 prius
3088 951 3240 988 omne
3282 935 3628 988 masculinum
3658 933 3793 1000 ejus,

2216 1039 2264 1082 et
2297 1039 2420 1082 tunc
2463 1030 2560 1082 rite
2587 1028 2884 1094 celebrabit,
2935 1028 3134 1097 eritque
3182 1027 3316 1080 sicut
3346 1027 3592 1095 indigena
3643 1035 3798 1078 terra:

2219 1119 2416 1188 (Exod.
2477 1124 2600 1184 xu).
2645 1119 2865 1190 Utique,
2893 1119 2939 1172 si
2985 1121 3285 1187 baptismus
3315 1118 3797 1172 tuncnecessarius

2217 1225 2383 1274 esset,
2419 1215 2593 1284 ipsum
2645 1216 2784 1268 sicut
2834 1223 2889 1266 et
2934 1212 3404 1266 circumcisionem
3459 1210 3796 1279 pnci-ipcret,

2218 1319 2272 1362 et
2299 1323 2420 1362 cum
2449 1323 2548 1362 nec
2577 1307 2666 1361 hic
2705 1307 2794 1359 ubi
2826 1307 3119 1376 prmcipuc,
3153 1305 3197 1357 si
3247 1320 3432 1357 verum
3464 1311 3608 1356 esset
3656 1303 3800 1370 quod

2221 1402 2378 1460 dicis.
2413 1401 2653 1463 deberet,
2707 1414 2810 1453 nec
2853 1413 3082 1466 usquam
3133 1397 3259 1449 alibi
3295 1397 3417 1448 inde
3469 1395 3799 1448 mentionem

2226 1496 2411 1549 fecerit
2445 1494 2672 1564 Moyses,
2702 1509 2795 1546 vos
2844 1491 2993 1545 illum
3026 1493 3094 1543 ah
3131 1506 3197 1544 eo
3237 1489 3565 1543 addidicisse
3627 1485 3800 1540 nulla-

2224 1599 2379 1644 tenus
2410 1589 2709 1656 approbare
2736 1595 2908 1654 potes.
2951 1583 3110 1638 Aliud
3140 1599 3272 1635 vero
3300 1591 3677 1650 argumentum
3694 1589 3800 1642 est,

2221 1680 2363 1748 quod
2405 1680 2652 1732 doctores
2683 1677 2870 1739 vestri,
2904 1673 2978 1728 illi
3006 1673 3220 1742 quidem
3253 1673 3341 1737 qui
3373 1681 3496 1723 ante
3525 1670 3800 1724 Christum

2225 1769 2442 1824 fuerunt
2485 1782 2758 1835 nunquam
2786 1766 2856 1820 de
2881 1765 3150 1830 baptismo
3190 1761 3279 1814 illo
3309 1761 3599 1830 quidquam
3639 1759 3802 1813 locuti

2224 1874 2369 1928 sunt,
2406 1878 2503 1932 per
2538 1862 2678 1932 quod
2718 1859 2868 1913 illum
2927 1873 2956 1911 a
3005 1857 3182 1927 Moyse
3228 1869 3324 1906 vos
3375 1868 3481 1906 non
3528 1852 3804 1921 accepisse

2220 1959 2533 2010 ostcmLunt.
2562 1953 2663 2019 Qui
2701 1967 2830 2005 vero
2859 1959 2979 2018 post
3019 1948 3215 2002 Christi
3245 1947 3532 1998 adventum
3562 1942 3803 2002 fuerunt,

2221 2050 2548 2118 baptismum
2582 2045 2650 2098 ab
2681 2045 2796 2113 ipso
2826 2042 3135 2096 didicerunt
3175 2050 3226 2093 et
3285 2039 3358 2090 ita
3398 2052 3520 2092 eum
3573 2037 3807 2088 circnm-

2224 2144 2415 2198 cisioni
2451 2139 2888 2197 commiscentes,
2931 2135 2983 2188 in
3028 2148 3272 2188 errorem
3307 2129 3560 2202 populum
3585 2127 3806 2182 dimise-

2225 2248 2369 2292 I'Ulll.

2299 2332 2524 2385 Mox-ses.
2565 2327 2636 2378 De
2661 2324 3073 2378 circumcisione
3094 2323 3235 2390 quod
3259 2319 3429 2390 placet
3457 2313 3800 2384 respondisti.

2228 2426 2333 2480 Sed
2364 2423 2492 2492 quid
2518 2422 2664 2474 dices
2713 2417 2870 2471 modo
2904 2418 2969 2470 de
2998 2416 3087 2469 die
3116 2413 3359 2472 Sabbati.
3393 2427 3547 2480 quem
3573 2419 3626 2463 et
3661 2406 3808 2460 mul-

2231 2520 2297 2572 tis
2327 2517 2378 2570 in
2412 2515 2544 2569 locis
2578 2511 2836 2566 Dominus
2861 2525 2956 2578 per
2978 2507 3197 2579 Moysen
3221 2506 3479 2574 precepit
3506 2501 3804 2564 observari,

2229 2619 2282 2664 et
2307 2624 2403 2677 per
2430 2607 2666 2676 seipsum
2703 2603 2932 2670 loquens
2988 2601 3060 2654 ad
3113 2599 3252 2652 ﬁlios
3302 2596 3468 2652 lsrael
3513 2596 3580 2650 de
3626 2603 3810 2648 monte

2231 2700 2402 2762 Sinai,
2442 2707 2497 2752 et
2530 2697 2686 2766 cujus
2712 2692 3110 2748 observationis
3149 2699 3478 2759 praeceptum
3523 2689 3578 2741 in
3612 2683 3812 2740 tabulis

2229 2791 2453 2861 lapideis
2498 2789 2598 2842 fuit
2649 2787 2907 2856 scriptum
2963 2784 3077 2838 ita:
3111 2782 3393 2844 Memento,
3427 2779 3601 2848 inquit
3642 2779 3807 2840 Deus.

2230 2896 2286 2939 ut
2309 2887 2445 2938 diem
2490 2881 2706 2938 Sabbati
2734 2878 3072 2946 sancti/ioca?
3104 2875 3301 2947 (Exod.
3332 2890 3432 2939 xx;
3464 2873 3619 2927 Deut.
3643 2874 3721 2939 v.)
3745 2871 3814 2925 Et

2230 2994 2450 3033 causam
2489 2975 2671 3032 subdit
2730 2975 2786 3029 in
2841 2972 3213 3042 sequentibus,
3256 2971 3484 3024 dicens:
3519 2965 3623 3021 Sea:
3671 2966 3814 3018 enim

2231 3075 2411 3128 diebus
2443 3073 2561 3142 fecit
2592 3070 2733 3124 Deus
2761 3068 2943 3123 arium
2982 3078 3028 3121 et
3065 3077 3256 3120 terram
3289 3075 3336 3117 et
3361 3079 3528 3126 mare,
3556 3071 3602 3114 et
3635 3059 3812 3112 omnia

2155 3175 2196 3231 C
2229 3186 2345 3240 qua:
2384 3169 2438 3221 in
2463 3168 2535 3220 eis
2560 3175 2704 3228 sunt,
2727 3173 2775 3217 et
2803 3163 3050 3232 requievit
3102 3161 3155 3213 in
3197 3160 3282 3212 die
3311 3159 3545 3226 septimo.
3597 3152 3816 3207 Idcirro

2231 3259 2491 3314 benedixit
2520 3255 2772 3312 Dominus
2799 3255 2933 3308 diem
2964 3251 3203 3315 Sabbuti,
3234 3262 3278 3304 et
3322 3248 3665 3315 sttrtcti/icarit
3695 3261 3814 3298 eum

2232 3353 2449 3422 (ibid.),
2500 3359 2556 3405 et
2609 3357 2870 3420 prmterea
2919 3347 3161 3416 lapidare
3215 3345 3510 3414 praecepit,
3567 3340 3657 3408 qui
3704 3355 3816 3392 non

2231 3445 2604 3502 observaverit
2651 3442 2798 3496 illum
2833 3439 3000 3512 (Num
3051 3441 3161 3509 xv).
3190 3436 3428 3508 Apostoli
3468 3444 3646 3488 autem
3687 3447 3814 3486 eum

2233 3548 2595 3611 respuerunt,
2661 3547 2716 3592 et
2775 3536 2920 3592 diem
2978 3535 3140 3588 alium
3209 3529 3488 3586 observari
3545 3539 3818 3597 praecepe-

2237 3644 2376 3690 runt.
3225 3699 3228 3702 .

2305 3729 2539 3784 Ρετιιιιε.
2563 3725 2706 3782 Sane
2733 3725 2876 3796 quod
2903 3724 3045 3779 diem
3071 3722 3217 3776 illum
3248 3717 3509 3774 Dominus
3535 3712 3816 3769 observari

2235 3821 2509 3893 praecepit,
2543 3821 2594 3874 in
2622 3818 2827 3873 cxordii
2857 3816 3040 3870 mundi
3075 3813 3408 3875 memoriam,
3437 3811 3577 3864 sicut
3605 3807 3811 3869 dixisti,

2233 3925 2289 3969 et
2315 3915 2389 3968 rei
2419 3912 2703 3978 cujusdam
2754 3909 2978 3964 alterius
3008 3924 3127 3976 qua:
3175 3915 3403 3960 ventura
3449 3909 3568 3955 erat
3601 3898 3816 3968 signum

2233 4007 2379 4063 fecit.

2309 4099 2538 4154 Movses.
2581 4098 2648 4152 Et
2676 4113 2796 4168 quae
2824 4107 2941 4152 erat
2970 4112 3058 4151 res
3087 4094 3175 4149 illa
3210 4101 3455 4146 ventura.

2309 4194 2543 4249 Pernus.
2575 4192 2851 4248 Adventus
2901 4191 3127 4251 Christi,
3159 4190 3248 4260 qui
3298 4189 3484 4242 onitiia
3507 4199 3670 4252 opera
3717 4197 3814 4236 sua

2238 4303 2356 4358 quze
2388 4289 2438 4341 in
2468 4286 2668 4340 mundo
2699 4285 2885 4340 vivens
2912 4284 3166 4354 patravit,
3204 4292 3358 4335 sexto
3382 4280 3486 4341 die,
3543 4279 3596 4333 id
3620 4285 3701 4331 est
3729 4274 3816 4327 dio

2245 4379 2468 4434 Veneris
2495 4377 2804 4448 complevit,
2834 4379 3048 4447 quando
3075 4393 3170 4446 pro
3200 4376 3356 4429 nobis
3378 4381 3605 4426 mortem
3633 4383 3820 4424 susce-

629 4463 864 4546 Ρε-τιιυε.
893 4489 1019 4543 Ideo
1050 4488 1234 4555 utique
1263 4489 1463 4548 fecere,
1513 4501 1581 4540 ne
1623 4494 1940 4554 reputarent
1965 4487 2136 4540 bomi-
2172 4521 2220 4574 ι)
2242 4475 2345 4544 [ιίῑι
2372 4473 2465 4528 Ι)ῖο
2495 4481 2674 4526 aUlem
2705 4472 2953 4540 septima,
2983 4470 3032 4523 itl
3059 4482 3138 4524 est
3161 4470 3248 4524 die
3277 4467 3496 4573 Sabbati
3531 4463 3813 4574 requie-vii.

557 4599 655 4639 nes
684 4593 744 4637 ut
768 4583 1094 4653 baptismum
1125 4581 1195 4633 ita
1225 4591 1279 4634 et
1301 4578 1766 4634 circumcisionem
1790 4579 2136 4634 salvationem

560 4676 834 4738 conferre,
866 4672 951 4729 vel
979 4672 1473 4732 circumcisionem,
1505 4671 1858 4726 salvationem
1881 4686 1986 4725 una
2015 4686 2138 4726 cum

558 4769 678 4835 ipso
706 4766 1047 4836 baptismate,
1071 4774 1125 4818 et
1159 4764 1230 4817 ita
1257 4764 1308 4816 in
1355 4777 1596 4818 errorem
1629 4763 1961 4828 deciderent,
1995 4763 2140 4818 sicut

563 4859 868 4914 Nestoriani
893 4867 948 4912 et
974 4856 1253 4920 Jacobitaa,
1282 4857 1372 4924 qui
1403 4857 1607 4911 nullum
1643 4856 1917 4911 hominem
1943 4856 2138 4912 salvari

563 4963 722 5019 posse
764 4958 976 5018 putant,
1028 4949 1129 5002 nisi
1171 4963 1269 5018 per
1304 4958 1615 5017 utrumque,
1665 4959 1720 5003 et
1773 4949 1916 5002 sicut
1941 4949 2149 5018 vosipsi

565 5041 810 5111 quisquis
856 5041 1015 5094 hodie
1043 5043 1110 5095 de
1138 5051 1364 5095 externa
1403 5042 1657 5112 progenie
1707 5043 1774 5094 ad
1825 5040 1996 5111 legem
2046 5057 2142 5096 ve-

566 5146 736 5191 stram
768 5133 998 5188 voluerit
1029 5136 1297 5196 converti,
1328 5136 1373 5188 si
1409 5135 1490 5187 vir
1533 5135 1604 5187 sit
1645 5135 1874 5204 primum
1909 5134 2142 5189 circum-

567 5229 696 5291 cidi,
737 5237 792 5282 ct
821 5235 1007 5296 postea
1034 5225 1329 5296 prazcipitis
1354 5225 1640 5294 baptizari,
1680 5225 1726 5280 si
1760 5239 1889 5280 vero
1919 5225 2147 5290 fetuina,

568 5329 776 5375 tantum
801 5315 1087 5388 baptizari.
1937 5363 1947 5374 υ

642 5413 874 5469 Moyses.
924 5409 1004 5464 Ex
1033 5408 1152 5463 istis
1199 5409 1304 5462 tuis
1359 5408 1600 5464 iunuitur
1633 5409 1969 5465 sermonibus
2003 5409 2142 5478 quod

570 5521 670 5562 nos
713 5522 819 5560 non
884 5503 988 5558 nisi
1051 5510 1173 5573 post
1220 5500 1419 5555 Christi
1475 5501 1768 5556 adventum
1816 5501 2151 5570 baptismum-

572 5597 881 5662 fecerimns,
912 5594 1070 5666 quasi
1109 5593 1178 5648 ab
1223 5594 1337 5662 ipso
1377 5591 1522 5646 illum
1553 5591 1767 5648 Christo
1795 5591 2146 5648 addidicisse-

575 5705 714 5744 mus.

565 5854 570 5859 θ
645 5779 873 5835 Penus.
913 5780 972 5836 Si
1009 5781 1076 5837 ab
1103 5782 1218 5850 ipso
1245 5795 1369 5844 ηοιι,
1416 5795 1443 5833 a
1476 5794 1582 5846 quo
1602 5793 1735 5848 ergo.
1779 5778 2146 5834 addidicistis?

2242 4569 2369 4637 quin
2407 4577 2460 4622 et
2482 4583 2671 4622 omnes
2696 4567 2787 4636 qui
2814 4576 2941 4620 ante
2972 4576 3199 4618 mortem
3236 4580 3387 4616 suam
3417 4563 3467 4615 in
3515 4575 3572 4615 se
3595 4559 3817 4614 creden-

2245 4669 2325 4715 tes
2351 4659 2622 4724 obierant,
2677 4672 2860 4713 secum
2914 4656 2983 4709 ab
3030 4654 3223 4709 inferni
3273 4652 3548 4706 doloribus
3598 4648 3816 4718 requie-

2243 4766 2397 4805 scere
2443 4750 2588 4804 fecit.
2631 4748 2912 4818 Completo
2956 4756 3136 4802 autem
3185 4744 3278 4798 illo
3305 4742 3456 4812 cujus
3510 4740 3824 4796 observatio

2245 4842 2860 4912 Sabbati.signumluit,
2905 4839 3016 4910 jam
3047 4839 3178 4895 illud
3223 4839 3364 4894 ultra
3414 4836 3694 4893 observari
3721 4851 3818 4890 nc-

2243 4953 2396 4991 ccsse
2425 4953 2528 4990 non
2557 4935 2677 4990 fuit.

2315 5029 2542 5085 Marses.
2565 5029 2869 5084 Secundum
2888 5030 3048 5084 verba
3063 5039 3175 5092 tua,
3192 5027 3236 5082 si
3249 5025 3557 5082 observatio
3573 5020 3815 5082 Sabbati,

2244 5117 2358 5187 ejus
2379 5134 2538 5188 quam
2572 5119 2706 5172 dicis
2736 5119 2814 5172 rei
2838 5119 3048 5187 signum
3077 5116 3197 5180 fuit,
3223 5118 3486 5186 completa
3514 5116 3622 5181 illa,
3651 5116 3818 5169 multo

2246 5213 2417 5281 magis
2453 5211 2729 5266 observari
2769 5211 2972 5276 debuit,
3005 5219 3117 5264 tum
3156 5211 3227 5265 ob
3274 5209 3590 5264 memoriam
3633 5205 3818 5261 mundi

2244 5302 2474 5367 exordii,
2507 5312 2618 5356 tum
2641 5303 2710 5358 ob
2745 5312 3055 5357 sanctorum
3089 5301 3327 5372 requiem
3381 5316 3412 5354 a
3434 5299 3706 5355 doloribus
3733 5298 3832 5383 in»,
3863 5359 3880 5372 ⁸

2244 5397 2404 5452 furni.

2318 5499 2549 5554 l'e'rnus.
2587 5497 2698 5554 Non
2728 5507 2830 5560 est,
2861 5497 3044 5565 utique
3085 5511 3172 5552 res
3201 5504 3258 5549 ut
3290 5506 3342 5549 tu
3376 5495 3532 5550 reris.
3561 5493 3821 5547 Parentes

2247 5594 2390 5648 enim
2444 5591 2631 5655 vestri,
2668 5592 2757 5660 qui
2807 5600 2933 5645 ante
2989 5589 3272 5644 adventum
3331 5588 3544 5642 fuerunt
3597 5583 3818 5643 Christi,

2249 5685 2388 5738 diem
2441 5683 2799 5738 observarunt
2856 5681 3099 5745 Sabhati,
3152 5691 3208 5736 ct
3260 5681 3328 5735 ob
3387 5676 3724 5735 meritoriam,
3759 5682 3824 5726 ut

2251 5777 2451 5832 dictum
2476 5785 2575 5840 est,
2608 5775 2788 5830 mundi
2823 5774 3056 5841 exordii,
3081 5783 3134 5830 et
3179 5774 3304 5844 quia
3353 5771 3542 5825 eadem
3590 5768 3671 5823 die
3721 5779 3819 5832 pcr
