4142 6360
309 375 407 432 661

1796 376 2085 435 θιΛιοει.

3473 383 3576 441 66!

305 488 586 545 Christum
630 500 688 540 se
726 486 1070 556 requiescere
1101 487 1301 544 debere
1328 490 1644 557 credebant,
1678 509 1706 548 a
1740 496 1888 548 tlolo-
1921 502 1964 554 Λ
1995 493 2256 549 debemus
2320 510 2418 552 nos
2477 497 2788 563 celebrare,
2850 505 3071 569 propter
3125 499 3576 554 resurrectionem

306 581 462 638 ribus
523 579 740 635 inferni.
790 581 920 637 Post
973 583 1425 639 resurrectionem
1475 599 1605 641 vero
1663 586 1887 649 Christi,

306 686 433 742 qua:
470 686 631 729 caiisa
666 670 769 727 fuit
805 670 1131 728 Christianas
1164 673 1524 742 credulitatis,
1571 687 1627 733 et
1658 679 1891 735 Creduli-

309 774 396 820 tas
443 779 607 820 causa
649 764 985 833 salvationis,
1040 769 1292 836 quamvis
1333 784 1401 824 ex
1454 780 1631 826 morte
1686 771 1888 826 Christi

310 857 624 929 provenerit
673 858 905 914 salvatio
948 859 1150 927 omnis,
1179 861 1276 918 sed
1324 861 1528 933 absque
1571 864 1893 920 credulitate

310 945 445 1003 nihil
497 946 730 1003 contulit
782 948 1075 1017 utilitatis;
1119 961 1244 1022 post
1285 955 1763 1021 resurrectionem,
1812 957 1893 1011 in-

309 1053 520 1108 quam,
579 1039 779 1097 Christi
817 1041 932 1111 jam
965 1044 1218 1101 omnibus
1263 1046 1319 1102 in
1371 1063 1496 1103 eum
1550 1049 1897 1108 credentibus

314 1132 613 1189 Sabbatum
659 1135 958 1193 observare
996 1140 1385 1205 necessarium
1446 1158 1550 1197 non
1600 1143 1730 1210 fuit,
1786 1146 1894 1200 imo

260 1276 265 1283 .
315 1228 459 1283 diem
478 1226 842 1295 Dominicam,
873 1231 1017 1286 diem
1050 1230 1257 1288 scilicet
1301 1236 1737 1305 resurrectionis,
1775 1253 1895 1308 qua:

312 1335 427 1376 ante
450 1320 769 1378 salvationis
794 1337 959 1379 causa
985 1325 1217 1380 exstitit.

385 1410 618 1468 Messes.
664 1411 733 1468 Et
773 1428 944 1483 quare
987 1430 1095 1470 non
1135 1415 1561 1473 observaverunt
1608 1429 1897 1493 utrumque

315 1502 636 1569 Sabbatum,
674 1505 925 1562 videlicet
965 1507 1037 1564 ob
1070 1510 1388 1565 memoriam
1439 1513 1621 1567 mnmli
1650 1514 1895 1584 originis,

317 1597 457 1655 diem
517 1613 647 1654 vero
701 1598 929 1656 alteram
980 1600 1057 1658 ob
1106 1603 1425 1658 memoriam
1478 1620 1590 1658 sua)
1643 1606 1898 1662 salvatio-

315 1687 436 1743 nis?

387 1781 622 1839 PETRUS.
687 1783 840 1850 Quod
903 1786 974 1841 ob
1029 1788 1348 1843 memoriam
1423 1789 1655 1860 originis
1714 1793 1896 1847 mundi

1993 584 2219 651 Christi,
2267 601 2410 655 qnze,
2465 588 2605 643 sicut
2662 588 2922 653 diximus,
2976 598 3031 643 et
3095 587 3433 645 credulitatis
3478 591 3579 645 fuit

1994 689 2180 739 causa,
2228 674 2546 732 salvationis
2597 679 2899 749 prmcipnae,
2939 678 3066 747 quia
3095 677 3404 749 quicunque
3451 688 3579 736 ante

1992 777 2221 822 mortem
2250 766 2449 823 Christi
2495 769 2546 823 in
2582 769 2759 839 ipsum
2791 770 3077 826 credentes
3123 769 3332 834 obiere,
3388 770 3579 842 utique

1993 857 2114 929 ipso
2169 859 2434 916 moriente
2483 861 2678 916 salvati
2728 872 2876 923 sunt,
2928 862 3023 917 sed
3069 859 3267 916 inferni
3326 862 3580 917 tenebras

1993 951 2147 1022 prius
2167 951 2403 1007 subiere.
2442 951 2542 1021 Qui
2583 967 2713 1007 vero
2748 961 2871 1024 post
2918 953 3370 1008 resurrectionem
3405 954 3582 1009 credi-

1995 1043 2212 1107 derunt,
2267 1051 2323 1098 et
2372 1058 2469 1113 per
2514 1054 2744 1100 mortem
2794 1044 2912 1114 ejus
2950 1043 3246 1099 salvantur.
3295 1052 3350 1099 et
3400 1052 3582 1099 tamen

1998 1143 2202 1192 tartara
2241 1137 2572 1192 nescierunt.
2608 1135 2733 1192 llzcc
2764 1137 2928 1206 igitur
2953 1151 3114 1191 causa
3139 1147 3243 1199 est,
3274 1152 3442 1206 uitare
3461 1151 3581 1192 eam

1997 1227 2225 1299 apostoli
2263 1242 2608 1299 summopere
2630 1229 2902 1284 observari
2931 1239 3324 1298 praeceperunt,
3358 1238 3419 1284 et
3442 1230 3585 1284 Sab-

1996 1321 2182 1375 batum
2233 1335 2362 1386 non,
2411 1321 2538 1376 licet
2587 1321 2845 1376 Dominus
2877 1330 3064 1377 noster
3106 1320 3357 1377 Christus
3404 1322 3582 1390 ipsum

1996 1412 2388 1476 observaverit,
2413 1414 2506 1468 sed
2531 1413 2633 1467 hoc
2656 1428 2993 1482 nequaquam
3019 1413 3119 1467 nisi
3144 1422 3202 1467 ut
3224 1411 3392 1482 legem
3418 1411 3586 1481 Moysi

1997 1504 2315 1575 compleret,
2346 1505 2543 1573 etquia
2574 1505 2810 1559 nondum
2841 1514 3064 1559 venerat
3093 1505 3209 1560 dies
3233 1504 3588 1559 resurrectio-

2001 1595 2085 1649 nis
2111 1609 2273 1664 quam
2311 1603 2573 1651 servaret.

2072 1686 2300 1743 Movses.
2343 1687 2409 1741 Et
2437 1688 2566 1758 quid
2599 1687 2665 1742 de
2695 1687 2868 1743 Phase
2895 1689 3045 1745 dices
3082 1687 3398 1754 festivitate,
3421 1703 3586 1761 quam

2003 1780 2260 1850 praecepit
2289 1779 2549 1836 Dominus
2573 1781 2885 1849 observare,
2914 1793 2967 1837 et
2994 1783 3047 1837 in
3079 1799 3142 1839 ea
3166 1799 3362 1846 uatium
3394 1784 3588 1839 immo-

317 1874 621 1932 Sahbatum
653 1876 891 1932 diximus
928 1877 1231 1943 observari,
1281 1882 1522 1951 profecto
1551 1884 1897 1940 observan]...
1930 1866 1974 1921 Β
2000 1873 2137 1940 lare,
2187 1875 2469 1945 ipsumque
2498 1890 2619 1928 cum
2668 1890 2805 1944 pane
2846 1892 3038 1947 azymo
3060 1888 3115 1930 et
3155 1877 3358 1931 amaris
3403 1877 3588 1932 bcihis

315 1977 421 2034 est,
471 1978 694 2040 propter
722 1984 902 2025 rerum
929 1971 1282 2037 creationem,
1315 1988 1437 2042 quae
1479 1985 1607 2032 tunc
1632 1979 1898 2048 completa

318 2059 445 2127 fuit,
477 2061 620 2117 sicut
642 2061 906 2132 scriptum
937 2073 1023 2120 est
1050 2082 1064 2118 :
1087 2061 1471 2135 Complevitque
1498 2066 1638 2123 Deus
1679 2070 1765 2124 die
1820 2087 1902 2124 ιθ-

316 2152 483 2224 ptimo
534 2167 664 2224 opus
681 2169 835 2209 suum
861 2153 1001 2225 quod
1052 2152 1267 2223 fecerat,
1297 2166 1346 2211 et
1380 2159 1626 2228 requievit
1655 2160 1720 2213 ab
1760 2162 1902 2216 omni

318 2258 474 2307 opere
496 2244 637 2314 quod
675 2253 914 2315 patraret
938 2243 1092 2313 (Gen.
1117 2246 1179 2315 ι).
1211 2246 1348 2315 Quia
1383 2264 1513 2305 vero
1557 2251 1745 2305 eadem
1785 2253 1902 2307 dies

320 2334 686 2390 damnationis
705 2335 1007 2390 animarum
1037 2337 1206 2405 prima
1228 2339 1458 2402 exstitit,
1483 2350 1533 2393 et
1556 2341 1656 2395 hoc
1684 2342 1901 2411 quidem

319 2441 422 2496 per
459 2426 651 2490 Adam,
679 2427 781 2493 qui
829 2427 881 2482 in
932 2429 1286 2498 pmoedentis
1333 2429 1441 2485 diei
1479 2446 1705 2502 vespere
1743 2434 1901 2502 hora,

321 2521 577 2576 videlicet
626 2522 964 2588 duodecima,
987 2523 1252 2593 peccavit,
1292 2539 1462 2594 quare
1514 2525 1581 2582 de
1628 2526 1798 2598 gloria
1847 2528 1901 2583 iu

323 2612 729 2669 damnationem
760 2613 982 2679 decidit,
1026 2623 1314 2686 postquam
1346 2631 1445 2688 per
1471 2618 1677 2675 Christi
1722 2635 1906 2676 resur-

324 2704 621 2761 rectionem
660 2705 892 2760 salvatio
941 2707 1248 2763 animarum
1298 2709 1467 2773 venit,
1495 2711 1626 2782 'jam
1674 2712 1908 2783 amplius

324 2797 690 2854 damnationis
709 2799 823 2853 dies
852 2799 1117 2855 celebrari
1141 2800 1485 2867 non-debuit,
1515 2802 1622 2858 imo
1650 2803 1759 2869 illa,
1783 2820 1905 2875 quae

326 2891 647 2947 salvationis
687 2892 973 2949 exordium
1023 2892 1144 2947 luit.
1196 2893 1263 2948 Et
1306 2894 1412 2949 hoc
1455 2910 1555 2963 per
1599 2896 1904 2966 exemplum

327 2983 425 3038 tibi
448 2984 494 3039 si
521 2982 698 3053 placet
738 2983 1030 3040 ostendere
1055 2998 1299 3054 possum.
1328 2983 1445 3040 Rex
1492 2985 1637 3040 enim
1686 2987 1905 3056 quidam

323 3075 599 3132 civitatem
629 3076 919 3146 quamdam
961 3074 1112 3141 fecit,
1145 3075 1200 3131 in
1251 3091 1358 3144 qua
1406 3074 1636 3132 aedificia
1668 3077 1905 3147 pretiosa

326 3170 595 3236 fundavit,
621 3169 851 3242 virgulta
878 3180 935 3226 et
960 3171 1146 3226 vineas
1174 3168 1595 3240 circumquaque
1620 3170 1905 3241 plantavit,

326 3270 385 3317 et
409 3276 507 3331 per
553 3261 786 3317 mediam
833 3260 978 3317 illam
1025 3263 1128 3319 hac
1178 3261 1408 3333 illucque
1450 3276 1711 3333 aquarum
1761 3261 1908 3316 rivos

327 3354 572 3423 deduxit,
603 3354 733 3426 quin
756 3361 811 3409 et
835 3354 1081 3411 omnium
1102 3354 1421 3412 deliciarum
1456 3352 1687 3408 fertilem
1714 3353 1912 3408 redun-

329 3449 659 3520 dantemque
687 3449 944 3520 patravit,
977 3447 1240 3505 adversus
1279 3461 1444 3520 quam
1490 3462 1586 3502 rex
1614 3446 1788 3517 gentis
1815 3460 1913 3517 cu-

323 3541 541 3614 jusdam
573 3542 742 3613 coepit
784 3541 1110 3613 belligerari,
1161 3540 1304 3597 unde
1333 3540 1762 3610 quotiescunque
1814 3537 1912 3592 ali-

328 3634 454 3704 quis
478 3633 544 3690 de
569 3649 633 3690 ea
651 3634 836 3689 exibat
855 3643 1081 3704 paratus
1102 3641 1218 3688 erat
1245 3632 1421 3689 hostis
1442 3631 1549 3695 ille,
1573 3640 1630 3686 et
1654 3630 1913 3685 insidians

330 3740 455 3782 eum
488 3725 763 3798 capiebat,
788 3733 845 3781 et
874 3726 928 3780 in
969 3724 1316 3782 tenebrosum
1350 3738 1629 3779 carcerem
1658 3721 1914 3778 detrude-

328 3815 444 3872 bat.
475 3815 595 3874 Rex
640 3826 822 3874 autem
854 3815 943 3872 ille
968 3816 1061 3888 qui
1110 3815 1384 3872 civitatem
1430 3813 1770 3876 condiderat,
1796 3811 1915 3881 ejus

331 3912 842 3971 incoliswenturum
879 3924 1001 3966 esse
1028 3918 1240 3980 tempus
1290 3906 1660 3978 promittebat,
1686 3921 1794 3977 quo
1821 3921 1915 3960 eos

330 4006 404 4062 de
449 4006 608 4061 hoste
653 4002 746 4058 illo
793 4002 1027 4058 liberare
1067 4002 1406 4058 decreverat.
1458 3997 1670 4053 Nullum
1733 4007 1914 4053 autem

331 4095 498 4151 alium
523 4094 592 4149 ab
629 4092 714 4149 eis
739 4106 965 4148 censum
995 4091 1083 4148 vel
1125 4089 1618 4147 remunerationem
1642 4087 1912 4160 exigebat,

331 4187 442 4245 nisi
468 4195 528 4241 ut
550 4186 692 4242 diem
719 4185 870 4241 illum
891 4183 1307 4242 celeberrimum
1331 4180 1594 4246 colerent,
1635 4195 1742 4251 quo
1784 4179 1917 4234 civi-

336 4290 425 4336 tas
445 4278 685 4349 perfecta
710 4276 910 4342 fuerat,
937 4284 993 4333 et
1012 4275 1083 4332 ob
1109 4275 1212 4331 hoc
1236 4274 1402 4330 etiam
1428 4273 1572 4343 quod
1596 4271 1784 4327 eadem
1806 4272 1915 4338 die,

333 4372 402 4429 de
434 4373 589 4427 hoste
621 4371 886 4443 prazdicto
912 4383 1007 4427 eos
1040 4368 1369 4425 liberaturus
1390 4379 1528 4433 erat,
1555 4369 1645 4439 qui
1677 4379 1796 4421 eam
1824 4367 1917 4422 diu

1933 3217 1980 3281 C

2002 1968 2287 2022 comedere
2318 1965 2516 2038 (Exod.
2544 1965 2665 2037 xu),
2688 1966 2829 2035 quod
2855 1976 3025 2021 totum
3054 1968 3281 2037 apostoli
3310 1968 3586 2027 dimisere.

2002 2070 2059 2115 et
2095 2059 2241 2115 aliud
2291 2059 2487 2116 festum
2536 2072 2928 2134 praeceperunt,
2972 2072 3027 2117 et
3067 2061 3176 2115 alio
3204 2061 3397 2117 ordine
3465 2077 3588 2114 cum

2001 2152 2251 2210 Christus
2306 2154 2487 2225 (quem
2540 2154 2778 2226 dicitis),
2836 2155 3013 2226 quoad
3076 2155 3253 2218 vixit,
3312 2170 3587 2224 nunquam

2004 2246 2155 2311 illud,
2209 2250 2386 2318 quoad
2431 2249 2657 2320 apostoli
2713 2260 3108 2320 praeceperunt,
3165 2249 3392 2302 voluerit
3444 2247 3586 2302 rele-

2004 2339 2099 2394 bra
2109 2354 2165 2393 re
2184 2339 2208 2393 ?

2076 2430 2309 2488 PETRUS.
2347 2430 2401 2486 In
2434 2431 2624 2502 primis
2654 2446 2804 2495 sane,
2827 2448 2861 2487 ο
2891 2430 3123 2504 Moyses.
3165 2431 3453 2493 diligenter
3498 2429 3591 2481 κιρ.

2003 2523 2195 2578 bemus
2239 2522 2507 2593 inspicere
2537 2523 2699 2588 ritus,
2728 2533 2783 2578 et
2824 2539 3018 2578 causas
3050 2524 3272 2584 rituum,
3307 2523 3504 2591 quibus
3538 2524 3588 2574 in

2005 2612 2251 2684 Egypto.
2272 2611 2389 2668 fieri
2420 2623 2749 2683 praeceptum
2779 2621 2864 2668 est
2891 2613 3086 2676 Phase,
3126 2623 3178 2667 et
3207 2628 3376 2682 quare
3403 2622 3587 2683 postea

2003 2705 2123 2761 vice
2159 2707 2326 2761 altera
2367 2717 2693 2778 praeceptum
2720 2716 2805 2762 est
2836 2708 2888 2760 iu
2917 2705 3209 2762 solitudine
3240 2703 3386 2773 (Leu.
3414 2720 3590 2764 mu:

2008 2798 2175 2853 Num.
2210 2799 2388 2869 mn).
2427 2798 2580 2867 Quod
2603 2816 2724 2854 cum
2760 2798 3069 2862 fecerimus,
3108 2797 3351 2869 profecto
3384 2799 3590 2853 videbi-

2007 2907 2128 2945 mus
2158 2901 2338 2947 utrum
2367 2900 2487 2962 post
2535 2900 2763 2947 mortem
2789 2890 2990 2947 Christi
3024 2891 3373 2946 festivitatem
3417 2889 3609 2945 Phase.

2008 2982 2306 3049 celebrare,
2338 2983 2421 3040 vel
2450 3000 2554 3040 non
2585 2984 2901 3040 debeamus.

2080 3073 2312 3130 Movsas.
2342 3074 2543 3131 Placet.

2080 3166 2316 3224 PETRUS.
2348 3166 2413 3222 lli
2458 3183 2651 3241 nempe
2685 3169 2822 3224 ritus
2863 3179 2917 3225 et
2947 3169 3232 3240 religiones
3272 3169 3413 3223 illius
3443 3180 3588 3225 sunt.

2011 3256 2232 3315 Decima
2266 3259 2354 3315 die
2399 3260 2602 3317 mensis
2629 3270 2712 3317 est
2738 3274 3039 3333 prmceptus
3070 3278 3242 3333 agmis
3291 3263 3373 3316 vel
3411 3263 3597 3319 haedus

2013 3353 2150 3417 tolli,
2194 3362 2248 3409 et
2288 3368 2462 3424 usque
2504 3355 2558 3408 in
2606 3364 2860 3424 quartam
2886 3355 3148 3409 decimam
3180 3355 3321 3409 diem
3362 3356 3590 3411 servari.

2011 3445 2181 3512 Quem
2213 3447 2374 3501 etiam
2412 3447 2708 3502 masculum
2748 3462 2867 3502 esse
2899 3459 3221 3519 pratcepltlm
3245 3456 3329 3502 est
3356 3463 3417 3501 ac
3436 3450 3564 3518 λιιι-ιε

2012 3555 2160 3603 nem,
2185 3548 2239 3595 et
2267 3538 2472 3608 absque
2518 3538 2831 3595 infirmitate
2870 3540 3042 3608 omni,
3066 3550 3121 3596 et
3155 3539 3303 3595 illum
3352 3539 3422 3594 ab
3449 3542 3605 3596 omni

2014 3629 2360 3686 multitudine
2392 3629 2624 3686 filiorum
2654 3632 2821 3687 lsrael
2860 3642 3053 3703 quarta
3082 3632 3290 3688 decima
3337 3632 3423 3688 die
3459 3633 3602 3687 inter

2014 3723 2120 3778 duo
2140 3740 2366 3794 vespera
2413 3725 2706 3790 immolari,
2760 3741 2823 3782 ac
2848 3727 2915 3783 de
2962 3728 3079 3799 ejus
3122 3727 3385 3801 sanguine
3436 3743 3609 3798 super

2016 3825 2309 3888 utrumque
2335 3827 2545 3889 postem
2570 3828 2625 3873 et
2647 3833 2810 3890 super
2842 3819 3112 3875 liminaria
3140 3820 3422 3877 domorum
3446 3822 3607 3890 poni,

2015 3916 2068 3963 et
2100 3908 2282 3963 hoc-in
2311 3909 2559 3964 domibus
2603 3918 2812 3964 tantum
2860 3909 2983 3973 illis,
3027 3911 3081 3965 in
3126 3911 3322 3980 quibus
3371 3911 3603 3967 debebat

2016 3998 2351 4064 manducari,
2384 4000 2513 4070 quin
2544 4009 2599 4056 et
2620 4015 2815 4056 carnes
2841 3999 2960 4069 ejus
2983 4017 3086 4056 non
3128 4001 3325 4057 erudas
3353 4003 3437 4059 vel
3458 4018 3605 4074 aqua

2016 4099 2224 4158 coctas,
2247 4090 2339 4147 sed
2368 4091 2476 4162 igni
2507 4100 2712 4147 tantum
2742 4106 2896 4148 assus
2918 4092 3150 4157 comedi,
3196 4093 3406 4165 integer
3432 4096 3604 4150 etiam

2015 4192 2072 4238 et
2101 4191 2245 4238 totus
2266 4198 2387 4239 cum
2414 4183 2592 4254 capite
2611 4191 2667 4239 et
2693 4183 2920 4254 pedibus
2937 4193 2992 4241 et
3019 4185 3291 4242 intestinis
3306 4185 3489 4254 jussus
3517 4197 3610 4245 est.

2018 4275 2129 4346 igni
2183 4275 2369 4347 coqui,
2414 4284 2687 4347 noctuque
2711 4285 2767 4332 et
2809 4274 3135 4334 festinanter
3181 4279 3413 4348 comedi,
3447 4290 3505 4336 et
3537 4296 3600 4337 os

2018 4366 2164 4423 illius
2192 4383 2301 4423 non
2332 4367 2622 4438 confringi,
2662 4377 2717 4424 et
2745 4368 2826 4425 sic
2850 4385 2972 4425 cum
3003 4387 3194 4443 azymo
3215 4387 3353 4444 pane
3373 4383 3426 4428 et
3450 4388 3603 4431 ama:

332 4464 701 4531 celebrarunt,
745 4464 886 4520 sicut
937 4476 1031 4518 rex
1079 4461 1161 4517 eis
1213 4470 1566 4533 praeceperat.
1619 4459 1923 4516 Transacto
2019 4461 2096 4516 ris
2118 4460 2875 4534 berbisinanducariwxod.
2905 4466 3022 4523 ml.

333 4571 517 4613 autem
543 4554 801 4611 nonnullo
844 4553 1105 4625 temporis
1136 4553 1334 4624 spatio,
1378 4567 1543 4624 super
1566 4567 1662 4608 eos
1708 4551 1918 4607 miseri-
1955 4572 1996 4627 ο
2094 4551 2322 4611 Morsss.
2350 4552 2600 4610 Profecto
2626 4554 2700 4609 ita
2728 4564 2815 4610 est
2847 4563 2905 4610 ut
2932 4553 3138 4610 dixisti.

332 4647 577 4703 cordiam
607 4657 771 4716 atque
811 4647 1069 4716 pietatem
1113 4644 1324 4714 habuit,
1351 4653 1405 4701 et
1431 4659 1526 4701 eos
1546 4643 1612 4699 de
1634 4642 1720 4697 illa
1746 4642 1914 4712 capti-

332 4739 556 4795 vatione
607 4737 1024 4810 praesentialiter
1086 4735 1321 4792 liberare
1376 4733 1681 4807 disposuit,
1746 4731 1914 4786 lilium

336 4830 506 4902 igitur
531 4844 685 4883 suum
710 4827 879 4883 misit.
909 4825 1034 4895 Qui,
1056 4826 1274 4882 devicto
1319 4826 1496 4887 hoste,
1524 4823 1591 4881 de
1615 4823 1731 4894 eius
1754 4838 1915 4878 manu

335 4924 581 4996 captivos
608 4923 810 4980 emisit.
842 4921 1110 4978 Liberalis
1131 4923 1313 4992 itaque
1340 4922 1407 4978 de
1432 4919 1562 4990 ineo
1591 4918 1793 4974 inimici
1823 4932 1913 4972 rex

332 5017 629 5087 praedictus
657 5013 840 5070 taliter
875 5014 1062 5070 urbem
1085 5012 1380 5077 ordinavit,
1403 5012 1544 5083 quod
1576 5025 1915 5081 nequaquam

335 5108 571 5178 amplius
640 5107 784 5163 illius
851 5104 1274 5175 captivationem
1347 5103 1550 5160 inimici
1625 5102 1917 5159 formidare

335 5200 602 5272 oportuit.
630 5198 737 5257 Sed
770 5199 877 5264 dic,
905 5213 940 5254 o
967 5197 1201 5271 Moyses,
1232 5205 1354 5252 utra
1381 5194 1500 5252 dies
1524 5196 1703 5269 potius
1734 5197 1918 5253 debuit

337 5293 629 5359 celebrari,
650 5294 737 5349 vel
768 5291 861 5347 illa
900 5304 1006 5362 qua
1029 5290 1223 5345 civitas
1250 5297 1470 5359 peracta
1499 5297 1603 5355 est,
1641 5287 1736 5344 sed
1766 5287 1918 5359 plebs

339 5384 394 5439 in
427 5398 647 5438 manum
684 5382 886 5439 decidit
928 5380 1154 5442 inimici,
1186 5378 1267 5434 vel
1312 5379 1400 5433 illa
1427 5395 1532 5446 qua
1565 5378 1746 5435 taliter
1773 5378 1922 5434 ordi-

341 5482 469 5529 nata
499 5481 606 5541 est,
659 5473 803 5544 quod
841 5471 1072 5542 amplius
1120 5468 1188 5524 ab
1254 5467 1348 5524 illo
1400 5468 1554 5523 hoste
1602 5484 1708 5524 non
1743 5470 1920 5523 timuit

338 5566 603 5639 captivari
623 5568 648 5621 ’ρ

413 5657 647 5715 Mersus.
685 5659 809 5716 Dies
855 5659 1040 5729 procul
1068 5657 1228 5714 dubio
1259 5656 1370 5720 illa,
1406 5672 1507 5725 qua
1561 5656 1806 5710 ordinata
1837 5664 1920 5710 est

342 5752 626 5823 eiusmodi.

416 5845 654 5903 l‘unus.
698 5845 901 5909 Eadem
949 5859 1079 5901 sane
1134 5842 1341 5907 ratione
1392 5841 1532 5897 diem
1587 5840 1918 5899 Dominicam

2093 4645 2328 4704 Peritos.
2362 4646 2459 4702 Dic
2487 4661 2619 4719 ergo
2645 4647 2840 4717 quibus
2873 4647 2943 4703 de
2987 4648 3167 4704 causis
3195 4651 3451 4720 praecepti
3478 4661 3619 4705 sunt.

2017 4737 2153 4792 ritus
2177 4737 2283 4792 isti.

2089 4828 2319 4885 Movsss.
2351 4826 2568 4894 Nescio,
2602 4830 2698 4885 sed
2739 4829 2821 4885 sic
2849 4830 3019 4885 voluit
3070 4830 3331 4887 Dominus
3362 4831 3496 4887 fieri.
3534 4832 3609 4887 De

2017 4922 2286 4993 sanguine
2317 4930 2496 4977 autem
2524 4922 2664 4987 scio,
2713 4924 2861 4991 quod
2913 4939 3076 4994 super
3103 4934 3397 4994 utrumque
3423 4924 3610 4979 domn-

2019 5030 2138 5070 rum
2167 5021 2405 5085 postem,
2434 5021 2488 5068 et
2508 5028 2671 5085 super
2700 5013 2972 5069 liminaria
3006 5014 3129 5070 ideo
3147 5015 3275 5085 poni
3302 5025 3633 5087 praeceptus.

2017 5115 2123 5172 est,
2149 5115 2208 5160 ut
2247 5105 2469 5161 veniens
2503 5105 2773 5177 malignus
2816 5105 3064 5177 angelus,
3093 5106 3312 5164 domum
3342 5107 3434 5164 illo
3466 5104 3608 5163 infe-

2020 5206 2162 5251 ctam
2194 5194 2467 5266 sauguine
2485 5197 2860 5266 pertransiret.

2092 5289 2333 5345 [ἐτκυε.
2360 5286 2548 5344 Nonne
2575 5289 2671 5344 tibi
2711 5290 2906 5360 saepius
2944 5306 3105 5362 supra
3134 5292 3264 5353 dixi,
3298 5290 3443 5361 quod
3483 5305 3609 5344 ver-

2018 5383 2146 5438 bum
2179 5381 2395 5451 aliquod
2424 5391 2659 5451 ..temere
2700 5399 2974 5453 nunquam
3024 5385 3219 5440 exierit
3267 5385 3335 5439 ab
3379 5398 3473 5438 ore
3511 5383 3604 5437 Du-

2095 5566 2325 5623 Morsss.
2360 5567 2455 5622 Dic
2483 5576 2538 5622 tu
2577 5580 2725 5636 ergo.
2779 5565 2962 5631 Quare
3002 5564 3279 5621 observari
3320 5562 3454 5631 iussi
3479 5572 3610 5618 sunt

2023 5658 2162 5715 ritus
2189 5659 2261 5714 illi
2284 5660 2307 5712 ?

2096 5748 2331 5805 PETRUS.
2383 5751 2566 5821 Agnus
2609 5764 2802 5819 nempe
2853 5748 2942 5803 ille
2992 5747 3223 5820 Egypti,
3258 5756 3422 5817 atque
3470 5746 3607 5801 ritus

2027 5842 2107 5898 sui
2149 5842 2317 5912 figura
2358 5853 2411 5899 et
2461 5841 2754 5899 similitudo
2785 5842 3003 5897 fuerunt
3048 5841 3183 5909 Λειιί
3234 5840 3463 5913 Dei.qu
3509 5839 3610 5899 itu-

4072 736 4075 795 ἦ

4072 802 4077 913 η

4076 950 4079 989 l

4078 1060 4081 1109 1

4082 1170 4083 1211 ι
