4038 6484
547 413 652 468 665

1490 409 1690 463 PETRI
1728 409 2063 465 ALPIIUNSI
2096 408 2184 464 EX
2222 407 2465 464 JUD.‘E0
2503 407 2888 462 ClllllSTlANl
3634 421 3718 476 664

545 526 835 584 molandus
863 540 1002 593 erat,
1026 530 1077 584 id
1104 539 1184 584 est
1211 528 1433 584 Christi.
1465 529 1618 586 Sicut
1637 532 1781 587 enim
1806 548 1904 602 per
1921 547 2117 603 agnum
2148 537 2196 594 Α
2223 543 2439 585 crucem
2464 527 2664 583 eﬂusus
2686 536 2770 583 est
2807 527 3008 580 nullum
3039 526 3226 589 salvat,
3258 526 3350 581 nisi
3392 528 3439 581 in
3465 544 3559 599 quo
3579 533 3724 604 Agnus

546 619 701 675 illum
732 621 798 676 de
829 636 993 675 manu
1025 621 1200 691 angeli
1227 622 1319 690 qui
1350 637 1578 693 corpora
1612 625 1896 680 occidebat
1920 627 2125 680 servati

550 717 677 765 sunt
706 707 893 763 ﬁdeles
920 708 1153 774 Domini,
1182 708 1254 763 ita
1287 718 1342 766 et
1384 727 1480 781 per
1532 712 1809 768 Christum
1836 715 2125 769 credentes

545 796 599 851 in
629 812 709 863 se,
746 797 815 851 de
839 797 1073 866 diabolo,
1125 800 1217 870 qui
1268 802 1481 859 animas
1524 804 1816 859 damnabat
1852 815 2008 860 erant
2039 820 2126 861 re-

545 888 811 953 dimendi,
845 897 902 943 et
933 888 1037 945 fuit
1063 894 1246 962 Agnus
1285 893 1374 950 ille
1400 896 1554 965 quasi
1596 899 1929 953 annuntians
1975 896 2125 952 illum

545 976 639 1047 qui
666 985 931 1034 venturus
955 992 1077 1037 erat
1109 993 1232 1053 post
1259 998 1337 1039 se.

612 1070 847 1128 Morsss.
876 1073 955 1130 De
983 1089 1121 1145 agno
1156 1077 1372 1147 quidem
1403 1078 1545 1148 quod
1579 1078 1753 1149 placet
1781 1081 2124 1149 respondisti,

540 1163 636 1219 sed
692 1162 982 1233 pradich
1030 1166 1171 1221 ritus
1200 1169 1322 1239 agni
1384 1170 1654 1239 quomodo
1704 1171 1906 1238 poteris
1953 1171 2126 1241 appli-

538 1269 667 1310 care
694 1254 761 1308 ad
798 1253 1099 1321 Christum,
1129 1271 1290 1326 quem
1322 1273 1484 1315 vocas
1523 1259 1735 1330 Agnum
1781 1262 1918 1315 Dei?

608 1346 853 1402 Psrnus.
883 1346 1042 1414 Nam,
1074 1349 1217 1404 sicut
1245 1365 1416 1422 agnus
1445 1351 1532 1408 ille
1570 1354 1658 1409 die
1688 1356 1889 1410 mensis
1917 1355 2125 1410 decima

544 1438 654 1494 tolli
684 1447 986 1509 praeceptus
1027 1450 1128 1503 est,
1183 1449 1239 1495 et
1283 1456 1454 1511 usque
1484 1443 1534 1497 in
1585 1453 1833 1513 quartam
1864 1446 2126 1499 decimam

537 1532 854 1588 conservari
898 1528 1094 1603 (Exod.
1128 1532 1252 1603 xu),
1283 1533 1363 1589 sic
1413 1544 1468 1588 et
1514 1535 1602 1590 die
1643 1536 1846 1590 mensis
1894 1537 2126 1600 decima,

540 1625 630 1679 die
661 1624 871 1680 scilicet
903 1624 1064 1691 lunze,
1091 1625 1159 1680 de
1214 1625 1564 1682 observando
1594 1627 1814 1684 Christo
1842 1630 2127 1685 consilium

540 1726 871 1786 acceperunt
895 1718 1147 1775 doctores
1172 1720 1335 1774 vestri
1373 1719 1555 1788 (Joun.
1593 1734 1693 1789 XI).
1726 1722 1819 1776 Die
1859 1722 2127 1793 siquidem

542 1810 823 1868 Dominica
851 1814 1177 1881 praecedenti
1210 1813 1567 1879 llierusalem,
1598 1825 1655 1869 ut
1687 1816 1755 1869 ibi
1787 1814 1963 1871 Phase
1989 1816 2130 1872 cele-

2226 621 2323 675 Dei
2353 620 2679 686 comeditnr,
2726 619 2874 673 illum
2916 617 3167 673 videlicet
3199 617 3286 686 qui
3332 617 3545 686 ejusdem
3567 638 3727 696 corpus

2225 714 2460 768 comedit
2504 711 2727 767 Christi.
2788 711 3052 765 Praeterea
3106 710 3528 780 quemadmodum
3580 730 3724 788 agnus

2226 813 2387 860 nocte
2401 802 2585 872 jussus
2607 813 2690 858 est
2711 801 3045 866 manducari,
3068 801 3146 854 sic
3166 808 3246 855 est
3268 800 3496 856 Christus
3516 814 3730 862 nocturno

2228 904 2473 965 tempore
2496 904 2688 966 captus
2717 894 2836 957 fuit,
2865 909 2933 948 ne
2980 910 3009 948 a
3036 891 3231 963 populo
3266 891 3467 947 liberari
3490 907 3643 964 posset
3663 910 3734 954 aut

2228 987 2462 1044 defendi.
2504 987 2972 1056 Quemadmodum
2997 985 3161 1040 etiam
3190 998 3285 1039 nec
3308 982 3494 1039 crudus
3517 1002 3601 1041 nec
3626 1004 3734 1058 aqua

2228 1089 2437 1148 coctus,
2479 1082 2578 1137 sed
2617 1094 2774 1135 assus
2803 1079 2933 1149 igni,
2964 1078 3038 1132 ita
3069 1086 3128 1131 et
3155 1076 3398 1132 Christus
3427 1092 3518 1131 nec
3552 1078 3650 1133 sine
3669 1078 3740 1147 ju-

2229 1173 2389 1238 dicio,
2415 1188 2514 1228 nec
2538 1184 2715 1228 tamen
2743 1172 2890 1242 justo
2911 1168 3139 1242 judicio,
3185 1168 3275 1223 sed
3316 1168 3501 1238 injusto
3528 1170 3736 1226 condem-

2229 1275 2390 1321 natus
2417 1264 2542 1329 fuit,
2573 1265 2715 1320 sicut
2738 1278 2843 1319 non
2873 1260 3096 1316 omnino
3130 1259 3314 1320 cruda,
3345 1273 3440 1313 nec
3462 1259 3585 1315 bene
3622 1274 3742 1316 cocta

2229 1364 2312 1411 est
2340 1369 2469 1409 caro
2502 1370 2624 1409 assa
2660 1354 2787 1423 igni.
2823 1352 2928 1409 Sed
2953 1360 3009 1406 et
3036 1350 3107 1408 ob
3138 1348 3376 1405 eamdem
3401 1364 3597 1405 causam
3624 1350 3742 1406 festi-

2230 1454 2426 1502 nanter
2447 1454 2504 1500 et
2526 1460 2648 1500 cum
2674 1459 2811 1514 pane
2832 1458 3024 1515 azymo
3044 1449 3342 1512 praeceptus
3368 1447 3447 1495 est
3466 1442 3743 1497 manducari.

2231 1539 2384 1596 Sicut
2411 1538 2556 1594 enim
2587 1539 2742 1609 panis
2764 1551 2986 1608 azymus
3010 1548 3346 1604 nequaquam
3383 1532 3540 1586 donec
3561 1531 3745 1587 fermen-

2232 1639 2377 1685 tetur
2420 1637 2576 1699 pasta
2624 1636 2971 1696 exspectatur
3010 1624 3153 1689 ﬁeri,
3220 1623 3329 1678 imo
3368 1620 3653 1677 festinanter
3677 1625 3749 1685 sit,

2232 1722 2306 1775 ita
2346 1729 2399 1776 et
2440 1721 2493 1774 in
2522 1719 2740 1774 Christo
2787 1715 2988 1771 nullam
3026 1713 3400 1770 rectitudinem
3429 1721 3749 1780 exspectaram

2226 1812 2434 1882 judicii,
2467 1814 2573 1866 imo
2599 1811 2927 1865 festinanter
2957 1808 3348 1864 condemnatus
3380 1802 3497 1859 fuit.
3527 1803 3616 1858 Per
3632 1820 3750 1858 ama-

546 1900 751 1967 braret,
785 1900 1034 1957 Christus
1061 1903 1231 1967 venit,
1275 1918 1435 1973 quem
1468 1920 1589 1958 etun
1632 1904 1816 1959 laetitia
1860 1916 1913 1959 et
1936 1920 2126 1976 pompa
2165 1896 2205 1951 Β
2230 1920 2321 1959 ras
2355 1919 2486 1959 vero
2538 1903 2735 1958 herbas
2782 1917 2906 1956 cum
2951 1899 3150 1971 quibus
3187 1904 3485 1967 praeceptus
3521 1903 3594 1949 est
3620 1909 3753 1964 agnus

543 2008 739 2063 magna
768 2002 824 2048 et
857 1995 1061 2049 honore
1086 1995 1236 2065 plebs
1255 2006 1365 2051 tota
1389 1996 1647 2066 suscepit,
1678 1998 1818 2051 unde
1842 1999 2126 2052 doctorum

542 2085 742 2140 imidia
800 2101 862 2141 ac
911 2087 1288 2144 malevolentia
1346 2089 1518 2160 major
1569 2091 1760 2155 crevit,
1816 2100 1871 2144 et
1899 2092 1965 2145 de
2012 2092 2131 2160 ipso

546 2179 889 2235 observando
924 2189 1087 2250 atque
1124 2182 1421 2238 occidendo
1458 2184 1545 2238 die
1582 2185 1814 2237 crastina
1845 2183 1979 2238 alter
2005 2200 2127 2238 cum

541 2270 713 2326 altero
742 2273 1026 2328 consilium
1054 2277 1219 2345 coepit
1240 2274 1458 2345 (Matth.
1486 2281 1573 2331 xxi
1595 2294 1612 2339 ;
1635 2276 1799 2331 Joan.
1825 2293 1931 2343 xu;
1956 2276 2124 2331 Marc.

541 2376 632 2425 xr;
691 2360 823 2416 Luc.
876 2363 1012 2434 xm).
1077 2364 1209 2418 l‘llud
1263 2376 1440 2420 autem
1501 2368 1786 2423 consilium
1845 2384 2014 2438 usque
2073 2370 2130 2423 in

543 2460 795 2519 quartam
831 2453 1094 2509 decimam
1136 2456 1278 2510 diem
1327 2465 1527 2512 tectum
1562 2468 1617 2513 et
1651 2458 1880 2514 celatum
1911 2458 2030 2513 fuit.
2064 2460 2128 2514 Et

542 2543 685 2598 sicut
708 2559 879 2615 agnus
904 2545 994 2601 ille
1025 2548 1297 2604 masculus
1326 2563 1464 2614 esse,
1511 2566 1575 2604 ac
1594 2550 1811 2617 juvenis
1841 2564 1963 2605 esse
1992 2566 2129 2621 pra:-

543 2646 732 2705 ceptns
780 2647 886 2702 est,
936 2654 999 2694 ac
1034 2640 1153 2695 sine
1200 2641 1516 2697 infirmitate
1545 2644 1715 2708 omni,
1768 2646 1840 2696 ita
1878 2642 2128 2699 Christus

541 2740 598 2784 et
630 2731 920 2798 masculus,
954 2742 1009 2788 et
1033 2718 1272 2801 juvenis,
1320 2744 1377 2789 et
1413 2737 1558 2789 omni
1597 2736 1929 2801 infirmitate,
1964 2737 2013 2791 id
2044 2746 2128 2793 est

540 2835 770 2895 peccato
795 2841 988 2882 carens
1018 2825 1121 2882 fuit
1149 2828 1201 2897 (I
1235 2826 1382 2884 Petr.
1413 2829 1497 2897 ιι).
1541 2828 1693 2896 Quod
1722 2841 1899 2884 autem
1953 2832 2127 2885 hostia

539 2916 634 2974 illa
671 2917 739 2972 de
765 2932 865 2972 ove
890 2917 973 2973 vel
1006 2933 1171 2988 capra
1196 2919 1367 2988 accipi
1399 2932 1665 2989 praecepta
1705 2931 1808 2983 est,
1838 2931 1891 2975 et
1919 2937 2023 2975 non
2061 2923 2129 2976 de

538 3018 732 3072 vacca,
765 3007 889 3062 licet
935 3008 1001 3064 de
1032 3009 1355 3065 animalibus
1405 3009 1510 3065 illis
1542 3026 1702 3065 vacca
1728 3013 1799 3065 sit
1828 3013 1894 3066 de
1931 3014 2130 3082 quibus

541 3102 660 3157 ﬁeri
716 3100 1042 3159 sacrificium
1099 3102 1152 3156 in
1194 3102 1312 3174 lege
1351 3118 1676 3173 prwccptum
1738 3104 1857 3165 fuit.
1905 3117 2127 3176 propter

543 3191 649 3247 hoc
679 3190 878 3245 factum
925 3200 1009 3247 est
1038 3192 1180 3260 quod
1230 3195 1348 3247 ovis
1396 3192 1481 3247 vel
1531 3209 1692 3263 capra
1736 3210 1858 3249 cum
1912 3196 2126 3264 capitur

541 3297 652 3336 tum
691 3291 956 3351 repugnat
1005 3283 1146 3337 sicut
1193 3298 1358 3337 vacca
1412 3283 1559 3338 facit.
1599 3284 1662 3337 Et
1711 3284 1919 3354 signum
1963 3286 2125 3342 etiam
2155 3283 2199 3301 υ

541 3370 664 3434 fuit,
709 3372 856 3442 quod
882 3371 1129 3428 Christus
1156 3389 1276 3428 cum
1301 3382 1493 3444 captus
1526 3384 1604 3428 cst
1633 3390 1740 3429 non
1774 3375 1993 3441 restitit,
2026 3392 2129 3433 nec

541 3479 604 3521 se
634 3473 690 3519 ut
721 3474 904 3533 posset
932 3464 1194 3521 defendit.
1226 3464 1381 3533 Quod
1433 3480 1559 3519 vero
1588 3467 1654 3521 ab
1685 3468 1832 3521 omni
1886 3468 2129 3522 multitu-

542 3556 670 3612 dine
703 3556 933 3612 filiorum
962 3556 1126 3611 lsracl
1153 3556 1338 3627 jussus
1362 3566 1446 3612 est
1469 3556 1760 3624 immolari,
1783 3573 1904 3613 cum
1938 3560 2126 3631 singu-

542 3647 735 3704 lariter
764 3650 830 3704 de
851 3663 958 3704 uno
986 3658 1312 3720 praeceptum
1336 3648 1433 3715 sit,
1459 3647 1582 3703 licet
1604 3665 1709 3704 non
1727 3665 1915 3706 omnes
1937 3668 2124 3717 unum,

543 3740 640 3795 sed
669 3741 1035 3811 unusquisque
1066 3756 1163 3812 per
1190 3742 1379 3797 domos
1405 3750 1459 3796 et
1485 3740 1721 3796 familias
1743 3758 1898 3798 suum
1935 3744 2126 3797 immo-

547 3828 692 3896 Ιςιτὶι,
724 3829 1022 3901 designavit
1076 3831 1218 3899 quod
1265 3831 1444 3886 omnis
1486 3829 1791 3887 Judazorum
1843 3832 2127 3888 multitudo

547 3922 822 3975 Christum
873 3920 1095 3977 occidit.
1144 3921 1291 3978 L'icet
1342 3924 1486 3978 enim
1547 3938 1655 3979 non
1709 3925 1885 3981 onmis
1932 3925 2124 3991 adfuit,

546 4013 725 4068 anulis
775 4022 956 4069 tamen
1018 4028 1300 4070 assensum
1369 4018 1620 4085 prtebuit.
1673 4017 1807 4085 Quia
1857 4033 1984 4073 vero
2039 4020 2128 4074 die

546 4114 738 4174 quarta
767 4106 996 4175 decima,
1036 4118 1090 4163 et
1134 4109 1275 4164 inter
1307 4107 1412 4163 duo
1449 4125 1697 4180 vespera,
1732 4110 2022 4165 videndum
2046 4120 2130 4165 est

544 4212 665 4266 quze
690 4198 798 4253 sint
826 4199 931 4254 duo
951 4199 1056 4255 diei
1084 4215 1326 4271 vespera.
1359 4201 1425 4255 Et
1451 4218 1616 4256 unum
1640 4203 1854 4273 quidem
1877 4213 1979 4268 est,
2004 4220 2126 4258 cum

543 4288 623 4343 sol
655 4304 684 4342 a
715 4289 890 4344 medio
927 4289 1046 4345 coeli
1080 4300 1277 4361 puncto
1306 4291 1632 4348 descendere
1663 4295 1867 4363 incipit,
1898 4294 2128 4349 alterum

546 4394 699 4448 vero,
722 4397 841 4436 cum
871 4392 997 4438 ante
1025 4393 1235 4439 noctem
1283 4399 1351 4440 ex
1388 4395 1500 4442 toto
1530 4387 1749 4441 occidit.
1782 4388 1848 4442 Et
1877 4387 2128 4445 Christus

544 4485 598 4526 ct
637 4474 725 4527 die
779 4484 972 4544 quarta
1022 4475 1230 4530 decima
1284 4486 1339 4532 et
1383 4478 1525 4532 inter
1564 4480 1670 4533 duo
1728 4480 1839 4534 diei
1885 4480 2125 4549 ejusdem

2232 1996 2320 2051 ille
2362 1996 2612 2061 comedi,
2658 1992 2973 2065 designatur
3016 1989 3159 2061 quod
3213 2004 3280 2043 ex
3332 1986 3420 2041 illa
3464 1985 3756 2041 damnatione

2230 2089 2451 2158 injusta,
2476 2087 2759 2142 calamitas
2793 2094 2847 2140 et
2894 2083 3200 2139 amaritudo
3250 2080 3418 2137 venit.
3452 2078 3593 2147 Quod
3611 2086 3755 2132 autem

2228 2194 2283 2238 et
2312 2193 2453 2237 totus
2475 2197 2598 2236 cum
2634 2180 2812 2249 capite
2842 2186 2898 2234 et
2933 2177 3161 2249 pedibus
3196 2183 3254 2229 et
3281 2172 3547 2228 intestinis
3573 2170 3757 2225 manda—

2232 2284 2316 2329 tus
2340 2282 2421 2329 est
2468 2273 2648 2341 coqui,
2701 2278 2758 2325 et
2811 2278 2934 2340 post
2985 2266 3377 2322 comestionem
3418 2278 3478 2318 os
3529 2261 3654 2315 illius
3674 2274 3760 2314 non

2230 2365 2520 2436 confringi,
2550 2364 2786 2418 insinuat
2829 2360 2971 2431 quod
3003 2374 3104 2413 nec
3134 2358 3188 2411 in
3215 2354 3489 2411 occisione
3510 2351 3763 2407 membrum

2228 2460 2430 2517 Christi
2491 2458 2709 2529 aliquod
2760 2469 2959 2510 caesum
3012 2464 3119 2515 est,
3175 2453 3289 2505 imo
3353 2460 3627 2517 suspensus
3666 2458 3762 2497 cum

2228 2552 2479 2606 oumihus
2510 2548 2766 2605 membris
2796 2545 2914 2612 fuit,
2951 2560 3051 2600 nec
3100 2553 3224 2614 post
3276 2540 3666 2596 occisionemos
3686 2532 3766 2587 ali-

2228 2645 2371 2714 quod
2420 2644 2536 2713 ejus
2582 2639 2955 2711 computrivit,
2986 2651 3080 2692 aut
3108 2635 3411 2705 quamlibet
3444 2632 3590 2687 aliam
3623 2629 3763 2681 disso-

2228 2738 2485 2793 lutionem
2522 2735 2800 2799 sustinuit,
2832 2734 2940 2787 imo
2973 2741 3117 2786 totus
3165 2738 3221 2781 et
3265 2730 3472 2797 integer
3500 2720 3767 2779 resurrexit.

2234 2828 2391 2883 Vides
2421 2829 2585 2899 igitur
2634 2827 2760 2898 quia
2819 2826 2962 2880 sicut
3014 2822 3338 2892 praedictum
3377 2826 3660 2908 estiagans
3700 2808 3772 2908 ille

2228 2919 2475 2990 Egypti,
2506 2931 2668 2988 atque
2717 2918 2851 2972 ritus
2889 2915 2993 2978 sui,
3047 2915 3218 2982 figura
3259 2920 3319 2965 ct
3358 2905 3635 2963 similitudo
3671 2905 3773 2970 agni

2229 3012 2325 3066 Dei
2348 3013 2577 3071 fuerunt,
2611 3010 2666 3063 id
2691 3019 2775 3083 est
2797 3007 3021 3063 Christi.
3067 3003 3225 3071 Quod
3268 3003 3317 3057 si
3374 3001 3533 3054 ritum
3574 2994 3771 3087 aliquant

2228 3100 2671 3172 praetermisimus
2699 3114 2804 3153 non
2846 3096 3224 3166 explanatum,
3259 3093 3305 3146 si
3350 3096 3553 3144 attente
3589 3084 3771 3137 investi-

2230 3208 2347 3264 ges,
2379 3192 2630 3247 similiter
2659 3190 2865 3262 poteris
2891 3187 3167 3259 applicare
3194 3185 3271 3239 ad
3301 3182 3594 3240 Christum.

2299 3286 2530 3342 Movsss.
2560 3284 2848 3352 Quoniam,
2897 3280 3079 3345 Petre,
3114 3279 3298 3334 Phase
3341 3271 3573 3344 IEgypti.
3614 3276 3663 3320 ut
3684 3263 3775 3334 pla-

2229 3379 2362 3442 cuit,
2393 3376 2716 3447 explanasti,
2761 3374 2880 3429 volo
2925 3373 3103 3437 dicas,
3150 3371 3197 3425 si
3245 3369 3451 3440 placet,
3498 3375 3652 3433 quare
3685 3359 3783 3412 vice

2229 3471 2397 3547 altera
2428 3470 2600 3524 Phase
2647 3470 2702 3523 in
2734 3468 2954 3524 deserto
3001 3476 3341 3537 praeceptum
3367 3469 3451 3517 est
3503 3456 3609 3512 fieri
3657 3450 3775 3521 (Leu.

2228 3578 2396 3626 nm;
2423 3560 2586 3616 Num.
2618 3560 2831 3631 xxvm).

2297 3656 2533 3711 Parnus.
2564 3653 2715 3709 Nulla
2746 3668 2878 3708 sane
2921 3651 2989 3707 de
3017 3665 3180 3707 causa
3214 3658 3312 3702 aut
3351 3644 3582 3702 utilitate
3613 3638 3782 3692 factum

2228 3760 2333 3814 est,
2360 3748 2462 3801 nisi
2485 3747 2554 3802 ob
2583 3744 2900 3801 memoriam
2932 3742 3105 3799 Phase
3135 3738 3484 3811 Egyptiaci,
3510 3743 3565 3788 et
3596 3732 3656 3786 ad
3676 3744 3788 3783 nun-

2231 3841 2471 3895 tiandum
2502 3838 2654 3904 illud,
2677 3852 2785 3906 quo
2812 3836 3174 3890 imtnolaudus
3203 3841 3333 3887 erat
3363 3829 3611 3886 Christus
3632 3824 3790 3891 Agnus

2231 3934 2343 3988 Dei.
2378 3931 2484 3987 Sed
2518 3941 2573 3986 et
2603 3930 2730 3985 illud
2770 3929 2947 3984 Phase
2984 3942 3218 3995 seraper,
3275 3922 3466 3993 quoad
3493 3912 3792 4013 viain-Clin:

2229 4038 2346 4081 Sitis
2396 4022 2707 4085 celebravit,
2759 4031 2869 4076 tum
2919 4032 2976 4075 ut
3034 4020 3210 4088 legem
3288 4016 3592 4085 compleret
3651 4008 3790 4074 Moysi

2230 4118 2446 4187 (Matth.
2475 4116 2553 4183 v),
2584 4124 2695 4170 tum
2724 4114 2852 4185 quia
2876 4113 3115 4168 nondum
3169 4110 3441 4181 completi
3488 4112 3663 4162 essent
3684 4101 3798 4155 ritus

2230 4209 2329 4263 illi.
2356 4208 2643 4279 Postquam
2670 4220 2802 4262 vero
2828 4221 2926 4275 per
2974 4214 3207 4259 mortem
3258 4218 3424 4257 suam
3461 4212 3627 4255 totum
3667 4207 3793 4248 com-

2229 4301 2426 4370 pletum
2469 4309 2571 4364 est,
2608 4298 2721 4367 jam
2776 4297 2908 4352 illud
2953 4296 3127 4351 Phase
3169 4294 3295 4349 ﬁeri
3349 4304 3579 4349 necesse
3603 4284 3801 4385 ulterius

2229 4409 2334 4448 non
2360 4403 2462 4454 est,
2490 4392 2597 4446 imo
2638 4390 2846 4446 Pascha
2888 4389 3014 4444 illud
3042 4388 3189 4457 quod
3215 4387 3293 4442 ab
3323 4384 3592 4455 apostolis
3624 4384 3798 4434 nostris

2228 4486 2530 4540 ordinatum
2563 4484 2717 4539 nobis
2775 4492 2876 4538 est.
2928 4481 3155 4537 Rectum
3204 4494 3301 4535 εει
3360 4481 3518 4535 enim
3581 4487 3640 4530 ut
3682 4472 3802 4526 diem

541 4582 767 4637 \espera
812 4568 863 4620 id
896 4577 980 4623 est
1009 4568 1138 4623 hora
1187 4587 1325 4625 nona
1354 4582 1412 4625 ut
1436 4573 1632 4642 vosipsi
1663 4575 1883 4628 creditis
1908 4576 2121 4645 expira-
2153 4593 2199 4652 ι)
2227 4578 2537 4635 salvationis
2558 4577 2861 4632 animarum
2879 4589 2999 4645 quae
3027 4572 3129 4627 coli
3151 4573 3387 4642 dignior
3417 4582 3507 4627 est
3533 4572 3805 4624 commute-

543 4658 642 4711 xit.
678 4656 907 4713 Possunt
935 4669 1114 4714 autem
1144 4670 1197 4717 et
1225 4678 1322 4733 per
1353 4664 1459 4719 duo
1490 4680 1732 4735 vespera,
1767 4666 1885 4721 dua:
1932 4679 2130 4724 vestrae

544 4750 890 4820 captivitates
915 4753 1161 4825 intelligi,
1196 4756 1485 4828 Babylonis
1528 4759 1779 4815 videlicet
1804 4771 1966 4830 atque
1996 4763 2123 4817 Titi.

546 4844 611 4899 Et
640 4843 888 4901 Christus
930 4847 1073 4904 inter
1118 4849 1223 4905 duo
1267 4865 1490 4920 vespera
1538 4852 1692 4919 obiit,
1734 4853 1862 4922 quia
1912 4863 1967 4909 et
2005 4866 2127 4925 post

546 4935 950 5008 Babylonicam,
1014 4949 1070 4997 et
1120 4951 1246 4998 ante
1300 4944 1669 5014 captivitatem
1709 4944 1833 5000 Titi.
1887 4945 2022 5002 Nam
2074 4956 2130 5002 et

545 5029 688 5098 quod
715 5031 936 5104 sanguis
971 5033 1097 5104 agni
1124 5049 1289 5104 super
1324 5046 1611 5106 utrumque
1655 5047 1861 5107 postem
1890 5049 1946 5093 et
1966 5055 2128 5110 super

516 5122 814 5201 iliminaria
855 5127 1138 5184 domorum
1181 5132 1235 5186 in
1283 5132 1516 5202 signum,
1548 5133 1754 5189 scilicet
1777 5135 1954 5190 crucis
2000 5139 2124 5206 poni

518 5225 844 5288 praeceptus
891 5230 1005 5286 est,
1052 5223 1369 5293 sanguinem
1425 5223 1727 5293 designavit
1767 5225 1967 5281 Christi
2032 5232 2122 5298 qui

544 5325 712 5381 super
751 5326 967 5369 crucem
1017 5311 1218 5370 ell‘usus
1254 5324 1361 5369 cst.
1409 5315 1475 5368 Et
1522 5315 1662 5370 sicut
1720 5317 1937 5388 sanguis
1983 5319 2125 5374 illius

551 5402 699 5470 agni,
725 5411 784 5457 ut
805 5402 1063 5469 diximus,
1092 5404 1160 5459 de
1193 5413 1368 5459 morte
1396 5406 1642 5474 corporis
1671 5407 1960 5462 custodivit
1989 5407 2122 5463 lide-

545 5491 625 5549 les
669 5494 903 5560 Domini,
934 5495 1006 5550 ita
1045 5504 1102 5550 et
1151 5494 1334 5550 fideles
1379 5511 1506 5551 suos
1531 5497 1597 5552 de
1644 5497 1863 5552 interitu
1908 5500 2128 5566 animae,

545 5587 768 5657 sanguis
812 5586 1041 5641 redemit
1078 5586 1205 5642 Jesu
1231 5586 1429 5642 Christi
1470 5590 1651 5658 (Apoc.
1678 5590 1741 5659 ι).
1782 5588 1929 5645 Sicut
1955 5592 2117 5646 etiam

547 5675 771 5745 sanguis
793 5676 879 5731 ille
905 5677 1122 5731 domum
1148 5678 1368 5747 nullam,
1387 5681 1488 5735 nisi
1507 5680 1622 5736 illas
1645 5682 1698 5735 in
1722 5681 1916 5751 quibus
1938 5698 2121 5738 come-

549 5765 781 5821 debatur
868 5769 1248 5832 conservavit,
1310 5774 1449 5826 unde
1514 5781 1569 5825 et
1639 5772 1693 5826 in
1747 5774 1852 5828 illis
1917 5783 2120 5829 tantum

550 5868 852 5930 prazceptus
875 5869 959 5917 est
995 5859 1142 5931 poni,
1171 5861 1243 5918 ita
1274 5871 1329 5920 et
1366 5865 1587 5935 sanguis
1624 5865 1820 5925 Christi
1845 5867 1934 5938 qui
1962 5882 2123 5939 super

2231 4686 2350 4724 mus
2384 4685 2481 4739 pro
2509 4669 2594 4722 die
2628 4667 2941 4722 salvationis
2973 4681 3293 4736 corporum.
3338 4661 3484 4718 Nam
3514 4671 3569 4717 et
3591 4656 3809 4712 νειιίειιιθ

2229 4760 2435 4831 majore
2465 4759 2671 4825 laetitia,
2699 4758 2877 4813 minor
2911 4759 3139 4824 recedit,
3181 4768 3242 4812 et
3275 4757 3508 4811 oriente
3536 4750 3665 4812 sole.
3699 4742 3808 4799 ὕει’

2229 4854 2399 4909 larum
2442 4853 2663 4908 claritas
2710 4852 2938 4922 aufugit.
2987 4850 3093 4905 Sed
3141 4859 3196 4904 et
3251 4848 3598 4905 memoriam
3639 4836 3813 4913 prioris

2228 4945 2485 5001 debemus
2517 4946 2789 5000 dimittere
2816 4959 2912 5014 pro
2940 4942 3199 4999 memoria
3244 4939 3575 5010 sequentis,
3618 4934 3815 4989 siculcl

2226 5054 2324 5110 per
2351 5037 2638 5093 .leremiam
2679 5037 3003 5107 prophetam
3035 5034 3313 5090 Dominus
3363 5028 3671 5103 promisit:
3700 5019 3815 5077 Ecce

2227 5131 2336 5183 dies
2366 5130 2583 5193 venient,
2616 5130 2807 5196 inquit,
2840 5128 2967 5182 dicit
3017 5126 3310 5190 Dominus,
3366 5136 3421 5178 et
3476 5138 3585 5177 non
3638 5118 3818 5171 dicetur

2227 5221 2451 5291 amplius
2475 5237 2494 5276 :
2539 5220 2673 5274 Vivit
2714 5221 2991 5285 Dominus,
3026 5219 3115 5291 qui
3155 5218 3363 5272 eduxit
3405 5216 3558 5287 ﬁlios
3580 5205 3741 5267 Israel
3766 5202 3820 5256 de

2229 5324 2367 5367 terra
2424 5312 2665 5383 ngypti,
2719 5314 2852 5368 sed:
2890 5312 3026 5367 Vivit
3079 5310 3351 5365 Dominus
3410 5309 3509 5380 qui
3565 5300 3737 5360 eduxit
3777 5301 3820 5347 ει

2226 5406 2449 5460 adduxit
2498 5404 2638 5474 ﬁlios
2680 5403 2852 5459 Israel
2884 5404 2950 5458 de
2992 5411 3134 5459 terra
3179 5402 3479 5473 aquilonis
3528 5397 3666 5471 (Jer.
3698 5389 3819 5460 1Y1)-

2297 5497 2528 5554 Movsss.
2570 5496 2858 5554 Promissio
2913 5512 3046 5553 sane
3084 5496 3183 5552 ista
3235 5495 3492 5550 Christo
3524 5487 3824 5547 adveniente

2225 5586 2605 5657 complebitur.

2295 5682 2534 5737 Psrnus.
2561 5679 2760 5735 Vcrum
2785 5680 3032 5750 estquod
3062 5678 3410 5735 adveniente
3439 5678 3672 5735 Christo
3692 5682 3826 5727 com-

2223 5775 2358 5846 pleri
2393 5774 2596 5831 debuit.
2640 5773 2745 5827 Sed
2789 5788 2911 5829 cum
2937 5773 3048 5844 jam
3094 5770 3326 5828 venisse
3374 5771 3676 5829 Christum
3708 5776 3833 5837 1m)-

2221 5871 2407 5929 batum
2457 5870 2554 5937 sit,
2586 5877 2709 5924 tunc
2730 5877 2793 5925 .et
2842 5865 3106 5938 completa
3137 5872 3222 5923 est
3267 5866 3588 5938 prophetia
3627 5855 3836 5934 quando
