4038 6468
315 420 420 478 665

320 535 488 589 venit.
515 529 649 598 Qua:
677 531 758 586 sic
787 528 1128 600 intelligenda
1159 537 1262 595 est,
1294 528 1417 598 quia
1452 529 1683 598 amplius
1716 546 1892 585 recor-
1926 536 1973 589 Α

322 626 438 682 dari
476 639 579 678 non
624 622 916 687 debemus,
958 619 1102 691 quod
1159 620 1298 675 ﬁlios
1343 621 1504 676 Israel
1554 623 1619 676 de
1663 619 1900 694 A'ngpta

296 718 509 807 ,eduxit
548 713 831 781 Dominus,
870 713 977 768 imo
1018 711 1083 766 de
1113 723 1253 766 terra
1289 712 1568 782 aquilonis,
1622 712 1672 766 id
1708 723 1794 767 est
1832 713 1900 767 de

323 809 557 871 inferno,
605 822 727 862 cum
772 822 870 875 per
906 804 1213 876 aquilonem
1259 805 1585 875 intelligatur
1629 805 1897 869 diabolus,

286 898 474 972 (cujus
503 909 649 972 terra
690 905 745 950 et
771 895 1035 950 habitatio
1063 904 1149 950 est
1168 894 1434 962 infernus,
1466 895 1607 949 sicut
1633 894 1761 948 dicit
1781 893 1897 949 Jocl

322 970 626 1058 propheta:
657 987 722 1042 Et
761 987 850 1058 qui
898 987 963 1041 ab
1009 987 1251 1058 aquilone
1286 998 1363 1042 est
1410 987 1593 1058 procul
1633 988 1829 1057 faciam
1866 1005 1899 1043 a

321 1081 458 1133 vobis
475 1120 489 1138 .
522 1089 571 1133 et
599 1077 855 1147 expellam
884 1094 1001 1132 eum
1029 1079 1083 1131 in
1110 1088 1303 1132 terram
1329 1077 1521 1132 inviam
1548 1086 1595 1131 et
1618 1078 1896 1141 desertam,

323 1172 510 1240 [aciem
555 1169 671 1238 eius
703 1180 885 1224 contra
916 1184 1060 1223 mare
1090 1169 1365 1234 orientale,
1393 1179 1441 1223 et
1470 1179 1759 1223 extremum
1786 1169 1899 1239 ejus

320 1263 388 1315 ad
418 1277 561 1315 mare
581 1261 941 1326 novissimum,
970 1270 1019 1313 et
1042 1261 1282 1314 ascendet
1315 1259 1450 1329 fetor
1472 1259 1611 1329 ejus,
1635 1270 1683 1314 et
1711 1276 1894 1313 ascen-

324 1356 409 1405 det
439 1350 661 1418 putredo
684 1350 822 1420 ejus,
863 1350 987 1420 quia
1015 1350 1233 1417 superbe
1272 1351 1376 1420 egit
1409 1350 1570 1421 (Joel.
1593 1350 1676 1421 ιι).
1711 1351 1777 1405 Et
1798 1366 1899 1422 ego

325 1440 545 1509 quidem
577 1456 685 1495 non
711 1455 844 1495 curo
881 1439 1173 1511 explanare
1210 1442 1440 1510 qualiter
1468 1456 1564 1511 per
1590 1442 1887 1512 aquilonem

323 1531 591 1586 diabolum
623 1533 893 1603 possimus
929 1531 1260 1602 intelligere,
1292 1548 1417 1588 nam
1457 1534 1558 1588 hoc
1608 1534 1772 1587 vestri
1803 1535 1899 1588 do-

322 1637 502 1679 ctores
531 1624 668 1678 satis
694 1639 1012 1694 exposuere.
1030 1623 1293 1680 Praeterea
1324 1635 1502 1681 autem
1523 1627 1899 1695 quamodaros

325 1714 499 1767 l’hasc
528 1715 805 1771 celebrare
831 1715 1030 1779 dicitis,
1055 1732 1176 1771 cum
1207 1732 1307 1772 nec
1336 1716 1662 1773 sacriﬁcium
1689 1718 1899 1773 faciatis

319 1821 417 1857 ιιςου
436 1805 629 1870 altare,
646 1820 746 1861 nec
772 1807 1128 1871 sacerdotem,
1153 1808 1242 1878 qui
1267 1807 1394 1862 illud
1430 1808 1593 1863 faciat
1621 1808 1902 1864 habeatis?

1805 412 1908 467 l)l.\
1920 411 2095 467 LOCI.

3471 408 3579 463 666

2071 531 2298 586 Marsus.
2318 530 2406 585 Ille
2428 528 2614 600 procul
2642 526 2824 589 dubia.
2847 526 2937 596 qui
2964 524 3338 596 paenitentiam
3363 524 3576 581 fecerit.

2078 621 2312 677 i’erncs.
2338 621 2477 691 Ergo
2503 634 2789 690 possumus
2816 616 3106 680 alﬁrmare,
3125 616 3232 671 vim
3252 614 3581 687 expiationis

2000 711 2143 767 illius
2167 712 2217 766 in
2244 711 2555 782 pmuitcntia
2589 725 2694 764 non
2728 710 2781 763 in
2814 707 3020 780 jejunio
3041 716 3315 774 constare,
3344 716 3579 764 testante

2000 803 2165 869 lsaia,
2197 811 2250 857 et
2288 803 2539 856 dicente:
2569 798 2825 869 Nunquid
2866 801 2962 853 ltoc
2997 806 3076 853 est
3112 800 3282 870 magis
3308 798 3578 870 jejunium

1998 896 2136 965 quod
2183 895 2331 964 elegi.
2376 892 2614 948 Dissolre
2667 893 3030 963 colligationes
3079 892 3393 962 impietatis,
3439 891 3578 947 solos

1999 985 2282 1054 fasciculos
2304 985 2648 1053 deprimentes
2673 983 2808 1054 (lsa.
2834 987 3011 1050 LVIII).

2067 1074 2297 1130 Marses.
2335 1073 2473 1140 Quid
2507 1074 2670 1143 igitur
2695 1072 2837 1127 valet
2863 1071 3163 1143 jejunium?

2074 1164 2308 1219 Persas.
2339 1164 2529 1218 Totins
2556 1171 2639 1217 est
2669 1178 2800 1217 sane
2829 1164 2957 1216 boni
2985 1163 3218 1226 initium,
3243 1164 3385 1233 quod
3422 1172 3480 1218 et
3504 1163 3573 1219 ad

1999 1271 2194 1325 corpus
2216 1257 2509 1310 humanum
2536 1254 2849 1327 precipitur
2875 1253 3263 1310 debilitandqu
3299 1265 3355 1310 et
3373 1271 3401 1310 a
3429 1256 3576 1311 vitiis

1999 1349 2473 1416 compescetnlum.

2070 1438 2299 1494 Marses.
2327 1437 2633 1493 Secundum
2673 1438 2832 1491 verba
2872 1445 2961 1490 tua
2996 1438 3304 1506 quicunque
3335 1437 3579 1508 quolibet

2000 1530 2088 1584 die
2137 1528 2463 1600 jejunaverit
2509 1529 2671 1584 simul
2723 1538 2779 1585 et
2836 1530 3174 1597 pmttittterit,
3226 1541 3577 1599 peccatorum

2000 1623 2371 1677 remissionem
2410 1622 2648 1677 habebit.

2073 1715 2305 1771 Persas.
2353 1713 2548 1771 Verum
2580 1723 2684 1770 est.

2074 1806 2299 1862 Marses.
2330 1812 2509 1874 Quare
2548 1807 2711 1877 igitur
2739 1807 2882 1861 Deus
2907 1807 3048 1861 diem
3094 1806 3236 1862 illius
3262 1804 3451 1878 jejunii
3478 1822 3579 1862 na-

318 1896 526 1951 l'ulatis
549 1897 695 1952 enim
719 1900 861 1968 quod
893 1907 1114 1969 propter
1136 1900 1332 1955 herbas
1359 1908 1566 1954 tantum
1581 1908 1636 1956 et
1655 1915 1894 1972 azymos,
1929 1889 1971 1947 Β
2000 1900 2243 1955 minutim
2280 1900 2572 1970 praecepit?
2600 1897 2743 1971 (Leu.
2768 1906 2925 1967 χχιιι)

317 2000 453 2050 quos
476 1986 819 2042 ntanducatis
832 1986 1003 2043 Phase
1017 1988 1288 2059 complere
1301 1989 1555 2059 possitis?
1572 1989 1712 2058 Quin
1730 1991 1893 2045 etiam

319 2079 495 2148 ipsum
525 2078 669 2133 diem
693 2078 932 2145 Pascha,
962 2081 1290 2152 quandoque
1318 2084 1689 2146 commutatis,
1718 2089 1774 2137 et
1807 2098 1897 2137 us-

316 2183 424 2236 que
452 2170 506 2222 in
530 2178 848 2238 sequentem
877 2168 1128 2236 diﬁ‘ertis,
1153 2171 1278 2240 quia
1315 2171 1444 2225 illud
1469 2186 1567 2227 nec
1590 2171 1677 2227 die
1706 2171 1894 2235 Lume,

316 2276 418 2316 nec
454 2261 726 2326 Mercurii.
777 2279 877 2318 nec
916 2263 1003 2320 die
1048 2264 1275 2320 Veneris
1312 2281 1546 2335 unquam
1586 2266 1892 2322 celebratis.

317 2353 473 2421 Quod
503 2354 634 2409 mihi
667 2354 790 2410 volo
826 2355 1098 2413 edisseras
1120 2373 1289 2427 quare
1321 2357 1511 2412 facias.

392 2445 625 2501 Marses.
652 2446 846 2503 Nescio
891 2448 1068 2515 aliud,
1104 2450 1202 2503 nisi
1244 2451 1386 2519 quod
1436 2451 1608 2507 nostri
1644 2452 1894 2508 doctores

320 2537 403 2591 sic
426 2538 816 2594 ordinaverunt
854 2539 1000 2606 illud,
1030 2551 1085 2595 et
1110 2540 1371 2596 Gamalicl
1411 2558 1519 2610 pm:
1550 2545 1820 2598 omnibus.

391 2626 629 2683 PETRUS.
660 2629 728 2683 Et
759 2630 897 2685 nosti
932 2646 1099 2700 quare
1134 2631 1393 2687 Gamalicl
1421 2632 1546 2688 fecit
1575 2635 1753 2689 istud?

398 2721 627 2775 MOYSES.
658 2721 798 2777 Non.

393 2812 623 2869 Persas.
672 2813 932 2871 Gamaliel
983 2817 1182 2888 quippe
1234 2819 1315 2873 vir
1357 2828 1579 2875 sanctus
1624 2830 1679 2874 et
1721 2821 1895 2877 ﬁdelis

316 2902 420 2959 fuit
441 2906 782 2963 Christianus
807 2909 946 2976 (Act.
970 2912 1041 2981 v).
1074 2910 1137 2965 Et
1158 2912 1283 2981 quia
1314 2912 1462 2966 novit
1488 2912 1629 2982 quod
1653 2913 1739 2968 die
1762 2916 1892 2982 qui-

316 3000 440 3053 dem
488 2997 655 3054 Lunze
686 3001 969 3056 consilium
1016 3003 1253 3057 inierunt
1290 3004 1479 3069 .ludtei,
1513 3021 1620 3075 quo
1650 3005 1897 3060 Christus

314 3100 501 3160 posset
535 3092 911 3157 condemnari,
945 3095 1030 3149 die
1068 3107 1245 3149 autem
1281 3096 1532 3152 Mercurii
1576 3098 1758 3151 datum
1796 3097 1899 3152 fuit

312 3192 695 3253 argumentum
729 3198 827 3254 pro
862 3184 1153 3240 traditione
1203 3185 1434 3259 Christi,
1468 3187 1554 3242 die
1583 3198 1762 3242 autem
1805 3186 1899 3242 νυ-

312 3273 464 3327 neris
493 3271 686 3328 afﬁxus
714 3282 799 3329 est
840 3276 1007 3343 cruci,
1044 3277 1190 3346 quia,
1213 3278 1458 3348 inquam,
1495 3279 1597 3334 hac
1642 3280 1810 3343 novit,
1847 3290 1902 3335 et

309 3364 508 3420 diebus
556 3364 661 3420 illis
702 3367 955 3436 gaudium
998 3369 1211 3438 aliquod
1255 3371 1497 3425 exerceri
1545 3386 1648 3424 non
1702 3370 1896 3433 voluit,

312 3458 442 3513 ideo
488 3458 546 3512 in
581 3458 688 3514 illis
721 3458 980 3515 celebrari
1030 3460 1201 3516 Phase
1245 3462 1517 3532 prohibuit
1549 3463 1745 3534 (Exod.
1773 3464 1895 3535 χιι),

306 3559 360 3603 et
386 3549 447 3604 in
482 3558 799 3620 sequentem
842 3551 982 3607 diem
1013 3551 1229 3608 diﬁ‘erre
1253 3554 1522 3622 pra-cepit.
1573 3554 1686 3609 lloc
1715 3565 1895 3608 autem

307 3651 590 3698 secretum
616 3644 864 3700 omnibus
895 3644 1137 3700 revelare
1176 3661 1280 3699 non
1308 3645 1499 3698 voluit.

376 3732 623 3789 Marses.
663 3734 952 3806 Postquam
992 3734 1168 3791 Phase
1211 3736 1554 3791 festivitatem
1598 3737 1887 3801 damnasti.

305 3839 424 3894 qua:
456 3834 691 3881 exteras
716 3841 904 3881 omnes
928 3828 1265 3897 praeeeditac
1292 3827 1570 3898 prmccllit,
1609 3840 1663 3884 et
1692 3829 1758 3883 de
1784 3826 1913 3900 qua'

302 3916 654 3986 prazcipitur,
701 3918 842 3987 quod
888 3918 980 3989 qui
1019 3934 1137 3974 eam
1177 3934 1283 3974 non
1334 3918 1522 3975 fecerit
1566 3921 1779 3992 peribit,
1813 3923 1894 3990 ,de

304 4009 426 4064 aliis
483 4009 785 4065 minoribus
814 4008 1015 4066 frustra
1052 4012 1163 4082 jam
1198 4011 1617 4081 disputaremus,
1651 4029 1771 4066 cmn
1796 4028 1890 4067 eas

302 4115 509 4171 posses
533 4101 707 4158 multo
736 4103 1101 4159 condemnare
1139 4105 1327 4160 levius.
1372 4103 1447 4159 Dc
1469 4103 1676 4175 jejunio
1712 4115 1894 4158 autem

305 4197 507 4254 decimi
538 4198 648 4254 diei
681 4199 882 4254 mensis
909 4198 1122 4268 septimi
1152 4196 1306 4269 (Leu.
1329 4204 1491 4259 XXIII)
1515 4198 1643 4251 mihi
1683 4198 1895 4267 postulo

305 4290 662 4362 responderi,
698 4290 838 4359 quod
868 4290 935 4344 ad
966 4300 1274 4344 nostrorum
1304 4287 1669 4358 expiationem
1700 4304 1894 4358 pecca-

306 4391 487 4437 torum
524 4381 585 4435 in
611 4389 817 4435 tantum
849 4380 1106 4435 Dominus
1134 4381 1389 4451 prazcepit
1417 4381 1717 4446 abservaI-i,
1745 4381 1888 4449 quod

304 4491 428 4529 eum
472 4473 578 4543 qui
606 4489 712 4529 non
737 4475 1053 4528 observaret
1079 4472 1146 4526 de
1174 4473 1517 4544 generatione
1554 4488 1649 4527 sua
1679 4474 1892 4543 disper-

304 4566 385 4621 ire
410 4565 589 4631 dixit,
613 4573 669 4619 et
693 4565 857 4620 vestri
880 4564 1009 4621 illud
1038 4572 1454 4635 postposucruut
1472 4563 1720 4635 apostoli.

372 4656 633 4713 Persas.
664 4654 822 4711 Prius
849 4655 969 4710 volo
1007 4664 1065 4710 ut
1102 4656 1170 4710 de
1202 4654 1291 4710 illo
1328 4654 1534 4723 jejunio
1557 4656 1685 4710 mihi
1718 4656 1889 4718 dicas.

301 4759 490 4803 utrum
518 4748 703 4818 ipsum
725 4746 896 4802 solum
925 4746 1082 4802 alicui
1111 4747 1175 4800 ad
1198 4757 1541 4818 peccatorum
1570 4746 1892 4802 destructio.

303 4854 429 4894 nem
474 4838 742 4907 sufﬁciat,
791 4837 876 4894 vel
922 4854 1044 4894 cum
1090 4837 1184 4892 illo
1223 4838 1387 4892 etiam
1430 4838 1744 4908 paenitentia
1774 4838 1897 4908 quis

304 4933 583 5003 indigeat.

374 5023 627 5079 Marses.
673 5021 816 5075 Sane
845 5021 1049 5091 absque
1078 5019 1393 5090 pmnitentia
1434 5035 1538 5074 non
1581 5028 1757 5089 potest
1797 5033 1897 5074 ex-

300 5116 476 5186 piatio
507 5129 642 5170 esse
679 5114 804 5168 ulla.

373 5206 635 5262 Pmnus.
670 5205 799 5259 lletn
837 5221 1020 5276 qner
1059 5221 1088 5259 a
1144 5215 1196 5262 te
1234 5206 1341 5259 vim
1384 5202 1526 5258 illius
1573 5201 1898 5272 expiationis

307 5300 360 5352 Ea
387 5314 506 5370 quo
534 5311 663 5351 eam
688 5305 957 5361 constare,
988 5296 1074 5352 vel
1105 5295 1157 5350 in
1184 5296 1270 5352 die
1289 5294 1503 5365 jejunii,
1533 5292 1616 5348 vel
1647 5293 1699 5347 in
1730 5291 1898 5365 paeni-

305 5393 481 5449 tentia
507 5391 754 5447 asseris?

376 5484 631 5540 Movsss.
658 5481 716 5536 In
754 5490 1005 5550 utroque.

376 5575 637 5631 Persas.
668 5572 799 5626 Item
833 5569 1097 5642 reSpoude
1117 5588 1132 5627 :
1153 5570 1197 5625 si
1223 5571 1346 5641 quis
1367 5571 1737 5641 przetermisso
1759 5570 1900 5643 jeju-

307 5669 400 5723 nio
428 5662 765 5739 pmnituerit
806 5671 860 5716 et
903 5661 976 5715 ita
1019 5660 1238 5727 abierit,
1267 5662 1405 5717 alius
1442 5678 1572 5718 vero
1606 5654 1923 5734 jejuuando'

305 5762 403 5816 sed
439 5775 557 5814 non
612 5755 918 5827 pmniteudo
963 5764 1209 5810 mortuus
1250 5755 1499 5813 similiter
1543 5755 1736 5824 fuerit,
1778 5766 1897 5811 uter

303 5868 504 5912 eorum
542 5848 729 5921 potius
760 5847 953 5904 salvari
982 5846 1234 5903 debebit?

2071 1992 2303 2048 Ps'ruus.
2328 1992 2396 2049 Ut
2426 1993 2477 2047 in
2503 1993 2589 2047 die
2610 1993 2970 2047 delet-minata
2987 2007 3177 2046 omnes
3200 1993 3574 2053 convenirent.

1999 2094 2052 2140 et
2075 2082 2383 2155 jejuuautes
2402 2084 2771 2154 pteuitcntiam
2809 2093 3057 2155 agerent.

2075 2175 2305 2232 Marses.
2334 2176 2400 2231 Et
2428 2193 2597 2248 quare
2626 2176 2852 2248 apostoli
2884 2178 3048 2233 vestri
3090 2177 3194 2233 hoc
3221 2186 3391 2232 totum
3419 2176 3577 2231 diuti-

1999 2269 2218 2322 serunt"

2075 2360 2306 2415 l’sruus.
2335 2359 2467 2426 Quia
2492 2360 2741 2415 Christus
2766 2360 2929 2421 venit.
2950 2369 3003 2415 et
3027 2370 3195 2414 tatam
3229 2361 3399 2430 legent
3430 2376 3578 2415 com-

1999 2452 2184 2523 plevit.
2208 2463 2260 2506 et
2282 2452 2639 2523 quadraginta
2667 2451 2782 2506 dies
2802 2449 3406 2521 jejunavitUIrtttltJv;
3443 2449 3576 2503 Lur.

1999 2560 2083 2608 Iv;
2115 2543 2279 2597 Marc.
2308 2549 2370 2610 I),
2395 2544 2515 2598 ideo
2550 2543 2777 2612 apostoli
2808 2542 3057 2614 discipuli
3085 2542 3293 2597 scilicet
3329 2542 3411 2596 sui
3441 2556 3581 2611 qua-

1998 2636 2246 2706 draginta
2277 2635 2391 2689 dies
2418 2635 2469 2688 in
2496 2634 2613 2689 loco
2648 2635 2806 2689 unius
2833 2641 3228 2704 pnecepcruut,
3250 2634 3375 2703 quia
3407 2633 3582 2703 magis

2000 2730 2142 2783 valet
2163 2729 2426 2798 jejunium
2468 2728 2824 2799 quadraginta
2866 2727 3072 2781 dierum
3103 2741 3265 2795 quam
3309 2725 3489 2791 unius,
3522 2735 3580 2779 et

2000 2822 2318 2892 pteuiteutia
2350 2820 2709 2893 quadraginta
2740 2819 2948 2874 dierum
2979 2821 3150 2889 magis
3179 2817 3393 2887 proﬁcit
3413 2833 3581 2887 quam

2001 2916 2180 2971 unius.

2075 3005 2304 3060 Marses.
2337 3004 2412 3059 De
2432 3002 2656 3072 jejunio,
2692 3002 2831 3057 sicut
2861 2997 3084 3071 placuit,
3104 2998 3447 3069 respondisti.
3469 2997 3579 3055 Sed

2002 3100 2131 3170 quid
2159 3097 2308 3153 dices
2353 3098 2419 3153 de
2450 3096 2734 3152 sacriﬁciis
2764 3110 2885 3165 qua:
2916 3095 2984 3149 de
3011 3096 3171 3153 hove.
3207 3108 3368 3163 capra
3397 3101 3451 3146 et
3477 3107 3583 3147 ove

1929 3234 1974 3287 α
2007 3194 2265 3250 Dominus
2293 3192 2549 3265 praecepit
2572 3191 2708 3255 ﬁeri.
2740 3192 2882 3262 quod
2907 3188 3134 3261 apostoli
3158 3189 3321 3243 vestri
3347 3195 3575 3287 praeter-

1948 3273 1974 3296 ³
2009 3285 2293 3348 miserunt,
2338 3300 2402 3339 ac
2442 3285 2510 3338 de
2552 3297 2692 3354 pane
2730 3291 2936 3336 tantum
2979 3290 3034 3335 et
3077 3280 3202 3333 vino
3249 3276 3580 3333 sacriﬁcium

2004 3378 2120 3433 ﬁeri
2150 3385 2538 3448 przeceperunt.

2076 3471 2312 3524 l’srnus.
2345 3468 2536 3524 Omnia
2573 3464 2835 3521 sacriﬁcia
2868 3478 2985 3533 quae
3017 3465 3070 3517 in
3107 3463 3222 3532 lege
3263 3458 3429 3532 Moysi
3461 3458 3581 3513 ﬁeri

2008 3572 2279 3631 praecepta
2306 3568 2360 3614 ct
2382 3559 2629 3613 ordinata
2660 3566 2810 3620 sunt,
2844 3553 2972 3609 nihil
2998 3554 3101 3609 nisi
3133 3553 3300 3623 ﬁgura
3332 3560 3389 3606 et
3409 3550 3579 3621 signi-

2005 3655 2187 3709 licatio
2223 3651 2477 3707 sacriﬁcii
2511 3649 2763 3720 pra-cipni
2792 3648 2935 3719 quod
2976 3657 3258 3702 venturum
3299 3652 3418 3699 erat
3452 3640 3572 3695 fue-

2002 3755 2149 3809 runt,
2172 3753 2227 3798 et
2247 3753 2305 3796 ut
2334 3752 2520 3812 gentes
2566 3738 2850 3795 sacriﬁciis
2876 3754 2935 3794 se
2975 3736 3379 3793 assuefacerent
3404 3743 3459 3788 et
3480 3747 3579 3803 per

2001 3836 2088 3891 illa
2117 3843 2503 3902 agnosceretur
2549 3833 2714 3903 quod,
2760 3833 2899 3887 sicut
2940 3830 3055 3899 ipsa
3099 3825 3575 3885 consuetudinaria

2002 3928 2103 3982 ista
2140 3926 2365 3980 abluunt
2411 3934 2663 3994 peccata,
2693 3923 2766 3976 ita
2796 3937 2889 3992 per
2918 3921 3210 3975 maximum
3241 3917 3572 3973 sacriﬁcium

2004 4019 2300 4073 maximum
2316 4016 2670 4086 possetdeleri
2701 4023 2998 4083 peccatum.
3018 4012 3083 4067 Ut
3106 4022 3283 4064 autem
3299 4009 3573 4072 Christus,

1954 4098 1959 4101 ’
2000 4110 2236 4165 Sanctus
2259 4108 2467 4162 scilicet
2499 4116 2808 4160 sanctorum
2839 4103 3005 4174 (Dan.
3037 4103 3209 4170 tx),et
3237 4100 3566 4169 praecipuum

2001 4201 2326 4257 sacriﬁcium
2357 4200 2526 4264 venit,
2549 4213 2611 4253 ac
2639 4212 2736 4267 pro
2762 4205 2952 4250 nostra
2984 4193 3353 4263 redemptione
3381 4194 3576 4245 inuno-

2000 4300 2142 4355 latus
2167 4296 2407 4366 f-Iit,jam
2432 4295 2518 4350 illa
2544 4295 2763 4363 antiqua
2784 4291 2897 4346 ﬁeri
2918 4289 3184 4345 sacriﬁcia
3199 4285 3568 4342 necessarium

1996 4410 2101 4449 non
2132 4392 2249 4446 fuit.
2278 4391 2570 4459 Postquam
2606 4388 2788 4455 itaque
2814 4387 2928 4455 ipse
2958 4382 3204 4438 Christus
3263 4381 3432 4443 venit,
3458 4378 3574 4447 jam

1997 4483 2088 4539 illo
2121 4483 2326 4536 utimur
2366 4477 2663 4541 sacriﬁcio,
2706 4491 2844 4545 pane
2885 4474 3091 4529 scilicet
3118 4482 3175 4527 et
3214 4471 3375 4534 vino,
3427 4468 3571 4539 quod

1925 4575 1971 4632 Ι)
1998 4576 2153 4630 nobis
2192 4573 2512 4628 ordinarunt
2550 4568 2812 4640 apostoli,
2861 4567 2969 4621 imo
3000 4564 3246 4620 Christus
3275 4563 3389 4633 ipse
3427 4562 3575 4617 dedit

2000 4668 2211 4742 (Matth.
2241 4681 2408 4732 χχνι;
2444 4663 2614 4718 Marc.
2653 4677 2777 4728 xuv;
2817 4659 2946 4714 Luc.
2980 4674 3123 4721 χχιις
3158 4657 3186 4711 1
3217 4655 3338 4711 Cor.
3366 4655 3466 4727 χι).
3509 4654 3578 4709 Et

1996 4761 2100 4814 hoc
2128 4757 2455 4813 sacriﬁcium
2482 4753 2660 4808 simile
2682 4760 2766 4808 est
2790 4750 3058 4807 sacrilicio
3097 4749 3171 4802 illi
3195 4748 3337 4816 quod
3371 4747 3424 4801 in
3456 4746 3574 4816 lege

1998 4849 2209 4919 Moyses
2240 4846 2579 4918 prmeipiens,
2608 4843 2937 4899 sacriﬁcium
2984 4840 3142 4905 totis,
3183 4840 3236 4893 id
3276 4848 3362 4894 est
3400 4837 3576 4893 laudis

1999 4937 2288 5009 appellavit
2336 4934 2543 5007 (Exod.
2593 4950 2729 4999 xxv;
2779 4933 2899 4987 Leu.
2936 4948 2998 4996 II,
3043 4946 3150 4995 vII,
3190 4946 3350 4995 xxiv;
3405 4929 3570 4983 Num.

1999 5033 2229 5099 xxvm),
2259 5038 2313 5082 et
2343 5027 2486 5098 quod
2526 5029 2593 5083 de
2631 5042 2770 5098 pane
2802 5036 3006 5081 tantum
3049 5035 3106 5081 et
3141 5025 3268 5079 vino
3311 5023 3364 5078 in
3413 5021 3572 5090 hujus

1998 5122 2169 5177 nostri
2202 5124 2429 5192 llguram
2462 5119 2736 5190 praecepit.
2779 5117 2930 5185 Quod
2974 5127 3030 5173 et
3073 5117 3240 5172 David
3282 5124 3570 5171 venturum

1998 5225 2118 5266 esse
2147 5222 2506 5279 prtenoscens,
2536 5216 2593 5261 et
2628 5220 2739 5277 pne
2764 5206 2855 5262 illo
2882 5216 3075 5263 extera
3105 5206 3287 5261 omnia
3326 5213 3572 5258 contem-

2000 5314 2157 5364 nens,
2186 5298 2364 5369 inquit
2394 5298 2447 5352 in
2477 5298 2685 5368 psalmo
2710 5314 2724 5351 :
2752 5297 3005 5369 Nunquid
3028 5294 3356 5352 manducabo
3381 5307 3570 5348 carnes

1999 5401 2304 5452 taurorum,
2342 5395 2433 5439 aut
2464 5386 2771 5457 sanguinem
2801 5385 3064 5440 hircorum
3092 5384 3306 5452 potabo.
3344 5380 3570 5435 lmmola

2012 5479 2122 5535 Deo
2162 5478 2479 5544 sacriﬁcium
2519 5478 2693 5532 laudis
2718 5476 2890 5547 (Psal.
2938 5477 3106 5546 χιιχ).
3143 5474 3247 5529 Per
3289 5475 3391 5527 hoe
3423 5471 3569 5526 enim

2001 5569 2296 5626 insinuavit
2334 5576 2530 5624 caetera
2554 5568 2822 5625 sacriﬁcia
2844 5568 3025 5621 omnia
3038 5580 3160 5620 esse
3175 5561 3541 5632 pastpoucuda

2000 5671 2056 5719 et
2084 5661 2209 5717 illud
2225 5659 2546 5715 sacriﬁcium
2565 5658 2707 5729 quod
2730 5658 2906 5713 laudis
2919 5654 3335 5712 vocabaturl’are
3359 5650 3532 5705 faeieu
3544 5680 3563 5693 ο

2000 5756 2148 5813 dum.
2167 5755 2235 5810 Et
2260 5757 2361 5810 hoc
2383 5754 2598 5823 quidem
2622 5750 2949 5807 sacriﬁcium
2983 5755 3250 5809 nostrum,
3265 5743 3437 5799 laudis
3456 5753 3562 5795 est.

1998 5845 2133 5903 Illud
2172 5846 2318 5902 cnim
2362 5843 2630 5899 faciendo.
2676 5841 2842 5897 Deum
2878 5837 3160 5893 laudamus
3204 5835 3270 5890 de
3299 5832 3571 5890 beneﬁcio
