4038 6452
472 352 578 408 667

475 470 623 539 quod
665 470 822 525 nobis
862 469 1019 535 fecit,
1051 482 1146 537 per
1172 467 1335 520 lilium
1375 483 1529 520 suurn
1572 465 1755 520 Jesutn
1805 483 1903 523 nos
1936 467 2044 521 sal-
2073 473 2122 530 Α

470 561 670 616 vando.

541 653 777 708 Movses.
817 651 881 705 Et
911 649 1037 719 quid
1071 649 1136 703 de
1164 647 1422 702 carnibus
1466 648 1594 711 illis,
1625 647 1798 711 (lices,
1830 664 1966 718 quas
1993 659 2048 703 et

467 745 520 797 in
565 743 682 814 lege
728 743 940 812 Moyses
984 741 1301 794 manducari
1349 741 1628 810 prohibuit
1675 740 1820 810 (Leu.
1851 742 1961 810 st),
1991 750 2048 796 et

463 837 714 892 Christus
763 837 927 889 etiam
983 845 1164 889 vester
1211 850 1318 888 non
1371 835 1754 898 manducavit,
1815 834 2042 904 apostoli

465 936 648 982 autem
675 943 779 980 non
809 927 984 979 solum
1017 941 1111 980 eas
1141 925 1460 980 manducari
1499 943 1601 981 non
1623 925 2039 996 prohibuerunt,

460 1015 568 1068 imo
598 1015 760 1068 etiam
791 1016 888 1084 ipsi
920 1014 1304 1068 comederunt?

528 1107 761 1162 Parens.
813 1108 947 1162 Cum
987 1108 1168 1160 omnia
1202 1123 1322 1176 qua:
1372 1107 1510 1160 Deus
1542 1107 1669 1160 facit
1721 1107 1858 1158 bona
1896 1107 2030 1168 sint,

458 1208 691 1254 testante
719 1198 1000 1268 Scriptura
1027 1206 1080 1251 et
1102 1198 1344 1252 dicente:
1371 1197 1506 1263 Quia
1540 1197 1660 1250 vidit
1691 1197 1827 1250 Deus
1852 1208 2041 1252 cuncta

454 1307 572 1358 qua:
600 1291 815 1358 fecerat.
840 1303 884 1343 et
917 1300 1064 1343 erant
1091 1289 1240 1342 valde
1277 1290 1408 1343 bona
1452 1287 1605 1358 (Gen.
1633 1290 1692 1357 ι).
1729 1289 1791 1341 Et
1830 1288 1940 1342 Noe
1979 1304 2040 1342 ac

457 1385 582 1439 ﬁliis
614 1385 731 1452 ejus
762 1385 906 1438 dicat
946 1384 1084 1436 Deus
1121 1399 1132 1433 :
1163 1381 1330 1435 Omne
1361 1382 1502 1450 quod
1541 1393 1773 1434 movetur
1807 1391 1854 1433 et
1892 1381 2035 1444 vivit,

449 1487 549 1528 erlt
576 1475 714 1528 vobis
740 1475 792 1525 in
826 1475 1020 1536 cibum,
1053 1473 1202 1542 quasi
1237 1471 1379 1526 olera
1424 1472 1644 1524 virentia
1674 1470 1871 1524 tradidi
1895 1471 2037 1524 vobis

453 1569 627 1620 omnia
650 1565 804 1638 (Gen.
830 1567 928 1630 Ix),
953 1581 1074 1620 cum
1099 1575 1153 1618 et
1179 1564 1455 1618 Abraham
1490 1573 1544 1617 et
1569 1562 1719 1617 Isaac
1750 1573 1804 1617 et
1836 1562 2034 1632 reliqui

451 1659 798 1728 patriarclne.
835 1657 1014 1711 omnia
1054 1671 1176 1725 qnze
1202 1654 1453 1709 volebant
1480 1654 1819 1708 comederint
1864 1669 2036 1721 usque

450 1753 520 1806 ad
551 1752 793 1824 Moysen,
833 1763 888 1806 et
916 1751 1130 1822 Moyses
1172 1751 1337 1804 etiam
1373 1760 1668 1816 antequam
1701 1748 2032 1816 suscepisset

1398 350 1600 405 PETRI
1643 353 1978 406 ALPHONSl
2022 354 2114 408 EX
2154 351 2396 408 JLDAEU
2435 352 2820 407 (ῖιιιιιδτιλκι

3627 361 3723 416 668

2234 465 2465 521 Ρετιιυε.
2503 465 2626 520 llaec
2653 482 2844 536 nempe
2881 466 2986 521 duo
3016 467 3142 522 vitia
3191 468 3550 535 immunditia,
3585 474 3727 528 scili-

2152 567 2241 611 cet
2273 567 2436 626 atque
2466 556 2688 618 duritia.
2717 557 2844 610 olim
2878 559 3194 626 mrporibus
3223 573 3276 613 et
3301 561 3563 616 carnibus
3589 567 3729 619 acci-

2150 648 2368 712 debant,
2401 649 2617 714 quando
2649 649 2759 717 ipsa
2803 649 2976 703 adhuc
3013 652 3252 720 generali
3281 664 3505 723 peccato
3539 657 3727 711 irretiti

2150 748 2392 803 erant,et
2416 739 2651 808 Spiritus
2680 740 2853 793 sancti
2875 740 3261 808 plenitudinem
3296 758 3402 796 non
3433 744 3726 799 habebant.

2153 829 2218 885 Ut
2242 840 2420 884 autem
2451 831 2702 885 Christus
2732 832 2897 892 venit,
2927 845 2980 885 et
3013 848 3107 902 per
3139 833 3469 902 baptismum
3499 838 3728 890 creden-

2152 923 2284 976 tium
2313 938 2540 992 corpora
2570 924 2964 990 mumiilicavit,
2997 935 3050 977 et
3085 924 3322 994 Spiritus
3349 929 3526 982 sancti
3562 931 3730 998 pleni-

2152 1017 2389 1070 tudinem
2437 1016 2688 1081 infundit,
2729 1016 2843 1085 jatn
2885 1034 3053 1072 carne
3086 1018 3264 1088 aliqua
3305 1036 3405 1074 nec
3460 1023 3727 1076 sordidari

2147 1127 2342 1180 corpus
2368 1111 2619 1175 hominis,
2641 1128 2740 1165 nec
2767 1113 3007 1166 hebetari
3031 1113 3225 1181 potuit.
3252 1114 3314 1166 Et
3341 1115 3441 1169 hoc
3461 1126 3732 1170 testantur

2146 1204 2392 1257 doctores
2406 1205 2593 1268 vestri,
2613 1206 2698 1274 qui
2719 1207 2968 1259 dixerunt
2993 1215 3110 1273 post
3132 1207 3420 1263 adventum
3444 1209 3647 1263 Christi
3667 1212 3731 1265 de

2145 1295 2520 1350 incomestihili
2555 1298 2604 1350 in
2634 1298 3028 1352 comestibilcm
3057 1298 3578 1368 debebatconverti.
3613 1300 3732 1357 lla-c

2145 1397 2324 1442 autem
2345 1389 2481 1442 ratio
2497 1387 2562 1444 de
2575 1390 2822 1444 omnibus
2837 1389 3192 1442 immunditiis
3209 1399 3382 1458 potest
3395 1389 3538 1444 dari.
3554 1391 3661 1446 Sed
3679 1402 3732 1446 et

2147 1481 2392 1534 carnium
2424 1480 2818 1536 absolutionem
2849 1489 3177 1551 prole-statur
3199 1480 3412 1552 Moyses
3445 1497 3570 1538 esse
3593 1482 3731 1538 futu-

2142 1587 2255 1624 ram
2271 1571 2693 1642 postadventum
2708 1572 2935 1640 Christi,
2961 1572 3188 1642 loquens
3207 1574 3271 1626 ad
3287 1574 3544 1643 populum
3563 1574 3727 1630 Israel

2140 1664 2301 1720 verba
2329 1665 2642 1733 hujusmodi
2667 1684 2680 1720 :
2709 1665 2935 1732 Quando
2967 1666 3264 1720 dilatarerit
3296 1667 3557 1722 Dominus
3590 1668 3728 1724 Deus

2137 1756 2383 1809 terminos
2395 1757 2679 1822 tuos,sicut
2691 1756 2893 1810 locutus
2903 1767 2976 1810 est
2991 1757 3102 1822 tibi,
3119 1769 3164 1812 et
3178 1758 3398 1813 volucris
3413 1761 3547 1813 vesci
3563 1764 3729 1814 carni-

449 1842 643 1912 legem,
670 1859 769 1897 Clll'
793 1857 922 1913 ergo
953 1842 1005 1896 ill
1033 1840 1152 1910 lege
1185 1839 1470 1910 prohibita:
1494 1847 1616 1892 Slllll
1646 1854 1840 1891 carnes
1873 1855 2030 1891 111ί111-
2066 1833 2108 1886 Β
2136 1847 2229 1900 bu;
2250 1865 2380 1916 quas
2401 1849 2664 1902 desiderat
2680 1850 2855 1903 anima
2877 1861 2989 1914 tua,
3009 1855 3153 1904 locus
3181 1862 3352 1906 αιιιεηι
3379 1871 3534 1923 quem
3561 1865 3725 1925 (lege-

447 1932 634 1988 ducari
656 1934 678 1986 ?

522 2026 754 2080 Movsss.
776 2028 1045 2093 Quoniam
1076 2025 1128 2078 in
1151 2023 1333 2077 mutuli
1349 2021 1572 2076 exordio
1590 2021 2031 2090 quasisilvestres

441 2129 601 2177 erant
644 2121 823 2176 adlmc
873 2120 1119 2175 homines
1141 2127 1196 2172 et
1243 2117 1513 2176 bestiales,
1561 2116 1868 2172 nullatenus
1918 2132 2026 2169 tam

442 2215 556 2269 cito
617 2219 839 2282 possent
892 2210 1171 2265 admoneri
1214 2211 1280 2263 ab
1331 2209 1690 2263 obediendnm
1745 2210 2028 2278 praeceptis

443 2305 568 2360 Dei.
613 2305 767 2372 Quod
815 2303 906 2358 Dei
959 2302 1298 2372 comperiens
1346 2300 1633 2368 sapientia,
1684 2315 2025 2369 nequaquam

444 2396 606 2451 simul
637 2397 818 2450 omnia
846 2397 928 2450 eis
953 2394 1118 2448 voluit
1150 2395 1280 2447 dare
1303 2403 1595 2463 prarcepta,
1630 2395 1738 2446 imo
1766 2392 2024 2462 paulatim

443 2505 610 2541 unum
638 2488 783 2542 dedit
809 2488 958 2550 Adze,
990 2485 1243 2541 videlicet
1275 2501 1341 2539 ne
1382 2485 1449 2540 de
1486 2487 1661 2540 l‘ructu
1706 2502 1865 2555 quem
1894 2503 2023 2557 pro-

441 2582 476 2636 ιι
503 2582 692 2634 bnerat
725 2589 1075 2650 pnesumeret
1107 2579 1395 2634 comedere
1425 2577 1578 2647 (Gen.
1606 2579 1687 2648 ιι),
1715 2578 1860 2632 aliud
1896 2593 2028 2633 vero

440 2673 574 2739 Noe,
603 2674 1037 2728 scilicetcarnetn
1053 2688 1174 2726 cum
1190 2672 1454 2741 sanguine
1473 2687 1578 2725 non
1599 2672 1950 2736 manducare,
1969 2682 2026 2726 et

439 2767 787 2824 homicidium
801 2783 906 2821 non
923 2775 1236 2836 perpetrare
1252 2763 1404 2835 (Cen.
1426 2773 1524 2826 ix),
1544 2762 1816 2820 sacriﬁcia
1839 2774 2020 2818 autem

436 2870 492 2914 et
511 2859 976 2913 circumcisionem
1005 2857 1260 2928 praecepit
1281 2856 1512 2910 Abralnc
1529 2854 1594 2925 (ϐ
1602 2873 1684 2909 en.
1707 2855 1862 2918 xvtt).
1886 2855 2022 2909 Cum

437 2963 618 3007 autem
658 2952 870 3024 Moyses
899 2953 1066 3014 venit,
1093 2960 1148 3004 et
1185 2951 1324 3004 Deus
1352 2948 1491 3003 lilios
1521 2947 1684 3003 Israel
1711 2963 1893 3002 secum
1925 2948 2022 3002 ad-

433 3045 687 3114 jnngere,
713 3043 848 3097 etab
865 3042 984 3097 aliis
1003 3042 1253 3112 gentibus
1275 3040 1584 3095 discernere
1611 3038 1802 3103 voluit,
1821 3052 2022 3109 prtece-

434 3147 525 3207 pta
553 3136 631 3191 eis
662 3151 756 3191 sua
782 3135 1055 3205 praecepit,
1090 3143 1147 3187 ut
1171 3134 1392 3204 placuit,
1418 3140 1471 3186 et
1501 3147 1692 3187 carnes
1716 3132 2025 3185 imumndas

392 3239 394 3242 ’
437 3248 506 3285 ne
531 3231 942 3300 inquinarentur
989 3231 1041 3284 in
1077 3229 1180 3284 illis
1209 3229 1289 3284 eis
1333 3227 1646 3299 prohibuit,
1691 3226 1820 3296 quin
1852 3234 1907 3280 et
1934 3224 2014 3280 eis

433 3325 577 3378 inter
603 3323 830 3379 mundas
845 3333 900 3379 et
918 3323 1243 3389 immundas,
1263 3322 1474 3392 signum
1501 3319 1842 3376 discretionis
1861 3319 2014 3374 dedit

433 3415 582 3484 (Lev.
614 3415 714 3486 si).

505 3508 740 3564 Perses.
789 3508 856 3563 Et
897 3509 1013 3564 haec
1058 3506 1400 3562 immunditia
1435 3522 1596 3575 qnam
1644 3506 1711 3561 de
1756 3504 2011 3560 carnibus

430 3599 634 3665 dixisti,
659 3609 744 3653 est
766 3600 879 3667 ipsa
907 3614 1125 3667 corpus,
1143 3597 1222 3652 vel
1252 3613 1339 3652 res
1369 3613 1488 3666 qua:
1516 3597 1730 3651 accidat
1761 3597 2010 3666 corpori?

506 3688 741 3747 Movsns.
774 3690 1060 3755 Neutrum,
1077 3692 1184 3745 imo
1206 3699 1292 3745 est
1307 3705 1394 3745 res
1421 3690 1664 3759 quaedam
1689 3689 2006 3760 spiritualis,

426 3797 533 3851 qua
569 3781 620 3835 in
646 3797 841 3852 corpus
857 3782 1156 3847 descendit,
1183 3797 1283 3836 nec
1305 3781 1353 3836 ei
1383 3789 1560 3834 tamen
1585 3781 2005 3845 incrementum,

425 3875 511 3928 Vel
555 3875 935 3929 detrimentum
967 3875 1247 3938 attribuit,
1298 3873 1392 3928 sed
1445 3874 1548 3928 tale
1575 3873 1701 3943 quid
1733 3875 2003 3944 prohibet,

429 3968 572 4038 quod
605 3967 653 4023 ei
702 3983 974 4038 nunquam
1029 3979 1187 4022 antea
1234 3967 1563 4038 prohibitum
1613 3967 1745 4031 fuit,
1798 3977 1854 4022 et
1902 3969 2004 4025 hoc

434 4061 612 4116 modis
657 4071 891 4132 quatuor
938 4062 1149 4132 corpori
1201 4077 1260 4116 se
1303 4061 1567 4132 asljungit,
1605 4077 1713 4118 uno
1760 4061 2000 4130 quidem.

423 4153 644 4223 quando
690 4153 900 4225 corpori
943 4153 1202 4220 adhaeret,
1250 4153 1318 4208 ab
1350 4155 1516 4224 ipsius
1563 4155 1858 4216 creatione,
1906 4167 2005 4207 nec

423 4244 493 4298 ab
530 4259 596 4298 eo
626 4245 682 4300 in
723 4255 984 4300 :eternum
1029 4245 1256 4308 secedit,
1289 4244 1451 4298 veluti
1507 4261 1627 4300 cum
1659 4246 1725 4298 de
1761 4254 1912 4313 patre
1950 4255 2004 4298 et

421 4345 599 4388 matre
639 4335 982 4390 luereditarie
1011 4335 1289 4403 provenit,
1321 4344 1380 4388 ut
1415 4337 1466 4388 in
1493 4351 1656 4404 porco
1681 4336 1925 4389 videmus
1947 4343 2002 4389 et

421 4425 543 4482 aliis
569 4427 824 4482 carnibus
852 4427 1163 4498 prohibitis.
1199 4427 1472 4493 Secundo,
1503 4442 1630 4481 cum
1658 4427 1710 4482 ei
1741 4441 1860 4480 cum
1892 4441 2002 4496 quo

2134 1937 2201 1988 rit
2243 1935 2496 1990 Dominus
2525 1937 2664 1992 Dens
2697 1947 2841 2003 tuus,
2864 1949 2920 1992 ut
2957 1941 3024 1993 sit
3049 1957 3234 1994 nomen
3266 1944 3379 2012 ejus
3417 1945 3516 2005 ibi,
3546 1945 3726 2012 procul

2133 2028 2311 2096 fuerit,
2337 2029 2540 2084 occides
2580 2031 2644 2084 de
2685 2034 2933 2085 armentis
2957 2043 3003 2085 et
3033 2034 3270 2101 operibus
3293 2075 3307 2098 ,
3332 2051 3453 2104 ante
3482 2035 3722 2089 habueris

2130 2120 2266 2171 sicut
2284 2121 2531 2189 prwcepit
2570 2121 2687 2186 tibi,
2719 2131 2768 2175 et
2802 2125 3037 2177 comedas
3077 2125 3132 2178 in
3169 2126 3372 2194 oppidis
3417 2129 3526 2180 tuis
3553 2138 3608 2180 ut
3632 2129 3721 2180 tibi

2131 2210 2321 2278 placet.
2349 2210 2496 2266 Sicut
2532 2230 2720 2282 caprea
2755 2215 3045 2269 conteditur
3081 2225 3131 2269 et
3169 2233 3368 2282 cervus,
3403 2219 3480 2270 ita
3505 2222 3716 2273 vesceris

2129 2301 2223 2365 eis,
2263 2312 2313 2355 et
2360 2304 2582 2357 mundus
2605 2314 2652 2357 et
2690 2305 2991 2360 immundus
3037 2307 3094 2360 in
3134 2324 3408 2363 commune
3447 2320 3716 2366 vescentur

2142 2393 2324 2462 (Deut.
2371 2395 2491 2465 xu).
2532 2396 2670 2450 Ante
2703 2399 2988 2452 adventum
3014 2399 3453 2468 quippe,Christi
3505 2405 3713 2457 termini

2129 2485 2297 2542 Israel
2322 2489 2541 2544 luerunt
2563 2493 2800 2562 angusti,
2835 2491 2960 2561 quia
2988 2508 3088 2547 nec
3115 2502 3281 2547 totam
3312 2496 3479 2548 etiam
3515 2506 3708 2550 terram

2131 2578 2455 2642 habuerunt,
2484 2597 2644 2650 quam
2675 2581 2753 2636 eis
2779 2597 2874 2650 per
2896 2582 3117 2654 Moysen
3149 2583 3410 2638 Dominus
3443 2589 3706 2654 promisiz.

2130 2666 2578 2725 Dilatavitautem
2605 2671 2864 2726 Dominus
2887 2674 3146 2727 terminos
3169 2673 3331 2729 Israel
3359 2686 3472 2745 post
3510 2679 3706 2731 adven-

2127 2767 2237 2814 tum
2253 2760 2474 2825 Christi,
2489 2762 2703 2832 quando
2717 2763 2884 2833 legem
2897 2780 2992 2834 per
3008 2774 3174 2820 totum
3188 2769 3444 2821 mundum
3460 2770 3706 2838 praedica-

2127 2862 2322 2904 verunt
2345 2854 2592 2923 apostoli.
2621 2854 2725 2910 Sed
2752 2865 2806 2911 ct
2825 2855 2971 2910 locus
2999 2872 3158 2926 quem
3185 2858 3442 2914 Dominus
3475 2862 3709 2931 elegerat

2127 2952 2346 3000 utesset
2377 2961 2570 3001 nomen
2617 2947 2733 3015 ejus
2787 2949 2884 3014 ibi,
2918 2947 3030 3018 jam
3063 2951 3249 3020 procul
3300 2961 3403 3017 est,
3441 2955 3569 3022 quia
3610 2955 3702 3009 de-

2124 3046 2391 3090 structum
2421 3048 2504 3093 est
2526 3041 2806 3109 antiquum
2832 3041 2959 3095 illud
2981 3044 3236 3114 templum
3268 3044 3503 3100 Domini.
3533 3047 3702 3102 Carne

2123 3124 2286 3194 igitur
2311 3129 2481 3190 onmi,
2526 3131 2724 3184 munda
2770 3130 2842 3185 sit
2877 3131 2959 3185 vel
2991 3132 3288 3202 immunda,
3314 3135 3426 3205 jam
3458 3137 3698 3206 quilibet,

2121 3227 2281 3284 prout
2323 3219 2426 3274 sibi
2471 3220 2672 3289 placet,
2716 3223 2834 3278 sine
2878 3223 2986 3278 ulla
3042 3230 3475 3297 transgressione
3530 3243 3701 3300 potest

2117 3310 2286 3364 vesci.
2313 3311 2466 3378 Quod
2494 3323 2693 3379 autem,
2723 3330 2756 3369 ο
2781 3314 3010 3386 Moyses,
3037 3318 3140 3374 huc
3167 3337 3338 3392 usque
3362 3322 3495 3387 dixi,
3520 3326 3701 3393 utique

2121 3401 2218 3455 feci
2249 3413 2305 3456 ut
2327 3415 2428 3457 tua:
2458 3405 2825 3460 satisfacerem
2849 3408 3134 3462 voluntati.
3177 3409 3232 3466 Si
3267 3428 3398 3466 vero
3425 3414 3584 3469 aliter
3619 3431 3702 3470 tne

2119 3491 2306 3547 vellem
2355 3493 2664 3558 defendere,
2704 3497 2947 3565 profecto
2993 3513 3185 3553 novam
3233 3501 3405 3570 legem
3463 3503 3700 3558 dicerem

2121 3602 2218 3639 nos
2259 3587 2488 3651 habere,
2543 3598 2598 3642 et
2649 3589 2749 3660 legi
2789 3589 2953 3661 Moysi
3007 3593 3338 3648 contrariam
3391 3595 3698 3656 nullatenus

2119 3695 2260 3732 csse.
2299 3678 2374 3732 De
2422 3681 2707 3749 praeceptis
2761 3683 2904 3735 enim
2949 3681 3160 3738 Domini
3212 3687 3550 3740 contrarium
3593 3704 3697 3743 non

2111 3781 2194 3825 est
2244 3769 2476 3824 alterum
2520 3771 2709 3838 alteri,
2758 3773 2850 3828 sed
2908 3777 3127 3844 quando
3180 3786 3391 3847 tempus
3443 3782 3699 3848 przcccpti

2112 3861 2272 3916 unius
2305 3872 2388 3916 est
2415 3863 2762 3934 completum,
2801 3866 2963 3933 aliud,
2989 3878 3047 3920 ut
3085 3867 3184 3922 sibi
3214 3868 3412 3938 placet,
3445 3871 3537 3924 dat
3563 3887 3696 3939 pra:-

2110 3962 2347 4022 ceptum,
2380 3956 2838 4024 quemadmodum
2863 3958 2928 4012 de
2953 3969 3220 4028 praecepto
3261 3961 3527 4028 videmus,
3556 3964 3694 4032 quod

2108 4046 2175 4100 de
2215 4050 2472 4102 carnibus
2515 4049 2862 4104 comedendis
2913 4051 3174 4106 Dominus
3216 4051 3329 4107 Noe
3364 4054 3508 4108 dedit
3540 4053 3691 4124 (Gen.

2109 4142 2208 4208 ix),
2249 4143 2399 4210 quia,
2439 4153 2725 4212 postquam
2763 4142 2974 4214 Moyses
3002 4147 3171 4212 venit,
3201 4157 3256 4200 et
3282 4147 3410 4201 illud
3447 4151 3693 4216 [ιι-ωςιινιὶ

2110 4241 2320 4302 tempus
2348 4234 2677 4304 completum
2709 4235 2831 4300 fuit,
2862 4235 3032 4307 Moysi
3066 4238 3165 4307 ipsi
3208 4237 3320 4308 jam
3359 4240 3505 4294 aliud
3554 4259 3693 4310 prie—

2108 4334 2326 4395 ceptum
2359 4326 2425 4381 de
2458 4329 2735 4393 carnibus,
2765 4328 3018 4383 videlicet
3058 4330 3436 4399 prohibendis,
3474 4333 3692 4386 donavit

2104 4414 2247 4482 (Lev.
2285 4418 2383 4488 χι).
2415 4417 2578 4486 Cujus
2625 4419 2819 4473 iterum
2857 4427 3091 4490 tempus,
3134 4432 3416 4492 postquam
3465 4422 3683 4477 Christo

420 4535 525 4573 non
557 4517 734 4573 fuerat
760 4519 1089 4588 adjungitur,
1118 4519 1210 4574 scil
1237 4531 1425 4588 poszea
1457 4534 1562 4573 non
1594 4529 1902 4589 separatur,
1939 4528 1997 4572 υι
2029 4531 2078 4591 D
2103 4508 2427 4565 adveniente
2465 4509 2792 4579 completum
2848 4512 2966 4577 fuit,
3002 4513 3117 4583 jam
3155 4529 3284 4568 CCCC
3334 4515 3528 4568 iterum
3564 4516 3687 4569 illtltl

419 4612 474 4664 in
520 4612 745 4665 mortuis
773 4627 837 4665 ac
867 4611 1096 4680 leprosis
1138 4611 1370 4666 videtur.
1401 4611 1608 4672 Tertio,
1651 4627 1774 4665 cum
1819 4611 1997 4678 aliqua

420 4701 486 4754 de
515 4715 677 4755 causa
704 4701 1120 4770 superveniente
1150 4701 1363 4770 corpori
1398 4701 1706 4764 adhibetur,
1731 4711 1785 4755 et
1811 4711 1999 4770 postea

419 4791 524 4844 alia
552 4791 735 4860 operis
765 4806 930 4846 causa
961 4790 1288 4862 sejungitnr,
1317 4792 1459 4845 sicut
1501 4791 1572 4845 illi
1605 4791 1695 4861 qui
1725 4800 1996 4846 tnortuum

419 4892 646 4952 tangunt
676 4883 938 4939 immundi
983 4893 1134 4949 sunt,
1177 4885 1348 4938 donec
1374 4885 1574 4940 cineris
1612 4884 1998 4954 conspersione

418 4973 602 5027 mundi
635 4975 770 5029 ﬁant
799 4973 991 5046 (Num.
1016 4977 1150 5046 XIX).
1188 4977 1394 5044 Quarto
1425 4988 1631 5040 autem,
1661 4993 1783 5032 cum
1816 4977 1996 5046 aliqua

415 5065 483 5119 de
512 5080 675 5119 causa
707 5068 918 5138 corpori
953 5085 1010 5123 se
1033 5070 1298 5139 adjnngit.
1329 5086 1393 5124 ac
1433 5071 1553 5126 sine
1581 5084 1745 5138 opere
1770 5070 1878 5123 ullo
1910 5086 1997 5125 re-

415 5158 582 5221 cedit,
621 5168 679 5213 ut
717 5159 790 5214 illi
823 5161 912 5230 qui
948 5161 1316 5216 morticinium
1359 5161 1578 5232 aliquod
1607 5161 1999 5215 contrectarint

415 5257 530 5304 tota
553 5248 640 5305 die
669 5251 894 5315 sordidi,
935 5253 1048 5307 sole
1080 5270 1208 5305 vero
1245 5252 1527 5308 occidente
1571 5251 1774 5320 absque
1800 5267 1998 5324 purga-

413 5341 560 5396 tione
586 5343 764 5414 aliqua
782 5345 965 5398 mundi
996 5354 1121 5398 sunt
1148 5342 1292 5412 (Lev.
1320 5343 1424 5410 XI),
1447 5342 1572 5412 quia
1591 5353 1770 5396 autem
1803 5359 1998 5399 carnes

415 5434 518 5487 ἱΙΙεΡ
549 5435 836 5490 immundae
876 5435 1125 5501 fuerunt,
1175 5435 1292 5489 ideo
1321 5445 1378 5489 et
1416 5451 1444 5488 a
1489 5433 1672 5504 Moyse
1711 5435 1996 5503 prohibita:

417 5537 564 5589 sunt,
629 5527 879 5581 videlicet
948 5541 1016 5580 ne
1066 5524 1376 5579 immundos
1424 5523 1701 5588 facerent,
1750 5525 1840 5594 qui
1901 5541 1964 5578 ea

415 5619 787 5672 cotnederent.
842 5618 948 5672 Sed
997 5627 1050 5672 et
1091 5617 1211 5671 ideo
1255 5625 1314 5670 ut
1355 5616 1605 5671 doctores
1643 5617 1806 5671 vestri
1849 5631 1991 5670 asse-

421 5719 564 5772 runt,
610 5710 894 5778 prohibita:
939 5710 1158 5763 fuerunt
1212 5725 1279 5763 ne
1335 5709 1592 5762 duritiam
1623 5708 1876 5762 cordibus
1912 5709 1994 5766 in-

419 5800 645 5854 ferrent.
681 5810 776 5854 aut
806 5800 1210 5861 hebetudinctn,
1246 5818 1312 5857 nc
1346 5801 1722 5867 intelligerent.

2103 4601 2386 4671 antiquum
2436 4603 2578 4671 quod
2617 4601 2727 4657 Noe
2764 4604 2946 4659 datum
3000 4607 3175 4660 fuerat
3223 4618 3570 4676 praeceptum,
3621 4609 3685 4660 de

2102 4694 2346 4748 carnium
2389 4694 2639 4750 videlicet
2669 4697 3030 4761 absolutione,
3081 4699 3261 4752 rediit.
3309 4701 3374 4754 Et
3427 4701 3686 4760 Dominus

2101 4785 2314 4854 quidem
2331 4786 2643 4855 prephetam
2657 4803 2775 4842 esse
2785 4789 3098 4844 suscitandu
3109 4807 3160 4844 ιη
3177 4803 3222 4844 ta
3233 4809 3430 4862 nquam
3447 4793 3680 4863 Moysen,

2102 4879 2155 4932 id
2183 4878 2591 4947 estIChristum,
2623 4881 2713 4951 qui
2758 4898 2950 4936 novam
2991 4882 3162 4954 legem
3217 4885 3467 4938 videlicet
3509 4887 3679 4951 daret,

2103 4972 2243 5025 sicut
2286 4971 2524 5042 Moyses,
2575 4975 3024 5043 quemadmodum
3075 4992 3237 5046 supra
3293 4977 3557 5041 diximus,
3588 4993 3682 5047 per

2111 5063 2326 5134 Moysen
2355 5065 2529 5135 ipsum
2547 5067 2988 5136 promisit(Deut.
3025 5073 3198 5138 xvin).
3227 5068 3434 5123 Rursus
3450 5070 3517 5124 de
3543 5087 3678 5123 nova

2099 5172 2260 5224 quam
2278 5167 2556 5212 venturam
2575 5173 2695 5213 esse
2713 5158 3066 5227 praevidebat,
3087 5160 3202 5229 lege
3221 5160 3366 5212 httnc.
3390 5161 3441 5212 in
3464 5162 3675 5214 modum

2097 5246 2265 5302 Isaias
2308 5249 2589 5318 praecinuit
2615 5267 2628 5302 :
2658 5247 2809 5312 Erit,
2845 5248 3044 5317 inquit,
3086 5251 3138 5302 in
3174 5251 3468 5304 novissimis
3499 5251 3675 5303 diebus

2097 5351 2428 5410 pra'paratus
2453 5358 2598 5395 mons
2625 5343 2812 5395 domus
2840 5341 3072 5404 Domini,
3099 5344 3151 5395 in
3173 5345 3362 5396 vertice
3398 5345 3670 5403 montium,

2109 5446 2152 5488 ot
2207 5433 2491 5488 elevabitur
2531 5450 2685 5503 super
2719 5433 2898 5496 colles,
2951 5446 2997 5488 et
3027 5436 3189 5504 ﬂuent
3231 5436 3299 5488 ad
3345 5453 3464 5489 eum
3503 5452 3671 5489 omnes

2101 5536 2291 5593 gentes,
2324 5536 2371 5580 et
2393 5527 2540 5580 ibunt
2571 5527 2750 5596 populi
2774 5527 2925 5580 multi
2945 5539 2991 5580 et
3024 5529 3235 5580 dicent:
3269 5527 3470 5594 Venite,
3495 5543 3666 5580 ascen-

2102 5618 2287 5671 damus
2318 5619 2386 5670 ad
2425 5627 2649 5672 montem
2687 5617 2921 5684 Domini,
2952 5632 2998 5673 et
3035 5619 3102 5672 ad
3124 5619 3333 5672 domum
3359 5618 3455 5672 Dei
3480 5619 3659 5678 Iacob,

2099 5727 2141 5759 εἰ
2179 5710 2378 5762 docebit
2427 5727 2520 5765 nos
2560 5714 2668 5765 rius
2698 5728 2850 5770 suas.
2890 5721 2936 5764 et
2971 5711 3350 5766 ambulabimus
3390 5713 3444 5765 in
3470 5713 3655 5762 semitis

2107 5804 2239 5871 rjns,
2273 5803 2397 5870 quin
2435 5804 2496 5856 de
2543 5805 2667 5857 Sion
2708 5803 2866 5857 exibit
2905 5819 3015 5868 rex,
3053 5815 3098 5857 et
3133 5806 3330 5858 verbum
3368 5802 3573 5858 Domini
3597 5801 3654 5853 de
