4038 6452
305 357 408 416 669

305 582 464 622 mons
497 569 598 622 iste
634 567 892 623 Domini?
931 571 985 622 Si
1014 572 1155 623 enim
1195 571 1260 625 de
1308 583 1489 626 monte
1537 573 1664 628 Sion
1707 577 1887 630 dicere

309 657 565 720 volueris,
614 657 668 710 in
701 673 810 724 quo
845 659 1035 713 domus
1068 661 1274 714 Domini
1331 663 1588 732 templum
1637 665 1891 720 videlicet

307 748 430 811 fuit,
463 749 600 802 ratio
644 751 834 818 utique
874 752 1219 811 contradicit.
1265 756 1388 824 quia
1441 771 1538 809 nec
1589 757 1640 810 in
1690 759 1889 812 vertice

306 841 570 894 montium
607 841 744 895 situs
780 855 883 906 est.
915 859 1034 898 cum
1076 847 1239 900 etiam
1280 849 1421 900 circa
1463 865 1585 902 cum
1635 851 1744 904 sint
1798 853 1887 905 alii

306 932 602 1002 collesipso
629 935 912 998 celsiores,
948 953 1042 992 nec
1057 939 1197 1006 quod
1224 955 1386 1009 super
1411 941 1576 994 colles
1602 943 1890 1010 aliquando

311 1022 575 1088 elevetur,
607 1039 730 1078 esse
777 1034 975 1094 potest.
1017 1027 1156 1093 Quid
1203 1037 1286 1082 est
1323 1030 1485 1083 etiam
1533 1033 1674 1099 quod
1709 1033 1839 1085 dicit
1874 1053 1887 1087 :

307 1116 466 1170 Ibunt
486 1117 666 1186 pepuli
692 1118 842 1170 multi
871 1129 919 1171 et
944 1119 1114 1172 dicent
1139 1136 1155 1174 :
1178 1118 1754 1186 Venite.ascendanms.
1781 1133 1887 1177 etc.

308 1216 356 1258 et
398 1206 604 1259 docebit
647 1221 741 1259 nos
781 1208 889 1260 vias
931 1224 1054 1260 suas
1089 1219 1136 1262 et
1171 1211 1558 1264 ambulabimus
1596 1213 1649 1266 in
1687 1215 1889 1266 sentitis

309 1299 451 1369 ejus.
483 1300 610 1368 quia
641 1298 706 1352 de
733 1298 864 1353 Sion
903 1300 1064 1353 exibit
1107 1300 1211 1366 lex,
1255 1312 1361 1356 etc.
1420 1302 1551 1368 Qua:
1586 1305 1727 1358 enim
1765 1314 1892 1359 sunt

310 1391 408 1444 vite
439 1390 540 1444 illa:
567 1389 802 1454 Domini.
823 1400 878 1445 et
899 1391 1103 1445 semine
1126 1391 1242 1459 ejus
1267 1393 1350 1446 vel
1379 1392 1486 1456 lex,
1521 1410 1644 1466 qua:
1669 1396 1735 1448 de
1761 1397 1889 1450 Sion

311 1492 426 1536 erat
450 1492 832 1552 egressura,et
851 1481 1074 1537 verbum
1099 1485 1240 1552 quod
1266 1484 1332 1538 de
1359 1483 1696 1539 Hierusalem
1713 1488 1737 1538 ?
1755 1486 1886 1540 Nam

312 1589 484 1643 neque
513 1575 580 1627 de
605 1573 720 1644 lege
751 1573 939 1644 Moysi,
968 1589 1086 1642 qua:
1111 1575 1363 1629 omnibus
1392 1584 1517 1629 nota
1539 1587 1642 1638 est.
1661 1578 1889 1641 diceret.

312 1665 412 1718 hoc
443 1663 658 1718 docebit
689 1680 785 1717 nos
802 1665 917 1718 vias
943 1680 1206 1729 suas,nec
1237 1665 1320 1720 lex
1355 1666 1443 1720 illa
1475 1677 1630 1720 vetus
1651 1668 1718 1722 de
1734 1669 1887 1733 Sion,

309 1757 420 1812 imo
448 1756 516 1810 de
546 1766 727 1810 monte
759 1755 938 1811 Horeb
968 1757 1156 1822 exivit,
1194 1772 1294 1812 nec
1319 1757 1384 1811 de
1408 1758 1769 1823 Hierusalem.
1797 1761 1890 1814 sed

1794 370 2083 428 DIALOGI.

307 475 648 530 Hierusalem
693 477 843 545 (ἕδη.
907 482 1003 544 rt).
1049 479 1178 546 Quis
1227 488 1308 534 cst
1357 481 1533 546 enim,
1571 498 1604 535 o
1640 483 1879 554 Moyses.
1912 501 1959 548 Α

3454 383 3561 438 6Ἱο

2061 485 2292 545 Movsss.
2319 490 2466 546 Satis
2502 491 2700 562 diuque
2735 492 2800 548 de
2828 493 2943 558 lege
2986 505 3166 550 nostra
3207 505 3259 550 et
3294 507 3468 552 vestra
3504 509 3561 554 et

1989 577 2193 633 alterna
2248 579 2604 636 alternatione
2657 583 3083 652 disputavmnts.
3125 600 3180 639 et
3227 585 3564 654 objectiones

1989 685 2137 724 meas
2179 687 2388 738 omnes,
2419 684 2576 742 prout
2621 673 2851 742 placuit,
2913 677 3252 746 persolvisti,
3312 687 3368 731 et
3427 675 3562 732 nihil

1989 773 2176 817 contra
2209 775 2259 819 te
2297 766 2569 836 explicare
2620 767 2788 834 potui.
2839 767 2944 821 Sed
2989 785 3154 822 unnm
3201 769 3341 838 quod
3385 770 3564 823 adhuc

1988 855 2140 923 quasi
2163 855 2479 909 inthesauro
2509 856 2601 910 tibi
2631 858 2926 917 reservavi.
2949 859 3091 926 quod
3114 875 3234 912 cum
3260 874 3565 928 ouposuero

1992 952 2044 996 te
2089 945 2292 1013 absque
2333 945 2644 998 defensione
2681 947 2893 1000 conlido
2935 963 3090 1015 posse
3136 949 3402 1014 superari,
3437 947 3564 1015 quia

1990 1051 2095 1090 non
2123 1036 2364 1090 invenies
2394 1038 2533 1105 quod
2567 1047 2754 1091 contra
2783 1039 2960 1092 valeat
2994 1042 3330 1108 responderi.

2065 1127 2298 1183 Perses.
2349 1129 2414 1182 Et
2459 1146 2579 1199 (nne
2628 1140 2710 1183 est
2760 1146 2847 1184 res
2876 1132 2988 1185 haec
3028 1142 3189 1186 tantae
3231 1135 3476 1187 valentia:
3511 1143 3566 1187 et

1990 1221 2211 1288 vigoris.
2244 1221 2309 1274 de
2330 1236 2434 1290 qua
2461 1222 2555 1275 tibi
2591 1231 2796 1276 tantum
2824 1224 3124 1292 prmsumis.
3155 1233 3205 1277 et
3235 1226 3364 1278 mihi
3394 1238 3569 1294 usque

1990 1312 2124 1365 adeo
2155 1311 2459 1365 minitaris?

2063 1399 2290 1454 Marses.
2341 1400 2471 1454 Tale
2510 1401 2636 1470 quid
2667 1399 2907 1469 profecto
2938 1409 3022 1452 est
3062 1402 3204 1469 quod
3239 1417 3333 1455 vos
3374 1413 3568 1456 contra

1994 1491 2162 1545 Demn
2189 1501 2240 1545 et
2266 1507 2456 1545 omnes
2501 1493 2793 1562 prophetas
2825 1493 3022 1558 facitis,
3071 1493 3319 1546 videlicet
3347 1495 3487 1561 quod
3518 1495 3570 1548 in

1993 1597 2215 1635 nemore
2241 1581 2489 1635 arborem
2521 1584 2812 1651 quamdam
2847 1585 3155 1646 coneiditis,
3188 1595 3242 1639 et
3267 1597 3450 1654 postea
3480 1602 3574 1639 ar-

1995 1667 2191 1722 tiﬁcem
2219 1668 2635 1739 lignarium.qui
2665 1669 2811 1722 illam
2841 1681 3008 1731 secet.
3035 1672 3262 1742 scrdpat.
3301 1684 3350 1727 et
3381 1673 3432 1726 in
3469 1674 3567 1727 ho-

1993 1758 2157 1812 minis
2184 1759 2417 1828 speciem
2451 1759 2666 1824 formet,
2695 1759 2861 1827 poliat
2889 1770 2942 1814 ct
2974 1759 3232 1829 depingat
3258 1764 3572 1831 exquiritis.

313 1849 379 1902 de
405 1846 536 1901 Sina
583 1847 806 1902 verbum
841 1849 1049 1903 Domini
1097 1850 1240 1918 quod
1291 1849 1502 1921 Moyses
1550 1854 1888 1908 annuntiavit
1921 1848 2045 1906 Bet
2077 1850 2365 1916 imaginem
2408 1849 2553 1903 illam
2613 1851 2666 1904 in
2717 1852 2913 1906 vestris
2955 1853 3209 1908 Ecclesiis
3254 1854 3307 1907 in
3357 1856 3571 1911 celsiori

314 1937 511 2009 (Exod.
543 1957 646 2005 xx;
684 1941 837 1994 Deut.
864 1942 942 2010 v).
975 1940 1066 1996 Sic
1094 1943 1256 2012 igitur
1289 1943 1630 2015 intelligenda
1655 1955 1734 1999 est
1765 1960 1882 2014 pro-

312 2035 512 2102 phetia.
545 2033 743 2088 Sancta
772 2034 991 2104 quidem
1023 2035 1264 2090 Ecclesia
1293 2038 1477 2105 procul
1511 2037 1672 2091 dubio
1701 2037 1892 2090 domus

313 2138 397 2181 est
436 2127 678 2190 Domini,
711 2129 985 2182 montibus
1030 2143 1161 2182 vero
1216 2142 1369 2198 reges
1401 2138 1456 2182 et
1485 2129 1714 2182 collibus
1763 2145 1889 2198 pro-

314 2221 487 2290 pheta:
528 2220 704 2274 solent
733 2221 1058 2288 comparari.
1092 2219 1243 2275 Mons
1293 2229 1498 2284 autem,
1531 2221 1582 2274 id
1625 2229 1730 2283 est,
1776 2220 1891 2274 Rex

316 2321 514 2364 sancte
565 2311 848 2371 Ecelesim,
901 2311 1147 2364 Christus
1196 2310 1470 2372 videlicet.
1521 2327 1682 2380 super
1729 2327 1888 2380 quem

323 2402 581 2455 fabricata
631 2412 714 2455 est
763 2401 995 2456 Ecclesia
1029 2402 1161 2469 ipsa,
1199 2411 1252 2454 ct
1291 2403 1342 2454 in
1380 2403 1581 2455 vertice
1624 2402 1886 2455 ιιιυιιιίιιιιι

319 2508 497 2563 prtcpa
508 2509 562 2547 ra
573 2503 657 2548 tus
681 2503 737 2548 et
763 2508 926 2562 super
945 2493 1109 2547 colles
1130 2503 1211 2546 est
1233 2494 1494 2556 elevatus,
1512 2494 1636 2562 quia
1652 2504 1706 2547 et
1729 2509 1891 2562 super

317 2605 504 2644 omnes
548 2605 701 2661 reges
731 2598 786 2644 et
812 2604 973 2659 super
1003 2604 1192 2642 omnes
1239 2589 1532 2657 prophetas
1569 2587 1891 2641 sublimatus

319 2697 400 2740 est
438 2697 491 2740 et
533 2687 848 2740 honoratus.
895 2685 959 2738 Et
994 2686 1189 2738 merito
1228 2685 1294 2738 de
1335 2695 1519 2737 sancta
1553 2683 1793 2736 Ecclesia
1835 2692 1890 2736 et

322 2777 535 2830 Christo
578 2777 710 2830 dicit
738 2776 998 2846 propheta
1027 2793 1042 2828 :
1072 2774 1265 2828 Fluent
1313 2774 1380 2826 ad
1427 2790 1566 2832 eum.
1602 2773 1653 2826 id
1697 2783 1780 2826 cst
1826 2775 1890 2826 ad

322 2869 616 2932 Christum,
650 2883 824 2921 omnes
855 2880 1052 2937 gentes,
1097 2866 1222 2936 quia
1255 2865 1321 2918 de
1353 2864 1606 2916 omnibus
1641 2863 1892 2932 gentibus

325 2960 734 3014 rredideruntin
756 2958 1220 3028 eumcomplures.
1254 2958 1532 3011 dicentes:
1569 2955 1770 3018 Venite,
1801 2972 1890 3006 as-

319 3053 597 3104 cendamus
621 3051 691 3103 ad
727 3060 951 3103 montem
996 3049 1229 3112 Domini,
1276 3048 1328 3101 id
1358 3056 1441 3100 cst
1471 3049 1536 3098 ad
1585 3046 1886 3108 Christum,

319 3157 473 3209 quem
507 3141 766 3195 Dominus
797 3140 1038 3193 omnium
1073 3154 1251 3208 regem
1283 3137 1584 3198 constituit,
1611 3147 1657 3188 et
1695 3137 1763 3190 ad
1799 3137 1891 3187 do-

319 3250 456 3286 mum
486 3231 787 3292 DciJacob.
821 3231 870 3285 id
895 3240 976 3284 est
1003 3230 1068 3283 ad
1097 3240 1339 3284 sanctam
1374 3227 1690 3293 Ecclesiam,
1721 3237 1766 3280 et
1797 3229 1890 3278 do-

319 3324 447 3376 cebit
491 3339 585 3377 nos
615 3324 725 3376 uias
770 3337 915 3386 suas,
969 3321 1019 3375 id
1061 3331 1147 3374 est
1175 3321 1474 3374 doctrinam
1513 3319 1645 3390 legis
1674 3336 1806 3382 sua},
1844 3333 1890 3371 et

315 3414 698 3467 ombulabimus
728 3413 782 3466 in
821 3413 1017 3466 sentitis
1059 3413 1171 3480 ejus
1193 3451 1209 3476 ,
1242 3412 1293 3465 id
1324 3423 1408 3466 est
1450 3412 1500 3465 in
1548 3411 1888 3465 observatio-

317 3504 474 3559 nibus
517 3505 648 3573 legis
697 3503 833 3571 ejus.
867 3519 989 3572 quae
1038 3519 1173 3556 nova
1224 3511 1328 3566 est,
1377 3505 1516 3557 sicut
1562 3517 1728 3556 novas
1783 3504 1892 3556 vias

317 3597 538 3650 semitas
563 3595 911 3662 appellamus.
944 3595 1097 3660 Quod
1130 3603 1309 3646 autem
1347 3595 1626 3663 sequitur:
1661 3595 1798 3659 Quia
1831 3595 1893 3646 de

318 3689 447 3743 Sion
488 3689 646 3741 exibit
689 3688 794 3749 lex.
827 3698 875 3742 et
921 3686 1129 3740 verbum
1175 3686 1385 3739 Domini
1421 3689 1485 3740 de
1535 3685 1888 3751 Hierusalem,

317 3780 560 3834 insinuat
580 3779 723 3846 quod
753 3778 835 3830 lex
861 3777 1062 3830 Christi
1089 3777 1156 3830 de
1188 3776 1342 3839 Sion,
1363 3785 1416 3828 et
1441 3777 1662 3829 verbum
1688 3774 1803 3842 ejus
1826 3775 1894 3826 de

318 3870 650 3923 Hierusalem
705 3883 1053 3939 egressurutu
1105 3867 1226 3922 fuit.
1276 3867 1406 3922 Nam
1459 3869 1510 3920 in
1558 3868 1687 3920 Sion
1732 3883 1895 3936 super

316 3963 592 4031 apostolos
633 3961 869 4029 Spiritus
907 3970 1130 4014 sanctus
1185 3960 1362 4019 venit.
1395 3959 1548 4024 cujus
1599 3959 1891 4024 adventus,

315 4053 450 4123 legis
478 4053 888 4108 fundamentum
926 4052 1154 4117 exstitit,
1183 4061 1347 4120 atque
1375 4054 1443 4104 ab
1482 4052 1597 4118 ipso
1639 4051 1761 4104 data
1782 4093 1795 4112 .
1831 4067 1894 4104 ac

316 4164 415 4216 per
449 4150 624 4218 ipsum
656 4147 943 4216 praadicata
985 4146 1107 4208 fuit.
1131 4155 1186 4199 et
1234 4145 1289 4198 in
1323 4143 1658 4198 Hierusalem
1716 4144 1894 4212 prius-

316 4256 481 4309 quam
519 4240 667 4304 alibi,
697 4248 752 4293 et
782 4238 1099 4307 apostoli,et
1123 4237 1371 4291 Christus
1408 4236 1522 4305 ipse
1554 4235 1893 4304 praedicavit,

317 4341 374 4383 et
405 4329 528 4384 inde
565 4345 661 4398 per
691 4337 862 4382 totum
892 4328 1150 4381 uutndum
1177 4327 1490 4397 praedicatio
1519 4326 1706 4378 exivit.
1747 4325 1898 4380 Patet

318 4422 504 4491 itaque
522 4421 648 4491 quia
670 4421 735 4474 de
758 4436 898 4474 nova
923 4421 1035 4474 lucc
1057 4419 1172 4489 lege
1192 4417 1352 4471 Isaias
1379 4417 1735 4486 prophetarit.
1767 4417 1894 4472 Item

1991 1941 2244 1995 videlicet
2275 1942 2393 1994 loco
2423 1943 2759 2005 construitis,
2803 1952 2856 1996 et
2903 1943 3164 1997 adoratis.
3221 1945 3372 2000 Unde
3407 1947 3574 2001 etiam

1993 2034 2161 2088 Isaias
2191 2035 2255 2087 ad
2288 2035 2711 2103 increpationem
2735 2044 2788 2086 et
2809 2037 3156 2105 opprobrium
3175 2047 3414 2090 vestrum
3442 2037 3576 2092 dicit

1993 2129 2078 2183 his
2092 2128 2268 2182 verbis
2285 2145 2298 2182 :
2314 2128 2520 2196 Artifex
2533 2127 2786 2197 lignarius
2802 2128 3033 2182 extendit
3051 2144 3310 2194 normam,
3325 2129 3575 2197 formavit

1992 2220 2126 2273 illud
2153 2221 2205 2273 in
2233 2221 2450 2273 runcina
2469 2260 2484 2280 .
2516 2219 2636 2284 fecit
2671 2221 2946 2287 imaginem
2978 2219 3074 2271 viri
3097 2220 3248 2287 quasi
3278 2219 3573 2278 speciosum

1993 2313 2250 2365 hominem
2281 2313 2600 2366 habitantem
2633 2311 2686 2364 in
2722 2312 2895 2363 domo.
2933 2311 2999 2364 Et
3026 2320 3207 2377 postea
3250 2312 3302 2362 in
3337 2313 3526 2364 eadem
3557 2329 3571 2364 :

1995 2404 2120 2459 Non
2149 2406 2430 2474 recogitant
2461 2406 2515 2457 in
2547 2415 2712 2456 mente
2737 2421 2834 2456 sua
2867 2419 3028 2470 neque
3056 2411 3390 2472 cognoscunt,
3419 2419 3580 2470 neque

1991 2497 2219 2549 sentiunt
2254 2507 2310 2548 ut
2332 2497 2508 2548 dicant
2537 2512 2556 2549 :
2586 2495 2914 2549 Medietatem
2944 2494 3056 2563 ejus
3087 2495 3346 2547 combussi
3372 2495 3500 2564 igni,
3529 2503 3580 2549 et

1993 2587 2111 2640 cori
2129 2604 2286 2654 super
2314 2587 2562 2640 carbones
2593 2587 2707 2656 ejus
2739 2604 2920 2655 panes.
2948 2587 3066 2640 coci
3089 2602 3274 2641 carnes
3302 2595 3351 2640 et
3381 2587 3580 2642 comedi

1994 2689 2042 2732 et
2067 2680 2130 2732 de
2162 2679 2361 2742 reliquo
2391 2680 2504 2749 ejus
2534 2679 2730 2732 idolum
2760 2679 2997 2748 faciam?
3022 2679 3152 2731 Ante
3183 2689 3420 2732 truncam
3450 2679 3580 2748 ligni

1991 2769 2300 2837 precidem?
2331 2767 2466 2821 Pars
2503 2769 2618 2838 ejus
2653 2770 2784 2820 cinis
2829 2779 2925 2821 est.
2971 2766 3076 2821 Cor
3112 2767 3358 2830 insipiens
3395 2769 3582 2820 adorat

1992 2857 2126 2910 illud
2151 2867 2198 2910 et
2223 2875 2326 2911 non
2349 2857 2582 2911 liberabit
2607 2859 2836 2910 animant
2861 2873 3031 2914 suam.
3059 2873 3218 2928 neque
3239 2858 3393 2910 dicet.
3419 2854 3582 2911 Forte

1993 2951 2317 3003 mendacium
2347 2959 2420 3003 est
2451 2951 2505 3002 in
2537 2950 2749 3003 dextera
2783 2966 2894 3002 mea
2923 2949 3060 3018 (Isa.
3090 2952 3257 3016 κων).

2071 3040 2306 3097 Parcus.
2349 3039 2462 3094 Non
2493 3049 2574 3094 est
2604 3057 2732 3094 sane
2763 3056 2851 3095 res
2882 3052 2938 3093 ut
2968 3042 3188 3110 putatis.
3221 3039 3404 3110 Neque
3435 3040 3580 3096 enim

1996 3131 2132 3186 idola
2172 3131 2534 3195 fabricamus,
2567 3148 2665 3185 nec
2700 3134 3022 3198 adoramus,
3057 3134 3163 3186 imo
3198 3149 3413 3186 crucem
3451 3132 3584 3186 faci-

1997 3240 2114 3277 IIIIIS
2142 3233 2195 3277 et
2239 3224 2287 3278 ei
2331 3224 2619 3294 imaginem
2654 3225 2888 3278 heminis
2919 3227 3366 3295 superponimus.
3402 3235 3455 3279 et
3486 3242 3584 3296 per

1995 3330 2210 3369 crucem
2273 3317 2486 3384 quidem
2553 3315 2746 3381 altare,
2779 3331 2878 3385 per
2906 3317 3195 3387 imaginem
3249 3317 3578 3371 sacrificium

1995 3410 2134 3478 quod
2185 3425 2346 3478 super
2391 3409 2558 3462 altare
2613 3418 2695 3463 est
2749 3409 3113 3477 desiguainus.
3175 3411 3326 3465 Sicut
3381 3420 3559 3464 tamen

1994 3517 2158 3570 super
2201 3502 2369 3555 altare
2420 3501 2667 3554 animalia
2719 3502 3137 3565 sacriticalmnt,
3190 3501 3261 3555 ita
3307 3512 3360 3556 et
3411 3518 3579 3570 super

1993 3614 2210 3652 crucem
2246 3598 2552 3653 immolatus
2588 3596 2685 3650 fuit
2717 3598 2808 3652 Dei
2843 3597 3054 3666 Agnus;
3083 3606 3137 3651 et
3175 3597 3315 3650 sicut
3347 3597 3412 3650 de
3447 3595 3580 3666 lapi-

1995 3689 2120 3740 dum
2147 3688 2387 3755 reliquiis
2413 3688 2606 3756 quibus
2631 3687 2803 3742 altare
2830 3688 3236 3751 construebant,
3265 3702 3394 3741 cura
3426 3687 3572 3739 nulla

1997 3789 2114 3832 erat
2143 3779 2270 3848 quid
2302 3782 2484 3843 fieret,
2519 3781 2589 3832 ita
2617 3790 2672 3833 et
2703 3781 2769 3832 de
2811 3780 3054 3849 reliquiis
3089 3781 3267 3834 crucis
3302 3780 3384 3834 vel
3419 3795 3578 3846 supra

1997 3871 2260 3938 imposita!
2281 3871 2528 3936 imaginis
2553 3871 2680 3938 quid
2705 3871 2795 3924 liat
2813 3888 2916 3924 non
2942 3889 3214 3926 curamus.
3241 3870 3389 3927 Sicut
3411 3872 3578 3925 eliam

1999 3961 2251 4016 Salomon
2282 3970 2336 4015 et
2367 3961 2455 4014 alii
2497 3972 2622 4014 ante
2645 3961 2814 4015 altare
2845 3963 3206 4030 procidentes,
3239 3979 3579 4032 nequaquam

1997 4053 2124 4108 illud
2150 4093 2164 4113 .
2205 4053 2313 4106 imo
2347 4053 2512 4106 Deum
2551 4052 2722 4106 solum
2761 4053 3078 4108 adorabant.
3117 4054 3191 4107 Ita
3232 4063 3286 4108 ct
3321 4071 3418 4108 nos
3455 4065 3582 4109 ante

2001 4163 2219 4202 crucem
2262 4161 2432 4214 genua
2468 4145 2778 4210 ﬂectentes,
2812 4163 3148 4215 nequaquam
3183 4162 3398 4201 crucem
3436 4147 3578 4200 illam

2001 4249 2093 4292 aut
2133 4239 2420 4309 imaginem
2455 4238 2880 4307 superpositam.
2921 4237 3026 4291 imo
3069 4235 3234 4289 Demn
3273 4237 3487 4290 Patrem
3529 4248 3583 4291 et

1999 4328 2192 4386 Filium
2226 4344 2380 4382 suum
2417 4326 2603 4381 Jesum
2633 4326 2907 4381 Christum
2941 4326 3248 4380 adoramus.

2070 4419 2300 4474 Movsss.
2340 4419 2499 4473 Ratio
2530 4419 2714 4489 utique
2748 4429 2893 4473 esset
2923 4418 3064 4486 quod
3099 4418 3258 4477 dicis.
3291 4418 3334 4470 si
3365 4432 3579 4470 crucem

317 4515 389 4568 de
405 4529 539 4568 nova
567 4513 683 4582 lege
706 4513 784 4577 sic
807 4511 1041 4580 loquitur
1062 4509 1359 4564 Jeremias:
1390 4507 1520 4560 Ecce
1539 4510 1649 4560 dies
1673 4509 1894 4571 venient,
1930 4539 1974 4594 ο
2002 4514 2147 4568 illam
2181 4529 2342 4581 super
2369 4527 2530 4582 quam
2569 4511 2878 4565 immolatus
2911 4520 2992 4566 est
3022 4509 3113 4564 Dei
3145 4509 3325 4577 Agnus
3358 4509 3584 4562 habere-

318 4603 447 4655 dicit
479 4602 756 4662 Dominus,
783 4611 829 4654 et
871 4601 1056 4670 {etiam
1083 4599 1262 4652 domui
1291 4597 1458 4651 Israel
1487 4609 1532 4650 et
1553 4599 1732 4650 domui
1755 4599 1898 4652 Juda

320 4695 489 4761 [trdus
518 4710 726 4755 novum,
751 4709 852 4746 non
876 4691 1163 4745 secundum
1186 4699 1392 4757 pactum
1421 4690 1557 4758 quod
1584 4690 1750 4758 pepigi
1785 4706 1902 4740 cum

319 4785 559 4853 patribus
582 4801 781 4848 eorum,
805 4785 856 4836 in
879 4783 963 4836 die
985 4799 1086 4852 qua
1119 4783 1435 4850 apprehendi
1463 4796 1669 4835 manum
1701 4796 1901 4841 conon,

322 4889 380 4930 ut
406 4879 671 4930 educerem
695 4893 779 4928 eos
804 4878 867 4929 de
891 4885 1029 4928 terra
1053 4873 1269 4944 Egypti
1298 4873 1429 4942 (Jer.
1448 4875 1618 4941 xxxi).
1639 4871 1733 4926 Ubi
1759 4871 1902 4924 enim

321 4972 380 5022 in
416 4970 605 5022 Latino
639 4970 869 5022 habetur
904 4967 1072 5038 foedus
1105 4982 1322 5025 novum.
1355 4965 1406 5017 in
1450 4965 1710 5019 IIeIn°aico
1751 4967 1902 5016 inve-

323 5066 443 5117 nies
477 5073 640 5122 rrmn
673 5061 1048 5124 nmmberitlt,
1077 5060 1306 5119 liadasa.
1341 5058 1482 5126 quod
1513 5058 1901 5124 interpretatur

321 5160 412 5210 lea:
444 5175 597 5221 nova,
635 5155 815 5226 Moyse.
845 5162 1157 5216 attestante,
1189 5151 1279 5220 qui
1306 5150 1486 5203 multis
1517 5149 1569 5202 in
1601 5149 1730 5200 locis
1757 5163 1900 5214 prte-

324 5259 484 5316 cepla
521 5247 654 5314 legis
676 5261 787 5298 sum
816 5245 1002 5303 berith,
1044 5241 1294 5312 appellat.
1320 5241 1435 5308 Ipse
1465 5240 1605 5292 enim
1637 5237 1899 5292 Jeremias

322 5341 475 5407 quod
509 5340 572 5392 dc
605 5353 740 5390 nova
774 5337 886 5404 lege
915 5336 1078 5402 [tedas
1103 5351 1288 5387 norum
1305 5334 1521 5391 dixerit.
1553 5332 1726 5384 itnmit
1760 5347 1882 5383 cum

321 5433 441 5484 ait:
479 5432 597 5484 Non
621 5429 905 5481 secundum
929 5436 1134 5494 pactum
1159 5427 1298 5496 quod
1327 5425 1628 5494 pepigicum
1659 5423 1899 5489 patribus

325 5540 516 5576 eorum
546 5523 598 5575 in
626 5521 711 5574 die
733 5535 834 5588 quo
862 5521 1172 5588 apprehendi
1207 5536 1414 5571 manum
1451 5535 1650 5582 eorum,
1685 5529 1735 5568 ut
1769 5519 1900 5568 eda.

321 5634 494 5671 cerem
519 5632 607 5669 eos
637 5615 701 5667 de
731 5625 869 5666 terra
913 5611 1150 5682 /Egypti.
1195 5612 1287 5665 llic
1319 5626 1547 5679 natnquc
1596 5622 1781 5676 aperte
1824 5609 1901 5659 lo-

321 5709 510 5777 quitur
537 5708 606 5759 de
649 5714 832 5774 pacto.
873 5703 924 5756 id
953 5713 1037 5758 est
1067 5703 1132 5755 de
1161 5702 1276 5768 lege
1306 5701 1390 5754 illa
1429 5717 1589 5770 quam
1620 5700 1764 5752 dedit
1801 5700 1900 5752 Ilo-

321 5800 507 5858 miuus
541 5799 711 5870 Moysi
747 5799 798 5852 in
847 5798 1058 5850 deserto
1102 5805 1219 5864 post
1249 5809 1520 5864 egressum
1555 5791 1786 5861 Egypti.

2007 4607 2096 4660 tis.
2132 4606 2236 4660 Sed
2277 4621 2418 4660 uttuc
2460 4605 2697 4657 adoratis
2727 4620 2944 4659 crucem
2990 4604 3187 4666 aliam,
3231 4618 3390 4672 super
3420 4617 3580 4670 quam

2006 4711 2280 4764 nunquam
2314 4695 2412 4747 fuit
2440 4694 2625 4763 Agnus
2658 4695 2743 4748 ille
2775 4694 3105 4748 immolatus.

2070 4788 2311 4843 'Pcrnus.
2341 4787 2590 4841 Profecto
2611 4803 2825 4840 crucem
2855 4788 2996 4840 illam
3024 4789 3222 4856 ubique
3254 4786 3450 4840 habere
3477 4800 3579 4837 non

2005 4896 2320 4950 possumus,
2352 4895 2519 4948 quare
2551 4893 2649 4933 nee
2679 4880 2873 4932 mirum
2907 4897 3003 4931 nec
3035 4879 3230 4932 malum
3260 4887 3360 4941 est,
3395 4877 3436 4928 si
3463 4892 3585 4928 cru-

2005 4988 2097 5026 ces
2121 4973 2253 5026 alias
2282 4973 2345 5025 ad
2369 4972 2483 5041 ejus
2507 4971 2910 5026 similitudinem
2938 4972 3216 5033 r'It'iilllNIS,
3243 4980 3301 5024 nt
3322 4969 3409 5039 qui
3440 4968 3580 5020 illam

2004 5064 2202 5119 Christi
2241 5078 2458 5117 crucem
2501 5079 2603 5116 non
2647 5063 2928 5120 viderunt.
2970 5061 3101 5114 alias
3131 5061 3317 5114 saltem
3352 5075 3472 5128 qua:
3515 5055 3582 5108 ad

2005 5155 2148 5212 illius
2183 5153 2586 5208 similitudinem
2631 5152 2784 5206 facta?
2824 5166 2946 5206 sunt
2987 5153 3233 5215 videant.
3282 5161 3336 5204 ct
3378 5147 3581 5203 sacriﬁ-

2003 5243 2144 5297 cium
2177 5243 2316 5312 quod
2350 5244 2401 5298 in
2445 5244 2532 5298 illa
2575 5241 2771 5297 factum
2804 5253 2884 5298 est
2926 5244 3278 5298 :ecordeutur
3308 5249 3469 5308 atque
3500 5239 3582 5290 in-

2005 5333 2246 5403 telligant
2282 5335 2732 5402 quemadmodum
2769 5335 2931 5388 etiam
2964 5333 3075 5386 lilii.
3114 5331 3216 5384 Sed
3252 5340 3305 5382 et
3337 5329 3426 5381 lilii
3475 5327 3581 5378 Ru-

2004 5423 2104 5475 ben
2143 5423 2315 5477 altare
2344 5434 2754 5477 construxerant
2798 5437 2944 5478 trans
2975 5423 3261 5478 Jordancm
3293 5420 3357 5470 ad
3388 5417 3578 5469 simili-

2004 5515 2241 5567 tudinem
2271 5513 2458 5568 altaris
2487 5513 2631 5567 illius
2661 5514 2932 5578 Iliericlio,
2965 5527 3022 5566 ut
3052 5513 3142 5566 lilii
3172 5510 3252 5565 sui
3281 5516 3332 5560 et
3361 5522 3573 5562 uxores.

2003 5606 2092 5674 qui
2131 5606 2424 5660 ascendere
2470 5621 2576 5658 non
2631 5612 2921 5674 potuerunt
2963 5602 3087 5654 illud
3132 5600 3473 5668 aspicerent.
3525 5596 3577 5647 in

2005 5698 2370 5752 testimoniqu
2411 5708 2614 5752 tantum
2661 5696 2882 5750 alterius
2920 5705 2973 5747 et
3000 5691 3353 5757 cognitionem
3381 5729 3395 5752 ,
3437 5685 3580 5738 sicut

2005 5792 2055 5844 in
2086 5791 2220 5844 libro
2246 5792 2407 5846 .Iosue
2435 5792 2691 5858 scriptum
2722 5789 2920 5858 poteris
2951 5783 3186 5838 invenire
3239 5779 3371 5846 (Jos.
3413 5777 3572 5844 xm).
