4038 6492
464 347 569 403 δτι

1397 346 1598 403 PETRI
1639 348 1976 406 ALPlIONSl
2017 350 2105 405 ex
2139 349 2386 409 menso
2423 315 2808 409 cumsuam

3619 354 3718 413 672

543 465 772 523 Moyses.
810 468 1030 524 Multum
1066 481 1212 526 certe
1243 469 1335 523 tibi
1367 470 1514 524 dedit
1542 470 1682 525 Deus
1728 472 2003 539 sapientia:
2027 513 2044 539 ,
2074 483 2122 541 Α
2151 473 2198 528 si
2231 482 2284 528 tu
2317 472 2461 543 quod
2489 471 2787 534 credimus,
2825 471 2937 541 ipsc
2958 471 3119 527 etiam
3149 472 3435 536 crederes,
3470 481 3525 527 et
3552 473 3718 544 bapti-

463 563 520 608 et
556 565 611 612 te
639 559 867 628 plurima
907 560 1193 616 illustravit
1241 561 1480 629 ratione,
1517 561 1661 631 quod
1699 563 1750 616 in
1793 573 1845 618 te
1886 562 2040 619 Scri-

458 658 637 717 pturte
660 650 1008 721 intelligentia
1034 661 1181 707 tanta
1204 651 1294 716 sit,
1318 662 1376 705 ut
1399 662 1449 706 te
1470 668 1727 723 superare
1752 669 2041 724 nequeam,

461 738 572 794 imo
600 741 1132 807 quod'contradicam
1163 757 1266 796 non
1299 743 1548 797 habeam.

529 827 763 886 PETBUS.
805 830 916 886 Hoc
948 834 1132 901 procul
1170 832 1333 888 dubio
1358 835 1557 889 donum
1591 836 1759 892 sancti
1805 834 2042 907 Spiritus

460 918 711 977 bautismi
751 924 918 993 gratia
950 925 1206 992 contulit,
1245 942 1365 996 qua:
1395 928 1554 981 corda
1597 939 1779 984 nostra
1811 934 1881 983 ita
1922 929 2042 984 illu-

457 1016 660 1082 minat,
698 1034 765 1074 ne
794 1019 911 1075 falsi
939 1020 1143 1090 aliquid
1180 1023 1406 1078 credere
1441 1038 1850 1092 pizesumamns.
1883 1022 2034 1091 Quod

454 1219 681 1250 ’0—

915 1372 2003 1584 DISCIPLINA

2145 567 2257 629 zari
2289 576 2342 624 te
2366 567 2596 632 faceres,
2623 565 2866 621 eamdem
2896 564 3129 636 Spiritus
3165 566 3340 620 sancti
3369 564 3722 622 illuminatio-

2143 671 2268 711 nem
2311 654 2571 720 haberes,
2607 664 2664 710 ut
2698 663 2751 710 et
2782 670 2901 723 qua:
2933 669 3059 710 vera
3105 665 3230 710 sunt
3268 670 3625 726 agnosceres,
3670 666 3724 714 et

2141 763 2261 817 quae
2288 746 2418 802 falsa
2453 762 2756 818 respueres.
2788 746 2942 802 Nunc
2965 754 3169 812 autem,
3200 748 3458 816 quoniam
3487 762 3650 817 super
3673 758 3723 804 te

2145 839 2400 908 pietatem
2427 840 2620 905 habeo,
2656 839 2746 894 Dei
2779 840 3203 895 misericordiam
3242 840 3494 910 imploro,
3524 853 3582 895 ut
3608 841 3725 911 Spi-

2143 934 2281 988 ritus
2309 933 2391 987 sui
2421 932 2753 1003 plenitudine
2788 941 2840 987 te
2871 930 3104 987 illustret
3123 972 3138 993 ,
3172 941 3225 985 et
3255 932 3417 987 linem
3445 930 3721 989 meliorem

2141 1041 2303 1096 quam
2339 1026 2661 1096 principium
2694 1024 2785 1080 tibi
2816 1034 3051 1096 praeStet.
3081 1024 3271 1080 Amen.

2142 1374 3237 1536 CLERICALIS

1206 1661 1752 1756 AUCTORE
1829 1662 2227 1755 PETRO
2267 1661 2936 1823 ALPHONSO

525 1863 706 1932 (Juxta
731 1862 1021 1917 editionem
1055 1861 1355 1932 principem
1392 1862 1618 1921 Parisiis
1647 1877 1792 1916 anno
1830 1859 1964 1914 1824
1993 1868 2218 1915 curante
2247 1859 2310 1914 D.
2338 1859 2705 1932 LABOUDERIE,
2733 1858 3134 1918 Avenionensis
3189 1862 3455 1920 Ecclesia:
3511 1865 3709 1927 vicario

447 1931 709 2007 generali,
740 1935 940 2015 datam,
969 1933 1118 2015 typis
1150 1931 1421 2015 “ignouit,
1447 1935 1625 2015 ἱιιτιὲ.
1656 1964 1727 2015 έ
1750 1932 1936 2013 Tomis
1964 1931 2298 2015 duillius-seu
2339 1931 2829 2015 partibusconstat.
2849 1972 2881 2015 ,_
2910 1946 3142 2015 quorum
3193 1933 3411 2015 primus
3449 1937 3570 2015 _sub
3607 1954 3708 2015 uno

446 2000 737 2079 conspectu
765 2000 1634 2079 exhibettestuin'pt‘imigenium
1673 2012 1727 2079 et
1757 2002 2065 2079 versionem
2094 2000 2378 2079 Gal-licam,
2414 2003 2619 2079 saeculi,
2636 2009 2703 2079 _u_t
2740 2001 2985 2079 videtur,
3013 2000 3207 2079 decimi
3235 2004 3414 2074 quinti
3444 2006 3701 2079 ineuntis,

446 2076 531 2131 cui
576 2071 760 2130 titulus
790 2094 803 2129 :
834 2073 910 2128 La
950 2071 1338 2143 Disciplinevde
1370 2071 1591 2143 Cl'ergie.
1618 2073 1809 2141 Incipit
1836 2089 1849 2126 :
1877 2071 2059 2126 Pierre
2081 2071 2361 2143 Alit/tonse,
2391 2072 2507 2143 seirf
2528 2076 2592 2127 de
2621 2072 3006 2137 limus-Crist,
3023 2076 3113 2143 qui
3134 2074 3220 2142 ﬁat
3248 2071 3580 2140 cestuilirre,
3602 2071 3700 2136 etc,

445 2147 657 2201 Desinit
687 2164 699 2201 :
731 2145 805 2216 Cy
831 2146 936 2213 ﬁne
959 2134 1141 2199 Pieria
1164 2144 1449 2207 Alnhonse.
1475 2134 1609 2202 βίη-ε
1638 2134 2401 2216 secilttila,_qii;eintitulatur.
2427 2134 2500 2197 Le
2514 2142 2908 2207 cliaatoiement,
2940 2134 3245 2202 versionem
3285 2154 3526 2204 veteram
3550 2134 3702 2208 Galli;

412 2282 417 2285 _
444 2234 566 2274 eam
594 2212 839 2287 ejusdem
866 2216 1012 2283 libri,
1040 2215 1266 2271 metrice
1292 2226 1603 2283 exaratam,
1632 2215 1872 2272 exhibet.
1903 2212 2140 2283 Incipit:

1649 2326 1753 2394 Qui
1784 2336 1899 2384 vent
1926 2329 2095 2380 honor
2118 2341 2182 2379 en
2208 2324 2361 2379 siecle
2384 2326 2524 2379 arcit-

1645 2399 2057 2453 Premereiment
2095 2397 2204 2449 dcit
2235 2396 2428 2459 sarcir,
2456 2405 2561 2450 etc.

443 2517 650 2574 Prodiit

717 2517 1023 2595 ostmpdunt
1054 2516 1201 2595 [frtri
1237 2515 1497 2595 Alphousi
1535 2508 2132 2594 Disciplindclericalis
2169 2509 2316 2595 curis
2340 2509 2431 2595 ι’.
2745 2511 3007 2580 Schmitt,
3048 2515 3295 2595 rBerolini
3349 2521 3510 2591 1827,
3546 2527 3680 2595 apud

444 2534 650 2574 I’t‘Otllll.
717 2534 1023 2574 ostmouum
1057 2534 1201 2571 I't’ll'l
1237 2534 1497 2586 AlptIODSI
1535 2534 1829 2583 Ulu‘tptma
1869 2534 2132 2565 Ctencuua
2169 2534 2316 2563 CUI‘IB
2341 2534 2431 2562 [Τ.
2471 2534 2549 2563 vv.
2591 2534 2694 2565 val.
2745 2534 3007 2580 acumut,
3060 2534 3271 2574 DBI‘OIIII

439 2589 649 2645 'l‘heod.
673 2534 802 2645 δίη.
832 2588 924 2643 Fr.
966 2588 1173 2643 Eusliu.
1197 2618 1266 2628 -—-
1295 2587 1424 2655 Nos,
1458 2596 1686 2655 utraque
1715 2584 1963 2638 versione
1986 2580 2212 2646 omissa,
2244 2587 2451 2635 textum
2476 2578 2729 2637 Latinum
2765 2594 3271 2660 reprzcsentamus.)

512 2905 658 2962 Dixit
704 2903 897 2960 Petrus
943 2901 1256 2965 Anfunsus,
1310 2916 1499 2955 servus
1547 2898 1748 2954 Christi
1799 2897 1961 2953 Jhesu
1994 2938 2010 2963 ,

433 2984 765 3068 compositor
807 2996 967 3067 hujus
1002 2995 1124 3050 libri
1158 3011 1172 3048 :
1210 2992 1426 3049 Gratias
1470 3007 1569 3063 ago
1621 2991 1728 3045 Deo
1770 2991 1861 3059 qui
1901 2992 2014 3061 pri-

435 3108 557 3146 mus
587 3100 670 3146 est
695 3090 811 3145 sine
841 3088 1139 3158 principio,
1174 3101 1204 3140 a
1233 3102 1343 3157 quo
1368 3085 1607 3139 omnium
1637 3084 1898 3139 bonorum
1929 3093 2013 3139 est

432 3185 789 3255 principium,
837 3181 958 3237 finis
986 3181 1104 3236 sine
1134 3178 1260 3244 line,
1295 3178 1458 3233 totius
1484 3176 1610 3233 boni
1653 3177 2012 3247 complemen-

434 3289 570 3344 tum,
603 3278 820 3347 sapiens
842 3276 932 3346 qui
959 3274 1278 3345 sapientiam
1305 3273 1509 3343 pmbet
1537 3271 1739 3326 homini
1766 3280 1821 3325 et
1852 3270 2013 3325 ratio-

435 3389 584 3439 ncm,
607 3373 696 3442 qui
723 3387 822 3427 nos
846 3386 945 3425 sua
969 3369 1228 3440 aspiravit
1256 3367 1545 3439 sapientia,
1576 3376 1631 3422 et
1655 3383 1765 3421 sua:
1788 3364 2012 3421 rationis

432 3461 758 3518 mumirabili
797 3460 1083 3516 illustravit
1112 3458 1375 3523 claritate,
1408 3470 1465 3514 et
1496 3456 1808 3512 multiformi
1838 3457 2010 3511 sancti

431 3554 668 3626 Spiritus
696 3553 779 3610 sui
814 3552 1001 3608 ditavit
1030 3551 1226 3623 gratia,
1258 3551 1379 3621 quia
1416 3550 1577 3620 igitur
1618 3566 1703 3605 me
1731 3550 1857 3605 licet
1884 3564 2009 3618 pec-

430 3656 667 3701 catorem
695 3645 837 3700 Deus
859 3643 1172 3699 multimoda
1196 3643 1397 3697 vestire
1419 3642 1668 3711 dignatus
1689 3652 1770 3696 est
1793 3641 2019 3711 sapien-'

432 3740 526 3806 tia,
560 3753 627 3793 ne
654 3737 870 3793 lucerna
896 3736 1059 3791 michi
1087 3736 1290 3791 credita
1325 3735 1425 3791 sub
1456 3735 1633 3790 modio
1655 3743 1792 3790 tecta
1821 3736 2005 3788 lateat.

431 3828 630 3881 Eodem
672 3825 877 3895 Spiritu
922 3824 1233 3896 instigante,
1272 3825 1339 3878 ad
1383 3823 1674 3878 multorum
1719 3822 2004 3877 utilitatem

430 3920 571 3973 hunc
622 3918 817 3971 librum
863 3932 1190 3986 componere
1238 3917 1567 3971 anmionitus
1616 3931 1733 3970 sum
1762 3956 1776 3980 ,
1827 3916 2003 3987 ipsum

427 4009 719 4063 obsecrans
752 4018 809 4064 ut
833 4008 957 4063 huic
985 4008 1148 4063 libelli
1184 4009 1287 4064 mei
1317 4008 1583 4079 principio
1613 4009 1809 4062 bonum
1840 4008 2001 4062 finem

2047 2854 2095 2915 B

2452 2674 2473 2700 Γ

2122 2900 2247 2948 neat
2288 2893 2684 2965 quodammodo
2727 2898 3036 2955 necessario
3075 2899 3359 2956 mollienda
3401 2912 3457 2958 et
3495 2905 3700 2963 dulcili-

2120 2984 2293 3040 canda
2317 2994 2418 3050 est,
2450 2987 2576 3055 quia
2610 2997 2665 3043 et
2689 2987 2949 3045 obliviosa
2990 3001 3110 3055 est,
3141 2994 3322 3049 nmltis
3357 2995 3560 3068 indiget
3582 3015 3693 3069 quae

2118 3077 2403 3133 oblitorum
2426 3078 2627 3135 faciant
2655 3082 2947 3138 recordari.
2974 3083 3265 3154 Propterea
3289 3087 3527 3143 libellum
3552 3107 3692 3146 com-

2118 3171 2261 3242 pegi,
2290 3172 2507 3242 lpartim
2541 3187 2606 3227 ex
2645 3175 2946 3244 proverbiis
2985 3176 3467 3247 philosophorum,
3495 3190 3550 3237 et
3587 3184 3693 3240 suis

2118 3263 2563 3335 castigationibus
2609 3266 2895 3334 Arabicis,
2937 3278 2993 3322 et
3037 3269 3263 3335 faimlis,
3308 3280 3363 3326 et
3413 3275 3691 3345 versibus,

2116 3357 2312 3427 partim
2351 3373 2418 3413 ex
2456 3359 2768 3414 animalium
2813 3370 2867 3417 et
2906 3361 3183 3418 volucrum
3229 3366 3687 3424 similitudinibus.

2115 3451 2328 3507 Modum
2367 3460 2545 3507 autem
2590 3452 2925 3509 considerari
2975 3470 3043 3510 ne
3086 3457 3132 3512 si
3172 3457 3326 3528 plura
3373 3461 3689 3517 necessariis

2113 3542 2463 3611 scripserim,
2500 3542 2701 3613 scripta
2742 3545 2894 3600 oneri
2933 3547 3111 3616 potius
3152 3548 3259 3604 sint
3303 3549 3495 3606 lectori
3533 3568 3691 3623 quam

2113 3631 2355 3687 subsidio
2392 3641 2449 3686 et
2476 3631 2776 3703 legentibus
2814 3643 2870 3691 et
2905 3636 3248 3696 audientibus
3286 3640 3611 3699 desiderium
3634 3653 3689 3699 et

2112 3728 2329 3782 occasio
2355 3729 2652 3784 ediscendi.
2679 3728 2925 3786 Scientes
2949 3746 3076 3787 vero
3096 3748 3196 3804 per
3221 3750 3283 3789 ea
3307 3750 3428 3806 qua:
3451 3738 3540 3793 hic
3561 3754 3688 3795 con-

2115 3820 2373 3885 tinentur,
2412 3821 2701 3879 oblitorum
2733 3824 3173 3881 reminiscantur.
3208 3825 3347 3884 Huic
3391 3829 3569 3887 libello
3593 3847 3691 3887 110·-

2110 3929 2230 3968 men
2259 3913 2572 3985 iujungens,
2596 3927 2652 3971 et
2680 3925 2762 3972 est
2785 3931 2852 3970 ex
2885 3933 2964 3983 re,
2998 3918 3048 3972 id
3073 3927 3158 3974 est
3183 3934 3490 3978 CLERICALIS
3519 3923 3682 3979 DlSCt-

2108 4021 2279 4060 ηιμ.
2326 4006 2523 4062 Reddit
2564 4008 2708 4063 enim
2750 4008 3009 4064 clericum
3043 4009 3466 4080 disciplinatum.
3500 4015 3680 4070 Vitan-

427 4104 680 4172 :ttljllngttl
705 4142 720 4167 ,
760 4116 953 4172 meque
993 4101 1295 4165 custodiat,
1318 4076 1402 4154 ine
1444 4076 1572 4170 quid
1614 4100 1664 4154 in
1700 4116 1764 4154 eo
1791 4101 2005 4154 dicatur
2031 4076 2077 4138 ο
2108 4100 2235 4154 dum
2269 4110 2447 4155 tamen
2476 4100 2693 4156 decrevi
2719 4115 2818 4170 pro
2843 4076 3203 4171 possibilitate
3231 4118 3426 4160 sensus
3450 4108 3587 4172 mei,
3619 4122 3680 4162 ne

425 4196 567 4266 quod
598 4210 709 4250 sua:
735 4193 1019 4265 displiceat
1048 4192 1338 4257 voluntati;
1374 4208 1550 4247 amen.
1589 4193 1730 4247 Deus
1760 4192 1920 4263 igitur
1949 4191 2001 4245 in

428 4288 532 4340 hoc
570 4285 829 4356 opusculo
871 4283 1001 4338 mihi
1037 4282 1109 4338 sit
1139 4282 1191 4338 in
1221 4282 1480 4337 auxilium
1505 4323 1521 4351 ,
1561 4283 1650 4353 qui
1696 4298 1781 4338 me
1807 4283 2000 4338 librum

427 4380 569 4432 hunc
596 4393 943 4448 componere,
963 4384 1016 4431 et
1046 4376 1099 4430 in
1116 4374 1369 4430 Latinum
1400 4375 1697 4431 transferre
1723 4376 1999 4445 compulit.

424 4468 557 4522 (ium
607 4469 750 4524 enim
798 4467 939 4539 apud
991 4480 1077 4521 me
1121 4466 1318 4537 saepius
1363 4467 1707 4521 retractando
1753 4467 2000 4523 humanae

424 4575 617 4616 causas
646 4558 940 4616 creationis
981 4558 1294 4613 omnimodo
1343 4556 1483 4611 scire
1517 4556 1819 4612 laborarem
1846 4598 1860 4618 ,
1899 4559 1999 4613 hu-

427 4669 643 4708 manum
674 4652 892 4722 quidem
926 4650 1199 4721 ingenium
1229 4648 1406 4704 inveni
1438 4665 1503 4704 ex
1537 4651 1819 4721 praeceptis
1852 4650 1997 4707 Con-

422 4745 615 4799 ditoris
638 4744 704 4798 ad
728 4744 833 4799 hoc
854 4757 975 4798 esse
1001 4742 1335 4813 deputatum,
1360 4751 1419 4797 ut
1442 4742 1694 4813 quamdiu
1717 4744 1871 4799 estin
1895 4745 1999 4800 hoc

422 4836 640 4900 srculo,
682 4836 734 4891 in
764 4844 965 4892 sanctae
995 4836 1209 4892 studeat
1234 4836 1624 4892 exercitatione
1651 4836 1998 4908 philosophiae

419 4943 519 4998 per
540 4943 701 4994 quam
729 4928 794 4982 de
816 4936 1064 4983 creatore
1090 4943 1189 4983 suo
1226 4927 1501 4983 meliorem
1531 4937 1587 4983 et
1614 4928 1872 5000 majorem
1901 4928 1997 4983 ha-

420 5022 546 5077 beat
575 5020 843 5087 notitiam,
873 5032 927 5077 et
956 5021 1231 5078 moderata
1260 5022 1473 5077 studeat
1501 5021 1685 5077 vivere
1711 5021 1995 5077 continen-

422 5112 492 5165 tia
514 5152 529 5178 ,
557 5121 614 5166 et
640 5112 708 5167 ab
734 5111 1136 5168 innuineutibus
1165 5113 1302 5169 Sciat
1332 5113 1432 5171 sibi
1462 5128 1771 5187 praecavere
1804 5115 1997 5169 adver-

419 5204 699 5268 sitatibus,
742 5219 914 5274 eoque
955 5205 1170 5260 tramite
1206 5202 1484 5275 gradiatur
1528 5204 1579 5259 in
1621 5203 1855 5271 saeculo,
1899 5203 1990 5277 qui

417 5310 539 5352 eum
569 5297 730 5353 ducat
756 5298 822 5352 ad
856 5312 1078 5370 regnum
1104 5298 1385 5353 cmlorum.
1426 5296 1578 5363 Quod
1604 5298 1648 5351 si
1681 5297 1733 5352 in
1760 5297 1993 5369 praefata:

2106 4192 2234 4261 quid
2262 4191 2315 4246 in
2350 4201 2534 4247 nostro
2558 4200 2785 4248 tractatu
2826 4192 3131 4249 inveniatur
3152 4197 3294 4266 quod
3326 4207 3526 4253 nostra:
3563 4216 3679 4256 cre-

2105 4284 2316 4339 dulitati
2352 4285 2424 4339 sit
2453 4284 2806 4351 contrarium,
2836 4286 2921 4341 vel
2949 4302 2979 4340 a
3017 4294 3200 4342 nostra
3242 4287 3347 4342 fide
3386 4289 3672 4346 diversum.

2103 4376 2183 4430 Ad
2215 4377 2359 4446 quod
2386 4376 2603 4447 adjuvet
2639 4391 2725 4433 me
2754 4377 3096 4449 omnipotens
3122 4379 3262 4435 Deus
3293 4380 3380 4436 cui
3408 4396 3570 4454 super
3598 4384 3675 4438 ni-

2106 4476 2209 4523 tor.
2248 4468 2442 4524 Amen.

2176 4560 2231 4614 Si
2259 4561 2380 4631 quis
2407 4570 2583 4615 tamen
2609 4560 2713 4617 hoc
2740 4562 3053 4631 opusculum
3082 4561 3322 4620 humano
3343 4573 3401 4620 et
3424 4566 3677 4622 exteriori-

2102 4649 2257 4705 oculo
2283 4650 2634 4719 percurrerit,
2660 4659 2715 4706 et
2741 4651 2869 4721 quid
2893 4651 2946 4705 in
2972 4666 3036 4705 co
3058 4652 3201 4720 quod
3230 4654 3466 4710 humana
3493 4671 3669 4726 parum

2102 4741 2245 4795 cavit
2276 4750 2469 4796 natura
2492 4782 2507 4807 ,
2541 4742 2753 4806 viderit,
2787 4742 3052 4797 subtiliori
3074 4743 3232 4800 oculo
3274 4746 3470 4802 iterum
3501 4756 3554 4802 et
3582 4750 3668 4803 ite-

2101 4847 2221 4888 rum
2252 4832 2488 4903 relegere
2514 4849 2727 4901 moneo,
2755 4843 2810 4890 et
2836 4835 3048 4891 demum
3074 4844 3128 4892 et
3168 4837 3270 4908 ipsi
3298 4879 3314 4902 ,
3342 4848 3397 4895 et
3433 4842 3668 4896 omnibus

2102 4924 2385 4979 catholica:
2404 4923 2524 4979 lidci
2555 4923 2808 4995 perfectis
2847 4927 3225 4997 corrigendum
3256 4944 3470 5001 appono
3500 4948 3515 4986 :
3546 4931 3666 4986 nihil

2099 5016 2241 5071 enim
2277 5016 2330 5070 in
2372 5017 2621 5071 humanis
2656 5018 2958 5075 actionibus
2991 5019 3289 5089 perfectum
3322 5032 3475 5092 putat
3504 5024 3664 5096 phila-

2099 5109 2320 5178 sophus.

2169 5201 2351 5257 Enocb
2383 5202 2749 5273 philosophus.
2790 5204 2882 5276 qui
2910 5204 3098 5277 lingua
3137 5208 3367 5266 Arabica
3404 5209 3659 5284 cognomi-

2098 5301 2259 5349 natur
2280 5294 2461 5358 Edric,
2490 5295 2628 5350 dixit
2658 5294 2767 5351 (ilio
2792 5311 2891 5353 suo
2920 5313 2936 5352 :
2964 5298 3150 5355 Timor
3178 5300 3388 5356 Domini
3417 5302 3482 5357 sit
3512 5318 3657 5373 nego-

415 5398 613 5446 sauctte
634 5390 929 5462 disciplina:
953 5391 1141 5445 notitia
1168 5390 1380 5449 vixerit.
1407 5390 1509 5445 hoc
1530 5389 1745 5459 quidem
1768 5405 1864 5461 pro
1885 5406 1995 5461 quo
2025 5378 2075 5437 1)
2100 5385 2253 5441 tiatio
2286 5394 2406 5452 tua,
2441 5396 2496 5441 et
2534 5387 2712 5442 veniet
2748 5388 2840 5443 tibi
2872 5387 3079 5445 lucrum
3124 5390 3240 5446 sine
3279 5390 3483 5446 labore.
3525 5392 3654 5446 Dixit

412 5491 629 5540 creatus
652 5493 757 5550 est,
781 5483 1093 5553 complevit,
1121 5481 1386 5550 debetque
1417 5483 1687 5551 perfectus
1713 5482 1989 5554 appellari.

412 5575 684 5643 l‘rmilem
720 5577 884 5631 etiam
914 5574 1154 5630 hominis
1199 5572 1623 5641 complexionem
1655 5588 1774 5628 esse
1816 5572 1994 5629 consi-

414 5667 626 5731 deravi,
656 5682 796 5737 quat,
824 5681 894 5721 ne
926 5664 1140 5719 taedium
1173 5664 1440 5726 incurrat,
1471 5664 1656 5732 paucis
1684 5664 1992 5720 instruenda

412 5773 514 5811 est.
559 5769 761 5812 uurme
792 5768 1003 5824 quoque
1033 5753 1146 5826 ejus
1187 5755 1502 5809 recordatus
1530 5763 1587 5809 ut
1616 5754 1824 5812 facilius
1861 5755 1992 5812 reli-

2100 5477 2318 5547 quidam
2364 5477 2756 5548 philosophus:
2811 5476 2914 5546 Qui
2949 5479 3104 5534 timet
3151 5479 3342 5547 Deum,
3374 5481 3552 5537 omnia
3594 5481 3651 5534 ti-

2101 5579 2246 5625 ment
2277 5586 2431 5637 eum;
2484 5573 2576 5641 qui
2627 5585 2757 5625 vero
2785 5586 2891 5626 non
2949 5570 3104 5627 timet
3151 5569 3343 5639 Deum,
3375 5574 3489 5644 ipse
3513 5574 3650 5628 timet

2097 5660 2297 5715 omnia.
2326 5660 2467 5715 Dixit
2495 5661 2633 5716 alius
2653 5660 3029 5731 philosophus:
3063 5663 3163 5730 Qui
3194 5664 3347 5720 timet
3373 5665 3555 5729 Deum,
3578 5662 3646 5715 di-

2096 5753 2211 5824 ligit
2238 5768 2390 5821 eum;
2426 5754 2516 5825 qui
2551 5754 2700 5810 timet
2729 5753 2920 5824 Deum,
2952 5755 3133 5813 obedit
3161 5755 3287 5813 Deo.
3320 5756 3464 5813 Dixit
3488 5751 3645 5810 Arabs
