  <div class='ocr_page' id='page_1' title='image "/cluster/home/n/w/nwhite01/storage/ocr_20150623/157/hvd.32044010248185/342.png"; bbox 0 0 4038 6450; ppageno 0'>
   <div class='ocr_carea' id='block_1_1' title="bbox 341 433 445 488">
    <p class='ocr_par' dir='ltr' id='par_1_1' title="bbox 341 433 445 488">
     <span class='ocr_line' id='line_1_1' title="bbox 341 433 445 488; baseline 0.019 -2"><span class='ocrx_word' id='word_1_1' title='bbox 341 433 445 488; x_wconf 68' lang='lat'><strong>673</strong></span> 
     </span>
    </p>
   </div>
   <div class='ocr_carea' id='block_1_2' title="bbox 1550 436 2383 499">
    <p class='ocr_par' dir='ltr' id='par_1_2' title="bbox 1550 436 2383 499">
     <span class='ocr_line' id='line_1_2' title="bbox 1550 436 2383 499; baseline 0.012 -10"><span class='ocrx_word' id='word_1_2' title='bbox 1550 436 1919 496; x_wconf 62' lang='lat' dir='ltr'><strong>DISCIPLINA</strong></span> <span class='ocrx_word' id='word_1_3' title='bbox 1959 443 2383 499; x_wconf 61' lang='lat' dir='ltr'><strong>CLERICALIS.</strong></span> 
     </span>
    </p>
   </div>
   <div class='ocr_carea' id='block_1_3' title="bbox 3497 455 3599 510">
    <p class='ocr_par' dir='ltr' id='par_1_3' title="bbox 3497 455 3599 510">
     <span class='ocr_line' id='line_1_3' title="bbox 3497 455 3599 510; baseline 0.029 -3"><span class='ocrx_word' id='word_1_4' title='bbox 3497 455 3599 510; x_wconf 70' lang='grc'><strong>674</strong></span> 
     </span>
    </p>
   </div>
   <div class='ocr_carea' id='block_1_4' title="bbox 341 547 3597 631">
    <p class='ocr_par' dir='ltr' id='par_1_4' title="bbox 341 547 3597 631">
     <span class='ocr_line' id='line_1_4' title="bbox 341 547 3597 631; baseline 0.006 -28"><span class='ocrx_word' id='word_1_5' title='bbox 341 550 396 603; x_wconf 89' lang='lat' dir='ltr'><strong>in</strong></span> <span class='ocrx_word' id='word_1_6' title='bbox 427 561 586 601; x_wconf 87' lang='lat' dir='ltr'><strong>versu</strong></span> <span class='ocrx_word' id='word_1_7' title='bbox 616 563 718 601; x_wconf 88' lang='lat' dir='ltr'><strong>suo</strong></span> <span class='ocrx_word' id='word_1_8' title='bbox 745 565 758 601; x_wconf 94' lang='lat'><strong>:</strong></span> <span class='ocrx_word' id='word_1_9' title='bbox 791 547 1102 604; x_wconf 85' lang='lat' dir='ltr'><strong>luobediens</strong></span> <span class='ocrx_word' id='word_1_10' title='bbox 1126 563 1184 602; x_wconf 90' lang='lat' dir='ltr'><strong>es</strong></span> <span class='ocrx_word' id='word_1_11' title='bbox 1215 547 1319 603; x_wconf 88' lang='lat' dir='ltr'><strong>Deo</strong></span> <span class='ocrx_word' id='word_1_12' title='bbox 1339 548 1629 604; x_wconf 81' lang='lat' dir='ltr'><strong>sisimulas</strong></span> <span class='ocrx_word' id='word_1_13' title='bbox 1662 560 1714 607; x_wconf 90' lang='lat' dir='ltr'><strong>te</strong></span> <span class='ocrx_word' id='word_1_14' title='bbox 1743 552 1907 608; x_wconf 90' lang='lat' dir='ltr'><strong>Deum</strong></span> <span class='ocrx_word' id='word_1_15' title='bbox 1939 568 1986 620; x_wconf 72' lang='grc' dir='ltr'><strong>Α</strong></span> <span class='ocrx_word' id='word_1_16' title='bbox 2015 556 2308 628; x_wconf 75' lang='lat' dir='ltr'><strong>Iosephus:</strong></span> <span class='ocrx_word' id='word_1_17' title='bbox 2339 558 2485 613; x_wconf 87' lang='lat' dir='ltr'><strong>Multi</strong></span> <span class='ocrx_word' id='word_1_18' title='bbox 2517 570 2643 615; x_wconf 91' lang='lat' dir='ltr'><strong>sunt</strong></span> <span class='ocrx_word' id='word_1_19' title='bbox 2671 561 2797 616; x_wconf 90' lang='lat' dir='ltr'><strong>dum</strong></span> <span class='ocrx_word' id='word_1_20' title='bbox 2823 572 3182 619; x_wconf 76' lang='lat' dir='ltr'><strong>numerantur</strong></span> <span class='ocrx_word' id='word_1_21' title='bbox 3207 565 3388 631; x_wconf 88' lang='lat' dir='ltr'><strong>amici,</strong></span> <span class='ocrx_word' id='word_1_22' title='bbox 3421 569 3510 622; x_wconf 91' lang='lat' dir='ltr'><strong>scd</strong></span> <span class='ocrx_word' id='word_1_23' title='bbox 3544 569 3597 622; x_wconf 92' lang='lat' dir='ltr'><strong>iu</strong></span> 
     </span>
    </p>
   </div>
   <div class='ocr_carea' id='block_1_5' title="bbox 339 639 1914 710">
    <p class='ocr_par' dir='ltr' id='par_1_5' title="bbox 339 639 1914 710">
     <span class='ocr_line' id='line_1_5' title="bbox 339 639 1914 710; baseline 0.008 -18"><span class='ocrx_word' id='word_1_24' title='bbox 339 653 546 705; x_wconf 85' lang='lat' dir='ltr'><strong>amare,</strong></span> <span class='ocrx_word' id='word_1_25' title='bbox 575 648 632 692; x_wconf 91' lang='lat' dir='ltr'><strong>et</strong></span> <span class='ocrx_word' id='word_1_26' title='bbox 654 639 971 695; x_wconf 78' lang='lat' dir='ltr'><strong>incredibile</strong></span> <span class='ocrx_word' id='word_1_27' title='bbox 1005 649 1116 707; x_wconf 81' lang='lat' dir='ltr'><strong>est;</strong></span> <span class='ocrx_word' id='word_1_28' title='bbox 1147 641 1190 696; x_wconf 90' lang='lat' dir='ltr'><strong>si</strong></span> <span class='ocrx_word' id='word_1_29' title='bbox 1219 656 1342 696; x_wconf 85' lang='lat' dir='ltr'><strong>vere</strong></span> <span class='ocrx_word' id='word_1_30' title='bbox 1375 657 1496 697; x_wconf 90' lang='lat' dir='ltr'><strong>eum</strong></span> <span class='ocrx_word' id='word_1_31' title='bbox 1524 660 1756 710; x_wconf 86' lang='lat' dir='ltr'><strong>atuarcs,</strong></span> <span class='ocrx_word' id='word_1_32' title='bbox 1788 649 1914 703; x_wconf 82' lang='lat' dir='ltr'><strong>obe-</strong></span> 
     </span>
    </p>
   </div>
   <div class='ocr_carea' id='block_1_6' title="bbox 340 730 1914 802">
    <p class='ocr_par' dir='ltr' id='par_1_6' title="bbox 340 730 1914 802">
     <span class='ocr_line' id='line_1_6' title="bbox 340 730 1914 802; baseline 0.007 -18"><span class='ocrx_word' id='word_1_33' title='bbox 340 732 484 786; x_wconf 89' lang='lat' dir='ltr'><strong>dires</strong></span> <span class='ocrx_word' id='word_1_34' title='bbox 511 730 592 796; x_wconf 90' lang='lat' dir='ltr'><strong>ei;</strong></span> <span class='ocrx_word' id='word_1_35' title='bbox 641 747 768 785; x_wconf 90' lang='lat' dir='ltr'><strong>nam</strong></span> <span class='ocrx_word' id='word_1_36' title='bbox 802 733 892 802; x_wconf 88' lang='lat' dir='ltr'><strong>qui</strong></span> <span class='ocrx_word' id='word_1_37' title='bbox 921 741 1087 798; x_wconf 87' lang='lat' dir='ltr'><strong>amat,</strong></span> <span class='ocrx_word' id='word_1_38' title='bbox 1112 734 1312 789; x_wconf 87' lang='lat' dir='ltr'><strong>obedit.</strong></span> <span class='ocrx_word' id='word_1_39' title='bbox 1349 734 1494 789; x_wconf 91' lang='lat' dir='ltr'><strong>Dixit</strong></span> <span class='ocrx_word' id='word_1_40' title='bbox 1542 735 1798 794; x_wconf 79' lang='lat' dir='ltr'><strong>Socrates</strong></span> <span class='ocrx_word' id='word_1_41' title='bbox 1828 741 1914 795; x_wconf 83' lang='lat' dir='ltr'><strong>di-</strong></span> 
     </span>
    </p>
   </div>
   <div class='ocr_carea' id='block_1_7' title="bbox 338 823 1914 892">
    <p class='ocr_par' dir='ltr' id='par_1_7' title="bbox 338 823 1914 892">
     <span class='ocr_line' id='line_1_7' title="bbox 338 823 1914 892; baseline 0.004 -14"><span class='ocrx_word' id='word_1_42' title='bbox 338 823 561 892; x_wconf 91' lang='lat' dir='ltr'><strong>scipulis</strong></span> <span class='ocrx_word' id='word_1_43' title='bbox 585 823 700 878; x_wconf 86' lang='lat' dir='ltr'><strong>suis</strong></span> <span class='ocrx_word' id='word_1_44' title='bbox 727 841 740 877; x_wconf 94' lang='lat'><strong>:</strong></span> <span class='ocrx_word' id='word_1_45' title='bbox 774 824 960 880; x_wconf 81' lang='lat' dir='ltr'><strong>Videte</strong></span> <span class='ocrx_word' id='word_1_46' title='bbox 991 840 1057 879; x_wconf 90' lang='lat' dir='ltr'><strong>ne</strong></span> <span class='ocrx_word' id='word_1_47' title='bbox 1088 825 1204 881; x_wconf 90' lang='lat' dir='ltr'><strong>sitis</strong></span> <span class='ocrx_word' id='word_1_48' title='bbox 1253 826 1363 881; x_wconf 92' lang='lat' dir='ltr'><strong>Deo</strong></span> <span class='ocrx_word' id='word_1_49' title='bbox 1391 827 1706 883; x_wconf 86' lang='lat' dir='ltr'><strong>obedientes</strong></span> <span class='ocrx_word' id='word_1_50' title='bbox 1743 839 1796 885; x_wconf 89' lang='lat' dir='ltr'><strong>et</strong></span> <span class='ocrx_word' id='word_1_51' title='bbox 1834 834 1914 884; x_wconf 85' lang='lat' dir='ltr'><strong>in-</strong></span> 
     </span>
    </p>
   </div>
   <div class='ocr_carea' id='block_1_8' title="bbox 335 917 1913 993">
    <p class='ocr_par' dir='ltr' id='par_1_8' title="bbox 335 917 1913 993">
     <span class='ocr_line' id='line_1_8' title="bbox 335 917 1913 993; baseline 0.003 -20"><span class='ocrx_word' id='word_1_52' title='bbox 335 917 657 973; x_wconf 88' lang='lat' dir='ltr'><strong>ohedientes</strong></span> <span class='ocrx_word' id='word_1_53' title='bbox 678 918 732 973; x_wconf 90' lang='lat' dir='ltr'><strong>in</strong></span> <span class='ocrx_word' id='word_1_54' title='bbox 763 920 975 974; x_wconf 90' lang='lat' dir='ltr'><strong>eodem.</strong></span> <span class='ocrx_word' id='word_1_55' title='bbox 1002 920 1197 974; x_wconf 91' lang='lat' dir='ltr'><strong>Dicunt</strong></span> <span class='ocrx_word' id='word_1_56' title='bbox 1217 921 1265 974; x_wconf 83' lang='lat' dir='ltr'><strong>ei</strong></span> <span class='ocrx_word' id='word_1_57' title='bbox 1297 937 1310 972; x_wconf 90' lang='lat'><strong>:</strong></span> <span class='ocrx_word' id='word_1_58' title='bbox 1343 919 1572 975; x_wconf 83' lang='lat' dir='ltr'><strong>Enuelea</strong></span> <span class='ocrx_word' id='word_1_59' title='bbox 1606 922 1759 978; x_wconf 90' lang='lat' dir='ltr'><strong>nobis</strong></span> <span class='ocrx_word' id='word_1_60' title='bbox 1785 924 1913 993; x_wconf 89' lang='lat' dir='ltr'><strong>quid</strong></span> 
     </span>
    </p>
   </div>
   <div class='ocr_carea' id='block_1_9' title="bbox 335 1009 1914 1087">
    <p class='ocr_par' dir='ltr' id='par_1_9' title="bbox 335 1009 1914 1087">
     <span class='ocr_line' id='line_1_9' title="bbox 335 1009 1914 1087; baseline 0.004 -25"><span class='ocrx_word' id='word_1_61' title='bbox 335 1010 490 1065; x_wconf 89' lang='lat' dir='ltr'><strong>dicis.</strong></span> <span class='ocrx_word' id='word_1_62' title='bbox 525 1009 629 1076; x_wconf 83' lang='lat' dir='ltr'><strong>Qui</strong></span> <span class='ocrx_word' id='word_1_63' title='bbox 686 1011 802 1065; x_wconf 89' lang='lat' dir='ltr'><strong>ait:</strong></span> <span class='ocrx_word' id='word_1_64' title='bbox 842 1011 1104 1066; x_wconf 86' lang='lat' dir='ltr'><strong>Dimittite</strong></span> <span class='ocrx_word' id='word_1_65' title='bbox 1132 1011 1494 1083; x_wconf 84' lang='lat' dir='ltr'><strong>hypocrisim;</strong></span> <span class='ocrx_word' id='word_1_66' title='bbox 1543 1023 1626 1068; x_wconf 86' lang='lat' dir='ltr'><strong>est</strong></span> <span class='ocrx_word' id='word_1_67' title='bbox 1654 1015 1795 1068; x_wconf 90' lang='lat' dir='ltr'><strong>enim</strong></span> <span class='ocrx_word' id='word_1_68' title='bbox 1822 1017 1914 1087; x_wconf 48' lang='lat' dir='ltr'><strong>hy.</strong></span> 
     </span>
    </p>
   </div>
   <div class='ocr_carea' id='block_1_10' title="bbox 335 1100 1909 1171">
    <p class='ocr_par' dir='ltr' id='par_1_10' title="bbox 335 1100 1909 1171">
     <span class='ocr_line' id='line_1_10' title="bbox 335 1100 1909 1171; baseline 0.004 -17"><span class='ocrx_word' id='word_1_69' title='bbox 335 1101 568 1171; x_wconf 85' lang='lat' dir='ltr'><strong>pocrisis</strong></span> <span class='ocrx_word' id='word_1_70' title='bbox 591 1117 776 1157; x_wconf 86' lang='lat' dir='ltr'><strong>coram</strong></span> <span class='ocrx_word' id='word_1_71' title='bbox 809 1102 1120 1157; x_wconf 87' lang='lat' dir='ltr'><strong>hominibus</strong></span> <span class='ocrx_word' id='word_1_72' title='bbox 1149 1101 1405 1157; x_wconf 91' lang='lat' dir='ltr'><strong>simulare</strong></span> <span class='ocrx_word' id='word_1_73' title='bbox 1435 1117 1492 1157; x_wconf 86' lang='lat' dir='ltr'><strong>se</strong></span> <span class='ocrx_word' id='word_1_74' title='bbox 1513 1100 1734 1159; x_wconf 79' lang='lat' dir='ltr'><strong>obedire</strong></span> <span class='ocrx_word' id='word_1_75' title='bbox 1779 1105 1909 1171; x_wconf 92' lang='lat' dir='ltr'><strong>Deo,</strong></span> 
     </span>
    </p>
   </div>
   <div class='ocr_carea' id='block_1_11' title="bbox 335 1193 1910 1252">
    <p class='ocr_par' dir='ltr' id='par_1_11' title="bbox 335 1193 1910 1252">
     <span class='ocr_line' id='line_1_11' title="bbox 335 1193 1910 1252; baseline 0.004 -6"><span class='ocrx_word' id='word_1_76' title='bbox 335 1194 385 1246; x_wconf 92' lang='lat' dir='ltr'><strong>iu</strong></span> <span class='ocrx_word' id='word_1_77' title='bbox 409 1193 622 1248; x_wconf 88' lang='lat' dir='ltr'><strong>occulto</strong></span> <span class='ocrx_word' id='word_1_78' title='bbox 648 1208 777 1249; x_wconf 86' lang='lat' dir='ltr'><strong>vero</strong></span> <span class='ocrx_word' id='word_1_79' title='bbox 826 1194 1221 1248; x_wconf 89' lang='lat' dir='ltr'><strong>inobedientem</strong></span> <span class='ocrx_word' id='word_1_80' title='bbox 1265 1209 1405 1249; x_wconf 82' lang='lat' dir='ltr'><strong>esse.</strong></span> <span class='ocrx_word' id='word_1_81' title='bbox 1437 1195 1575 1250; x_wconf 94' lang='lat' dir='ltr'><strong>Dicit</strong></span> <span class='ocrx_word' id='word_1_82' title='bbox 1599 1196 1646 1250; x_wconf 92' lang='lat' dir='ltr'><strong>ei</strong></span> <span class='ocrx_word' id='word_1_83' title='bbox 1679 1213 1818 1252; x_wconf 77' lang='lat' dir='ltr'><strong>uitus</strong></span> <span class='ocrx_word' id='word_1_84' title='bbox 1843 1213 1910 1252; x_wconf 83' lang='lat' dir='ltr'><strong>ex</strong></span> 
     </span>
    </p>
   </div>
   <div class='ocr_carea' id='block_1_12' title="bbox 333 1283 1912 1358">
    <p class='ocr_par' dir='ltr' id='par_1_12' title="bbox 333 1283 1912 1358">
     <span class='ocr_line' id='line_1_12' title="bbox 333 1283 1912 1358; baseline 0.003 -20"><span class='ocrx_word' id='word_1_85' title='bbox 333 1283 614 1353; x_wconf 81' lang='lat' dir='ltr'><strong>discipulis</strong></span> <span class='ocrx_word' id='word_1_86' title='bbox 657 1285 812 1340; x_wconf 89' lang='lat' dir='ltr'><strong>suis:</strong></span> <span class='ocrx_word' id='word_1_87' title='bbox 849 1284 1035 1339; x_wconf 85' lang='lat' dir='ltr'><strong>Est-ne</strong></span> <span class='ocrx_word' id='word_1_88' title='bbox 1073 1286 1216 1339; x_wconf 87' lang='lat' dir='ltr'><strong>aliud</strong></span> <span class='ocrx_word' id='word_1_89' title='bbox 1240 1301 1407 1356; x_wconf 89' lang='lat' dir='ltr'><strong>genus</strong></span> <span class='ocrx_word' id='word_1_90' title='bbox 1448 1286 1746 1358; x_wconf 85' lang='lat' dir='ltr'><strong>hypocrisis</strong></span> <span class='ocrx_word' id='word_1_91' title='bbox 1771 1289 1912 1343; x_wconf 79' lang='lat' dir='ltr'><strong>unde</strong></span> 
     </span>
    </p>
   </div>
   <div class='ocr_carea' id='block_1_13' title="bbox 331 1375 1908 1450">
    <p class='ocr_par' dir='ltr' id='par_1_13' title="bbox 331 1375 1908 1450">
     <span class='ocr_line' id='line_1_13' title="bbox 331 1375 1908 1450; baseline 0.005 -22"><span class='ocrx_word' id='word_1_92' title='bbox 331 1375 535 1430; x_wconf 84' lang='lat' dir='ltr'><strong>homini</strong></span> <span class='ocrx_word' id='word_1_93' title='bbox 567 1376 865 1431; x_wconf 86' lang='lat' dir='ltr'><strong>cavendum</strong></span> <span class='ocrx_word' id='word_1_94' title='bbox 897 1378 999 1431; x_wconf 88' lang='lat' dir='ltr'><strong>sit?</strong></span> <span class='ocrx_word' id='word_1_95' title='bbox 1026 1377 1155 1432; x_wconf 89' lang='lat' dir='ltr'><strong>dicit</strong></span> <span class='ocrx_word' id='word_1_96' title='bbox 1185 1376 1434 1433; x_wconf 84' lang='lat' dir='ltr'><strong>Socrates</strong></span> <span class='ocrx_word' id='word_1_97' title='bbox 1463 1396 1474 1430; x_wconf 89' lang='lat'><strong>:</strong></span> <span class='ocrx_word' id='word_1_98' title='bbox 1523 1379 1618 1433; x_wconf 87' lang='lat' dir='ltr'><strong>Est</strong></span> <span class='ocrx_word' id='word_1_99' title='bbox 1639 1379 1799 1436; x_wconf 91' lang='lat' dir='ltr'><strong>homo</strong></span> <span class='ocrx_word' id='word_1_100' title='bbox 1819 1382 1908 1450; x_wconf 85' lang='lat' dir='ltr'><strong>qui</strong></span> 
     </span>
    </p>
   </div>
   <div class='ocr_carea' id='block_1_14' title="bbox 329 1465 1910 1536">
    <p class='ocr_par' dir='ltr' id='par_1_14' title="bbox 329 1465 1910 1536">
     <span class='ocr_line' id='line_1_14' title="bbox 329 1465 1910 1536; baseline 0.006 -17"><span class='ocrx_word' id='word_1_101' title='bbox 329 1465 382 1519; x_wconf 90' lang='lat' dir='ltr'><strong>in</strong></span> <span class='ocrx_word' id='word_1_102' title='bbox 453 1475 641 1536; x_wconf 88' lang='lat' dir='ltr'><strong>aperto</strong></span> <span class='ocrx_word' id='word_1_103' title='bbox 715 1475 770 1522; x_wconf 94' lang='lat' dir='ltr'><strong>et</strong></span> <span class='ocrx_word' id='word_1_104' title='bbox 839 1483 946 1522; x_wconf 91' lang='lat' dir='ltr'><strong>non</strong></span> <span class='ocrx_word' id='word_1_105' title='bbox 1023 1469 1076 1522; x_wconf 90' lang='lat' dir='ltr'><strong>in</strong></span> <span class='ocrx_word' id='word_1_106' title='bbox 1149 1469 1362 1523; x_wconf 89' lang='lat' dir='ltr'><strong>occulto</strong></span> <span class='ocrx_word' id='word_1_107' title='bbox 1409 1470 1631 1526; x_wconf 85' lang='lat' dir='ltr'><strong>obedire</strong></span> <span class='ocrx_word' id='word_1_108' title='bbox 1694 1490 1753 1528; x_wconf 73' lang='lat' dir='ltr'><strong>se</strong></span> <span class='ocrx_word' id='word_1_109' title='bbox 1801 1475 1910 1530; x_wconf 92' lang='lat' dir='ltr'><strong>Deo</strong></span> 
     </span>
    </p>
   </div>
   <div class='ocr_carea' id='block_1_15' title="bbox 327 1559 1910 1629">
    <p class='ocr_par' dir='ltr' id='par_1_15' title="bbox 327 1559 1910 1629">
     <span class='ocr_line' id='line_1_15' title="bbox 327 1559 1910 1629; baseline 0.006 -16"><span class='ocrx_word' id='word_1_110' title='bbox 327 1559 600 1626; x_wconf 84' lang='lat' dir='ltr'><strong>ostendit,</strong></span> <span class='ocrx_word' id='word_1_111' title='bbox 656 1567 718 1614; x_wconf 89' lang='lat' dir='ltr'><strong>ut</strong></span> <span class='ocrx_word' id='word_1_112' title='bbox 767 1570 986 1616; x_wconf 88' lang='lat' dir='ltr'><strong>sanctus</strong></span> <span class='ocrx_word' id='word_1_113' title='bbox 1051 1561 1118 1616; x_wconf 89' lang='lat' dir='ltr'><strong>ab</strong></span> <span class='ocrx_word' id='word_1_114' title='bbox 1190 1563 1439 1618; x_wconf 89' lang='lat' dir='ltr'><strong>omnibus</strong></span> <span class='ocrx_word' id='word_1_115' title='bbox 1510 1564 1802 1629; x_wconf 81' lang='lat' dir='ltr'><strong>habeatur,</strong></span> <span class='ocrx_word' id='word_1_116' title='bbox 1855 1577 1910 1623; x_wconf 88' lang='lat' dir='ltr'><strong>et</strong></span> 
     </span>
    </p>
   </div>
   <div class='ocr_carea' id='block_1_16' title="bbox 326 1650 1911 1720">
    <p class='ocr_par' dir='ltr' id='par_1_16' title="bbox 326 1650 1911 1720">
     <span class='ocr_line' id='line_1_16' title="bbox 326 1650 1911 1720; baseline 0.007 -17"><span class='ocrx_word' id='word_1_117' title='bbox 326 1651 397 1704; x_wconf 90' lang='lat' dir='ltr'><strong>ab</strong></span> <span class='ocrx_word' id='word_1_118' title='bbox 420 1651 501 1705; x_wconf 89' lang='lat' dir='ltr'><strong>eis</strong></span> <span class='ocrx_word' id='word_1_119' title='bbox 533 1650 654 1706; x_wconf 83' lang='lat' dir='ltr'><strong>ideo</strong></span> <span class='ocrx_word' id='word_1_120' title='bbox 679 1651 798 1720; x_wconf 89' lang='lat' dir='ltr'><strong>plus</strong></span> <span class='ocrx_word' id='word_1_121' title='bbox 828 1653 1145 1707; x_wconf 90' lang='lat' dir='ltr'><strong>honoretur.</strong></span> <span class='ocrx_word' id='word_1_122' title='bbox 1179 1653 1276 1708; x_wconf 88' lang='lat' dir='ltr'><strong>Est</strong></span> <span class='ocrx_word' id='word_1_123' title='bbox 1329 1655 1467 1709; x_wconf 89' lang='lat' dir='ltr'><strong>alius</strong></span> <span class='ocrx_word' id='word_1_124' title='bbox 1513 1657 1616 1711; x_wconf 90' lang='lat' dir='ltr'><strong>isto</strong></span> <span class='ocrx_word' id='word_1_125' title='bbox 1662 1659 1911 1714; x_wconf 89' lang='lat' dir='ltr'><strong>subtilior</strong></span> 
     </span>
    </p>
   </div>
   <div class='ocr_carea' id='block_1_17' title="bbox 325 1741 1905 1819">
    <p class='ocr_par' dir='ltr' id='par_1_17' title="bbox 325 1741 1905 1819">
     <span class='ocr_line' id='line_1_17' title="bbox 325 1741 1905 1819; baseline 0.006 -23"><span class='ocrx_word' id='word_1_126' title='bbox 325 1743 417 1812; x_wconf 81' lang='lat' dir='ltr'><strong>qui</strong></span> <span class='ocrx_word' id='word_1_127' title='bbox 465 1741 606 1797; x_wconf 85' lang='lat' dir='ltr'><strong>hanc</strong></span> <span class='ocrx_word' id='word_1_128' title='bbox 647 1742 902 1813; x_wconf 74' lang='lat' dir='ltr'><strong>relinquit</strong></span> <span class='ocrx_word' id='word_1_129' title='bbox 938 1744 1265 1815; x_wconf 80' lang='lat' dir='ltr'><strong>hypocrisim</strong></span> <span class='ocrx_word' id='word_1_130' title='bbox 1303 1755 1362 1800; x_wconf 90' lang='lat' dir='ltr'><strong>ut</strong></span> <span class='ocrx_word' id='word_1_131' title='bbox 1403 1748 1591 1819; x_wconf 88' lang='lat' dir='ltr'><strong>majori</strong></span> <span class='ocrx_word' id='word_1_132' title='bbox 1622 1751 1905 1806; x_wconf 76' lang='lat' dir='ltr'><strong>deserviat.</strong></span> 
     </span>
    </p>
   </div>
   <div class='ocr_carea' id='block_1_18' title="bbox 323 1835 1906 1909">
    <p class='ocr_par' dir='ltr' id='par_1_18' title="bbox 323 1835 1906 1909">
     <span class='ocr_line' id='line_1_18' title="bbox 323 1835 1906 1909; baseline 0.006 -18"><span class='ocrx_word' id='word_1_133' title='bbox 323 1835 460 1891; x_wconf 88' lang='lat' dir='ltr'><strong>Cum</strong></span> <span class='ocrx_word' id='word_1_134' title='bbox 497 1835 642 1890; x_wconf 88' lang='lat' dir='ltr'><strong>enim</strong></span> <span class='ocrx_word' id='word_1_135' title='bbox 670 1835 909 1906; x_wconf 89' lang='lat' dir='ltr'><strong>jejunat,</strong></span> <span class='ocrx_word' id='word_1_136' title='bbox 960 1837 1044 1890; x_wconf 86' lang='lat' dir='ltr'><strong>vel</strong></span> <span class='ocrx_word' id='word_1_137' title='bbox 1092 1837 1491 1909; x_wconf 79' lang='lat' dir='ltr'><strong>eleemosynam</strong></span> <span class='ocrx_word' id='word_1_138' title='bbox 1538 1839 1688 1909; x_wconf 92' lang='lat' dir='ltr'><strong>facit,</strong></span> <span class='ocrx_word' id='word_1_139' title='bbox 1743 1852 1796 1898; x_wconf 89' lang='lat' dir='ltr'><strong>et</strong></span> <span class='ocrx_word' id='word_1_140' title='bbox 1839 1847 1906 1900; x_wconf 88' lang='lat' dir='ltr'><strong>ab</strong></span> 
     </span>
    </p>
   </div>
   <div class='ocr_carea' id='block_1_19' title="bbox 321 1921 1978 2002">
    <p class='ocr_par' dir='ltr' id='par_1_19' title="bbox 321 1921 1978 2002">
     <span class='ocr_line' id='line_1_19' title="bbox 321 1921 1978 2002; baseline 0.005 -21"><span class='ocrx_word' id='word_1_141' title='bbox 321 1941 388 1981; x_wconf 88' lang='lat' dir='ltr'><strong>eo</strong></span> <span class='ocrx_word' id='word_1_142' title='bbox 434 1927 701 1996; x_wconf 78' lang='lat' dir='ltr'><strong>quaeritur</strong></span> <span class='ocrx_word' id='word_1_143' title='bbox 745 1928 791 1983; x_wconf 78' lang='lat' dir='ltr'><strong>si</strong></span> <span class='ocrx_word' id='word_1_144' title='bbox 840 1927 1061 1993; x_wconf 79' lang='lat' dir='ltr'><strong>fecerit,</strong></span> <span class='ocrx_word' id='word_1_145' title='bbox 1115 1931 1439 2000; x_wconf 87' lang='lat' dir='ltr'><strong>respondet:</strong></span> <span class='ocrx_word' id='word_1_146' title='bbox 1475 1932 1614 1988; x_wconf 90' lang='lat' dir='ltr'><strong>Deus</strong></span> <span class='ocrx_word' id='word_1_147' title='bbox 1653 1934 1782 2002; x_wconf 90' lang='lat' dir='ltr'><strong>scit,</strong></span> <span class='ocrx_word' id='word_1_148' title='bbox 1817 1942 1900 1990; x_wconf 89' lang='lat' dir='ltr'><strong>vel</strong></span> <span class='ocrx_word' id='word_1_149' title='bbox 1936 1921 1978 1979; x_wconf 78' lang='grc' dir='ltr'><strong>Β</strong></span> 
     </span>
    </p>
   </div>
   <div class='ocr_carea' id='block_1_20' title="bbox 323 2017 1905 2086">
    <p class='ocr_par' dir='ltr' id='par_1_20' title="bbox 323 2017 1905 2086">
     <span class='ocr_line' id='line_1_20' title="bbox 323 2017 1905 2086; baseline 0.007 -17"><span class='ocrx_word' id='word_1_150' title='bbox 323 2032 464 2082; x_wconf 89' lang='lat' dir='ltr'><strong>non,</strong></span> <span class='ocrx_word' id='word_1_151' title='bbox 512 2025 572 2071; x_wconf 90' lang='lat' dir='ltr'><strong>ut</strong></span> <span class='ocrx_word' id='word_1_152' title='bbox 621 2018 676 2072; x_wconf 92' lang='lat' dir='ltr'><strong>in</strong></span> <span class='ocrx_word' id='word_1_153' title='bbox 714 2017 901 2086; x_wconf 82' lang='lat' dir='ltr'><strong>majori</strong></span> <span class='ocrx_word' id='word_1_154' title='bbox 955 2020 1261 2075; x_wconf 84' lang='lat' dir='ltr'><strong>reverentia</strong></span> <span class='ocrx_word' id='word_1_155' title='bbox 1308 2021 1572 2076; x_wconf 84' lang='lat' dir='ltr'><strong>habeatur</strong></span> <span class='ocrx_word' id='word_1_156' title='bbox 1609 2035 1662 2078; x_wconf 90' lang='lat' dir='ltr'><strong>et</strong></span> <span class='ocrx_word' id='word_1_157' title='bbox 1697 2025 1905 2080; x_wconf 88' lang='lat' dir='ltr'><strong>dicatur</strong></span> 
     </span>
    </p>
   </div>
   <div class='ocr_carea' id='block_1_21' title="bbox 320 2109 1900 2183">
    <p class='ocr_par' dir='ltr' id='par_1_21' title="bbox 320 2109 1900 2183">
     <span class='ocr_line' id='line_1_21' title="bbox 320 2109 1900 2183; baseline 0.007 -22"><span class='ocrx_word' id='word_1_158' title='bbox 320 2109 467 2179; x_wconf 89' lang='lat' dir='ltr'><strong>quod</strong></span> <span class='ocrx_word' id='word_1_159' title='bbox 499 2110 782 2181; x_wconf 79' lang='lat' dir='ltr'><strong>hypocrita</strong></span> <span class='ocrx_word' id='word_1_160' title='bbox 811 2128 914 2165; x_wconf 92' lang='lat' dir='ltr'><strong>non</strong></span> <span class='ocrx_word' id='word_1_161' title='bbox 941 2122 1024 2167; x_wconf 89' lang='lat' dir='ltr'><strong>est</strong></span> <span class='ocrx_word' id='word_1_162' title='bbox 1055 2113 1147 2183; x_wconf 91' lang='lat' dir='ltr'><strong>qui</strong></span> <span class='ocrx_word' id='word_1_163' title='bbox 1177 2113 1488 2170; x_wconf 89' lang='lat' dir='ltr'><strong>hominibus</strong></span> <span class='ocrx_word' id='word_1_164' title='bbox 1512 2114 1717 2170; x_wconf 84' lang='lat' dir='ltr'><strong>factum</strong></span> <span class='ocrx_word' id='word_1_165' title='bbox 1747 2132 1900 2172; x_wconf 92' lang='lat' dir='ltr'><strong>suum</strong></span> 
     </span>
    </p>
   </div>
   <div class='ocr_carea' id='block_1_22' title="bbox 321 2200 1903 2276">
    <p class='ocr_par' dir='ltr' id='par_1_22' title="bbox 321 2200 1903 2276">
     <span class='ocr_line' id='line_1_22' title="bbox 321 2200 1903 2276; baseline 0.006 -24"><span class='ocrx_word' id='word_1_166' title='bbox 321 2200 456 2254; x_wconf 89' lang='lat' dir='ltr'><strong>nolit</strong></span> <span class='ocrx_word' id='word_1_167' title='bbox 483 2201 776 2271; x_wconf 87' lang='lat' dir='ltr'><strong>propalari.</strong></span> <span class='ocrx_word' id='word_1_168' title='bbox 809 2201 986 2257; x_wconf 89' lang='lat' dir='ltr'><strong>Credo</strong></span> <span class='ocrx_word' id='word_1_169' title='bbox 1015 2203 1179 2258; x_wconf 87' lang='lat' dir='ltr'><strong>etiam</strong></span> <span class='ocrx_word' id='word_1_170' title='bbox 1212 2219 1414 2274; x_wconf 89' lang='lat' dir='ltr'><strong>paucos</strong></span> <span class='ocrx_word' id='word_1_171' title='bbox 1445 2219 1568 2259; x_wconf 89' lang='lat' dir='ltr'><strong>esse</strong></span> <span class='ocrx_word' id='word_1_172' title='bbox 1593 2205 1684 2273; x_wconf 86' lang='lat' dir='ltr'><strong>qui</strong></span> <span class='ocrx_word' id='word_1_173' title='bbox 1723 2206 1903 2276; x_wconf 88' lang='lat' dir='ltr'><strong>aliquo</strong></span> 
     </span>
    </p>
   </div>
   <div class='ocr_carea' id='block_1_23' title="bbox 321 2291 1901 2372">
    <p class='ocr_par' dir='ltr' id='par_1_23' title="bbox 321 2291 1901 2372">
     <span class='ocr_line' id='line_1_23' title="bbox 321 2291 1901 2372; baseline 0.002 -25"><span class='ocrx_word' id='word_1_174' title='bbox 321 2291 482 2362; x_wconf 80' lang='lat' dir='ltr'><strong>hujus</strong></span> <span class='ocrx_word' id='word_1_175' title='bbox 513 2295 814 2366; x_wconf 86' lang='lat' dir='ltr'><strong>hypocrisis</strong></span> <span class='ocrx_word' id='word_1_176' title='bbox 844 2310 1040 2365; x_wconf 78' lang='lat' dir='ltr'><strong>genere</strong></span> <span class='ocrx_word' id='word_1_177' title='bbox 1070 2311 1175 2350; x_wconf 90' lang='lat' dir='ltr'><strong>non</strong></span> <span class='ocrx_word' id='word_1_178' title='bbox 1210 2297 1558 2367; x_wconf 82' lang='lat' dir='ltr'><strong>participem.</strong></span> <span class='ocrx_word' id='word_1_179' title='bbox 1587 2295 1774 2352; x_wconf 75' lang='lat' dir='ltr'><strong>Videte</strong></span> <span class='ocrx_word' id='word_1_180' title='bbox 1805 2298 1901 2372; x_wconf 78' lang='lat' dir='ltr'><strong>igi-</strong></span> 
     </span>
    </p>
   </div>
   <div class='ocr_carea' id='block_1_24' title="bbox 322 2389 1900 2460">
    <p class='ocr_par' dir='ltr' id='par_1_24' title="bbox 322 2389 1900 2460">
     <span class='ocr_line' id='line_1_24' title="bbox 322 2389 1900 2460; baseline 0.003 -22"><span class='ocrx_word' id='word_1_181' title='bbox 322 2397 410 2440; x_wconf 89' lang='lat' dir='ltr'><strong>tur</strong></span> <span class='ocrx_word' id='word_1_182' title='bbox 441 2403 507 2442; x_wconf 90' lang='lat' dir='ltr'><strong>ne</strong></span> <span class='ocrx_word' id='word_1_183' title='bbox 534 2389 639 2442; x_wconf 89' lang='lat' dir='ltr'><strong>hac</strong></span> <span class='ocrx_word' id='word_1_184' title='bbox 665 2390 896 2454; x_wconf 83' lang='lat' dir='ltr'><strong>seducti,</strong></span> <span class='ocrx_word' id='word_1_185' title='bbox 923 2389 1125 2442; x_wconf 86' lang='lat' dir='ltr'><strong>laboris</strong></span> <span class='ocrx_word' id='word_1_186' title='bbox 1147 2389 1316 2443; x_wconf 85' lang='lat' dir='ltr'><strong>vestri</strong></span> <span class='ocrx_word' id='word_1_187' title='bbox 1347 2389 1568 2460; x_wconf 76' lang='lat' dir='ltr'><strong>przcmio</strong></span> <span class='ocrx_word' id='word_1_188' title='bbox 1591 2390 1900 2458; x_wconf 89' lang='lat' dir='ltr'><strong>privemiui,</strong></span> 
     </span>
    </p>
   </div>
   <div class='ocr_carea' id='block_1_25' title="bbox 323 2479 1898 2553">
    <p class='ocr_par' dir='ltr' id='par_1_25' title="bbox 323 2479 1898 2553">
     <span class='ocr_line' id='line_1_25' title="bbox 323 2479 1898 2553; baseline 0.005 -23"><span class='ocrx_word' id='word_1_189' title='bbox 323 2479 462 2549; x_wconf 83' lang='lat' dir='ltr'><strong>quod</strong></span> <span class='ocrx_word' id='word_1_190' title='bbox 503 2496 571 2535; x_wconf 92' lang='lat' dir='ltr'><strong>ne</strong></span> <span class='ocrx_word' id='word_1_191' title='bbox 612 2481 892 2553; x_wconf 85' lang='lat' dir='ltr'><strong>contingat</strong></span> <span class='ocrx_word' id='word_1_192' title='bbox 919 2481 1098 2537; x_wconf 85' lang='lat' dir='ltr'><strong>omnia</strong></span> <span class='ocrx_word' id='word_1_193' title='bbox 1136 2480 1298 2537; x_wconf 88' lang='lat' dir='ltr'><strong>facite</strong></span> <span class='ocrx_word' id='word_1_194' title='bbox 1340 2482 1534 2536; x_wconf 89' lang='lat' dir='ltr'><strong>munda</strong></span> <span class='ocrx_word' id='word_1_195' title='bbox 1583 2481 1898 2548; x_wconf 88' lang='lat' dir='ltr'><strong>intentione,</strong></span> 
     </span>
    </p>
   </div>
   <div class='ocr_carea' id='block_1_26' title="bbox 327 2570 1898 2646">
    <p class='ocr_par' dir='ltr' id='par_1_26' title="bbox 327 2570 1898 2646">
     <span class='ocr_line' id='line_1_26' title="bbox 327 2570 1898 2646; baseline 0.006 -25"><span class='ocrx_word' id='word_1_196' title='bbox 327 2583 390 2622; x_wconf 89' lang='lat' dir='ltr'><strong>ne</strong></span> <span class='ocrx_word' id='word_1_197' title='bbox 422 2570 545 2626; x_wconf 90' lang='lat' dir='ltr'><strong>inde</strong></span> <span class='ocrx_word' id='word_1_198' title='bbox 571 2573 799 2644; x_wconf 77' lang='lat' dir='ltr'><strong>gloriam</strong></span> <span class='ocrx_word' id='word_1_199' title='bbox 835 2574 1036 2628; x_wconf 89' lang='lat' dir='ltr'><strong>habere</strong></span> <span class='ocrx_word' id='word_1_200' title='bbox 1059 2573 1338 2643; x_wconf 71' lang='lat' dir='ltr'><strong>quzeratis.</strong></span> <span class='ocrx_word' id='word_1_201' title='bbox 1372 2573 1518 2628; x_wconf 87' lang='lat' dir='ltr'><strong>Dixit</strong></span> <span class='ocrx_word' id='word_1_202' title='bbox 1547 2574 1687 2629; x_wconf 91' lang='lat' dir='ltr'><strong>alius</strong></span> <span class='ocrx_word' id='word_1_203' title='bbox 1722 2577 1898 2646; x_wconf 90' lang='lat' dir='ltr'><strong>philo-</strong></span> 
     </span>
    </p>
   </div>
   <div class='ocr_carea' id='block_1_27' title="bbox 325 2663 1898 2733">
    <p class='ocr_par' dir='ltr' id='par_1_27' title="bbox 325 2663 1898 2733">
     <span class='ocr_line' id='line_1_27' title="bbox 325 2663 1898 2733; baseline 0.001 -17"><span class='ocrx_word' id='word_1_204' title='bbox 325 2663 563 2733; x_wconf 87' lang='lat' dir='ltr'><strong>sophus:</strong></span> <span class='ocrx_word' id='word_1_205' title='bbox 605 2663 661 2718; x_wconf 92' lang='lat' dir='ltr'><strong>Si</strong></span> <span class='ocrx_word' id='word_1_206' title='bbox 713 2663 822 2719; x_wconf 89' lang='lat' dir='ltr'><strong>Deo</strong></span> <span class='ocrx_word' id='word_1_207' title='bbox 869 2664 1099 2719; x_wconf 81' lang='lat' dir='ltr'><strong>firmiter</strong></span> <span class='ocrx_word' id='word_1_208' title='bbox 1144 2664 1473 2730; x_wconf 90' lang='lat' dir='ltr'><strong>immiteris,</strong></span> <span class='ocrx_word' id='word_1_209' title='bbox 1518 2666 1699 2720; x_wconf 91' lang='lat' dir='ltr'><strong>omnia</strong></span> <span class='ocrx_word' id='word_1_210' title='bbox 1739 2676 1898 2720; x_wconf 88' lang='lat' dir='ltr'><strong>erunt</strong></span> 
     </span>
    </p>
   </div>
   <div class='ocr_carea' id='block_1_28' title="bbox 327 2756 1896 2838">
    <p class='ocr_par' dir='ltr' id='par_1_28' title="bbox 327 2756 1896 2838">
     <span class='ocr_line' id='line_1_28' title="bbox 327 2756 1896 2838; baseline 0.001 -29"><span class='ocrx_word' id='word_1_211' title='bbox 327 2769 580 2826; x_wconf 87' lang='lat' dir='ltr'><strong>prospera</strong></span> <span class='ocrx_word' id='word_1_212' title='bbox 608 2772 930 2827; x_wconf 87' lang='lat' dir='ltr'><strong>quocunque</strong></span> <span class='ocrx_word' id='word_1_213' title='bbox 958 2757 1104 2811; x_wconf 83' lang='lat' dir='ltr'><strong>ieris.</strong></span> <span class='ocrx_word' id='word_1_214' title='bbox 1137 2756 1352 2810; x_wconf 86' lang='lat' dir='ltr'><strong>Balaam</strong></span> <span class='ocrx_word' id='word_1_215' title='bbox 1373 2798 1387 2823; x_wconf 92' lang='lat'><strong>,</strong></span> <span class='ocrx_word' id='word_1_216' title='bbox 1418 2758 1509 2826; x_wconf 89' lang='lat' dir='ltr'><strong>qui</strong></span> <span class='ocrx_word' id='word_1_217' title='bbox 1546 2758 1727 2838; x_wconf 80' lang='lat' dir='ltr'><strong>lingua</strong></span> <span class='ocrx_word' id='word_1_218' title='bbox 1761 2760 1896 2813; x_wconf 85' lang='lat' dir='ltr'><strong>Ara-</strong></span> 
     </span>
    </p>
   </div>
   <div class='ocr_carea' id='block_1_29' title="bbox 329 2848 1889 2916">
    <p class='ocr_par' dir='ltr' id='par_1_29' title="bbox 329 2848 1889 2916">
     <span class='ocr_line' id='line_1_29' title="bbox 329 2848 1889 2916; baseline 0.002 -14"><span class='ocrx_word' id='word_1_219' title='bbox 329 2849 443 2903; x_wconf 89' lang='lat' dir='ltr'><strong>bica</strong></span> <span class='ocrx_word' id='word_1_220' title='bbox 474 2859 693 2904; x_wconf 80' lang='lat' dir='ltr'><strong>vocatur</strong></span> <span class='ocrx_word' id='word_1_221' title='bbox 717 2848 986 2903; x_wconf 84' lang='lat' dir='ltr'><strong>Lucaman</strong></span> <span class='ocrx_word' id='word_1_222' title='bbox 1015 2849 1148 2915; x_wconf 83' lang='lat' dir='ltr'><strong>(l8),</strong></span> <span class='ocrx_word' id='word_1_223' title='bbox 1179 2848 1315 2903; x_wconf 91' lang='lat' dir='ltr'><strong>dixit</strong></span> <span class='ocrx_word' id='word_1_224' title='bbox 1337 2849 1444 2904; x_wconf 90' lang='lat' dir='ltr'><strong>lilio</strong></span> <span class='ocrx_word' id='word_1_225' title='bbox 1467 2866 1565 2904; x_wconf 89' lang='lat' dir='ltr'><strong>suo</strong></span> <span class='ocrx_word' id='word_1_226' title='bbox 1592 2868 1605 2903; x_wconf 93' lang='lat'><strong>:</strong></span> <span class='ocrx_word' id='word_1_227' title='bbox 1645 2850 1782 2916; x_wconf 86' lang='lat' dir='ltr'><strong>Fili,</strong></span> <span class='ocrx_word' id='word_1_228' title='bbox 1822 2865 1889 2905; x_wconf 91' lang='lat' dir='ltr'><strong>ne</strong></span> 
     </span>
    </p>
   </div>
   <div class='ocr_carea' id='block_1_30' title="bbox 325 2937 1896 3012">
    <p class='ocr_par' dir='ltr' id='par_1_30' title="bbox 325 2937 1896 3012">
     <span class='ocr_line' id='line_1_30' title="bbox 325 2937 1896 3012; baseline 0.004 -21"><span class='ocrx_word' id='word_1_229' title='bbox 325 2940 394 2992; x_wconf 89' lang='lat' dir='ltr'><strong>sit</strong></span> <span class='ocrx_word' id='word_1_230' title='bbox 431 2937 652 2994; x_wconf 82' lang='lat' dir='ltr'><strong>formica</strong></span> <span class='ocrx_word' id='word_1_231' title='bbox 695 2941 989 3010; x_wconf 91' lang='lat' dir='ltr'><strong>sapientior</strong></span> <span class='ocrx_word' id='word_1_232' title='bbox 1022 2949 1102 3003; x_wconf 89' lang='lat' dir='ltr'><strong>te,</strong></span> <span class='ocrx_word' id='word_1_233' title='bbox 1137 2955 1258 3009; x_wconf 76' lang='lat' dir='ltr'><strong>qua:</strong></span> <span class='ocrx_word' id='word_1_234' title='bbox 1301 2950 1594 3012; x_wconf 72' lang='lat' dir='ltr'><strong>congregat</strong></span> <span class='ocrx_word' id='word_1_235' title='bbox 1625 2942 1676 2995; x_wconf 91' lang='lat' dir='ltr'><strong>in</strong></span> <span class='ocrx_word' id='word_1_236' title='bbox 1706 2953 1896 2997; x_wconf 67' lang='lat' dir='ltr'><strong>testate</strong></span> 
     </span>
    </p>
   </div>
   <div class='ocr_carea' id='block_1_31' title="bbox 326 3031 1892 3104">
    <p class='ocr_par' dir='ltr' id='par_1_31' title="bbox 326 3031 1892 3104">
     <span class='ocr_line' id='line_1_31' title="bbox 326 3031 1892 3104; baseline 0.004 -22"><span class='ocrx_word' id='word_1_237' title='bbox 326 3032 460 3087; x_wconf 87' lang='lat' dir='ltr'><strong>unde</strong></span> <span class='ocrx_word' id='word_1_238' title='bbox 486 3032 632 3086; x_wconf 88' lang='lat' dir='ltr'><strong>vivat</strong></span> <span class='ocrx_word' id='word_1_239' title='bbox 661 3032 711 3086; x_wconf 91' lang='lat' dir='ltr'><strong>in</strong></span> <span class='ocrx_word' id='word_1_240' title='bbox 739 3033 935 3089; x_wconf 88' lang='lat' dir='ltr'><strong>hieme.</strong></span> <span class='ocrx_word' id='word_1_241' title='bbox 960 3031 1082 3095; x_wconf 87' lang='lat' dir='ltr'><strong>Fili,</strong></span> <span class='ocrx_word' id='word_1_242' title='bbox 1108 3048 1173 3086; x_wconf 90' lang='lat' dir='ltr'><strong>ne</strong></span> <span class='ocrx_word' id='word_1_243' title='bbox 1196 3033 1270 3087; x_wconf 91' lang='lat' dir='ltr'><strong>sit</strong></span> <span class='ocrx_word' id='word_1_244' title='bbox 1289 3033 1461 3104; x_wconf 90' lang='lat' dir='ltr'><strong>gallus</strong></span> <span class='ocrx_word' id='word_1_245' title='bbox 1488 3033 1794 3104; x_wconf 80' lang='lat' dir='ltr'><strong>vigilantior</strong></span> <span class='ocrx_word' id='word_1_246' title='bbox 1819 3046 1892 3100; x_wconf 90' lang='lat' dir='ltr'><strong>te,</strong></span> 
     </span>
    </p>
   </div>
   <div class='ocr_carea' id='block_1_32' title="bbox 323 3127 1894 3198">
    <p class='ocr_par' dir='ltr' id='par_1_32' title="bbox 323 3127 1894 3198">
     <span class='ocr_line' id='line_1_32' title="bbox 323 3127 1894 3198; baseline 0.005 -22"><span class='ocrx_word' id='word_1_247' title='bbox 323 3130 406 3193; x_wconf 91' lang='lat' dir='ltr'><strong>qui</strong></span> <span class='ocrx_word' id='word_1_248' title='bbox 452 3127 502 3179; x_wconf 89' lang='lat' dir='ltr'><strong>in</strong></span> <span class='ocrx_word' id='word_1_249' title='bbox 537 3127 813 3181; x_wconf 77' lang='lat' dir='ltr'><strong>matutinis</strong></span> <span class='ocrx_word' id='word_1_250' title='bbox 854 3127 1054 3198; x_wconf 79' lang='lat' dir='ltr'><strong>vigilat,</strong></span> <span class='ocrx_word' id='word_1_251' title='bbox 1096 3136 1152 3182; x_wconf 90' lang='lat' dir='ltr'><strong>et</strong></span> <span class='ocrx_word' id='word_1_252' title='bbox 1194 3137 1248 3182; x_wconf 92' lang='lat' dir='ltr'><strong>tu</strong></span> <span class='ocrx_word' id='word_1_253' title='bbox 1293 3129 1516 3184; x_wconf 87' lang='lat' dir='ltr'><strong>dormis.</strong></span> <span class='ocrx_word' id='word_1_254' title='bbox 1550 3129 1688 3194; x_wconf 88' lang='lat' dir='ltr'><strong>Fili,</strong></span> <span class='ocrx_word' id='word_1_255' title='bbox 1724 3146 1792 3184; x_wconf 86' lang='lat' dir='ltr'><strong>ne</strong></span> <span class='ocrx_word' id='word_1_256' title='bbox 1821 3133 1894 3186; x_wconf 88' lang='lat' dir='ltr'><strong>sit</strong></span> 
     </span>
    </p>
   </div>
   <div class='ocr_carea' id='block_1_33' title="bbox 323 3219 1888 3292">
    <p class='ocr_par' dir='ltr' id='par_1_33' title="bbox 323 3219 1888 3292">
     <span class='ocr_line' id='line_1_33' title="bbox 323 3219 1888 3292; baseline 0.003 -20"><span class='ocrx_word' id='word_1_257' title='bbox 323 3220 485 3288; x_wconf 78' lang='lat' dir='ltr'><strong>gallus</strong></span> <span class='ocrx_word' id='word_1_258' title='bbox 511 3219 703 3274; x_wconf 81' lang='lat' dir='ltr'><strong>fortior</strong></span> <span class='ocrx_word' id='word_1_259' title='bbox 731 3232 802 3287; x_wconf 86' lang='lat' dir='ltr'><strong>te,</strong></span> <span class='ocrx_word' id='word_1_260' title='bbox 832 3222 920 3292; x_wconf 88' lang='lat' dir='ltr'><strong>qui</strong></span> <span class='ocrx_word' id='word_1_261' title='bbox 945 3221 1207 3292; x_wconf 84' lang='lat' dir='ltr'><strong>justificat</strong></span> <span class='ocrx_word' id='word_1_262' title='bbox 1225 3223 1412 3278; x_wconf 83' lang='lat' dir='ltr'><strong>decem</strong></span> <span class='ocrx_word' id='word_1_263' title='bbox 1438 3240 1635 3278; x_wconf 80' lang='lat' dir='ltr'><strong>uxores</strong></span> <span class='ocrx_word' id='word_1_264' title='bbox 1662 3241 1806 3289; x_wconf 89' lang='lat' dir='ltr'><strong>suas,</strong></span> <span class='ocrx_word' id='word_1_265' title='bbox 1837 3236 1888 3279; x_wconf 89' lang='lat' dir='ltr'><strong>tu</strong></span> 
     </span>
    </p>
   </div>
   <div class='ocr_carea' id='block_1_34' title="bbox 2019 654 3600 730">
    <p class='ocr_par' dir='ltr' id='par_1_34' title="bbox 2019 654 3600 730">
     <span class='ocr_line' id='line_1_34' title="bbox 2019 654 3600 730; baseline 0.008 -26"><span class='ocrx_word' id='word_1_266' title='bbox 2019 654 2340 706; x_wconf 88' lang='lat' dir='ltr'><strong>necessitate</strong></span> <span class='ocrx_word' id='word_1_267' title='bbox 2373 654 2550 722; x_wconf 91' lang='lat' dir='ltr'><strong>pauci.</strong></span> <span class='ocrx_word' id='word_1_268' title='bbox 2581 654 2726 709; x_wconf 83' lang='lat' dir='ltr'><strong>Vade</strong></span> <span class='ocrx_word' id='word_1_269' title='bbox 2759 655 2825 709; x_wconf 89' lang='lat' dir='ltr'><strong>ad</strong></span> <span class='ocrx_word' id='word_1_270' title='bbox 2862 656 3143 714; x_wconf 89' lang='lat' dir='ltr'><strong>dimidium</strong></span> <span class='ocrx_word' id='word_1_271' title='bbox 3171 660 3406 714; x_wconf 85' lang='lat' dir='ltr'><strong>amicum</strong></span> <span class='ocrx_word' id='word_1_272' title='bbox 3439 677 3600 730; x_wconf 81' lang='lat' dir='ltr'><strong>quem</strong></span> 
     </span>
    </p>
   </div>
   <div class='ocr_carea' id='block_1_35' title="bbox 2018 745 3603 820">
    <p class='ocr_par' dir='ltr' id='par_1_35' title="bbox 2018 745 3603 820">
     <span class='ocr_line' id='line_1_35' title="bbox 2018 745 3603 820; baseline 0.008 -20"><span class='ocrx_word' id='word_1_273' title='bbox 2018 745 2209 812; x_wconf 87' lang='lat' dir='ltr'><strong>habeo,</strong></span> <span class='ocrx_word' id='word_1_274' title='bbox 2241 756 2296 802; x_wconf 91' lang='lat' dir='ltr'><strong>et</strong></span> <span class='ocrx_word' id='word_1_275' title='bbox 2323 749 2445 804; x_wconf 89' lang='lat' dir='ltr'><strong>vide</strong></span> <span class='ocrx_word' id='word_1_276' title='bbox 2484 750 2613 818; x_wconf 86' lang='lat' dir='ltr'><strong>quid</strong></span> <span class='ocrx_word' id='word_1_277' title='bbox 2657 751 2803 806; x_wconf 84' lang='lat' dir='ltr'><strong>dicat</strong></span> <span class='ocrx_word' id='word_1_278' title='bbox 2845 753 2961 808; x_wconf 91' lang='lat' dir='ltr'><strong>tibi.</strong></span> <span class='ocrx_word' id='word_1_279' title='bbox 2993 753 3172 820; x_wconf 81' lang='lat' dir='ltr'><strong>Venit,</strong></span> <span class='ocrx_word' id='word_1_280' title='bbox 3202 766 3255 811; x_wconf 88' lang='lat' dir='ltr'><strong>et</strong></span> <span class='ocrx_word' id='word_1_281' title='bbox 3297 757 3439 812; x_wconf 90' lang='lat' dir='ltr'><strong>sicut</strong></span> <span class='ocrx_word' id='word_1_282' title='bbox 3479 758 3603 812; x_wconf 88' lang='lat' dir='ltr'><strong>aliis</strong></span> 
     </span>
    </p>
   </div>
   <div class='ocr_carea' id='block_1_36' title="bbox 2017 838 3602 912">
    <p class='ocr_par' dir='ltr' id='par_1_36' title="bbox 2017 838 3602 912">
     <span class='ocr_line' id='line_1_36' title="bbox 2017 838 3602 912; baseline 0.009 -21"><span class='ocrx_word' id='word_1_283' title='bbox 2017 838 2226 894; x_wconf 79' lang='lat' dir='ltr'><strong>dixerat</strong></span> <span class='ocrx_word' id='word_1_284' title='bbox 2257 841 2383 894; x_wconf 91' lang='lat' dir='ltr'><strong>huic</strong></span> <span class='ocrx_word' id='word_1_285' title='bbox 2421 841 2578 906; x_wconf 83' lang='lat' dir='ltr'><strong>dixit,</strong></span> <span class='ocrx_word' id='word_1_286' title='bbox 2606 844 2696 912; x_wconf 90' lang='lat' dir='ltr'><strong>qui</strong></span> <span class='ocrx_word' id='word_1_287' title='bbox 2726 845 2839 898; x_wconf 86' lang='lat' dir='ltr'><strong>ait:</strong></span> <span class='ocrx_word' id='word_1_288' title='bbox 2871 865 2888 896; x_wconf 81' lang='grc' dir='ltr'><strong>ι</strong></span> <span class='ocrx_word' id='word_1_289' title='bbox 2919 847 3062 902; x_wconf 88' lang='lat' dir='ltr'><strong>Intra</strong></span> <span class='ocrx_word' id='word_1_290' title='bbox 3090 849 3306 903; x_wconf 90' lang='lat' dir='ltr'><strong>domum</strong></span> <span class='ocrx_word' id='word_1_291' title='bbox 3331 891 3344 912; x_wconf 87' lang='lat'><strong>,</strong></span> <span class='ocrx_word' id='word_1_292' title='bbox 3381 867 3486 905; x_wconf 89' lang='lat' dir='ltr'><strong>non</strong></span> <span class='ocrx_word' id='word_1_293' title='bbox 3519 865 3602 905; x_wconf 83' lang='lat' dir='ltr'><strong>est</strong></span> 
     </span>
    </p>
   </div>
   <div class='ocr_carea' id='block_1_37' title="bbox 2018 930 3596 1010">
    <p class='ocr_par' dir='ltr' id='par_1_37' title="bbox 2018 930 3596 1010">
     <span class='ocr_line' id='line_1_37' title="bbox 2018 930 3596 1010; baseline 0.006 -26"><span class='ocrx_word' id='word_1_294' title='bbox 2018 930 2118 985; x_wconf 90' lang='lat' dir='ltr'><strong>hoc</strong></span> <span class='ocrx_word' id='word_1_295' title='bbox 2141 943 2411 987; x_wconf 87' lang='lat' dir='ltr'><strong>secretum</strong></span> <span class='ocrx_word' id='word_1_296' title='bbox 2440 935 2583 1003; x_wconf 90' lang='lat' dir='ltr'><strong>quod</strong></span> <span class='ocrx_word' id='word_1_297' title='bbox 2609 936 2804 991; x_wconf 85' lang='lat' dir='ltr'><strong>vicinis</strong></span> <span class='ocrx_word' id='word_1_298' title='bbox 2829 937 3024 992; x_wconf 83' lang='lat' dir='ltr'><strong>debeat</strong></span> <span class='ocrx_word' id='word_1_299' title='bbox 3046 941 3334 1010; x_wconf 89' lang='lat' dir='ltr'><strong>propalari.</strong></span> <span class='ocrx_word' id='word_1_300' title='bbox 3353 962 3369 994; x_wconf 76' lang='grc' dir='ltr'><strong>ι</strong></span> <span class='ocrx_word' id='word_1_301' title='bbox 3390 942 3596 996; x_wconf 83' lang='lat' dir='ltr'><strong>Emissa</strong></span> 
     </span>
    </p>
   </div>
   <div class='ocr_carea' id='block_1_38' title="bbox 2014 1026 3596 1101">
    <p class='ocr_par' dir='ltr' id='par_1_38' title="bbox 2014 1026 3596 1101">
     <span class='ocr_line' id='line_1_38' title="bbox 2014 1026 3596 1101; baseline 0.008 -27"><span class='ocrx_word' id='word_1_302' title='bbox 2014 1035 2146 1091; x_wconf 84' lang='lat' dir='ltr'><strong>ergo</strong></span> <span class='ocrx_word' id='word_1_303' title='bbox 2180 1037 2349 1078; x_wconf 87' lang='lat' dir='ltr'><strong>uxore</strong></span> <span class='ocrx_word' id='word_1_304' title='bbox 2371 1039 2492 1078; x_wconf 89' lang='lat' dir='ltr'><strong>cum</strong></span> <span class='ocrx_word' id='word_1_305' title='bbox 2522 1026 2666 1079; x_wconf 90' lang='lat' dir='ltr'><strong>omni</strong></span> <span class='ocrx_word' id='word_1_306' title='bbox 2698 1027 2900 1081; x_wconf 86' lang='lat' dir='ltr'><strong>familia</strong></span> <span class='ocrx_word' id='word_1_307' title='bbox 2932 1045 3049 1094; x_wconf 88' lang='lat' dir='ltr'><strong>sua,</strong></span> <span class='ocrx_word' id='word_1_308' title='bbox 3078 1032 3409 1101; x_wconf 84' lang='lat' dir='ltr'><strong>sepulturam</strong></span> <span class='ocrx_word' id='word_1_309' title='bbox 3436 1034 3596 1087; x_wconf 81' lang='lat' dir='ltr'><strong>fodit.</strong></span> 
     </span>
    </p>
   </div>
   <div class='ocr_carea' id='block_1_39' title="bbox 2015 1109 3595 1193">
    <p class='ocr_par' dir='ltr' id='par_1_39' title="bbox 2015 1109 3595 1193">
     <span class='ocr_line' id='line_1_39' title="bbox 2015 1109 3595 1193; baseline 0.009 -30"><span class='ocrx_word' id='word_1_310' title='bbox 2015 1109 2146 1164; x_wconf 93' lang='lat' dir='ltr'><strong>Cum</strong></span> <span class='ocrx_word' id='word_1_311' title='bbox 2184 1123 2364 1166; x_wconf 91' lang='lat' dir='ltr'><strong>autem</strong></span> <span class='ocrx_word' id='word_1_312' title='bbox 2413 1113 2502 1168; x_wconf 90' lang='lat' dir='ltr'><strong>ille</strong></span> <span class='ocrx_word' id='word_1_313' title='bbox 2540 1115 2719 1169; x_wconf 87' lang='lat' dir='ltr'><strong>omnia</strong></span> <span class='ocrx_word' id='word_1_314' title='bbox 2757 1117 2966 1171; x_wconf 88' lang='lat' dir='ltr'><strong>videret</strong></span> <span class='ocrx_word' id='word_1_315' title='bbox 3013 1132 3220 1188; x_wconf 86' lang='lat' dir='ltr'><strong>parata,</strong></span> <span class='ocrx_word' id='word_1_316' title='bbox 3267 1138 3382 1177; x_wconf 89' lang='lat' dir='ltr'><strong>rem</strong></span> <span class='ocrx_word' id='word_1_317' title='bbox 3432 1132 3595 1193; x_wconf 84' lang='lat' dir='ltr'><strong>prout</strong></span> 
     </span>
    </p>
   </div>
   <div class='ocr_carea' id='block_1_40' title="bbox 2013 1203 3596 1287">
    <p class='ocr_par' dir='ltr' id='par_1_40' title="bbox 2013 1203 3596 1287">
     <span class='ocr_line' id='line_1_40' title="bbox 2013 1203 3596 1287; baseline 0.011 -33"><span class='ocrx_word' id='word_1_318' title='bbox 2013 1211 2132 1256; x_wconf 88' lang='lat' dir='ltr'><strong>erat</strong></span> <span class='ocrx_word' id='word_1_319' title='bbox 2169 1203 2425 1258; x_wconf 90' lang='lat' dir='ltr'><strong>disseruit</strong></span> <span class='ocrx_word' id='word_1_320' title='bbox 2469 1207 2674 1276; x_wconf 83' lang='lat' dir='ltr'><strong>gratias</strong></span> <span class='ocrx_word' id='word_1_321' title='bbox 2713 1222 2899 1276; x_wconf 87' lang='lat' dir='ltr'><strong>agens.</strong></span> <span class='ocrx_word' id='word_1_322' title='bbox 2944 1209 3168 1264; x_wconf 82' lang='lat' dir='ltr'><strong>Demum</strong></span> <span class='ocrx_word' id='word_1_323' title='bbox 3221 1215 3402 1268; x_wconf 91' lang='lat' dir='ltr'><strong>retulit</strong></span> <span class='ocrx_word' id='word_1_324' title='bbox 3452 1219 3596 1287; x_wconf 90' lang='lat' dir='ltr'><strong>patri</strong></span> 
     </span>
    </p>
   </div>
   <div class='ocr_carea' id='block_1_41' title="bbox 2013 1294 3596 1375">
    <p class='ocr_par' dir='ltr' id='par_1_41' title="bbox 2013 1294 3596 1375">
     <span class='ocr_line' id='line_1_41' title="bbox 2013 1294 3596 1375; baseline 0.011 -30"><span class='ocrx_word' id='word_1_325' title='bbox 2013 1309 2132 1363; x_wconf 63' lang='lat' dir='ltr'><strong>«piae</strong></span> <span class='ocrx_word' id='word_1_326' title='bbox 2161 1294 2381 1351; x_wconf 86' lang='lat' dir='ltr'><strong>fecerat.</strong></span> <span class='ocrx_word' id='word_1_327' title='bbox 2415 1296 2581 1352; x_wconf 89' lang='lat' dir='ltr'><strong>Pater</strong></span> <span class='ocrx_word' id='word_1_328' title='bbox 2604 1314 2735 1353; x_wconf 85' lang='lat' dir='ltr'><strong>vero</strong></span> <span class='ocrx_word' id='word_1_329' title='bbox 2763 1299 2902 1353; x_wconf 82' lang='lat' dir='ltr'><strong>dixit</strong></span> <span class='ocrx_word' id='word_1_330' title='bbox 2927 1317 2940 1354; x_wconf 90' lang='lat'><strong>:</strong></span> <span class='ocrx_word' id='word_1_331' title='bbox 2973 1320 2991 1351; x_wconf 80' lang='grc' dir='ltr'><strong>ι</strong></span> <span class='ocrx_word' id='word_1_332' title='bbox 3023 1302 3125 1358; x_wconf 86' lang='lat' dir='ltr'><strong>Pro</strong></span> <span class='ocrx_word' id='word_1_333' title='bbox 3153 1304 3240 1357; x_wconf 91' lang='lat' dir='ltr'><strong>tali</strong></span> <span class='ocrx_word' id='word_1_334' title='bbox 3267 1306 3443 1361; x_wconf 90' lang='lat' dir='ltr'><strong>amico</strong></span> <span class='ocrx_word' id='word_1_335' title='bbox 3473 1309 3596 1375; x_wconf 85' lang='lat' dir='ltr'><strong>phi-</strong></span> 
     </span>
    </p>
   </div>
   <div class='ocr_carea' id='block_1_42' title="bbox 2013 1383 3596 1466">
    <p class='ocr_par' dir='ltr' id='par_1_42' title="bbox 2013 1383 3596 1466">
     <span class='ocr_line' id='line_1_42' title="bbox 2013 1383 3596 1466; baseline 0.009 -29"><span class='ocrx_word' id='word_1_336' title='bbox 2013 1383 2268 1454; x_wconf 89' lang='lat' dir='ltr'><strong>losophus</strong></span> <span class='ocrx_word' id='word_1_337' title='bbox 2311 1387 2424 1442; x_wconf 89' lang='lat' dir='ltr'><strong>ait:</strong></span> <span class='ocrx_word' id='word_1_338' title='bbox 2460 1387 2558 1443; x_wconf 88' lang='lat' dir='ltr'><strong>llic</strong></span> <span class='ocrx_word' id='word_1_339' title='bbox 2599 1397 2682 1444; x_wconf 89' lang='lat' dir='ltr'><strong>est</strong></span> <span class='ocrx_word' id='word_1_340' title='bbox 2720 1404 2848 1443; x_wconf 86' lang='lat' dir='ltr'><strong>vere</strong></span> <span class='ocrx_word' id='word_1_341' title='bbox 2885 1392 3094 1446; x_wconf 87' lang='lat' dir='ltr'><strong>amicus</strong></span> <span class='ocrx_word' id='word_1_342' title='bbox 3142 1396 3229 1462; x_wconf 91' lang='lat' dir='ltr'><strong>qui</strong></span> <span class='ocrx_word' id='word_1_343' title='bbox 3281 1405 3332 1449; x_wconf 93' lang='lat' dir='ltr'><strong>te</strong></span> <span class='ocrx_word' id='word_1_344' title='bbox 3378 1397 3596 1466; x_wconf 84' lang='lat' dir='ltr'><strong>adjuvat</strong></span> 
     </span>
    </p>
   </div>
   <div class='ocr_carea' id='block_1_43' title="bbox 2012 1476 3591 1556">
    <p class='ocr_par' dir='ltr' id='par_1_43' title="bbox 2012 1476 3591 1556">
     <span class='ocr_line' id='line_1_43' title="bbox 2012 1476 3591 1556; baseline 0.008 -26"><span class='ocrx_word' id='word_1_345' title='bbox 2012 1489 2134 1530; x_wconf 84' lang='lat' dir='ltr'><strong>cum</strong></span> <span class='ocrx_word' id='word_1_346' title='bbox 2178 1476 2271 1530; x_wconf 86' lang='lat' dir='ltr'><strong>tibi</strong></span> <span class='ocrx_word' id='word_1_347' title='bbox 2309 1478 2561 1532; x_wconf 74' lang='lat' dir='ltr'><strong>Stcculum</strong></span> <span class='ocrx_word' id='word_1_348' title='bbox 2601 1479 2803 1535; x_wconf 86' lang='lat' dir='ltr'><strong>deficit.</strong></span> <span class='ocrx_word' id='word_1_349' title='bbox 2839 1501 2856 1533; x_wconf 73' lang='grc' dir='ltr'><strong>ι</strong></span> <span class='ocrx_word' id='word_1_350' title='bbox 2886 1481 3032 1536; x_wconf 85' lang='lat' dir='ltr'><strong>Dixit</strong></span> <span class='ocrx_word' id='word_1_351' title='bbox 3065 1485 3204 1539; x_wconf 82' lang='lat' dir='ltr'><strong>filius</strong></span> <span class='ocrx_word' id='word_1_352' title='bbox 3235 1487 3301 1540; x_wconf 89' lang='lat' dir='ltr'><strong>ad</strong></span> <span class='ocrx_word' id='word_1_353' title='bbox 3334 1497 3542 1556; x_wconf 87' lang='lat' dir='ltr'><strong>patrem</strong></span> <span class='ocrx_word' id='word_1_354' title='bbox 3577 1508 3591 1544; x_wconf 90' lang='lat'><strong>:</strong></span> 
     </span>
    </p>
   </div>
   <div class='ocr_carea' id='block_1_44' title="bbox 2017 1562 3593 1646">
    <p class='ocr_par' dir='ltr' id='par_1_44' title="bbox 2017 1562 3593 1646">
     <span class='ocr_line' id='line_1_44' title="bbox 2017 1562 3593 1646; baseline 0.008 -25"><span class='ocrx_word' id='word_1_355' title='bbox 2017 1589 2036 1621; x_wconf 84' lang='grc' dir='ltr'><strong>ι</strong></span> <span class='ocrx_word' id='word_1_356' title='bbox 2071 1571 2257 1627; x_wconf 85' lang='lat' dir='ltr'><strong>Vidisti</strong></span> <span class='ocrx_word' id='word_1_357' title='bbox 2304 1574 2580 1628; x_wconf 86' lang='lat' dir='ltr'><strong>hominem</strong></span> <span class='ocrx_word' id='word_1_358' title='bbox 2629 1577 2720 1646; x_wconf 85' lang='lat' dir='ltr'><strong>qui</strong></span> <span class='ocrx_word' id='word_1_359' title='bbox 2771 1562 3038 1645; x_wconf 74' lang='lat' dir='ltr'><strong>integrum</strong></span> <span class='ocrx_word' id='word_1_360' title='bbox 3085 1580 3185 1633; x_wconf 83' lang='lat' dir='ltr'><strong>sibi</strong></span> <span class='ocrx_word' id='word_1_361' title='bbox 3237 1582 3468 1636; x_wconf 87' lang='lat' dir='ltr'><strong>amietnn</strong></span> <span class='ocrx_word' id='word_1_362' title='bbox 3516 1583 3593 1634; x_wconf 88' lang='lat' dir='ltr'><strong>lu-</strong></span> 
     </span>
    </p>
   </div>
   <div class='ocr_carea' id='block_1_45' title="bbox 2011 1661 3594 1736">
    <p class='ocr_par' dir='ltr' id='par_1_45' title="bbox 2011 1661 3594 1736">
     <span class='ocr_line' id='line_1_45' title="bbox 2011 1661 3594 1736; baseline 0.007 -22"><span class='ocrx_word' id='word_1_363' title='bbox 2011 1669 2194 1716; x_wconf 89' lang='lat' dir='ltr'><strong>cratus</strong></span> <span class='ocrx_word' id='word_1_364' title='bbox 2220 1661 2415 1716; x_wconf 80' lang='lat' dir='ltr'><strong>fuerit?</strong></span> <span class='ocrx_word' id='word_1_365' title='bbox 2446 1683 2463 1714; x_wconf 78' lang='grc' dir='ltr'><strong>ι</strong></span> <span class='ocrx_word' id='word_1_366' title='bbox 2494 1663 2643 1718; x_wconf 85' lang='lat' dir='ltr'><strong>Tunc</strong></span> <span class='ocrx_word' id='word_1_367' title='bbox 2668 1674 2859 1734; x_wconf 85' lang='lat' dir='ltr'><strong>pater:</strong></span> <span class='ocrx_word' id='word_1_368' title='bbox 2899 1682 2916 1714; x_wconf 84' lang='grc' dir='ltr'><strong>ι</strong></span> <span class='ocrx_word' id='word_1_369' title='bbox 2947 1665 3061 1719; x_wconf 82' lang='grc' dir='ltr'><strong>Νοιι</strong></span> <span class='ocrx_word' id='word_1_370' title='bbox 3097 1666 3202 1721; x_wconf 80' lang='lat' dir='ltr'><strong>vidi</strong></span> <span class='ocrx_word' id='word_1_371' title='bbox 3227 1670 3464 1736; x_wconf 86' lang='lat' dir='ltr'><strong>quidem,</strong></span> <span class='ocrx_word' id='word_1_372' title='bbox 3501 1675 3594 1726; x_wconf 82' lang='lat' dir='ltr'><strong>sed</strong></span> 
     </span>
    </p>
   </div>
   <div class='ocr_carea' id='block_1_46' title="bbox 2011 1751 3596 1826">
    <p class='ocr_par' dir='ltr' id='par_1_46' title="bbox 2011 1751 3596 1826">
     <span class='ocr_line' id='line_1_46' title="bbox 2011 1751 3596 1826; baseline 0.009 -22"><span class='ocrx_word' id='word_1_373' title='bbox 2011 1751 2213 1806; x_wconf 90' lang='lat' dir='ltr'><strong>audivi.</strong></span> <span class='ocrx_word' id='word_1_374' title='bbox 2245 1772 2264 1805; x_wconf 72' lang='grc' dir='ltr'><strong>ι</strong></span> <span class='ocrx_word' id='word_1_375' title='bbox 2293 1753 2441 1809; x_wconf 87' lang='lat' dir='ltr'><strong>Tunc</strong></span> <span class='ocrx_word' id='word_1_376' title='bbox 2469 1754 2613 1810; x_wconf 86' lang='lat' dir='ltr'><strong>filius</strong></span> <span class='ocrx_word' id='word_1_377' title='bbox 2641 1775 2653 1809; x_wconf 94' lang='lat'><strong>:</strong></span> <span class='ocrx_word' id='word_1_378' title='bbox 2683 1775 2702 1808; x_wconf 83' lang='grc' dir='ltr'><strong>ι</strong></span> <span class='ocrx_word' id='word_1_379' title='bbox 2733 1757 3012 1814; x_wconf 82' lang='lat' dir='ltr'><strong>Reuuncia</strong></span> <span class='ocrx_word' id='word_1_380' title='bbox 3038 1760 3166 1814; x_wconf 89' lang='lat' dir='ltr'><strong>mihi</strong></span> <span class='ocrx_word' id='word_1_381' title='bbox 3188 1761 3255 1816; x_wconf 90' lang='lat' dir='ltr'><strong>de</strong></span> <span class='ocrx_word' id='word_1_382' title='bbox 3275 1777 3359 1826; x_wconf 84' lang='lat' dir='ltr'><strong>eo,</strong></span> <span class='ocrx_word' id='word_1_383' title='bbox 3382 1764 3425 1817; x_wconf 83' lang='lat' dir='ltr'><strong>si</strong></span> <span class='ocrx_word' id='word_1_384' title='bbox 3450 1764 3596 1819; x_wconf 61' lang='lat' dir='ltr'><strong>forti;</strong></span> 
     </span>
    </p>
   </div>
   <div class='ocr_carea' id='block_1_47' title="bbox 2015 1845 3005 1920">
    <p class='ocr_par' dir='ltr' id='par_1_47' title="bbox 2015 1845 3005 1920">
     <span class='ocr_line' id='line_1_47' title="bbox 2015 1845 3005 1920; baseline 0.007 -23"><span class='ocrx_word' id='word_1_385' title='bbox 2015 1845 2173 1900; x_wconf 87' lang='lat' dir='ltr'><strong>talem</strong></span> <span class='ocrx_word' id='word_1_386' title='bbox 2205 1846 2334 1900; x_wconf 80' lang='lat' dir='ltr'><strong>mihi</strong></span> <span class='ocrx_word' id='word_1_387' title='bbox 2362 1849 2686 1918; x_wconf 89' lang='lat' dir='ltr'><strong>acquisiero.</strong></span> <span class='ocrx_word' id='word_1_388' title='bbox 2711 1870 2728 1900; x_wconf 78' lang='grc' dir='ltr'><strong>ι</strong></span> <span class='ocrx_word' id='word_1_389' title='bbox 2753 1854 2818 1903; x_wconf 82' lang='lat' dir='ltr'><strong>At</strong></span> <span class='ocrx_word' id='word_1_390' title='bbox 2846 1863 3005 1920; x_wconf 87' lang='lat' dir='ltr'><strong>pater</strong></span> 
     </span>
    </p>
   </div>
   <div class='ocr_carea' id='block_1_48' title="bbox 2605 1942 2988 1998">
    <p class='ocr_par' dir='ltr' id='par_1_48' title="bbox 2605 1942 2988 1998">
     <span class='ocr_line' id='line_1_48' title="bbox 2605 1942 2988 1998; baseline 0.003 -2"><span class='ocrx_word' id='word_1_391' title='bbox 2605 1942 2879 1998; x_wconf 83' lang='lat' dir='ltr'><strong>FABULA</strong></span> <span class='ocrx_word' id='word_1_392' title='bbox 2926 1943 2988 1997; x_wconf 88' lang='lat' dir='ltr'><strong>ll.</strong></span> 
     </span>
    </p>
   </div>
   <div class='ocr_carea' id='block_1_49' title="bbox 2074 2027 3588 2106">
    <p class='ocr_par' dir='ltr' id='par_1_49' title="bbox 2074 2027 3588 2106">
     <span class='ocr_line' id='line_1_49' title="bbox 2074 2027 3588 2106; baseline 0.006 -25"><span class='ocrx_word' id='word_1_393' title='bbox 2074 2027 2324 2083; x_wconf 81' lang='lat' dir='ltr'><strong>Relatum</strong></span> <span class='ocrx_word' id='word_1_394' title='bbox 2367 2039 2452 2084; x_wconf 87' lang='lat' dir='ltr'><strong>est</strong></span> <span class='ocrx_word' id='word_1_395' title='bbox 2483 2031 2610 2085; x_wconf 88' lang='lat' dir='ltr'><strong>mihi</strong></span> <span class='ocrx_word' id='word_1_396' title='bbox 2644 2034 2708 2084; x_wconf 88' lang='lat' dir='ltr'><strong>de</strong></span> <span class='ocrx_word' id='word_1_397' title='bbox 2741 2031 2948 2086; x_wconf 91' lang='lat' dir='ltr'><strong>duobus</strong></span> <span class='ocrx_word' id='word_1_398' title='bbox 2988 2035 3416 2104; x_wconf 87' lang='lat' dir='ltr'><strong>negotiatoribus</strong></span> <span class='ocrx_word' id='word_1_399' title='bbox 3455 2052 3588 2106; x_wconf 78' lang='lat' dir='ltr'><strong>quo-</strong></span> 
     </span>
    </p>
   </div>
   <div class='ocr_carea' id='block_1_50' title="bbox 2006 2121 3589 2196">
    <p class='ocr_par' dir='ltr' id='par_1_50' title="bbox 2006 2121 3589 2196">
     <span class='ocr_line' id='line_1_50' title="bbox 2006 2121 3589 2196; baseline 0.005 -24"><span class='ocrx_word' id='word_1_400' title='bbox 2006 2135 2122 2173; x_wconf 90' lang='lat' dir='ltr'><strong>rmn</strong></span> <span class='ocrx_word' id='word_1_401' title='bbox 2153 2137 2290 2174; x_wconf 82' lang='lat' dir='ltr'><strong>unus</strong></span> <span class='ocrx_word' id='word_1_402' title='bbox 2313 2130 2431 2175; x_wconf 88' lang='lat' dir='ltr'><strong>erat</strong></span> <span class='ocrx_word' id='word_1_403' title='bbox 2458 2121 2510 2175; x_wconf 94' lang='lat' dir='ltr'><strong>in</strong></span> <span class='ocrx_word' id='word_1_404' title='bbox 2537 2121 2798 2193; x_wconf 58' lang='lat' dir='ltr'><strong>XEgypto,</strong></span> <span class='ocrx_word' id='word_1_405' title='bbox 2829 2123 2966 2178; x_wconf 89' lang='lat' dir='ltr'><strong>alter</strong></span> <span class='ocrx_word' id='word_1_406' title='bbox 2996 2125 3249 2192; x_wconf 90' lang='lat' dir='ltr'><strong>Baldach,</strong></span> <span class='ocrx_word' id='word_1_407' title='bbox 3279 2143 3446 2196; x_wconf 88' lang='lat' dir='ltr'><strong>seque</strong></span> <span class='ocrx_word' id='word_1_408' title='bbox 3470 2129 3589 2181; x_wconf 81' lang='lat' dir='ltr'><strong>solo</strong></span> 
     </span>
    </p>
   </div>
   <div class='ocr_carea' id='block_1_51' title="bbox 2005 2213 3583 2285">
    <p class='ocr_par' dir='ltr' id='par_1_51' title="bbox 2005 2213 3583 2285">
     <span class='ocr_line' id='line_1_51' title="bbox 2005 2213 3583 2285; baseline 0.002 -21"><span class='ocrx_word' id='word_1_409' title='bbox 2005 2213 2188 2265; x_wconf 90' lang='lat' dir='ltr'><strong>auditu</strong></span> <span class='ocrx_word' id='word_1_410' title='bbox 2225 2222 2591 2283; x_wconf 85' lang='lat' dir='ltr'><strong>cognoverant</strong></span> <span class='ocrx_word' id='word_1_411' title='bbox 2616 2224 2670 2267; x_wconf 83' lang='lat' dir='ltr'><strong>et</strong></span> <span class='ocrx_word' id='word_1_412' title='bbox 2705 2229 2800 2284; x_wconf 90' lang='lat' dir='ltr'><strong>per</strong></span> <span class='ocrx_word' id='word_1_413' title='bbox 2831 2215 3204 2270; x_wconf 90' lang='lat' dir='ltr'><strong>iuternuncios</strong></span> <span class='ocrx_word' id='word_1_414' title='bbox 3236 2233 3332 2285; x_wconf 89' lang='lat' dir='ltr'><strong>pro</strong></span> <span class='ocrx_word' id='word_1_415' title='bbox 3360 2218 3462 2271; x_wconf 85' lang='lat' dir='ltr'><strong>sibi</strong></span> <span class='ocrx_word' id='word_1_416' title='bbox 3490 2234 3583 2270; x_wconf 80' lang='lat' dir='ltr'><strong>ne-</strong></span> 
     </span>
    </p>
   </div>
   <div class='ocr_carea' id='block_1_52' title="bbox 2003 2303 3589 2375">
    <p class='ocr_par' dir='ltr' id='par_1_52' title="bbox 2003 2303 3589 2375">
     <span class='ocr_line' id='line_1_52' title="bbox 2003 2303 3589 2375; baseline 0.001 -18"><span class='ocrx_word' id='word_1_417' title='bbox 2003 2303 2257 2357; x_wconf 87' lang='lat' dir='ltr'><strong>cessariis</strong></span> <span class='ocrx_word' id='word_1_418' title='bbox 2299 2303 2610 2357; x_wconf 88' lang='lat' dir='ltr'><strong>mittebant.</strong></span> <span class='ocrx_word' id='word_1_419' title='bbox 2637 2304 2876 2375; x_wconf 89' lang='lat' dir='ltr'><strong>Contigit</strong></span> <span class='ocrx_word' id='word_1_420' title='bbox 2903 2315 3080 2360; x_wconf 90' lang='lat' dir='ltr'><strong>autem</strong></span> <span class='ocrx_word' id='word_1_421' title='bbox 3110 2316 3165 2358; x_wconf 90' lang='lat' dir='ltr'><strong>ut</strong></span> <span class='ocrx_word' id='word_1_422' title='bbox 3195 2308 3283 2374; x_wconf 89' lang='lat' dir='ltr'><strong>qui</strong></span> <span class='ocrx_word' id='word_1_423' title='bbox 3316 2317 3432 2360; x_wconf 90' lang='lat' dir='ltr'><strong>erat</strong></span> <span class='ocrx_word' id='word_1_424' title='bbox 3463 2307 3589 2359; x_wconf 88' lang='grc' dir='ltr'><strong>Β.ιΙ-</strong></span> 
     </span>
    </p>
   </div>
   <div class='ocr_carea' id='block_1_53' title="bbox 2003 2397 3585 2470">
    <p class='ocr_par' dir='ltr' id='par_1_53' title="bbox 2003 2397 3585 2470">
     <span class='ocr_line' id='line_1_53' title="bbox 2003 2397 3585 2470; baseline -0.001 -19"><span class='ocrx_word' id='word_1_425' title='bbox 2003 2397 2136 2451; x_wconf 81' lang='lat' dir='ltr'><strong>dach</strong></span> <span class='ocrx_word' id='word_1_426' title='bbox 2155 2397 2204 2450; x_wconf 93' lang='lat' dir='ltr'><strong>in</strong></span> <span class='ocrx_word' id='word_1_427' title='bbox 2225 2397 2639 2467; x_wconf 89' lang='lat' dir='ltr'><strong>negotiationem</strong></span> <span class='ocrx_word' id='word_1_428' title='bbox 2665 2397 2769 2452; x_wconf 91' lang='lat' dir='ltr'><strong>iret</strong></span> <span class='ocrx_word' id='word_1_429' title='bbox 2794 2398 2845 2451; x_wconf 92' lang='lat' dir='ltr'><strong>in</strong></span> <span class='ocrx_word' id='word_1_430' title='bbox 2869 2397 3186 2470; x_wconf 66' lang='lat' dir='ltr'><strong>Egyptum.</strong></span> <span class='ocrx_word' id='word_1_431' title='bbox 3210 2397 3585 2470; x_wconf 66' lang='lat' dir='ltr'><strong>.Egyptiacus,</strong></span> 
     </span>
    </p>
   </div>
   <div class='ocr_carea' id='block_1_54' title="bbox 2001 2487 3585 2561">
    <p class='ocr_par' dir='ltr' id='par_1_54' title="bbox 2001 2487 3585 2561">
     <span class='ocr_line' id='line_1_54' title="bbox 2001 2487 3585 2561; baseline 0.003 -20"><span class='ocrx_word' id='word_1_432' title='bbox 2001 2489 2182 2542; x_wconf 71' lang='lat' dir='ltr'><strong>audito</strong></span> <span class='ocrx_word' id='word_1_433' title='bbox 2231 2487 2346 2556; x_wconf 88' lang='lat' dir='ltr'><strong>ejus</strong></span> <span class='ocrx_word' id='word_1_434' title='bbox 2381 2488 2647 2553; x_wconf 89' lang='lat' dir='ltr'><strong>adventu,</strong></span> <span class='ocrx_word' id='word_1_435' title='bbox 2697 2490 2939 2544; x_wconf 91' lang='lat' dir='ltr'><strong>occurrit</strong></span> <span class='ocrx_word' id='word_1_436' title='bbox 2987 2490 3035 2544; x_wconf 91' lang='lat' dir='ltr'><strong>ei</strong></span> <span class='ocrx_word' id='word_1_437' title='bbox 3081 2500 3136 2544; x_wconf 89' lang='lat' dir='ltr'><strong>et</strong></span> <span class='ocrx_word' id='word_1_438' title='bbox 3182 2491 3418 2561; x_wconf 90' lang='lat' dir='ltr'><strong>suscepit</strong></span> <span class='ocrx_word' id='word_1_439' title='bbox 3461 2507 3585 2546; x_wconf 87' lang='lat' dir='ltr'><strong>eum</strong></span> 
     </span>
    </p>
   </div>
   <div class='ocr_carea' id='block_1_55' title="bbox 2001 2577 3586 2648">
    <p class='ocr_par' dir='ltr' id='par_1_55' title="bbox 2001 2577 3586 2648">
     <span class='ocr_line' id='line_1_55' title="bbox 2001 2577 3586 2648; baseline 0.005 -19"><span class='ocrx_word' id='word_1_440' title='bbox 2001 2578 2240 2648; x_wconf 85' lang='lat' dir='ltr'><strong>gaudens</strong></span> <span class='ocrx_word' id='word_1_441' title='bbox 2287 2578 2338 2631; x_wconf 94' lang='lat' dir='ltr'><strong>in</strong></span> <span class='ocrx_word' id='word_1_442' title='bbox 2389 2577 2607 2632; x_wconf 86' lang='lat' dir='ltr'><strong>domum</strong></span> <span class='ocrx_word' id='word_1_443' title='bbox 2657 2594 2834 2634; x_wconf 89' lang='lat' dir='ltr'><strong>suam.</strong></span> <span class='ocrx_word' id='word_1_444' title='bbox 2871 2580 2930 2634; x_wconf 93' lang='lat' dir='ltr'><strong>ln</strong></span> <span class='ocrx_word' id='word_1_445' title='bbox 2973 2581 3226 2636; x_wconf 90' lang='lat' dir='ltr'><strong>omnibus</strong></span> <span class='ocrx_word' id='word_1_446' title='bbox 3268 2581 3316 2635; x_wconf 91' lang='lat' dir='ltr'><strong>ei</strong></span> <span class='ocrx_word' id='word_1_447' title='bbox 3360 2582 3586 2638; x_wconf 85' lang='lat' dir='ltr'><strong>servivit</strong></span> 
     </span>
    </p>
   </div>
   <div class='ocr_carea' id='block_1_56' title="bbox 2006 2669 3586 2739">
    <p class='ocr_par' dir='ltr' id='par_1_56' title="bbox 2006 2669 3586 2739">
     <span class='ocr_line' id='line_1_56' title="bbox 2006 2669 3586 2739; baseline 0.005 -18"><span class='ocrx_word' id='word_1_448' title='bbox 2006 2669 2149 2722; x_wconf 92' lang='lat' dir='ltr'><strong>sicut</strong></span> <span class='ocrx_word' id='word_1_449' title='bbox 2180 2683 2295 2722; x_wconf 88' lang='lat' dir='ltr'><strong>mos</strong></span> <span class='ocrx_word' id='word_1_450' title='bbox 2322 2677 2404 2722; x_wconf 87' lang='lat' dir='ltr'><strong>est</strong></span> <span class='ocrx_word' id='word_1_451' title='bbox 2440 2669 2742 2724; x_wconf 87' lang='lat' dir='ltr'><strong>amicorum</strong></span> <span class='ocrx_word' id='word_1_452' title='bbox 2774 2685 2873 2739; x_wconf 91' lang='lat' dir='ltr'><strong>per</strong></span> <span class='ocrx_word' id='word_1_453' title='bbox 2905 2680 3029 2725; x_wconf 90' lang='lat' dir='ltr'><strong>octo</strong></span> <span class='ocrx_word' id='word_1_454' title='bbox 3056 2671 3172 2726; x_wconf 89' lang='lat' dir='ltr'><strong>dies</strong></span> <span class='ocrx_word' id='word_1_455' title='bbox 3194 2712 3209 2736; x_wconf 92' lang='lat'><strong>,</strong></span> <span class='ocrx_word' id='word_1_456' title='bbox 3251 2682 3300 2725; x_wconf 91' lang='lat' dir='ltr'><strong>et</strong></span> <span class='ocrx_word' id='word_1_457' title='bbox 3347 2674 3586 2729; x_wconf 79' lang='lat' dir='ltr'><strong>ostendit</strong></span> 
     </span>
    </p>
   </div>
   <div class='ocr_carea' id='block_1_57' title="bbox 1998 2760 3581 2830">
    <p class='ocr_par' dir='ltr' id='par_1_57' title="bbox 1998 2760 3581 2830">
     <span class='ocr_line' id='line_1_57' title="bbox 1998 2760 3581 2830; baseline 0.003 -16"><span class='ocrx_word' id='word_1_458' title='bbox 1998 2761 2046 2814; x_wconf 86' lang='lat' dir='ltr'><strong>ei</strong></span> <span class='ocrx_word' id='word_1_459' title='bbox 2074 2775 2258 2814; x_wconf 84' lang='lat' dir='ltr'><strong>omnes</strong></span> <span class='ocrx_word' id='word_1_460' title='bbox 2304 2760 2579 2815; x_wconf 83' lang='lat' dir='ltr'><strong>manerias</strong></span> <span class='ocrx_word' id='word_1_461' title='bbox 2620 2771 2813 2815; x_wconf 91' lang='lat' dir='ltr'><strong>cantus</strong></span> <span class='ocrx_word' id='word_1_462' title='bbox 2857 2777 2992 2830; x_wconf 90' lang='lat' dir='ltr'><strong>quas</strong></span> <span class='ocrx_word' id='word_1_463' title='bbox 3037 2763 3271 2817; x_wconf 89' lang='lat' dir='ltr'><strong>habebat</strong></span> <span class='ocrx_word' id='word_1_464' title='bbox 3317 2763 3371 2818; x_wconf 88' lang='lat' dir='ltr'><strong>in</strong></span> <span class='ocrx_word' id='word_1_465' title='bbox 3419 2766 3581 2820; x_wconf 89' lang='lat' dir='ltr'><strong>domo</strong></span> 
     </span>
    </p>
   </div>
   <div class='ocr_carea' id='block_1_58' title="bbox 1999 2848 3583 2922">
    <p class='ocr_par' dir='ltr' id='par_1_58' title="bbox 1999 2848 3583 2922">
     <span class='ocr_line' id='line_1_58' title="bbox 1999 2848 3583 2922; baseline 0.004 -18"><span class='ocrx_word' id='word_1_466' title='bbox 1999 2863 2117 2904; x_wconf 87' lang='lat' dir='ltr'><strong>sua.</strong></span> <span class='ocrx_word' id='word_1_467' title='bbox 2149 2848 2344 2903; x_wconf 86' lang='lat' dir='ltr'><strong>Finitis</strong></span> <span class='ocrx_word' id='word_1_468' title='bbox 2374 2858 2499 2904; x_wconf 85' lang='lat' dir='ltr'><strong>octo</strong></span> <span class='ocrx_word' id='word_1_469' title='bbox 2536 2849 2726 2904; x_wconf 91' lang='lat' dir='ltr'><strong>diebus</strong></span> <span class='ocrx_word' id='word_1_470' title='bbox 2758 2850 3061 2906; x_wconf 79' lang='lat' dir='ltr'><strong>inﬁrmatus</strong></span> <span class='ocrx_word' id='word_1_471' title='bbox 3091 2862 3169 2907; x_wconf 84' lang='lat' dir='ltr'><strong>est</strong></span> <span class='ocrx_word' id='word_1_472' title='bbox 3191 2893 3205 2917; x_wconf 94' lang='lat'><strong>,</strong></span> <span class='ocrx_word' id='word_1_473' title='bbox 3246 2854 3391 2922; x_wconf 88' lang='lat' dir='ltr'><strong>quod</strong></span> <span class='ocrx_word' id='word_1_474' title='bbox 3423 2855 3583 2910; x_wconf 81' lang='lat' dir='ltr'><strong>valde</strong></span> 
     </span>
    </p>
   </div>
   <div class='ocr_carea' id='block_1_59' title="bbox 1997 2940 3583 3010">
    <p class='ocr_par' dir='ltr' id='par_1_59' title="bbox 1997 2940 3583 3010">
     <span class='ocr_line' id='line_1_59' title="bbox 1997 2940 3583 3010; baseline 0.005 -16"><span class='ocrx_word' id='word_1_475' title='bbox 1997 2941 2234 3010; x_wconf 83' lang='lat' dir='ltr'><strong>graviter</strong></span> <span class='ocrx_word' id='word_1_476' title='bbox 2257 2940 2509 2996; x_wconf 85' lang='lat' dir='ltr'><strong>dominus</strong></span> <span class='ocrx_word' id='word_1_477' title='bbox 2530 2942 2596 2996; x_wconf 91' lang='lat' dir='ltr'><strong>de</strong></span> <span class='ocrx_word' id='word_1_478' title='bbox 2623 2943 2798 2996; x_wconf 90' lang='lat' dir='ltr'><strong>amico</strong></span> <span class='ocrx_word' id='word_1_479' title='bbox 2823 2958 2922 2998; x_wconf 92' lang='lat' dir='ltr'><strong>suo</strong></span> <span class='ocrx_word' id='word_1_480' title='bbox 2942 2941 3140 3003; x_wconf 90' lang='lat' dir='ltr'><strong>ferens.</strong></span> <span class='ocrx_word' id='word_1_481' title='bbox 3171 2945 3368 2998; x_wconf 88' lang='lat' dir='ltr'><strong>accivit</strong></span> <span class='ocrx_word' id='word_1_482' title='bbox 3390 2962 3583 3002; x_wconf 84' lang='lat' dir='ltr'><strong>munes</strong></span> 
     </span>
    </p>
   </div>
   <div class='ocr_carea' id='block_1_60' title="bbox 1999 3031 3578 3104">
    <p class='ocr_par' dir='ltr' id='par_1_60' title="bbox 1999 3031 3578 3104">
     <span class='ocr_line' id='line_1_60' title="bbox 1999 3031 3578 3104; baseline 0.006 -20"><span class='ocrx_word' id='word_1_483' title='bbox 1999 3032 2234 3087; x_wconf 82' lang='lat' dir='ltr'><strong>medicos</strong></span> <span class='ocrx_word' id='word_1_484' title='bbox 2256 3031 2601 3104; x_wconf 63' lang='lat' dir='ltr'><strong>Egyptiacos</strong></span> <span class='ocrx_word' id='word_1_485' title='bbox 2617 3043 2670 3087; x_wconf 90' lang='lat' dir='ltr'><strong>ut</strong></span> <span class='ocrx_word' id='word_1_486' title='bbox 2692 3035 2923 3089; x_wconf 89' lang='lat' dir='ltr'><strong>amicum</strong></span> <span class='ocrx_word' id='word_1_487' title='bbox 2939 3036 3204 3090; x_wconf 81' lang='lat' dir='ltr'><strong>viderent;</strong></span> <span class='ocrx_word' id='word_1_488' title='bbox 3222 3037 3411 3092; x_wconf 86' lang='lat' dir='ltr'><strong>Medici</strong></span> <span class='ocrx_word' id='word_1_489' title='bbox 3430 3054 3578 3099; x_wconf 82' lang='lat' dir='ltr'><strong>vero.</strong></span> 
     </span>
    </p>
   </div>
   <div class='ocr_carea' id='block_1_61' title="bbox 1995 3121 3552 3194">
    <p class='ocr_par' dir='ltr' id='par_1_61' title="bbox 1995 3121 3552 3194">
     <span class='ocr_line' id='line_1_61' title="bbox 1995 3121 3552 3194; baseline 0.006 -20"><span class='ocrx_word' id='word_1_490' title='bbox 1995 3121 2208 3192; x_wconf 90' lang='lat' dir='ltr'><strong>palpato</strong></span> <span class='ocrx_word' id='word_1_491' title='bbox 2235 3121 2393 3192; x_wconf 84' lang='lat' dir='ltr'><strong>pulsu</strong></span> <span class='ocrx_word' id='word_1_492' title='bbox 2427 3123 2621 3177; x_wconf 85' lang='lat' dir='ltr'><strong>iterum</strong></span> <span class='ocrx_word' id='word_1_493' title='bbox 2651 3132 2706 3178; x_wconf 93' lang='lat' dir='ltr'><strong>et</strong></span> <span class='ocrx_word' id='word_1_494' title='bbox 2737 3124 2930 3178; x_wconf 89' lang='lat' dir='ltr'><strong>iterum</strong></span> <span class='ocrx_word' id='word_1_495' title='bbox 2962 3135 3206 3194; x_wconf 87' lang='lat' dir='ltr'><strong>respecta</strong></span> <span class='ocrx_word' id='word_1_496' title='bbox 3240 3128 3394 3181; x_wconf 88' lang='lat' dir='ltr'><strong>urina</strong></span> <span class='ocrx_word' id='word_1_497' title='bbox 3414 3170 3428 3194; x_wconf 92' lang='lat'><strong>,</strong></span> <span class='ocrx_word' id='word_1_498' title='bbox 3462 3145 3552 3183; x_wconf 81' lang='lat' dir='ltr'><strong>nu.</strong></span> 
     </span>
    </p>
   </div>
   <div class='ocr_carea' id='block_1_62' title="bbox 1995 3213 3580 3290">
    <p class='ocr_par' dir='ltr' id='par_1_62' title="bbox 1995 3213 3580 3290">
     <span class='ocr_line' id='line_1_62' title="bbox 1995 3213 3580 3290; baseline 0.005 -24"><span class='ocrx_word' id='word_1_499' title='bbox 1995 3213 2100 3267; x_wconf 90' lang='lat' dir='ltr'><strong>lam</strong></span> <span class='ocrx_word' id='word_1_500' title='bbox 2147 3214 2199 3266; x_wconf 85' lang='lat' dir='ltr'><strong>in</strong></span> <span class='ocrx_word' id='word_1_501' title='bbox 2248 3228 2312 3268; x_wconf 90' lang='lat' dir='ltr'><strong>eo</strong></span> <span class='ocrx_word' id='word_1_502' title='bbox 2356 3223 2720 3283; x_wconf 87' lang='lat' dir='ltr'><strong>cognoverunt</strong></span> <span class='ocrx_word' id='word_1_503' title='bbox 2773 3215 3165 3281; x_wconf 83' lang='lat' dir='ltr'><strong>infirmitatem,</strong></span> <span class='ocrx_word' id='word_1_504' title='bbox 3216 3225 3271 3273; x_wconf 92' lang='lat' dir='ltr'><strong>et</strong></span> <span class='ocrx_word' id='word_1_505' title='bbox 3311 3221 3439 3289; x_wconf 90' lang='lat' dir='ltr'><strong>quia</strong></span> <span class='ocrx_word' id='word_1_506' title='bbox 3483 3236 3580 3290; x_wconf 80' lang='lat' dir='ltr'><strong>per</strong></span> 
     </span>
    </p>
   </div>
   <div class='ocr_carea' id='block_1_63' title="bbox 322 3269 1895 3384">
    <p class='ocr_par' dir='ltr' id='par_1_63' title="bbox 322 3269 1892 3384">
     <span class='ocr_line' id='line_1_63' title="bbox 323 3269 1888 3292; baseline 0.004 -7"><span class='ocrx_word' id='word_1_507' title='bbox 323 3269 482 3288; x_wconf 63' lang='lat' dir='ltr'><strong>P“&quot;&quot;&#39;</strong></span> <span class='ocrx_word' id='word_1_508' title='bbox 511 3269 691 3274; x_wconf 53' lang='grc' dir='ltr'><strong>---ν-η--</strong></span> <span class='ocrx_word' id='word_1_509' title='bbox 734 3269 802 3287; x_wconf 67' lang='grc' dir='ltr'><strong>-υγ</strong></span> <span class='ocrx_word' id='word_1_510' title='bbox 834 3269 920 3292; x_wconf 69' lang='grc' dir='ltr'><strong>-ι-ν-</strong></span> <span class='ocrx_word' id='word_1_511' title='bbox 945 3269 1207 3292; x_wconf 65' lang='grc' dir='ltr'><strong>δ-ν---ηνη</strong></span> <span class='ocrx_word' id='word_1_512' title='bbox 1229 3269 1412 3278; x_wconf 77' lang='grc' dir='ltr'><strong>-ννν---</strong></span> <span class='ocrx_word' id='word_1_513' title='bbox 1441 3269 1635 3278; x_wconf 68' lang='grc' dir='ltr'><strong>-ν-ν-νν</strong></span> <span class='ocrx_word' id='word_1_514' title='bbox 1662 3269 1806 3289; x_wconf 65' lang='grc' dir='ltr'><strong>ιη’-εἰ</strong></span> <span class='ocrx_word' id='word_1_515' title='bbox 1838 3269 1888 3279; x_wconf 70' lang='grc' dir='ltr'><strong>ν·-</strong></span> 
     </span>
     <span class='ocr_line' id='line_1_64' title="bbox 322 3312 1892 3384; baseline 0.005 -22"><span class='ocrx_word' id='word_1_516' title='bbox 322 3312 483 3364; x_wconf 74' lang='lat' dir='ltr'><strong>solam</strong></span> <span class='ocrx_word' id='word_1_517' title='bbox 512 3313 780 3384; x_wconf 88' lang='lat' dir='ltr'><strong>castigare</strong></span> <span class='ocrx_word' id='word_1_518' title='bbox 824 3330 927 3368; x_wconf 90' lang='lat' dir='ltr'><strong>non</strong></span> <span class='ocrx_word' id='word_1_519' title='bbox 966 3324 1139 3383; x_wconf 90' lang='lat' dir='ltr'><strong>potes.</strong></span> <span class='ocrx_word' id='word_1_520' title='bbox 1174 3314 1310 3382; x_wconf 51' lang='lat' dir='ltr'><strong>Filif,</strong></span> <span class='ocrx_word' id='word_1_521' title='bbox 1346 3330 1413 3368; x_wconf 91' lang='lat' dir='ltr'><strong>ne</strong></span> <span class='ocrx_word' id='word_1_522' title='bbox 1453 3315 1524 3370; x_wconf 90' lang='lat' dir='ltr'><strong>sit</strong></span> <span class='ocrx_word' id='word_1_523' title='bbox 1551 3318 1700 3370; x_wconf 89' lang='lat' dir='ltr'><strong>canis</strong></span> <span class='ocrx_word' id='word_1_524' title='bbox 1731 3318 1892 3371; x_wconf 84' lang='lat' dir='ltr'><strong>corde</strong></span> 
     </span>
    </p>
   </div>
   <div class='ocr_carea' id='block_1_64' title="bbox 1996 3269 3576 3384">
    <p class='ocr_par' dir='ltr' id='par_1_64' title="bbox 1996 3269 3576 3378">
     <span class='ocr_line' id='line_1_65' title="bbox 2424 3269 3570 3290; baseline 0.008 -7"><span class='ocrx_word' id='word_1_525' title='bbox 2424 3269 2453 3283; x_wconf 85' lang='grc' dir='ltr'><strong>υ</strong></span> <span class='ocrx_word' id='word_1_526' title='bbox 3223 3269 3269 3273; x_wconf 63' lang='grc' dir='ltr'><strong>π</strong></span> <span class='ocrx_word' id='word_1_527' title='bbox 3317 3269 3439 3289; x_wconf 52' lang='lat'><strong>1”&quot;</strong></span> <span class='ocrx_word' id='word_1_528' title='bbox 3483 3269 3570 3290; x_wconf 64' lang='grc' dir='ltr'><strong>ι’*⁷</strong></span> 
     </span>
     <span class='ocr_line' id='line_1_66' title="bbox 1996 3305 3576 3378; baseline 0.006 -21"><span class='ocrx_word' id='word_1_529' title='bbox 1996 3305 2133 3360; x_wconf 92' lang='lat' dir='ltr'><strong>hanc</strong></span> <span class='ocrx_word' id='word_1_530' title='bbox 2163 3306 2498 3376; x_wconf 90' lang='lat' dir='ltr'><strong>corporalem</strong></span> <span class='ocrx_word' id='word_1_531' title='bbox 2529 3318 2902 3376; x_wconf 88' lang='lat' dir='ltr'><strong>cognoverunt</strong></span> <span class='ocrx_word' id='word_1_532' title='bbox 2932 3309 3302 3365; x_wconf 82' lang='lat' dir='ltr'><strong>infirmitatem</strong></span> <span class='ocrx_word' id='word_1_533' title='bbox 3325 3354 3339 3378; x_wconf 90' lang='lat'><strong>,</strong></span> <span class='ocrx_word' id='word_1_534' title='bbox 3371 3314 3576 3367; x_wconf 89' lang='lat' dir='ltr'><strong>amoris</strong></span> 
     </span>
    </p>
   </div>
   <div class='ocr_carea' id='block_1_65' title="bbox 323 3390 1892 3473">
    <p class='ocr_par' dir='ltr' id='par_1_65' title="bbox 323 3390 1892 3473">
     <span class='ocr_line' id='line_1_67' title="bbox 323 3390 1892 3473; baseline 0.003 -19"><span class='ocrx_word' id='word_1_535' title='bbox 323 3390 545 3456; x_wconf 83' lang='lat' dir='ltr'><strong>nobilior</strong></span> <span class='ocrx_word' id='word_1_536' title='bbox 583 3413 667 3466; x_wconf 90' lang='lat' dir='ltr'><strong>te,</strong></span> <span class='ocrx_word' id='word_1_537' title='bbox 715 3405 805 3473; x_wconf 91' lang='lat' dir='ltr'><strong>qui</strong></span> <span class='ocrx_word' id='word_1_538' title='bbox 850 3404 1256 3459; x_wconf 88' lang='lat' dir='ltr'><strong>benefactorum</strong></span> <span class='ocrx_word' id='word_1_539' title='bbox 1293 3420 1510 3459; x_wconf 88' lang='lat' dir='ltr'><strong>suorum</strong></span> <span class='ocrx_word' id='word_1_540' title='bbox 1551 3422 1656 3461; x_wconf 89' lang='lat' dir='ltr'><strong>non</strong></span> <span class='ocrx_word' id='word_1_541' title='bbox 1702 3406 1892 3461; x_wconf 88' lang='lat' dir='ltr'><strong>oblivi-</strong></span> 
     </span>
    </p>
   </div>
   <div class='ocr_carea' id='block_1_66' title="bbox 321 3495 1886 3555">
    <p class='ocr_par' dir='ltr' id='par_1_66' title="bbox 321 3495 1886 3555">
     <span class='ocr_line' id='line_1_68' title="bbox 321 3495 1886 3555; baseline 0.004 -9"><span class='ocrx_word' id='word_1_542' title='bbox 321 3495 523 3550; x_wconf 69' lang='lat' dir='ltr'><strong>scitur:</strong></span> <span class='ocrx_word' id='word_1_543' title='bbox 562 3507 614 3550; x_wconf 93' lang='lat' dir='ltr'><strong>tu</strong></span> <span class='ocrx_word' id='word_1_544' title='bbox 650 3507 828 3552; x_wconf 89' lang='lat' dir='ltr'><strong>autem</strong></span> <span class='ocrx_word' id='word_1_545' title='bbox 856 3497 1256 3552; x_wconf 86' lang='lat' dir='ltr'><strong>benefactorum</strong></span> <span class='ocrx_word' id='word_1_546' title='bbox 1291 3508 1502 3552; x_wconf 88' lang='lat' dir='ltr'><strong>tuorttm</strong></span> <span class='ocrx_word' id='word_1_547' title='bbox 1534 3499 1886 3555; x_wconf 69' lang='lat' dir='ltr'><strong>Oblivisceris.</strong></span> 
     </span>
    </p>
   </div>
   <div class='ocr_carea' id='block_1_67' title="bbox 321 3583 1884 3660">
    <p class='ocr_par' dir='ltr' id='par_1_67' title="bbox 321 3583 1884 3660">
     <span class='ocr_line' id='line_1_69' title="bbox 321 3583 1884 3660; baseline 0.005 -23"><span class='ocrx_word' id='word_1_548' title='bbox 321 3583 433 3650; x_wconf 82' lang='lat' dir='ltr'><strong>Fili,</strong></span> <span class='ocrx_word' id='word_1_549' title='bbox 470 3605 536 3643; x_wconf 89' lang='lat' dir='ltr'><strong>ne</strong></span> <span class='ocrx_word' id='word_1_550' title='bbox 563 3589 808 3642; x_wconf 89' lang='lat' dir='ltr'><strong>videatur</strong></span> <span class='ocrx_word' id='word_1_551' title='bbox 837 3590 929 3642; x_wconf 87' lang='lat' dir='ltr'><strong>tibi</strong></span> <span class='ocrx_word' id='word_1_552' title='bbox 960 3605 1148 3660; x_wconf 87' lang='lat' dir='ltr'><strong>parum</strong></span> <span class='ocrx_word' id='word_1_553' title='bbox 1177 3605 1340 3644; x_wconf 91' lang='lat' dir='ltr'><strong>unum</strong></span> <span class='ocrx_word' id='word_1_554' title='bbox 1365 3591 1561 3646; x_wconf 85' lang='lat' dir='ltr'><strong>habere</strong></span> <span class='ocrx_word' id='word_1_555' title='bbox 1588 3593 1884 3660; x_wconf 88' lang='lat' dir='ltr'><strong>inimicum,</strong></span> 
     </span>
    </p>
   </div>
   <div class='ocr_carea' id='block_1_68' title="bbox 320 3681 1638 3748">
    <p class='ocr_par' dir='ltr' id='par_1_68' title="bbox 320 3681 1638 3748">
     <span class='ocr_line' id='line_1_70' title="bbox 320 3681 1638 3748; baseline 0.005 -16"><span class='ocrx_word' id='word_1_556' title='bbox 320 3681 397 3732; x_wconf 86' lang='lat' dir='ltr'><strong>vel</strong></span> <span class='ocrx_word' id='word_1_557' title='bbox 427 3681 654 3734; x_wconf 91' lang='lat' dir='ltr'><strong>nimium</strong></span> <span class='ocrx_word' id='word_1_558' title='bbox 687 3682 829 3736; x_wconf 91' lang='lat' dir='ltr'><strong>mille</strong></span> <span class='ocrx_word' id='word_1_559' title='bbox 871 3683 1070 3736; x_wconf 89' lang='lat' dir='ltr'><strong>habere</strong></span> <span class='ocrx_word' id='word_1_560' title='bbox 1099 3682 1332 3748; x_wconf 90' lang='lat' dir='ltr'><strong>amicos;</strong></span> <span class='ocrx_word' id='word_1_561' title='bbox 1371 3684 1491 3738; x_wconf 89' lang='lat' dir='ltr'><strong>dico</strong></span> <span class='ocrx_word' id='word_1_562' title='bbox 1522 3685 1638 3738; x_wconf 91' lang='lat' dir='ltr'><strong>tibi.</strong></span> 
     </span>
    </p>
   </div>
   <div class='ocr_carea' id='block_1_69' title="bbox 825 3771 1369 3827">
    <p class='ocr_par' dir='ltr' id='par_1_69' title="bbox 825 3771 1369 3827">
     <span class='ocr_line' id='line_1_71' title="bbox 825 3771 1369 3827; baseline 0 -1"><span class='ocrx_word' id='word_1_563' title='bbox 825 3771 1096 3827; x_wconf 75' lang='lat' dir='ltr'><strong>FABULA</strong></span> <span class='ocrx_word' id='word_1_564' title='bbox 1136 3771 1369 3826; x_wconf 75' lang='lat' dir='ltr'><strong>PRIMA.</strong></span> 
     </span>
    </p>
   </div>
   <div class='ocr_carea' id='block_1_70' title="bbox 383 3849 1883 3928">
    <p class='ocr_par' dir='ltr' id='par_1_70' title="bbox 383 3849 1883 3928">
     <span class='ocr_line' id='line_1_72' title="bbox 383 3849 1883 3928; baseline 0.001 -12"><span class='ocrx_word' id='word_1_565' title='bbox 383 3861 557 3917; x_wconf 78' lang='lat' dir='ltr'><strong>Arabs</strong></span> <span class='ocrx_word' id='word_1_566' title='bbox 586 3849 897 3926; x_wconf 78' lang='lat' dir='ltr'><strong>moriturus,</strong></span> <span class='ocrx_word' id='word_1_567' title='bbox 920 3871 1111 3917; x_wconf 84' lang='lat' dir='ltr'><strong>vocato</strong></span> <span class='ocrx_word' id='word_1_568' title='bbox 1140 3861 1246 3914; x_wconf 87' lang='lat' dir='ltr'><strong>lilio</strong></span> <span class='ocrx_word' id='word_1_569' title='bbox 1277 3862 1580 3925; x_wconf 84' lang='lat' dir='ltr'><strong>suo,dixit:</strong></span> <span class='ocrx_word' id='word_1_570' title='bbox 1616 3883 1630 3914; x_wconf 90' lang='grc' dir='ltr'><strong>ι</strong></span> <span class='ocrx_word' id='word_1_571' title='bbox 1656 3863 1883 3928; x_wconf 89' lang='lat' dir='ltr'><strong>Dic,tili,</strong></span> 
     </span>
    </p>
   </div>
   <div class='ocr_carea' id='block_1_71' title="bbox 318 3953 1884 4026">
    <p class='ocr_par' dir='ltr' id='par_1_71' title="bbox 318 3953 1884 4026">
     <span class='ocr_line' id='line_1_73' title="bbox 318 3953 1884 4026; baseline 0.003 -20"><span class='ocrx_word' id='word_1_572' title='bbox 318 3965 443 4024; x_wconf 86' lang='lat' dir='ltr'><strong>quot</strong></span> <span class='ocrx_word' id='word_1_573' title='bbox 465 3956 584 4020; x_wconf 91' lang='lat' dir='ltr'><strong>tibi,</strong></span> <span class='ocrx_word' id='word_1_574' title='bbox 606 3956 729 4009; x_wconf 90' lang='lat' dir='ltr'><strong>dum</strong></span> <span class='ocrx_word' id='word_1_575' title='bbox 758 3955 956 4018; x_wconf 80' lang='lat' dir='ltr'><strong>vixisti,</strong></span> <span class='ocrx_word' id='word_1_576' title='bbox 983 3953 1297 4023; x_wconf 84' lang='lat' dir='ltr'><strong>acquisieris</strong></span> <span class='ocrx_word' id='word_1_577' title='bbox 1325 3955 1566 4009; x_wconf 86' lang='lat' dir='ltr'><strong>amicos?</strong></span> <span class='ocrx_word' id='word_1_578' title='bbox 1595 3973 1611 4005; x_wconf 87' lang='grc' dir='ltr'><strong>ι</strong></span> <span class='ocrx_word' id='word_1_579' title='bbox 1640 3955 1884 4026; x_wconf 82' lang='lat' dir='ltr'><strong>Respon-</strong></span> 
     </span>
    </p>
   </div>
   <div class='ocr_carea' id='block_1_72' title="bbox 319 4046 1882 4118">
    <p class='ocr_par' dir='ltr' id='par_1_72' title="bbox 319 4046 1882 4118">
     <span class='ocr_line' id='line_1_74' title="bbox 319 4046 1882 4118; baseline -0.001 -16"><span class='ocrx_word' id='word_1_580' title='bbox 319 4050 444 4102; x_wconf 85' lang='lat' dir='ltr'><strong>dcns</strong></span> <span class='ocrx_word' id='word_1_581' title='bbox 494 4048 636 4102; x_wconf 83' lang='lat' dir='ltr'><strong>filius</strong></span> <span class='ocrx_word' id='word_1_582' title='bbox 685 4047 821 4102; x_wconf 82' lang='lat' dir='ltr'><strong>dixit</strong></span> <span class='ocrx_word' id='word_1_583' title='bbox 848 4065 860 4102; x_wconf 88' lang='lat'><strong>:</strong></span> <span class='ocrx_word' id='word_1_584' title='bbox 891 4068 908 4099; x_wconf 77' lang='grc' dir='ltr'><strong>ι</strong></span> <span class='ocrx_word' id='word_1_585' title='bbox 938 4046 1196 4110; x_wconf 88' lang='lat' dir='ltr'><strong>Centum,</strong></span> <span class='ocrx_word' id='word_1_586' title='bbox 1235 4055 1292 4100; x_wconf 93' lang='lat' dir='ltr'><strong>ut</strong></span> <span class='ocrx_word' id='word_1_587' title='bbox 1331 4046 1587 4113; x_wconf 87' lang='lat' dir='ltr'><strong>arbitror,</strong></span> <span class='ocrx_word' id='word_1_588' title='bbox 1621 4049 1882 4118; x_wconf 88' lang='lat' dir='ltr'><strong>acquisivi</strong></span> 
     </span>
    </p>
   </div>
   <div class='ocr_carea' id='block_1_73' title="bbox 318 4136 1884 4210">
    <p class='ocr_par' dir='ltr' id='par_1_73' title="bbox 318 4136 1884 4210">
     <span class='ocr_line' id='line_1_75' title="bbox 318 4136 1884 4210; baseline 0.001 -17"><span class='ocrx_word' id='word_1_589' title='bbox 318 4140 535 4194; x_wconf 91' lang='lat' dir='ltr'><strong>amicos.</strong></span> <span class='ocrx_word' id='word_1_590' title='bbox 568 4158 586 4190; x_wconf 76' lang='grc' dir='ltr'><strong>ι</strong></span> <span class='ocrx_word' id='word_1_591' title='bbox 617 4139 760 4194; x_wconf 86' lang='lat' dir='ltr'><strong>Dixit</strong></span> <span class='ocrx_word' id='word_1_592' title='bbox 795 4149 971 4210; x_wconf 88' lang='lat' dir='ltr'><strong>pater,</strong></span> <span class='ocrx_word' id='word_1_593' title='bbox 999 4156 1016 4190; x_wconf 84' lang='grc' dir='ltr'><strong>ι</strong></span> <span class='ocrx_word' id='word_1_594' title='bbox 1048 4138 1170 4208; x_wconf 83' lang='lat' dir='ltr'><strong>quia</strong></span> <span class='ocrx_word' id='word_1_595' title='bbox 1203 4136 1555 4207; x_wconf 91' lang='lat' dir='ltr'><strong>philosophus</strong></span> <span class='ocrx_word' id='word_1_596' title='bbox 1591 4137 1728 4192; x_wconf 89' lang='lat' dir='ltr'><strong>dixit</strong></span> <span class='ocrx_word' id='word_1_597' title='bbox 1757 4157 1770 4192; x_wconf 92' lang='lat'><strong>:</strong></span> <span class='ocrx_word' id='word_1_598' title='bbox 1809 4139 1884 4195; x_wconf 82' lang='lat' dir='ltr'><strong>Ne</strong></span> 
     </span>
    </p>
   </div>
   <div class='ocr_carea' id='block_1_74' title="bbox 318 4228 1881 4301">
    <p class='ocr_par' dir='ltr' id='par_1_74' title="bbox 318 4228 1881 4301">
     <span class='ocr_line' id='line_1_76' title="bbox 318 4228 1881 4301; baseline -0.001 -15"><span class='ocrx_word' id='word_1_599' title='bbox 318 4233 494 4287; x_wconf 63' lang='lat' dir='ltr'><strong>Laudes</strong></span> <span class='ocrx_word' id='word_1_600' title='bbox 525 4231 759 4286; x_wconf 89' lang='lat' dir='ltr'><strong>amicum</strong></span> <span class='ocrx_word' id='word_1_601' title='bbox 790 4231 959 4287; x_wconf 87' lang='lat' dir='ltr'><strong>donec</strong></span> <span class='ocrx_word' id='word_1_602' title='bbox 988 4231 1299 4301; x_wconf 85' lang='lat' dir='ltr'><strong>probaveris</strong></span> <span class='ocrx_word' id='word_1_603' title='bbox 1330 4245 1474 4284; x_wconf 90' lang='lat' dir='ltr'><strong>eum.</strong></span> <span class='ocrx_word' id='word_1_604' title='bbox 1509 4228 1623 4300; x_wconf 88' lang='lat' dir='ltr'><strong>Ego</strong></span> <span class='ocrx_word' id='word_1_605' title='bbox 1661 4231 1881 4299; x_wconf 79' lang='lat' dir='ltr'><strong>quidem</strong></span> 
     </span>
    </p>
   </div>
   <div class='ocr_carea' id='block_1_75' title="bbox 319 4322 1884 4394">
    <p class='ocr_par' dir='ltr' id='par_1_75' title="bbox 319 4322 1884 4394">
     <span class='ocr_line' id='line_1_77' title="bbox 319 4322 1884 4394; baseline -0.001 -16"><span class='ocrx_word' id='word_1_606' title='bbox 319 4325 458 4394; x_wconf 80' lang='lat' dir='ltr'><strong>prior</strong></span> <span class='ocrx_word' id='word_1_607' title='bbox 485 4334 644 4379; x_wconf 90' lang='lat' dir='ltr'><strong>natus</strong></span> <span class='ocrx_word' id='word_1_608' title='bbox 671 4340 812 4389; x_wconf 88' lang='lat' dir='ltr'><strong>sum,</strong></span> <span class='ocrx_word' id='word_1_609' title='bbox 837 4334 890 4378; x_wconf 86' lang='lat' dir='ltr'><strong>et</strong></span> <span class='ocrx_word' id='word_1_610' title='bbox 919 4325 1078 4379; x_wconf 91' lang='lat' dir='ltr'><strong>unius</strong></span> <span class='ocrx_word' id='word_1_611' title='bbox 1105 4325 1488 4379; x_wconf 89' lang='lat' dir='ltr'><strong>dimidietatem</strong></span> <span class='ocrx_word' id='word_1_612' title='bbox 1519 4322 1609 4376; x_wconf 90' lang='lat' dir='ltr'><strong>vix</strong></span> <span class='ocrx_word' id='word_1_613' title='bbox 1634 4323 1763 4376; x_wconf 90' lang='lat' dir='ltr'><strong>mihi</strong></span> <span class='ocrx_word' id='word_1_614' title='bbox 1793 4338 1884 4377; x_wconf 89' lang='lat' dir='ltr'><strong>ac-</strong></span> 
     </span>
    </p>
   </div>
   <div class='ocr_carea' id='block_1_76' title="bbox 317 4412 1883 4484">
    <p class='ocr_par' dir='ltr' id='par_1_76' title="bbox 317 4412 1883 4484">
     <span class='ocr_line' id='line_1_78' title="bbox 317 4412 1883 4484; baseline 0.001 -19"><span class='ocrx_word' id='word_1_615' title='bbox 317 4413 535 4484; x_wconf 84' lang='lat' dir='ltr'><strong>quisivi;</strong></span> <span class='ocrx_word' id='word_1_616' title='bbox 587 4423 637 4468; x_wconf 91' lang='lat' dir='ltr'><strong>tu</strong></span> <span class='ocrx_word' id='word_1_617' title='bbox 682 4430 810 4484; x_wconf 87' lang='lat' dir='ltr'><strong>ergo</strong></span> <span class='ocrx_word' id='word_1_618' title='bbox 856 4423 1071 4469; x_wconf 89' lang='lat' dir='ltr'><strong>centum</strong></span> <span class='ocrx_word' id='word_1_619' title='bbox 1117 4414 1388 4484; x_wconf 87' lang='lat' dir='ltr'><strong>quomodo</strong></span> <span class='ocrx_word' id='word_1_620' title='bbox 1429 4413 1524 4467; x_wconf 91' lang='lat' dir='ltr'><strong>tibi</strong></span> <span class='ocrx_word' id='word_1_621' title='bbox 1564 4412 1883 4482; x_wconf 87' lang='lat' dir='ltr'><strong>acquisisti?</strong></span> 
     </span>
    </p>
   </div>
   <div class='ocr_carea' id='block_1_77' title="bbox 318 4500 1882 4574">
    <p class='ocr_par' dir='ltr' id='par_1_77' title="bbox 318 4500 1882 4574">
     <span class='ocr_line' id='line_1_79' title="bbox 318 4500 1882 4574; baseline 0.003 -18"><span class='ocrx_word' id='word_1_622' title='bbox 318 4500 456 4558; x_wconf 66' lang='lat' dir='ltr'><strong>Vade</strong></span> <span class='ocrx_word' id='word_1_623' title='bbox 499 4503 664 4573; x_wconf 87' lang='lat' dir='ltr'><strong>igitur</strong></span> <span class='ocrx_word' id='word_1_624' title='bbox 710 4505 941 4574; x_wconf 86' lang='lat' dir='ltr'><strong>probare</strong></span> <span class='ocrx_word' id='word_1_625' title='bbox 987 4520 1204 4572; x_wconf 87' lang='lat' dir='ltr'><strong>onmes,</strong></span> <span class='ocrx_word' id='word_1_626' title='bbox 1251 4514 1308 4559; x_wconf 92' lang='lat' dir='ltr'><strong>ut</strong></span> <span class='ocrx_word' id='word_1_627' title='bbox 1342 4519 1640 4574; x_wconf 88' lang='lat' dir='ltr'><strong>cognoscas</strong></span> <span class='ocrx_word' id='word_1_628' title='bbox 1675 4505 1720 4558; x_wconf 92' lang='lat' dir='ltr'><strong>si</strong></span> <span class='ocrx_word' id='word_1_629' title='bbox 1761 4505 1882 4573; x_wconf 87' lang='lat' dir='ltr'><strong>quis</strong></span> 
     </span>
    </p>
   </div>
   <div class='ocr_carea' id='block_1_78' title="bbox 1993 3401 3576 3475">
    <p class='ocr_par' dir='ltr' id='par_1_78' title="bbox 1993 3401 3576 3475">
     <span class='ocr_line' id='line_1_80' title="bbox 1993 3401 3576 3475; baseline 0.004 -21"><span class='ocrx_word' id='word_1_630' title='bbox 1993 3401 2168 3456; x_wconf 87' lang='lat' dir='ltr'><strong>sciunt</strong></span> <span class='ocrx_word' id='word_1_631' title='bbox 2198 3417 2317 3457; x_wconf 88' lang='lat' dir='ltr'><strong>esse</strong></span> <span class='ocrx_word' id='word_1_632' title='bbox 2342 3404 2668 3472; x_wconf 88' lang='lat' dir='ltr'><strong>passionem.</strong></span> <span class='ocrx_word' id='word_1_633' title='bbox 2692 3402 2805 3459; x_wconf 82' lang='lat' dir='ltr'><strong>Hoc</strong></span> <span class='ocrx_word' id='word_1_634' title='bbox 2829 3405 3033 3475; x_wconf 90' lang='lat' dir='ltr'><strong>agnito,</strong></span> <span class='ocrx_word' id='word_1_635' title='bbox 3065 3406 3317 3461; x_wconf 87' lang='lat' dir='ltr'><strong>dominus</strong></span> <span class='ocrx_word' id='word_1_636' title='bbox 3332 3407 3475 3461; x_wconf 88' lang='lat' dir='ltr'><strong>venit</strong></span> <span class='ocrx_word' id='word_1_637' title='bbox 3507 3409 3576 3461; x_wconf 91' lang='lat' dir='ltr'><strong>ad</strong></span> 
     </span>
    </p>
   </div>
   <div class='ocr_carea' id='block_1_79' title="bbox 1991 3495 3574 3564">
    <p class='ocr_par' dir='ltr' id='par_1_79' title="bbox 1991 3495 3574 3564">
     <span class='ocr_line' id='line_1_81' title="bbox 1991 3495 3574 3564; baseline 0.005 -18"><span class='ocrx_word' id='word_1_638' title='bbox 1991 3507 2113 3547; x_wconf 86' lang='lat' dir='ltr'><strong>eum</strong></span> <span class='ocrx_word' id='word_1_639' title='bbox 2155 3504 2207 3548; x_wconf 92' lang='lat' dir='ltr'><strong>et</strong></span> <span class='ocrx_word' id='word_1_640' title='bbox 2250 3495 2501 3564; x_wconf 69' lang='lat' dir='ltr'><strong>qumsivit</strong></span> <span class='ocrx_word' id='word_1_641' title='bbox 2543 3496 2586 3549; x_wconf 95' lang='lat' dir='ltr'><strong>si</strong></span> <span class='ocrx_word' id='word_1_642' title='bbox 2633 3512 2736 3564; x_wconf 90' lang='lat' dir='ltr'><strong>qua</strong></span> <span class='ocrx_word' id='word_1_643' title='bbox 2783 3506 2932 3551; x_wconf 88' lang='lat' dir='ltr'><strong>esset</strong></span> <span class='ocrx_word' id='word_1_644' title='bbox 2969 3498 3165 3552; x_wconf 88' lang='lat' dir='ltr'><strong>mulier</strong></span> <span class='ocrx_word' id='word_1_645' title='bbox 3196 3498 3248 3552; x_wconf 94' lang='lat' dir='ltr'><strong>in</strong></span> <span class='ocrx_word' id='word_1_646' title='bbox 3277 3500 3437 3553; x_wconf 92' lang='lat' dir='ltr'><strong>domo</strong></span> <span class='ocrx_word' id='word_1_647' title='bbox 3475 3514 3574 3554; x_wconf 90' lang='lat' dir='ltr'><strong>sua</strong></span> 
     </span>
    </p>
   </div>
   <div class='ocr_carea' id='block_1_80' title="bbox 1991 3585 3572 3659">
    <p class='ocr_par' dir='ltr' id='par_1_80' title="bbox 1991 3585 3572 3659">
     <span class='ocr_line' id='line_1_82' title="bbox 1991 3585 3572 3659; baseline 0.004 -21"><span class='ocrx_word' id='word_1_648' title='bbox 1991 3601 2151 3654; x_wconf 89' lang='lat' dir='ltr'><strong>quam</strong></span> <span class='ocrx_word' id='word_1_649' title='bbox 2180 3585 2445 3656; x_wconf 88' lang='lat' dir='ltr'><strong>diligeret.</strong></span> <span class='ocrx_word' id='word_1_650' title='bbox 2480 3587 2557 3639; x_wconf 86' lang='lat' dir='ltr'><strong>Ad</strong></span> <span class='ocrx_word' id='word_1_651' title='bbox 2593 3589 2693 3642; x_wconf 92' lang='lat' dir='ltr'><strong>hoc</strong></span> <span class='ocrx_word' id='word_1_652' title='bbox 2719 3603 2855 3659; x_wconf 61' lang='lat' dir='ltr'><strong>aeger</strong></span> <span class='ocrx_word' id='word_1_653' title='bbox 2887 3608 2899 3642; x_wconf 91' lang='lat'><strong>:</strong></span> <span class='ocrx_word' id='word_1_654' title='bbox 2936 3586 3178 3644; x_wconf 89' lang='lat' dir='ltr'><strong>Ostende</strong></span> <span class='ocrx_word' id='word_1_655' title='bbox 3217 3590 3349 3644; x_wconf 91' lang='lat' dir='ltr'><strong>mihi</strong></span> <span class='ocrx_word' id='word_1_656' title='bbox 3381 3605 3572 3645; x_wconf 85' lang='lat' dir='ltr'><strong>omnes</strong></span> 
     </span>
    </p>
   </div>
   <div class='ocr_carea' id='block_1_81' title="bbox 1989 3678 3571 3745">
    <p class='ocr_par' dir='ltr' id='par_1_81' title="bbox 1989 3678 3571 3745">
     <span class='ocr_line' id='line_1_83' title="bbox 1989 3678 3571 3745; baseline 0.004 -15"><span class='ocrx_word' id='word_1_657' title='bbox 1989 3678 2181 3734; x_wconf 91' lang='lat' dir='ltr'><strong>domus</strong></span> <span class='ocrx_word' id='word_1_658' title='bbox 2219 3688 2322 3733; x_wconf 67' lang='lat' dir='ltr'><strong>tua:</strong></span> <span class='ocrx_word' id='word_1_659' title='bbox 2351 3679 2625 3745; x_wconf 84' lang='lat' dir='ltr'><strong>mulieres,</strong></span> <span class='ocrx_word' id='word_1_660' title='bbox 2657 3691 2712 3734; x_wconf 90' lang='lat' dir='ltr'><strong>et</strong></span> <span class='ocrx_word' id='word_1_661' title='bbox 2751 3681 2796 3736; x_wconf 90' lang='lat' dir='ltr'><strong>si</strong></span> <span class='ocrx_word' id='word_1_662' title='bbox 2839 3679 2980 3737; x_wconf 90' lang='lat' dir='ltr'><strong>forte</strong></span> <span class='ocrx_word' id='word_1_663' title='bbox 3012 3683 3154 3736; x_wconf 88' lang='lat' dir='ltr'><strong>inter</strong></span> <span class='ocrx_word' id='word_1_664' title='bbox 3194 3698 3287 3737; x_wconf 90' lang='lat' dir='ltr'><strong>eas</strong></span> <span class='ocrx_word' id='word_1_665' title='bbox 3314 3683 3452 3738; x_wconf 91' lang='lat' dir='ltr'><strong>hanc</strong></span> <span class='ocrx_word' id='word_1_666' title='bbox 3489 3684 3571 3737; x_wconf 81' lang='lat' dir='ltr'><strong>vi.</strong></span> 
     </span>
    </p>
   </div>
   <div class='ocr_carea' id='block_1_82' title="bbox 1988 3770 3573 3841">
    <p class='ocr_par' dir='ltr' id='par_1_82' title="bbox 1988 3770 3573 3841">
     <span class='ocr_line' id='line_1_84' title="bbox 1988 3770 3573 3841; baseline 0.005 -19"><span class='ocrx_word' id='word_1_667' title='bbox 1988 3770 2140 3836; x_wconf 89' lang='lat' dir='ltr'><strong>dero,</strong></span> <span class='ocrx_word' id='word_1_668' title='bbox 2179 3770 2274 3824; x_wconf 92' lang='lat' dir='ltr'><strong>tibi</strong></span> <span class='ocrx_word' id='word_1_669' title='bbox 2325 3771 2628 3826; x_wconf 81' lang='lat' dir='ltr'><strong>ostendam.</strong></span> <span class='ocrx_word' id='word_1_670' title='bbox 2679 3772 2797 3840; x_wconf 90' lang='lat' dir='ltr'><strong>Quo</strong></span> <span class='ocrx_word' id='word_1_671' title='bbox 2849 3775 3058 3841; x_wconf 90' lang='lat' dir='ltr'><strong>audito,</strong></span> <span class='ocrx_word' id='word_1_672' title='bbox 3091 3777 3328 3829; x_wconf 90' lang='lat' dir='ltr'><strong>ostendit</strong></span> <span class='ocrx_word' id='word_1_673' title='bbox 3370 3776 3418 3830; x_wconf 93' lang='lat' dir='ltr'><strong>ei</strong></span> <span class='ocrx_word' id='word_1_674' title='bbox 3449 3792 3573 3830; x_wconf 72' lang='lat' dir='ltr'><strong>can-</strong></span> 
     </span>
    </p>
   </div>
   <div class='ocr_carea' id='block_1_83' title="bbox 1991 3865 3570 3937">
    <p class='ocr_par' dir='ltr' id='par_1_83' title="bbox 1991 3865 3570 3937">
     <span class='ocr_line' id='line_1_85' title="bbox 1991 3865 3570 3937; baseline 0.007 -23"><span class='ocrx_word' id='word_1_675' title='bbox 1991 3865 2207 3918; x_wconf 88' lang='lat' dir='ltr'><strong>tatrices</strong></span> <span class='ocrx_word' id='word_1_676' title='bbox 2235 3872 2288 3918; x_wconf 87' lang='lat' dir='ltr'><strong>et</strong></span> <span class='ocrx_word' id='word_1_677' title='bbox 2314 3865 2634 3934; x_wconf 85' lang='lat' dir='ltr'><strong>pedisequas</strong></span> <span class='ocrx_word' id='word_1_678' title='bbox 2661 3878 2888 3935; x_wconf 86' lang='lat' dir='ltr'><strong>quarum</strong></span> <span class='ocrx_word' id='word_1_679' title='bbox 2936 3868 3080 3922; x_wconf 91' lang='lat' dir='ltr'><strong>nulla</strong></span> <span class='ocrx_word' id='word_1_680' title='bbox 3111 3870 3159 3923; x_wconf 91' lang='lat' dir='ltr'><strong>ei</strong></span> <span class='ocrx_word' id='word_1_681' title='bbox 3193 3869 3414 3937; x_wconf 89' lang='lat' dir='ltr'><strong>placuit.</strong></span> <span class='ocrx_word' id='word_1_682' title='bbox 3440 3868 3570 3925; x_wconf 78' lang='lat' dir='ltr'><strong>Post</strong></span> 
     </span>
    </p>
   </div>
   <div class='ocr_carea' id='block_1_84' title="bbox 1988 3955 3569 4028">
    <p class='ocr_par' dir='ltr' id='par_1_84' title="bbox 1988 3955 3569 4028">
     <span class='ocr_line' id='line_1_86' title="bbox 1988 3955 3569 4028; baseline 0.005 -21"><span class='ocrx_word' id='word_1_683' title='bbox 1988 3955 2120 4016; x_wconf 89' lang='lat' dir='ltr'><strong>hoe,</strong></span> <span class='ocrx_word' id='word_1_684' title='bbox 2171 3956 2408 4009; x_wconf 76' lang='lat' dir='ltr'><strong>ostendit</strong></span> <span class='ocrx_word' id='word_1_685' title='bbox 2463 3970 2653 4009; x_wconf 86' lang='lat' dir='ltr'><strong>omnes</strong></span> <span class='ocrx_word' id='word_1_686' title='bbox 2701 3956 2868 4021; x_wconf 83' lang='lat' dir='ltr'><strong>filias,</strong></span> <span class='ocrx_word' id='word_1_687' title='bbox 2923 3959 3022 4012; x_wconf 86' lang='lat' dir='ltr'><strong>bas</strong></span> <span class='ocrx_word' id='word_1_688' title='bbox 3072 3973 3285 4028; x_wconf 89' lang='lat' dir='ltr'><strong>quoque</strong></span> <span class='ocrx_word' id='word_1_689' title='bbox 3331 3960 3470 4013; x_wconf 88' lang='lat' dir='ltr'><strong>sicut</strong></span> <span class='ocrx_word' id='word_1_690' title='bbox 3513 3969 3569 4015; x_wconf 90' lang='lat' dir='ltr'><strong>et</strong></span> 
     </span>
    </p>
   </div>
   <div class='ocr_carea' id='block_1_85' title="bbox 1987 4047 3568 4118">
    <p class='ocr_par' dir='ltr' id='par_1_85' title="bbox 1987 4047 3568 4118">
     <span class='ocr_line' id='line_1_87' title="bbox 1987 4047 3568 4118; baseline 0.004 -19"><span class='ocrx_word' id='word_1_691' title='bbox 1987 4055 2208 4099; x_wconf 69' lang='lat' dir='ltr'><strong>cmteras</strong></span> <span class='ocrx_word' id='word_1_692' title='bbox 2251 4047 2470 4100; x_wconf 89' lang='lat' dir='ltr'><strong>omnino</strong></span> <span class='ocrx_word' id='word_1_693' title='bbox 2519 4047 2712 4115; x_wconf 89' lang='lat' dir='ltr'><strong>repulit</strong></span> <span class='ocrx_word' id='word_1_694' title='bbox 2769 4057 2933 4117; x_wconf 90' lang='lat' dir='ltr'><strong>atque</strong></span> <span class='ocrx_word' id='word_1_695' title='bbox 2984 4049 3273 4118; x_wconf 81' lang='lat' dir='ltr'><strong>negglexit.</strong></span> <span class='ocrx_word' id='word_1_696' title='bbox 3321 4051 3568 4106; x_wconf 84' lang='lat' dir='ltr'><strong>Habebat</strong></span> 
     </span>
    </p>
   </div>
   <div class='ocr_carea' id='block_1_86' title="bbox 1985 4138 3568 4208">
    <p class='ocr_par' dir='ltr' id='par_1_86' title="bbox 1985 4138 3568 4208">
     <span class='ocr_line' id='line_1_88' title="bbox 1985 4138 3568 4208; baseline 0.004 -19"><span class='ocrx_word' id='word_1_697' title='bbox 1985 4148 2164 4190; x_wconf 89' lang='lat' dir='ltr'><strong>autem</strong></span> <span class='ocrx_word' id='word_1_698' title='bbox 2195 4138 2444 4191; x_wconf 87' lang='lat' dir='ltr'><strong>dominus</strong></span> <span class='ocrx_word' id='word_1_699' title='bbox 2476 4139 2748 4208; x_wconf 89' lang='lat' dir='ltr'><strong>quandam</strong></span> <span class='ocrx_word' id='word_1_700' title='bbox 2796 4138 3029 4193; x_wconf 87' lang='lat' dir='ltr'><strong>nobilem</strong></span> <span class='ocrx_word' id='word_1_701' title='bbox 3056 4140 3284 4208; x_wconf 84' lang='lat' dir='ltr'><strong>puellam</strong></span> <span class='ocrx_word' id='word_1_702' title='bbox 3316 4141 3368 4193; x_wconf 92' lang='lat' dir='ltr'><strong>in</strong></span> <span class='ocrx_word' id='word_1_703' title='bbox 3407 4142 3568 4196; x_wconf 80' lang='lat' dir='ltr'><strong>domo</strong></span> 
     </span>
    </p>
   </div>
   <div class='ocr_carea' id='block_1_87' title="bbox 1985 4231 3565 4304">
    <p class='ocr_par' dir='ltr' id='par_1_87' title="bbox 1985 4231 3565 4304">
     <span class='ocr_line' id='line_1_89' title="bbox 1985 4231 3565 4304; baseline 0.003 -19"><span class='ocrx_word' id='word_1_704' title='bbox 1985 4246 2079 4285; x_wconf 86' lang='lat' dir='ltr'><strong>sua</strong></span> <span class='ocrx_word' id='word_1_705' title='bbox 2112 4246 2275 4301; x_wconf 88' lang='lat' dir='ltr'><strong>quam</strong></span> <span class='ocrx_word' id='word_1_706' title='bbox 2323 4231 2523 4298; x_wconf 86' lang='lat' dir='ltr'><strong>jamdiu</strong></span> <span class='ocrx_word' id='word_1_707' title='bbox 2576 4231 2904 4286; x_wconf 78' lang='lat' dir='ltr'><strong>educaverat</strong></span> <span class='ocrx_word' id='word_1_708' title='bbox 2944 4241 3003 4285; x_wconf 91' lang='lat' dir='ltr'><strong>ut</strong></span> <span class='ocrx_word' id='word_1_709' title='bbox 3040 4248 3158 4286; x_wconf 90' lang='lat' dir='ltr'><strong>eam</strong></span> <span class='ocrx_word' id='word_1_710' title='bbox 3203 4234 3472 4304; x_wconf 90' lang='lat' dir='ltr'><strong>acciperet</strong></span> <span class='ocrx_word' id='word_1_711' title='bbox 3510 4235 3565 4289; x_wconf 80' lang='lat' dir='ltr'><strong>in</strong></span> 
     </span>
    </p>
   </div>
   <div class='ocr_carea' id='block_1_88' title="bbox 1985 4320 3562 4394">
    <p class='ocr_par' dir='ltr' id='par_1_88' title="bbox 1985 4320 3562 4394">
     <span class='ocr_line' id='line_1_90' title="bbox 1985 4320 3562 4394; baseline 0.003 -20"><span class='ocrx_word' id='word_1_712' title='bbox 1985 4338 2230 4389; x_wconf 85' lang='lat' dir='ltr'><strong>uxorem,</strong></span> <span class='ocrx_word' id='word_1_713' title='bbox 2277 4337 2437 4391; x_wconf 88' lang='lat' dir='ltr'><strong>quam</strong></span> <span class='ocrx_word' id='word_1_714' title='bbox 2481 4331 2535 4376; x_wconf 87' lang='lat' dir='ltr'><strong>et</strong></span> <span class='ocrx_word' id='word_1_715' title='bbox 2579 4322 2814 4377; x_wconf 87' lang='lat' dir='ltr'><strong>ostendit</strong></span> <span class='ocrx_word' id='word_1_716' title='bbox 2842 4322 2911 4377; x_wconf 91' lang='lat' dir='ltr'><strong>ei.</strong></span> <span class='ocrx_word' id='word_1_717' title='bbox 2953 4320 3124 4393; x_wconf 68' lang='lat' dir='ltr'><strong>Aiger</strong></span> <span class='ocrx_word' id='word_1_718' title='bbox 3153 4338 3303 4388; x_wconf 90' lang='lat' dir='ltr'><strong>vero,</strong></span> <span class='ocrx_word' id='word_1_719' title='bbox 3344 4336 3562 4394; x_wconf 87' lang='lat' dir='ltr'><strong>aspecta</strong></span> 
     </span>
    </p>
   </div>
   <div class='ocr_carea' id='block_1_89' title="bbox 1983 4413 3564 4480">
    <p class='ocr_par' dir='ltr' id='par_1_89' title="bbox 1983 4413 3564 4480">
     <span class='ocr_line' id='line_1_91' title="bbox 1983 4413 3564 4480; baseline 0.003 -12"><span class='ocrx_word' id='word_1_720' title='bbox 1983 4415 2108 4480; x_wconf 79' lang='lat' dir='ltr'><strong>hac,</strong></span> <span class='ocrx_word' id='word_1_721' title='bbox 2137 4415 2248 4469; x_wconf 86' lang='lat' dir='ltr'><strong>ait:</strong></span> <span class='ocrx_word' id='word_1_722' title='bbox 2283 4414 2357 4467; x_wconf 89' lang='lat' dir='ltr'><strong>Ex</strong></span> <span class='ocrx_word' id='word_1_723' title='bbox 2384 4415 2484 4468; x_wconf 88' lang='lat' dir='ltr'><strong>hac</strong></span> <span class='ocrx_word' id='word_1_724' title='bbox 2515 4423 2595 4468; x_wconf 89' lang='lat' dir='ltr'><strong>est</strong></span> <span class='ocrx_word' id='word_1_725' title='bbox 2625 4414 2755 4467; x_wconf 92' lang='lat' dir='ltr'><strong>mihi</strong></span> <span class='ocrx_word' id='word_1_726' title='bbox 2789 4415 2944 4479; x_wconf 88' lang='lat' dir='ltr'><strong>mori,</strong></span> <span class='ocrx_word' id='word_1_727' title='bbox 2976 4425 3028 4468; x_wconf 86' lang='lat' dir='ltr'><strong>et</strong></span> <span class='ocrx_word' id='word_1_728' title='bbox 3059 4415 3112 4468; x_wconf 89' lang='lat' dir='ltr'><strong>in</strong></span> <span class='ocrx_word' id='word_1_729' title='bbox 3157 4413 3258 4468; x_wconf 90' lang='lat' dir='ltr'><strong>hac.</strong></span> <span class='ocrx_word' id='word_1_730' title='bbox 3290 4430 3405 4469; x_wconf 88' lang='lat' dir='ltr'><strong>mea</strong></span> <span class='ocrx_word' id='word_1_731' title='bbox 3433 4415 3564 4472; x_wconf 88' lang='lat' dir='ltr'><strong>vita.</strong></span> 
     </span>
    </p>
   </div>
   <div class='ocr_carea' id='block_1_90' title="bbox 1984 4503 3563 4575">
    <p class='ocr_par' dir='ltr' id='par_1_90' title="bbox 1984 4503 3563 4575">
     <span class='ocr_line' id='line_1_92' title="bbox 1984 4503 3563 4575; baseline 0.001 -18"><span class='ocrx_word' id='word_1_732' title='bbox 1984 4505 2100 4571; x_wconf 88' lang='lat' dir='ltr'><strong>Quo</strong></span> <span class='ocrx_word' id='word_1_733' title='bbox 2150 4504 2350 4566; x_wconf 92' lang='lat' dir='ltr'><strong>audito,</strong></span> <span class='ocrx_word' id='word_1_734' title='bbox 2385 4504 2530 4558; x_wconf 89' lang='lat' dir='ltr'><strong>dedit</strong></span> <span class='ocrx_word' id='word_1_735' title='bbox 2579 4503 2813 4575; x_wconf 86' lang='lat' dir='ltr'><strong>puellam</strong></span> <span class='ocrx_word' id='word_1_736' title='bbox 2864 4505 2916 4557; x_wconf 90' lang='lat' dir='ltr'><strong>in</strong></span> <span class='ocrx_word' id='word_1_737' title='bbox 2964 4521 3187 4559; x_wconf 82' lang='lat' dir='ltr'><strong>uxorein</strong></span> <span class='ocrx_word' id='word_1_738' title='bbox 3237 4520 3382 4575; x_wconf 66' lang='lat' dir='ltr'><strong>(egro</strong></span> <span class='ocrx_word' id='word_1_739' title='bbox 3437 4521 3563 4560; x_wconf 91' lang='lat' dir='ltr'><strong>cum</strong></span> 
     </span>
    </p>
   </div>
   <div class='ocr_carea' id='block_1_91' title="bbox 319 4594 3563 4673">
    <p class='ocr_par' dir='ltr' id='par_1_91' title="bbox 319 4594 3563 4673">
     <span class='ocr_line' id='line_1_93' title="bbox 319 4594 3563 4673; baseline 0.001 -25"><span class='ocrx_word' id='word_1_740' title='bbox 319 4594 591 4651; x_wconf 88' lang='lat' dir='ltr'><strong>hominum</strong></span> <span class='ocrx_word' id='word_1_741' title='bbox 638 4597 728 4652; x_wconf 92' lang='lat' dir='ltr'><strong>tibi</strong></span> <span class='ocrx_word' id='word_1_742' title='bbox 774 4597 1044 4668; x_wconf 83' lang='lat' dir='ltr'><strong>perfectus</strong></span> <span class='ocrx_word' id='word_1_743' title='bbox 1083 4600 1186 4653; x_wconf 92' lang='lat' dir='ltr'><strong>erit</strong></span> <span class='ocrx_word' id='word_1_744' title='bbox 1215 4599 1440 4654; x_wconf 90' lang='lat' dir='ltr'><strong>amicus.</strong></span> <span class='ocrx_word' id='word_1_745' title='bbox 1472 4618 1490 4650; x_wconf 83' lang='grc' dir='ltr'><strong>ι</strong></span> <span class='ocrx_word' id='word_1_746' title='bbox 1517 4598 1656 4652; x_wconf 77' lang='lat' dir='ltr'><strong>Dicit</strong></span> <span class='ocrx_word' id='word_1_747' title='bbox 1697 4597 1834 4652; x_wconf 84' lang='lat' dir='ltr'><strong>filius</strong></span> <span class='ocrx_word' id='word_1_748' title='bbox 1866 4617 1877 4651; x_wconf 94' lang='lat'><strong>:</strong></span> <span class='ocrx_word' id='word_1_749' title='bbox 1913 4615 1957 4673; x_wconf 80' lang='grc' dir='ltr'><strong>ῃ</strong></span> <span class='ocrx_word' id='word_1_750' title='bbox 1986 4597 2237 4651; x_wconf 80' lang='lat' dir='ltr'><strong>orutiibus</strong></span> <span class='ocrx_word' id='word_1_751' title='bbox 2268 4613 2388 4666; x_wconf 78' lang='lat' dir='ltr'><strong>quae</strong></span> <span class='ocrx_word' id='word_1_752' title='bbox 2431 4606 2549 4650; x_wconf 90' lang='lat' dir='ltr'><strong>erat</strong></span> <span class='ocrx_word' id='word_1_753' title='bbox 2592 4612 2713 4650; x_wconf 90' lang='lat' dir='ltr'><strong>cum</strong></span> <span class='ocrx_word' id='word_1_754' title='bbox 2746 4611 2807 4651; x_wconf 89' lang='lat' dir='ltr'><strong>ea</strong></span> <span class='ocrx_word' id='word_1_755' title='bbox 2835 4606 3176 4666; x_wconf 88' lang='lat' dir='ltr'><strong>accepturus,</strong></span> <span class='ocrx_word' id='word_1_756' title='bbox 3208 4605 3261 4649; x_wconf 89' lang='lat' dir='ltr'><strong>et</strong></span> <span class='ocrx_word' id='word_1_757' title='bbox 3303 4605 3563 4666; x_wconf 70' lang='lat' dir='ltr'><strong>prmterea</strong></span> 
     </span>
    </p>
   </div>
   <div class='ocr_carea' id='block_1_92' title="bbox 324 4687 1881 4760">
    <p class='ocr_par' dir='ltr' id='par_1_92' title="bbox 324 4687 1881 4760">
     <span class='ocr_line' id='line_1_94' title="bbox 324 4687 1881 4760; baseline 0.004 -24"><span class='ocrx_word' id='word_1_758' title='bbox 324 4706 340 4736; x_wconf 79' lang='grc' dir='ltr'><strong>ι</strong></span> <span class='ocrx_word' id='word_1_759' title='bbox 365 4687 641 4754; x_wconf 77' lang='lat' dir='ltr'><strong>Quomodo</strong></span> <span class='ocrx_word' id='word_1_760' title='bbox 664 4689 934 4744; x_wconf 89' lang='lat' dir='ltr'><strong>consulis?</strong></span> <span class='ocrx_word' id='word_1_761' title='bbox 961 4709 980 4740; x_wconf 79' lang='grc' dir='ltr'><strong>ι</strong></span> <span class='ocrx_word' id='word_1_762' title='bbox 1007 4690 1140 4744; x_wconf 91' lang='lat' dir='ltr'><strong>Dicit</strong></span> <span class='ocrx_word' id='word_1_763' title='bbox 1177 4699 1366 4760; x_wconf 90' lang='lat' dir='ltr'><strong>pater:</strong></span> <span class='ocrx_word' id='word_1_764' title='bbox 1397 4707 1416 4740; x_wconf 84' lang='grc' dir='ltr'><strong>ι</strong></span> <span class='ocrx_word' id='word_1_765' title='bbox 1450 4689 1683 4744; x_wconf 87' lang='lat' dir='ltr'><strong>Vitulum</strong></span> <span class='ocrx_word' id='word_1_766' title='bbox 1717 4691 1881 4744; x_wconf 85' lang='lat' dir='ltr'><strong>iuter-</strong></span> 
     </span>
    </p>
   </div>
   <div class='ocr_carea' id='block_1_93' title="bbox 319 4777 1876 4852">
    <p class='ocr_par' dir='ltr' id='par_1_93' title="bbox 319 4777 1876 4852">
     <span class='ocr_line' id='line_1_95' title="bbox 319 4777 1876 4852; baseline 0.003 -21"><span class='ocrx_word' id='word_1_767' title='bbox 319 4777 511 4835; x_wconf 86' lang='lat' dir='ltr'><strong>fectum</strong></span> <span class='ocrx_word' id='word_1_768' title='bbox 549 4791 606 4836; x_wconf 88' lang='lat' dir='ltr'><strong>et</strong></span> <span class='ocrx_word' id='word_1_769' title='bbox 645 4782 914 4836; x_wconf 87' lang='lat' dir='ltr'><strong>frustatim</strong></span> <span class='ocrx_word' id='word_1_770' title='bbox 944 4781 1336 4837; x_wconf 90' lang='lat' dir='ltr'><strong>comminutum</strong></span> <span class='ocrx_word' id='word_1_771' title='bbox 1379 4783 1431 4836; x_wconf 92' lang='lat' dir='ltr'><strong>in</strong></span> <span class='ocrx_word' id='word_1_772' title='bbox 1464 4796 1623 4837; x_wconf 88' lang='lat' dir='ltr'><strong>sacco</strong></span> <span class='ocrx_word' id='word_1_773' title='bbox 1657 4796 1876 4852; x_wconf 81' lang='lat' dir='ltr'><strong>repone,</strong></span> 
     </span>
    </p>
   </div>
   <div class='ocr_carea' id='block_1_94' title="bbox 323 4872 1879 4945">
    <p class='ocr_par' dir='ltr' id='par_1_94' title="bbox 323 4872 1879 4945">
     <span class='ocr_line' id='line_1_96' title="bbox 323 4872 1879 4945; baseline 0.001 -21"><span class='ocrx_word' id='word_1_774' title='bbox 323 4872 387 4926; x_wconf 91' lang='lat' dir='ltr'><strong>ita</strong></span> <span class='ocrx_word' id='word_1_775' title='bbox 417 4883 474 4928; x_wconf 90' lang='lat' dir='ltr'><strong>ut</strong></span> <span class='ocrx_word' id='word_1_776' title='bbox 491 4889 684 4928; x_wconf 88' lang='lat' dir='ltr'><strong>saccus</strong></span> <span class='ocrx_word' id='word_1_777' title='bbox 704 4873 1000 4930; x_wconf 87' lang='lat' dir='ltr'><strong>forinsecus</strong></span> <span class='ocrx_word' id='word_1_778' title='bbox 1024 4875 1284 4945; x_wconf 88' lang='lat' dir='ltr'><strong>sanguine</strong></span> <span class='ocrx_word' id='word_1_779' title='bbox 1312 4874 1543 4929; x_wconf 90' lang='lat' dir='ltr'><strong>infectus</strong></span> <span class='ocrx_word' id='word_1_780' title='bbox 1565 4874 1653 4935; x_wconf 88' lang='lat' dir='ltr'><strong>sit,</strong></span> <span class='ocrx_word' id='word_1_781' title='bbox 1683 4883 1736 4929; x_wconf 90' lang='lat' dir='ltr'><strong>ct</strong></span> <span class='ocrx_word' id='word_1_782' title='bbox 1758 4889 1879 4929; x_wconf 89' lang='lat' dir='ltr'><strong>cum</strong></span> 
     </span>
    </p>
   </div>
   <div class='ocr_carea' id='block_1_95' title="bbox 320 4965 1878 5032">
    <p class='ocr_par' dir='ltr' id='par_1_95' title="bbox 320 4965 1878 5032">
     <span class='ocr_line' id='line_1_97' title="bbox 320 4965 1878 5032; baseline -0.001 -14"><span class='ocrx_word' id='word_1_783' title='bbox 320 4965 380 5019; x_wconf 84' lang='lat' dir='ltr'><strong>ad</strong></span> <span class='ocrx_word' id='word_1_784' title='bbox 415 4966 647 5020; x_wconf 84' lang='lat' dir='ltr'><strong>amicum</strong></span> <span class='ocrx_word' id='word_1_785' title='bbox 690 4966 926 5032; x_wconf 84' lang='lat' dir='ltr'><strong>veneris,</strong></span> <span class='ocrx_word' id='word_1_786' title='bbox 969 4966 1056 5020; x_wconf 91' lang='lat' dir='ltr'><strong>dic</strong></span> <span class='ocrx_word' id='word_1_787' title='bbox 1084 4967 1133 5020; x_wconf 91' lang='lat' dir='ltr'><strong>ei</strong></span> <span class='ocrx_word' id='word_1_788' title='bbox 1162 4983 1176 5020; x_wconf 90' lang='lat'><strong>:</strong></span> <span class='ocrx_word' id='word_1_789' title='bbox 1221 4965 1501 5020; x_wconf 90' lang='lat' dir='ltr'><strong>Hominem</strong></span> <span class='ocrx_word' id='word_1_790' title='bbox 1525 5005 1539 5029; x_wconf 89' lang='lat'><strong>,</strong></span> <span class='ocrx_word' id='word_1_791' title='bbox 1580 4965 1748 5019; x_wconf 87' lang='lat' dir='ltr'><strong>chare</strong></span> <span class='ocrx_word' id='word_1_792' title='bbox 1777 4965 1878 5027; x_wconf 90' lang='lat' dir='ltr'><strong>mi,</strong></span> 
     </span>
    </p>
   </div>
   <div class='ocr_carea' id='block_1_96' title="bbox 320 5054 1880 5129">
    <p class='ocr_par' dir='ltr' id='par_1_96' title="bbox 320 5054 1880 5129">
     <span class='ocr_line' id='line_1_98' title="bbox 320 5054 1880 5129; baseline 0.001 -21"><span class='ocrx_word' id='word_1_793' title='bbox 320 5054 449 5112; x_wconf 90' lang='lat' dir='ltr'><strong>forte</strong></span> <span class='ocrx_word' id='word_1_794' title='bbox 494 5056 771 5117; x_wconf 88' lang='lat' dir='ltr'><strong>interfeci.</strong></span> <span class='ocrx_word' id='word_1_795' title='bbox 823 5073 952 5129; x_wconf 89' lang='lat' dir='ltr'><strong>rogo</strong></span> <span class='ocrx_word' id='word_1_796' title='bbox 1001 5067 1051 5112; x_wconf 86' lang='lat' dir='ltr'><strong>te</strong></span> <span class='ocrx_word' id='word_1_797' title='bbox 1097 5066 1154 5110; x_wconf 90' lang='lat' dir='ltr'><strong>ut</strong></span> <span class='ocrx_word' id='word_1_798' title='bbox 1201 5071 1323 5110; x_wconf 89' lang='lat' dir='ltr'><strong>cum</strong></span> <span class='ocrx_word' id='word_1_799' title='bbox 1374 5065 1584 5110; x_wconf 87' lang='lat' dir='ltr'><strong>secreto</strong></span> <span class='ocrx_word' id='word_1_800' title='bbox 1629 5056 1880 5127; x_wconf 91' lang='lat' dir='ltr'><strong>sepelias.</strong></span> 
     </span>
    </p>
   </div>
   <div class='ocr_carea' id='block_1_97' title="bbox 321 5149 1881 5220">
    <p class='ocr_par' dir='ltr' id='par_1_97' title="bbox 321 5149 1881 5220">
     <span class='ocr_line' id='line_1_99' title="bbox 321 5149 1881 5220; baseline 0.002 -20"><span class='ocrx_word' id='word_1_801' title='bbox 321 5163 469 5204; x_wconf 91' lang='lat' dir='ltr'><strong>nemo</strong></span> <span class='ocrx_word' id='word_1_802' title='bbox 491 5150 636 5205; x_wconf 91' lang='lat' dir='ltr'><strong>enim</strong></span> <span class='ocrx_word' id='word_1_803' title='bbox 664 5160 714 5204; x_wconf 90' lang='lat' dir='ltr'><strong>te</strong></span> <span class='ocrx_word' id='word_1_804' title='bbox 744 5159 1049 5220; x_wconf 82' lang='lat' dir='ltr'><strong>suspectum</strong></span> <span class='ocrx_word' id='word_1_805' title='bbox 1077 5150 1319 5215; x_wconf 89' lang='lat' dir='ltr'><strong>habebit,</strong></span> <span class='ocrx_word' id='word_1_806' title='bbox 1346 5150 1531 5218; x_wconf 85' lang='lat' dir='ltr'><strong>sicque</strong></span> <span class='ocrx_word' id='word_1_807' title='bbox 1559 5163 1642 5204; x_wconf 90' lang='lat' dir='ltr'><strong>me</strong></span> <span class='ocrx_word' id='word_1_808' title='bbox 1671 5149 1881 5203; x_wconf 88' lang='lat' dir='ltr'><strong>salvare</strong></span> 
     </span>
    </p>
   </div>
   <div class='ocr_carea' id='block_1_98' title="bbox 319 5241 1882 5313">
    <p class='ocr_par' dir='ltr' id='par_1_98' title="bbox 319 5241 1882 5313">
     <span class='ocr_line' id='line_1_100' title="bbox 319 5241 1882 5313; baseline 0 -17"><span class='ocrx_word' id='word_1_809' title='bbox 319 5243 531 5308; x_wconf 83' lang='lat' dir='ltr'><strong>poteris.</strong></span> <span class='ocrx_word' id='word_1_810' title='bbox 562 5263 581 5295; x_wconf 87' lang='grc' dir='ltr'><strong>ι</strong></span> <span class='ocrx_word' id='word_1_811' title='bbox 609 5241 778 5297; x_wconf 86' lang='lat' dir='ltr'><strong>Filius</strong></span> <span class='ocrx_word' id='word_1_812' title='bbox 806 5243 936 5298; x_wconf 83' lang='lat' dir='ltr'><strong>fecit</strong></span> <span class='ocrx_word' id='word_1_813' title='bbox 973 5243 1112 5298; x_wconf 88' lang='lat' dir='ltr'><strong>sicut</strong></span> <span class='ocrx_word' id='word_1_814' title='bbox 1153 5252 1307 5313; x_wconf 91' lang='lat' dir='ltr'><strong>pater</strong></span> <span class='ocrx_word' id='word_1_815' title='bbox 1335 5241 1639 5312; x_wconf 89' lang='lat' dir='ltr'><strong>imperavit.</strong></span> <span class='ocrx_word' id='word_1_816' title='bbox 1668 5241 1882 5296; x_wconf 78' lang='lat' dir='ltr'><strong>Primus</strong></span> 
     </span>
    </p>
   </div>
   <div class='ocr_carea' id='block_1_99' title="bbox 321 5333 1879 5404">
    <p class='ocr_par' dir='ltr' id='par_1_99' title="bbox 321 5333 1879 5404">
     <span class='ocr_line' id='line_1_101' title="bbox 321 5333 1879 5404; baseline 0.003 -20"><span class='ocrx_word' id='word_1_817' title='bbox 321 5335 519 5389; x_wconf 86' lang='lat' dir='ltr'><strong>amicus</strong></span> <span class='ocrx_word' id='word_1_818' title='bbox 549 5333 616 5388; x_wconf 87' lang='lat' dir='ltr'><strong>ad</strong></span> <span class='ocrx_word' id='word_1_819' title='bbox 645 5350 804 5404; x_wconf 87' lang='lat' dir='ltr'><strong>quem</strong></span> <span class='ocrx_word' id='word_1_820' title='bbox 827 5335 994 5399; x_wconf 86' lang='lat' dir='ltr'><strong>venit,</strong></span> <span class='ocrx_word' id='word_1_821' title='bbox 1024 5335 1195 5388; x_wconf 83' lang='lat' dir='ltr'><strong>dixit:</strong></span> <span class='ocrx_word' id='word_1_822' title='bbox 1228 5354 1245 5386; x_wconf 83' lang='grc' dir='ltr'><strong>ι</strong></span> <span class='ocrx_word' id='word_1_823' title='bbox 1277 5335 1378 5389; x_wconf 86' lang='lat' dir='ltr'><strong>Fer</strong></span> <span class='ocrx_word' id='word_1_824' title='bbox 1408 5345 1582 5390; x_wconf 89' lang='lat' dir='ltr'><strong>tecum</strong></span> <span class='ocrx_word' id='word_1_825' title='bbox 1610 5344 1879 5388; x_wconf 87' lang='lat' dir='ltr'><strong>mortuum</strong></span> 
     </span>
    </p>
   </div>
   <div class='ocr_carea' id='block_1_100' title="bbox 321 5427 1879 5497">
    <p class='ocr_par' dir='ltr' id='par_1_100' title="bbox 321 5427 1879 5497">
     <span class='ocr_line' id='line_1_102' title="bbox 321 5427 1879 5497; baseline 0.003 -20"><span class='ocrx_word' id='word_1_826' title='bbox 321 5438 476 5495; x_wconf 83' lang='lat' dir='ltr'><strong>super</strong></span> <span class='ocrx_word' id='word_1_827' title='bbox 503 5427 696 5482; x_wconf 89' lang='lat' dir='ltr'><strong>collum</strong></span> <span class='ocrx_word' id='word_1_828' title='bbox 729 5437 909 5494; x_wconf 87' lang='lat' dir='ltr'><strong>tuum;</strong></span> <span class='ocrx_word' id='word_1_829' title='bbox 943 5429 1084 5482; x_wconf 87' lang='lat' dir='ltr'><strong>sicut</strong></span> <span class='ocrx_word' id='word_1_830' title='bbox 1113 5427 1286 5482; x_wconf 89' lang='lat' dir='ltr'><strong>fecisti</strong></span> <span class='ocrx_word' id='word_1_831' title='bbox 1324 5427 1540 5492; x_wconf 90' lang='lat' dir='ltr'><strong>malum,</strong></span> <span class='ocrx_word' id='word_1_832' title='bbox 1573 5437 1761 5497; x_wconf 84' lang='lat' dir='ltr'><strong>patere</strong></span> <span class='ocrx_word' id='word_1_833' title='bbox 1790 5443 1879 5482; x_wconf 78' lang='lat' dir='ltr'><strong>sa-</strong></span> 
     </span>
    </p>
   </div>
   <div class='ocr_carea' id='block_1_101' title="bbox 323 5516 1879 5582">
    <p class='ocr_par' dir='ltr' id='par_1_101' title="bbox 323 5516 1879 5582">
     <span class='ocr_line' id='line_1_103' title="bbox 323 5516 1879 5582; baseline 0.003 -13"><span class='ocrx_word' id='word_1_834' title='bbox 323 5516 699 5582; x_wconf 82' lang='lat' dir='ltr'><strong>tisfactionem,</strong></span> <span class='ocrx_word' id='word_1_835' title='bbox 737 5520 788 5573; x_wconf 90' lang='lat' dir='ltr'><strong>in</strong></span> <span class='ocrx_word' id='word_1_836' title='bbox 823 5521 1037 5574; x_wconf 88' lang='lat' dir='ltr'><strong>domum</strong></span> <span class='ocrx_word' id='word_1_837' title='bbox 1063 5535 1237 5574; x_wconf 83' lang='lat' dir='ltr'><strong>meam</strong></span> <span class='ocrx_word' id='word_1_838' title='bbox 1261 5535 1364 5573; x_wconf 88' lang='lat' dir='ltr'><strong>non</strong></span> <span class='ocrx_word' id='word_1_839' title='bbox 1393 5519 1656 5574; x_wconf 91' lang='lat' dir='ltr'><strong>introibis.</strong></span> <span class='ocrx_word' id='word_1_840' title='bbox 1693 5536 1710 5569; x_wconf 73' lang='grc' dir='ltr'><strong>ι</strong></span> <span class='ocrx_word' id='word_1_841' title='bbox 1747 5517 1879 5573; x_wconf 90' lang='lat' dir='ltr'><strong>Cum</strong></span> 
     </span>
    </p>
   </div>
   <div class='ocr_carea' id='block_1_102' title="bbox 320 5611 1884 5682">
    <p class='ocr_par' dir='ltr' id='par_1_102' title="bbox 320 5611 1884 5682">
     <span class='ocr_line' id='line_1_104' title="bbox 320 5611 1884 5682; baseline 0.003 -20"><span class='ocrx_word' id='word_1_842' title='bbox 320 5617 492 5664; x_wconf 85' lang='lat' dir='ltr'><strong>autem</strong></span> <span class='ocrx_word' id='word_1_843' title='bbox 538 5626 634 5680; x_wconf 87' lang='lat' dir='ltr'><strong>per</strong></span> <span class='ocrx_word' id='word_1_844' title='bbox 675 5611 912 5682; x_wconf 83' lang='lat' dir='ltr'><strong>singulos</strong></span> <span class='ocrx_word' id='word_1_845' title='bbox 957 5612 1035 5666; x_wconf 89' lang='lat' dir='ltr'><strong>sic</strong></span> <span class='ocrx_word' id='word_1_846' title='bbox 1086 5611 1338 5674; x_wconf 85' lang='lat' dir='ltr'><strong>fecisset.</strong></span> <span class='ocrx_word' id='word_1_847' title='bbox 1390 5611 1576 5666; x_wconf 87' lang='lat' dir='ltr'><strong>eodem</strong></span> <span class='ocrx_word' id='word_1_848' title='bbox 1625 5626 1884 5679; x_wconf 90' lang='lat' dir='ltr'><strong>responso</strong></span> 
     </span>
    </p>
   </div>
   <div class='ocr_carea' id='block_1_103' title="bbox 321 5703 1884 5774">
    <p class='ocr_par' dir='ltr' id='par_1_103' title="bbox 321 5703 1884 5774">
     <span class='ocr_line' id='line_1_105' title="bbox 321 5703 1884 5774; baseline 0.001 -17"><span class='ocrx_word' id='word_1_849' title='bbox 321 5714 501 5758; x_wconf 89' lang='lat' dir='ltr'><strong>omnes</strong></span> <span class='ocrx_word' id='word_1_850' title='bbox 522 5704 931 5774; x_wconf 88' lang='lat' dir='ltr'><strong>responderunt.</strong></span> <span class='ocrx_word' id='word_1_851' title='bbox 955 5704 1037 5760; x_wconf 85' lang='lat' dir='ltr'><strong>Ad</strong></span> <span class='ocrx_word' id='word_1_852' title='bbox 1061 5713 1267 5774; x_wconf 89' lang='lat' dir='ltr'><strong>patrem</strong></span> <span class='ocrx_word' id='word_1_853' title='bbox 1295 5703 1529 5767; x_wconf 85' lang='lat' dir='ltr'><strong>rediens,</strong></span> <span class='ocrx_word' id='word_1_854' title='bbox 1552 5703 1884 5758; x_wconf 87' lang='lat' dir='ltr'><strong>renuntiavit</strong></span> 
     </span>
    </p>
   </div>
   <div class='ocr_carea' id='block_1_104' title="bbox 322 5793 1881 5865">
    <p class='ocr_par' dir='ltr' id='par_1_104' title="bbox 322 5793 1881 5865">
     <span class='ocr_line' id='line_1_106' title="bbox 322 5793 1881 5865; baseline 0.002 -20"><span class='ocrx_word' id='word_1_855' title='bbox 322 5807 432 5863; x_wconf 67' lang='lat' dir='ltr'><strong>quae</strong></span> <span class='ocrx_word' id='word_1_856' title='bbox 460 5796 683 5848; x_wconf 85' lang='lat' dir='ltr'><strong>fecerat.</strong></span> <span class='ocrx_word' id='word_1_857' title='bbox 720 5793 865 5849; x_wconf 89' lang='lat' dir='ltr'><strong>Dixit</strong></span> <span class='ocrx_word' id='word_1_858' title='bbox 895 5804 1046 5865; x_wconf 79' lang='lat' dir='ltr'><strong>pater</strong></span> <span class='ocrx_word' id='word_1_859' title='bbox 1074 5812 1087 5848; x_wconf 89' lang='lat'><strong>:</strong></span> <span class='ocrx_word' id='word_1_860' title='bbox 1119 5793 1352 5864; x_wconf 83' lang='lat' dir='ltr'><strong>Contigit</strong></span> <span class='ocrx_word' id='word_1_861' title='bbox 1379 5794 1474 5850; x_wconf 85' lang='lat' dir='ltr'><strong>tibi</strong></span> <span class='ocrx_word' id='word_1_862' title='bbox 1505 5803 1562 5848; x_wconf 90' lang='lat' dir='ltr'><strong>ut</strong></span> <span class='ocrx_word' id='word_1_863' title='bbox 1591 5793 1725 5847; x_wconf 84' lang='lat' dir='ltr'><strong>dixit</strong></span> <span class='ocrx_word' id='word_1_864' title='bbox 1761 5793 1881 5863; x_wconf 81' lang='lat' dir='ltr'><strong>phi-</strong></span> 
     </span>
    </p>
   </div>
   <div class='ocr_carea' id='block_1_105' title="bbox 387 5886 824 5954">
    <p class='ocr_par' dir='ltr' id='par_1_105' title="bbox 387 5886 824 5954">
     <span class='ocr_line' id='line_1_107' title="bbox 387 5886 824 5954; baseline -0.002 -14"><span class='ocrx_word' id='word_1_865' title='bbox 387 5887 492 5954; x_wconf 81' lang='grc'><strong>(18)</strong></span> <span class='ocrx_word' id='word_1_866' title='bbox 533 5886 824 5943; x_wconf 81' lang='lat' dir='ltr'><strong>Loekman.</strong></span> 
     </span>
    </p>
   </div>
   <div class='ocr_carea' id='block_1_106' title="bbox 1985 4688 3564 4758">
    <p class='ocr_par' dir='ltr' id='par_1_106' title="bbox 1985 4688 3564 4758">
     <span class='ocr_line' id='line_1_108' title="bbox 1985 4688 3564 4758; baseline -0.001 -15"><span class='ocrx_word' id='word_1_867' title='bbox 1985 4690 2201 4744; x_wconf 88' lang='lat' dir='ltr'><strong>deditei</strong></span> <span class='ocrx_word' id='word_1_868' title='bbox 2246 4705 2364 4758; x_wconf 77' lang='lat' dir='ltr'><strong>qua:</strong></span> <span class='ocrx_word' id='word_1_869' title='bbox 2402 4697 2518 4741; x_wconf 88' lang='lat' dir='ltr'><strong>erat</strong></span> <span class='ocrx_word' id='word_1_870' title='bbox 2548 4691 2774 4742; x_wconf 85' lang='lat' dir='ltr'><strong>daturus</strong></span> <span class='ocrx_word' id='word_1_871' title='bbox 2817 4689 3006 4756; x_wconf 77' lang='lat' dir='ltr'><strong>puella:</strong></span> <span class='ocrx_word' id='word_1_872' title='bbox 3051 4688 3094 4741; x_wconf 90' lang='lat' dir='ltr'><strong>si</strong></span> <span class='ocrx_word' id='word_1_873' title='bbox 3128 4703 3246 4741; x_wconf 88' lang='lat' dir='ltr'><strong>eam</strong></span> <span class='ocrx_word' id='word_1_874' title='bbox 3292 4689 3564 4757; x_wconf 73' lang='lat' dir='ltr'><strong>acciperet</strong></span> 
     </span>
    </p>
   </div>
   <div class='ocr_carea' id='block_1_107' title="bbox 1984 4777 3564 4846">
    <p class='ocr_par' dir='ltr' id='par_1_107' title="bbox 1984 4777 3564 4846">
     <span class='ocr_line' id='line_1_109' title="bbox 1984 4777 3564 4846; baseline 0 -16"><span class='ocrx_word' id='word_1_875' title='bbox 1984 4777 2035 4831; x_wconf 91' lang='lat' dir='ltr'><strong>in</strong></span> <span class='ocrx_word' id='word_1_876' title='bbox 2063 4793 2306 4833; x_wconf 86' lang='lat' dir='ltr'><strong>uxorem.</strong></span> <span class='ocrx_word' id='word_1_877' title='bbox 2341 4777 2436 4831; x_wconf 86' lang='lat' dir='ltr'><strong>llis</strong></span> <span class='ocrx_word' id='word_1_878' title='bbox 2459 4777 2764 4845; x_wconf 84' lang='lat' dir='ltr'><strong>completis,</strong></span> <span class='ocrx_word' id='word_1_879' title='bbox 2802 4787 3022 4846; x_wconf 82' lang='lat' dir='ltr'><strong>accepta</strong></span> <span class='ocrx_word' id='word_1_880' title='bbox 3057 4791 3222 4830; x_wconf 87' lang='lat' dir='ltr'><strong>uxore</strong></span> <span class='ocrx_word' id='word_1_881' title='bbox 3250 4786 3302 4830; x_wconf 90' lang='lat' dir='ltr'><strong>ct</strong></span> <span class='ocrx_word' id='word_1_882' title='bbox 3332 4777 3417 4831; x_wconf 91' lang='lat' dir='ltr'><strong>his</strong></span> <span class='ocrx_word' id='word_1_883' title='bbox 3444 4792 3564 4844; x_wconf 75' lang='lat' dir='ltr'><strong>qua:</strong></span> 
     </span>
    </p>
   </div>
   <div class='ocr_carea' id='block_1_108' title="bbox 1984 4869 3565 4940">
    <p class='ocr_par' dir='ltr' id='par_1_108' title="bbox 1984 4869 3565 4940">
     <span class='ocr_line' id='line_1_110' title="bbox 1984 4869 3565 4940; baseline 0.001 -17"><span class='ocrx_word' id='word_1_884' title='bbox 1984 4886 2105 4924; x_wconf 89' lang='lat' dir='ltr'><strong>cum</strong></span> <span class='ocrx_word' id='word_1_885' title='bbox 2149 4885 2318 4924; x_wconf 88' lang='lat' dir='ltr'><strong>uxore</strong></span> <span class='ocrx_word' id='word_1_886' title='bbox 2368 4879 2674 4938; x_wconf 86' lang='lat' dir='ltr'><strong>acceperat,</strong></span> <span class='ocrx_word' id='word_1_887' title='bbox 2706 4881 2758 4922; x_wconf 82' lang='lat' dir='ltr'><strong>et</strong></span> <span class='ocrx_word' id='word_1_888' title='bbox 2791 4870 3158 4940; x_wconf 86' lang='lat' dir='ltr'><strong>negotiatione</strong></span> <span class='ocrx_word' id='word_1_889' title='bbox 3197 4869 3363 4933; x_wconf 82' lang='lat' dir='ltr'><strong>facta,</strong></span> <span class='ocrx_word' id='word_1_890' title='bbox 3405 4871 3565 4924; x_wconf 88' lang='lat' dir='ltr'><strong>rediit</strong></span> 
     </span>
    </p>
   </div>
   <div class='ocr_carea' id='block_1_109' title="bbox 1984 4961 3562 5033">
    <p class='ocr_par' dir='ltr' id='par_1_109' title="bbox 1984 4961 3562 5033">
     <span class='ocr_line' id='line_1_111' title="bbox 1984 4961 3562 5033; baseline 0.001 -17"><span class='ocrx_word' id='word_1_891' title='bbox 1984 4963 2036 5016; x_wconf 93' lang='lat' dir='ltr'><strong>in</strong></span> <span class='ocrx_word' id='word_1_892' title='bbox 2084 4963 2335 5031; x_wconf 83' lang='lat' dir='ltr'><strong>patriam.</strong></span> <span class='ocrx_word' id='word_1_893' title='bbox 2372 4962 2611 5032; x_wconf 87' lang='lat' dir='ltr'><strong>Contigit</strong></span> <span class='ocrx_word' id='word_1_894' title='bbox 2667 4972 2844 5016; x_wconf 89' lang='lat' dir='ltr'><strong>autem</strong></span> <span class='ocrx_word' id='word_1_895' title='bbox 2895 4973 3013 5031; x_wconf 88' lang='lat' dir='ltr'><strong>post</strong></span> <span class='ocrx_word' id='word_1_896' title='bbox 3055 4963 3156 5018; x_wconf 91' lang='lat' dir='ltr'><strong>hoc</strong></span> <span class='ocrx_word' id='word_1_897' title='bbox 3202 4961 3562 5033; x_wconf 61' lang='lat' dir='ltr'><strong>Aigyptiacus</strong></span> 
     </span>
    </p>
   </div>
   <div class='ocr_carea' id='block_1_110' title="bbox 1983 5055 3565 5125">
    <p class='ocr_par' dir='ltr' id='par_1_110' title="bbox 1983 5055 3565 5125">
     <span class='ocr_line' id='line_1_112' title="bbox 1983 5055 3565 5125; baseline -0.001 -15"><span class='ocrx_word' id='word_1_898' title='bbox 1983 5055 2163 5110; x_wconf 91' lang='lat' dir='ltr'><strong>omnia</strong></span> <span class='ocrx_word' id='word_1_899' title='bbox 2209 5071 2305 5109; x_wconf 86' lang='lat' dir='ltr'><strong>sua</strong></span> <span class='ocrx_word' id='word_1_900' title='bbox 2339 5055 2521 5110; x_wconf 91' lang='lat' dir='ltr'><strong>multis</strong></span> <span class='ocrx_word' id='word_1_901' title='bbox 2553 5056 2726 5109; x_wconf 90' lang='lat' dir='ltr'><strong>modis</strong></span> <span class='ocrx_word' id='word_1_902' title='bbox 2771 5056 3070 5119; x_wconf 72' lang='lat' dir='ltr'><strong>amitteret,</strong></span> <span class='ocrx_word' id='word_1_903' title='bbox 3099 5065 3151 5110; x_wconf 89' lang='lat' dir='ltr'><strong>et</strong></span> <span class='ocrx_word' id='word_1_904' title='bbox 3188 5071 3394 5125; x_wconf 87' lang='lat' dir='ltr'><strong>pauper</strong></span> <span class='ocrx_word' id='word_1_905' title='bbox 3436 5055 3565 5110; x_wconf 87' lang='lat' dir='ltr'><strong>effe-</strong></span> 
     </span>
    </p>
   </div>
   <div class='ocr_carea' id='block_1_111' title="bbox 1982 5145 3558 5216">
    <p class='ocr_par' dir='ltr' id='par_1_111' title="bbox 1982 5145 3558 5216">
     <span class='ocr_line' id='line_1_113' title="bbox 1982 5145 3558 5216; baseline 0 -16"><span class='ocrx_word' id='word_1_906' title='bbox 1982 5157 2101 5200; x_wconf 91' lang='lat' dir='ltr'><strong>ctus</strong></span> <span class='ocrx_word' id='word_1_907' title='bbox 2131 5147 2387 5216; x_wconf 86' lang='lat' dir='ltr'><strong>cogitavit</strong></span> <span class='ocrx_word' id='word_1_908' title='bbox 2414 5146 2552 5216; x_wconf 88' lang='lat' dir='ltr'><strong>apud</strong></span> <span class='ocrx_word' id='word_1_909' title='bbox 2577 5161 2634 5198; x_wconf 91' lang='lat' dir='ltr'><strong>se</strong></span> <span class='ocrx_word' id='word_1_910' title='bbox 2667 5147 2808 5214; x_wconf 87' lang='lat' dir='ltr'><strong>quod</strong></span> <span class='ocrx_word' id='word_1_911' title='bbox 2837 5146 2937 5200; x_wconf 87' lang='lat' dir='ltr'><strong>iret</strong></span> <span class='ocrx_word' id='word_1_912' title='bbox 2965 5145 3198 5200; x_wconf 86' lang='lat' dir='ltr'><strong>Baldach</strong></span> <span class='ocrx_word' id='word_1_913' title='bbox 3228 5148 3293 5200; x_wconf 90' lang='lat' dir='ltr'><strong>ad</strong></span> <span class='ocrx_word' id='word_1_914' title='bbox 3321 5149 3558 5201; x_wconf 81' lang='lat' dir='ltr'><strong>anticum</strong></span> 
     </span>
    </p>
   </div>
   <div class='ocr_carea' id='block_1_112' title="bbox 1984 5237 3562 5307">
    <p class='ocr_par' dir='ltr' id='par_1_112' title="bbox 1984 5237 3562 5307">
     <span class='ocr_line' id='line_1_114' title="bbox 1984 5237 3562 5307; baseline -0.001 -15"><span class='ocrx_word' id='word_1_915' title='bbox 1984 5255 2138 5293; x_wconf 88' lang='lat' dir='ltr'><strong>suum</strong></span> <span class='ocrx_word' id='word_1_916' title='bbox 2191 5255 2350 5307; x_wconf 87' lang='lat' dir='ltr'><strong>quem</strong></span> <span class='ocrx_word' id='word_1_917' title='bbox 2386 5239 2454 5291; x_wconf 90' lang='lat' dir='ltr'><strong>ibi</strong></span> <span class='ocrx_word' id='word_1_918' title='bbox 2505 5237 2734 5292; x_wconf 84' lang='lat' dir='ltr'><strong>habebat</strong></span> <span class='ocrx_word' id='word_1_919' title='bbox 2784 5246 2841 5290; x_wconf 92' lang='lat' dir='ltr'><strong>ut</strong></span> <span class='ocrx_word' id='word_1_920' title='bbox 2897 5240 2976 5292; x_wconf 91' lang='lat' dir='ltr'><strong>sui</strong></span> <span class='ocrx_word' id='word_1_921' title='bbox 3027 5239 3400 5292; x_wconf 82' lang='lat' dir='ltr'><strong>misereretur.</strong></span> <span class='ocrx_word' id='word_1_922' title='bbox 3456 5239 3562 5291; x_wconf 82' lang='lat' dir='ltr'><strong>lter</strong></span> 
     </span>
    </p>
   </div>
   <div class='ocr_carea' id='block_1_113' title="bbox 1983 5329 3556 5400">
    <p class='ocr_par' dir='ltr' id='par_1_113' title="bbox 1983 5329 3556 5400">
     <span class='ocr_line' id='line_1_115' title="bbox 1983 5329 3556 5400; baseline -0.001 -16"><span class='ocrx_word' id='word_1_923' title='bbox 1983 5346 2111 5400; x_wconf 85' lang='lat' dir='ltr'><strong>ergo</strong></span> <span class='ocrx_word' id='word_1_924' title='bbox 2159 5330 2334 5383; x_wconf 87' lang='lat' dir='ltr'><strong>nudus</strong></span> <span class='ocrx_word' id='word_1_925' title='bbox 2379 5339 2431 5383; x_wconf 89' lang='lat' dir='ltr'><strong>et</strong></span> <span class='ocrx_word' id='word_1_926' title='bbox 2479 5329 2726 5384; x_wconf 85' lang='lat' dir='ltr'><strong>famelius</strong></span> <span class='ocrx_word' id='word_1_927' title='bbox 2794 5330 3061 5398; x_wconf 86' lang='lat' dir='ltr'><strong>arripuit,</strong></span> <span class='ocrx_word' id='word_1_928' title='bbox 3111 5339 3272 5398; x_wconf 86' lang='lat' dir='ltr'><strong>atquc</strong></span> <span class='ocrx_word' id='word_1_929' title='bbox 3322 5329 3556 5382; x_wconf 77' lang='lat' dir='ltr'><strong>Baldat-lt</strong></span> 
     </span>
    </p>
   </div>
   <div class='ocr_carea' id='block_1_114' title="bbox 1985 5422 3554 5496">
    <p class='ocr_par' dir='ltr' id='par_1_114' title="bbox 1985 5422 3554 5496">
     <span class='ocr_line' id='line_1_116' title="bbox 1985 5422 3554 5496; baseline -0.003 -18"><span class='ocrx_word' id='word_1_930' title='bbox 1985 5426 2306 5496; x_wconf 84' lang='lat' dir='ltr'><strong>intempeste</strong></span> <span class='ocrx_word' id='word_1_931' title='bbox 2342 5424 2518 5478; x_wconf 88' lang='lat' dir='ltr'><strong>noctis</strong></span> <span class='ocrx_word' id='word_1_932' title='bbox 2552 5424 2767 5478; x_wconf 85' lang='lat' dir='ltr'><strong>silentio</strong></span> <span class='ocrx_word' id='word_1_933' title='bbox 2789 5425 3054 5492; x_wconf 72' lang='lat' dir='ltr'><strong>pervertit,</strong></span> <span class='ocrx_word' id='word_1_934' title='bbox 3096 5425 3266 5490; x_wconf 87' lang='lat' dir='ltr'><strong>pudor</strong></span> <span class='ocrx_word' id='word_1_935' title='bbox 3295 5432 3472 5475; x_wconf 79' lang='lat' dir='ltr'><strong>autem</strong></span> <span class='ocrx_word' id='word_1_936' title='bbox 3507 5422 3554 5474; x_wconf 84' lang='lat' dir='ltr'><strong>ei</strong></span> 
     </span>
    </p>
   </div>
   <div class='ocr_carea' id='block_1_115' title="bbox 1984 5511 3560 5580">
    <p class='ocr_par' dir='ltr' id='par_1_115' title="bbox 1984 5511 3560 5580">
     <span class='ocr_line' id='line_1_117' title="bbox 1984 5511 3560 5580; baseline -0.006 -8"><span class='ocrx_word' id='word_1_937' title='bbox 1984 5517 2230 5572; x_wconf 86' lang='lat' dir='ltr'><strong>obstabat</strong></span> <span class='ocrx_word' id='word_1_938' title='bbox 2260 5532 2326 5571; x_wconf 91' lang='lat' dir='ltr'><strong>ne</strong></span> <span class='ocrx_word' id='word_1_939' title='bbox 2353 5517 2570 5570; x_wconf 89' lang='lat' dir='ltr'><strong>domum</strong></span> <span class='ocrx_word' id='word_1_940' title='bbox 2602 5516 2759 5570; x_wconf 90' lang='lat' dir='ltr'><strong>amici</strong></span> <span class='ocrx_word' id='word_1_941' title='bbox 2810 5515 3000 5574; x_wconf 88' lang='lat' dir='ltr'><strong>adiret.</strong></span> <span class='ocrx_word' id='word_1_942' title='bbox 3035 5530 3099 5567; x_wconf 90' lang='lat' dir='ltr'><strong>ne</strong></span> <span class='ocrx_word' id='word_1_943' title='bbox 3133 5513 3272 5566; x_wconf 89' lang='lat' dir='ltr'><strong>forte</strong></span> <span class='ocrx_word' id='word_1_944' title='bbox 3319 5511 3560 5580; x_wconf 87' lang='lat' dir='ltr'><strong>incogni-</strong></span> 
     </span>
    </p>
   </div>
   <div class='ocr_carea' id='block_1_116' title="bbox 1985 5603 3556 5680">
    <p class='ocr_par' dir='ltr' id='par_1_116' title="bbox 1985 5603 3556 5680">
     <span class='ocr_line' id='line_1_118' title="bbox 1985 5603 3556 5680; baseline -0.005 -15"><span class='ocrx_word' id='word_1_945' title='bbox 1985 5620 2072 5665; x_wconf 86' lang='lat' dir='ltr'><strong>tus</strong></span> <span class='ocrx_word' id='word_1_946' title='bbox 2106 5611 2197 5665; x_wconf 90' lang='lat' dir='ltr'><strong>tali</strong></span> <span class='ocrx_word' id='word_1_947' title='bbox 2252 5625 2494 5679; x_wconf 85' lang='lat' dir='ltr'><strong>tempore</strong></span> <span class='ocrx_word' id='word_1_948' title='bbox 2521 5609 2906 5680; x_wconf 78' lang='lat' dir='ltr'><strong>expelleretur,</strong></span> <span class='ocrx_word' id='word_1_949' title='bbox 2943 5605 3197 5674; x_wconf 90' lang='lat' dir='ltr'><strong>templum</strong></span> <span class='ocrx_word' id='word_1_950' title='bbox 3230 5617 3356 5656; x_wconf 86' lang='lat' dir='ltr'><strong>vero</strong></span> <span class='ocrx_word' id='word_1_951' title='bbox 3385 5603 3556 5672; x_wconf 79' lang='lat' dir='ltr'><strong>quod~</strong></span> 
     </span>
    </p>
   </div>
   <div class='ocr_carea' id='block_1_117' title="bbox 1983 5693 3556 5771">
    <p class='ocr_par' dir='ltr' id='par_1_117' title="bbox 1983 5693 3556 5771">
     <span class='ocr_line' id='line_1_119' title="bbox 1983 5693 3556 5771; baseline -0.008 -10"><span class='ocrx_word' id='word_1_952' title='bbox 1983 5707 2106 5762; x_wconf 87' lang='lat' dir='ltr'><strong>dam</strong></span> <span class='ocrx_word' id='word_1_953' title='bbox 2159 5704 2380 5758; x_wconf 85' lang='lat' dir='ltr'><strong>intravit</strong></span> <span class='ocrx_word' id='word_1_954' title='bbox 2419 5713 2474 5756; x_wconf 89' lang='lat' dir='ltr'><strong>ut</strong></span> <span class='ocrx_word' id='word_1_955' title='bbox 2501 5704 2698 5760; x_wconf 88' lang='lat' dir='ltr'><strong>ibidem</strong></span> <span class='ocrx_word' id='word_1_956' title='bbox 2737 5707 3101 5771; x_wconf 88' lang='lat' dir='ltr'><strong>pernoctaret.</strong></span> <span class='ocrx_word' id='word_1_957' title='bbox 3154 5694 3286 5759; x_wconf 90' lang='lat' dir='ltr'><strong>Sed,</strong></span> <span class='ocrx_word' id='word_1_958' title='bbox 3317 5708 3438 5748; x_wconf 90' lang='lat' dir='ltr'><strong>cum</strong></span> <span class='ocrx_word' id='word_1_959' title='bbox 3481 5693 3556 5748; x_wconf 75' lang='lat' dir='ltr'><strong>ibi</strong></span> 
     </span>
    </p>
   </div>
   <div class='ocr_carea' id='block_1_118' title="bbox 1984 5786 3558 5856">
    <p class='ocr_par' dir='ltr' id='par_1_118' title="bbox 1984 5786 3558 5856">
     <span class='ocr_line' id='line_1_120' title="bbox 1984 5786 3558 5856; baseline -0.007 -3"><span class='ocrx_word' id='word_1_960' title='bbox 1984 5800 2173 5854; x_wconf 84' lang='lat' dir='ltr'><strong>anxius</strong></span> <span class='ocrx_word' id='word_1_961' title='bbox 2206 5797 2368 5851; x_wconf 85' lang='lat' dir='ltr'><strong>multa</strong></span> <span class='ocrx_word' id='word_1_962' title='bbox 2391 5797 2476 5851; x_wconf 89' lang='lat' dir='ltr'><strong>diu</strong></span> <span class='ocrx_word' id='word_1_963' title='bbox 2507 5812 2686 5853; x_wconf 86' lang='lat' dir='ltr'><strong>secum</strong></span> <span class='ocrx_word' id='word_1_964' title='bbox 2711 5794 2969 5856; x_wconf 74' lang='lat' dir='ltr'><strong>volveret,</strong></span> <span class='ocrx_word' id='word_1_965' title='bbox 2993 5798 3282 5846; x_wconf 90' lang='lat' dir='ltr'><strong>occurrunt</strong></span> <span class='ocrx_word' id='word_1_966' title='bbox 3315 5787 3416 5844; x_wconf 80' lang='lat' dir='ltr'><strong>sibi</strong></span> <span class='ocrx_word' id='word_1_967' title='bbox 3449 5786 3558 5843; x_wconf 86' lang='lat' dir='ltr'><strong>duo</strong></span> 
     </span>
    </p>
   </div>
  </div>
