4142 6360
527 371 593 426 75
1405 379 1608 436 ΡΕτῑιι
1645 381 1981 437 ΑνΡιιοΝςι
2025 383 2051 436 ΙΞ

2153 383 2398 440 101)Εο
2436 384 2823 441 (ἷΙΙΙὶὶδΤΙᾹΝΙ

3644 391 3745 446 676

491 487 592 540 viri
624 501 790 558 prope
825 487 1080 560 templum
1119 490 1170 544 in
1201 489 1440 550 civitate.
1473 510 1704 563 quorum
1737 510 1876 550 unus
1898 495 2060 550 alium
2092 499 2134 555 Α
2163 507 2246 552 εει
2285 508 2342 552 ut
2383 499 2484 552 sibi
2530 500 2804 562 consulas,
2859 499 2984 554 licet
3045 511 3249 556 rectum
3307 511 3364 556 ut
3415 503 3753 560 inconsultus

490 580 778 646 interfecit,
809 581 1058 652 clamque
1109 583 1336 654 aufugit.
1370 583 1520 638 Multi
1577 585 1740 656 igitur
1774 587 1922 642 cives
1961 603 2057 657 pro

488 672 712 733 strepitu
775 672 1164 741 decurrentes,
1233 674 1578 730 interfectum
1641 679 1953 748 repperiunt
2007 693 2062 733 ει

487 777 790 836 quaerentes
827 769 1076 838 quisnam
1134 770 1482 826 homicidium
1540 783 1925 843 perpetrasset,
1979 775 2059 827 iit-

487 869 767 913 travernnt
797 861 1052 930 templum
1104 873 1384 931 sperantes
1411 863 1738 918 homicidam
1799 867 2054 935 reperire.

483 950 793 1021 Egyptimn
841 969 972 1008 vero
999 965 1356 1024 reppererunt
1389 955 1482 1020 ibi,
1530 965 1582 1010 et
1615 958 1954 1012 sciscitantes
1991 959 2058 1012 ab

481 1060 548 1098 eo
573 1047 824 1114 quisnam
875 1047 1050 1099 virum
1097 1046 1478 1111 interfecisset,
1515 1050 1800 1103 audierunt
1847 1051 1914 1103 ab
1943 1051 2061 1118 ipso

481 1139 605 1206 quia
649 1152 749 1208 ego
793 1138 1042 1192 interfeci
1088 1153 1236 1202 eum,
1291 1150 1660 1208 paupertatem
1715 1142 1855 1196 enim
1907 1158 2058 1196 suam

483 1237 660 1280 morte
691 1227 880 1280 saltem
915 1228 1072 1280 linire
1115 1229 1365 1296 cupiebat
1395 1243 1409 1281 :
1438 1234 1638 1298 Captus
1667 1231 1848 1300 itaque
1876 1232 2058 1286 incar—

479 1329 695 1373 ceralns
731 1328 834 1375 est.
867 1319 1018 1373 Mane
1045 1331 1223 1373 autem
1255 1321 1396 1374 facto
1426 1323 1739 1390 producitur
1768 1332 1891 1376 ante
1914 1320 2060 1390 judi-

479 1427 604 1474 ees,
634 1421 690 1465 et
743 1421 916 1465 morte
965 1411 1386 1479 condempnatus
1433 1413 1646 1467 ducitur
1699 1415 1764 1468 ad
1818 1429 2054 1468 crucem.

480 1503 630 1558 Multi
676 1519 805 1573 ergo
837 1505 902 1557 de
953 1519 1100 1556 more
1145 1513 1461 1567 occurrunt,
1495 1521 1723 1573 quorum
1773 1522 1912 1560 unus
1961 1506 2062 1560 fuit

480 1597 687 1650 amicus
711 1595 830 1663 ejus
859 1595 1014 1663 cujus
1054 1608 1215 1646 causa
1248 1595 1458 1648 adierat
1496 1595 1750 1650 Baldacli.
1799 1595 1898 1650 llic
1927 1613 2058 1652 acu-

481 1689 586 1740 tius
613 1703 736 1742 eutn
765 1687 980 1741 intuens
1008 1685 1366 1755 deprehendit
1394 1702 1513 1741 esse
1558 1688 1788 1741 amicum
1822 1704 1980 1758 quem
2005 1690 2060 1743 in

477 1777 716 1848 IEgypto
761 1779 1084 1845 reliquerat;
1141 1779 1500 1834 reminiscens
1555 1780 1738 1848 itaque
1790 1781 2054 1834 honorum

475 1887 594 1939 qua:
621 1871 722 1924 sibi
753 1872 804 1924 in
834 1870 1066 1941 {Egypto
1091 1871 1316 1934 fecerat,
1349 1873 1592 1940 cogitans
1616 1873 1739 1941 quia
1767 1883 1888 1942 post
1916 1888 2060 1926 mor-
2091 1858 2132 1915 Β

477 1975 586 2017 ιειιι
642 1962 941 2018 retribuere
978 1964 1052 2016 illi
1105 1979 1212 2016 non
1265 1973 1499 2032 poterat,
1541 1975 1769 2017 mortem
1823 1980 1920 2032 pro
1970 1965 2058 2018 illo

475 2070 532 2109 se
555 2055 738 2108 subire
767 2053 1027 2118 decrevit,
1052 2069 1188 2108 voce
1217 2070 1348 2124 ergo
1381 2071 1574 2124 magna
1604 2057 1857 2108 clamavit
1883 2095 1896 2109 .
1920 2057 2055 2122 Quid

477 2149 824 2202 innocentem
855 2147 1316 2216 condempnastis,
1342 2164 1518 2217 quove
1543 2165 1665 2201 cum
1695 2151 1923 2203 ducitis?
1950 2166 2055 2204 non

479 2251 705 2295 mortem
761 2240 979 2303 meruit,
1009 2255 1107 2309 ego
1139 2241 1310 2293 virum
1345 2241 1612 2296 interfeci.
1645 2242 1714 2294 At
1753 2242 1823 2294 illi
1851 2242 2055 2312 iniere-

476 2341 603 2384 runt
647 2345 843 2382 manus
887 2329 938 2382 in
970 2346 1115 2392 emn,
1157 2344 1318 2399 atque
1361 2331 1579 2400 ligatum
1609 2347 1791 2385 secum
1824 2334 1889 2386 ad
1934 2350 2056 2387 cru-

477 2437 596 2476 cem
629 2431 935 2484 traxerunt,
983 2421 1257 2491 aliumque
1297 2440 1325 2476 a
1375 2438 1531 2491 pmna
1576 2427 1768 2476 mortis
1816 2424 2056 2479 absolve-

473 2521 618 2568 runt.
654 2512 930 2567 Homicida
980 2528 1108 2568 vero
1142 2515 1194 2568 in
1224 2515 1412 2570 eodem
1458 2516 1676 2585 agmine
1706 2516 1806 2568 hoc
1835 2499 2053 2570 intuens

473 2606 822 2676 gradiebatur
853 2616 1016 2677 atque
1061 2622 1245 2660 secum
1279 2608 1490 2659 dicebat
1537 2624 1550 2660 :
1603 2606 1755 2661 Hunc
1806 2607 2051 2662 interfeci

473 2709 526 2754 et
552 2699 652 2753 iste
678 2699 1022 2768 datnpnatur.
1052 2699 1148 2752 llic
1174 2699 1433 2751 immcens
1459 2697 1719 2766 supplicio
1743 2699 2050 2768 deputatur,

475 2807 578 2862 ego
606 2806 736 2846 vero
767 2805 968 2845 nocens
1005 2789 1258 2844 libertate
1291 2788 1460 2842 fruor.
1488 2789 1745 2855 Quaenam
1781 2807 1942 2848 causa
1970 2801 2055 2846 est

476 2881 638 2950 hujus
705 2880 1016 2950 injustitize‘!
1071 2879 1287 2940 Nescio,
1337 2880 1442 2933 nisi
1493 2879 1605 2933 sola
1653 2879 1746 2934 Dei
1793 2881 2050 2950 patientia

471 2975 562 3028 sit.
597 2973 795 3028 Verum
846 2973 988 3028 Deus
1025 2971 1189 3040 jmlex
1237 2971 1417 3042 justus
1477 2973 1797 3042 impunitum
1847 2975 2050 3030 nullum

472 3067 650 3121 scelus
697 3065 943 3120 dimittit.
996 3065 1073 3120 Ne
1108 3065 1272 3134 igitur
1319 3065 1590 3134 posterius
1638 3066 1688 3118 in
1731 3081 1815 3120 me
1864 3067 2052 3123 durius

471 3159 732 3222 vindicet,
764 3155 922 3225 hujus
951 3173 1036 3212 me
1062 3157 1284 3226 prodam
1321 3155 1566 3210 criminis
1595 3171 1713 3210 esse
1744 3173 1915 3224 reum,
1947 3162 2052 3214 sic-

469 3265 575 3320 que
605 3265 698 3304 eos
726 3249 981 3304 solvendo
1006 3265 1034 3302 a
1065 3258 1258 3310 tuorte.
1287 3247 1430 3318 quod
1455 3249 1702 3302 commisi
1740 3248 1884 3304 luam
1923 3266 2048 3318 pec-

470 3350 676 3394 catum.
723 3336 1041 3409 Objecitqne
1072 3354 1130 3393 se
1167 3339 1216 3392 in
1261 3338 1500 3407 periculo
1546 3339 1731 3395 dicens
1772 3359 1784 3393 :
1829 3341 1931 3407 Me,
1965 3356 2051 3396 me

470 3433 561 3500 qui
592 3431 716 3496 feci.
768 3433 931 3487 istutn
964 3430 1221 3485 dimittite
1264 3431 1564 3484 innoxium.
1613 3429 1832 3487 Jndices
1869 3443 2048 3488 atttem

472 3539 580 3578 non
625 3539 818 3594 parum
852 3525 1227 3588 ammirantcs,
1257 3523 1424 3587 hunc,
1457 3522 1564 3576 alio
1609 3539 1638 3576 a
1683 3534 1854 3578 morte
1892 3525 2051 3580 abso-

472 3614 604 3676 luto,
641 3615 962 3684 ligaverunt,
990 3614 1210 3683 jatnque
1239 3612 1526 3683 dejudicio
1555 3613 1882 3680 dubitantes,
1907 3617 2050 3669 hunc

471 3719 596 3757 cum
637 3704 858 3772 reliquis
892 3705 1040 3772 prius
1073 3704 1316 3758 liberatis
1343 3713 1468 3759 ante
1497 3720 1672 3774 regem
1715 3704 2050 3758 adduxerunt

471 3792 631 3861 eique
654 3793 836 3845 omnia
867 3807 932 3845 cx
956 3793 1146 3844 ordine
1172 3792 1472 3848 referentes
1499 3793 1670 3862 ipsum
1707 3793 1868 3846 etiam
1903 3795 2048 3848 hesi-

473 3893 590 3938 tare
619 3881 1012 3952 compulerunt.
1063 3881 1346 3936 Communi
1381 3885 1561 3954 itaque
1588 3884 1810 3938 consilio
1847 3899 1937 3936 rex
1970 3884 2050 3938 cis

470 3992 631 4032 omne
659 3976 861 4031 crimen
892 3976 1034 4045 quod
1065 3975 1164 4029 sibi
1197 3976 1566 4043 imposuerant
1612 3977 1954 4043 condonavit,
1984 3992 2048 4029 eo

471 4080 652 4127 tamen
685 4079 843 4140 pacto
871 4078 930 4122 ut
971 4069 1218 4123 criminis
1267 4069 1368 4123 sibi
1402 4069 1636 4137 impositi
1673 4084 1864 4124 Causas
1898 4079 2047 4138 pate-

473 4162 736 4226 faccrent,
768 4171 824 4214 at
853 4159 926 4214 illi
958 4160 1032 4213 rei
1069 4165 1351 4214 veritatem
1380 4161 1428 4215 ei
1465 4171 1860 4230 exposuerunt;
1900 4177 2048 4214 com-

471 4253 616 4306 muni
667 4263 844 4305 autem
876 4266 1146 4306 consensu
1179 4252 1432 4306 onmibus
1475 4251 1757 4316 absolutis,
1795 4253 2044 4322 indigena

467 4345 558 4415 qni
589 4361 688 4414 pro
739 4345 915 4397 amico
963 4343 1098 4397 tnori
1149 4344 1480 4402 decreverat.
1511 4344 1683 4412 ipsum
1731 4345 1784 4397 in
1827 4345 2042 4399 dommn

467 4454 622 4491 suam
654 4437 983 4499 introduxit,
1007 4437 1166 4504 eique
1215 4435 1360 4490 omni
1405 4437 1606 4491 honore
1637 4451 1734 4506 pro
1765 4437 1870 4490 ritu
1903 4438 2046 4494 facto

2164 597 2311 642 tuum
2341 606 2445 643 non
2471 600 2729 660 sequatur
2754 591 3059 647 consilium.
3085 594 3238 647 Alius
3262 611 3276 646 :
3309 593 3425 650 Noli
3451 596 3744 651 consilium

2164 689 2310 732 tuum
2359 681 2504 735 omni
2559 682 2761 735 homini
2806 683 3048 738 re'JeIare
3079 700 3094 749 ;
3123 686 3214 754 qui
3257 686 3402 740 enim
3453 687 3747 741 consilium

2166 782 2313 825 tuum
2360 774 2412 826 in
2462 774 2623 827 corde
2678 791 2776 828 suo
2835 776 3069 838 retinet.
3110 779 3190 832 sui
3233 777 3373 841 juris
3418 790 3504 833 est
3558 779 3754 836 melius

2162 862 2542 933 eligereAlius
2587 882 2602 918 :
2633 865 2929 920 Consilium
2966 869 3341 923 absconditum
3364 870 3519 940 quasi
3554 871 3606 926 in
3628 888 3754 928 car—

2163 971 2288 1009 cere
2317 967 2406 1010 tuo
2427 966 2507 1011 est
2558 968 2826 1012 retrusum
2864 975 2879 1024 ;
2927 960 3219 1014 revelatum
3272 979 3401 1016 vero
3430 974 3480 1016 te
3526 964 3581 1018 in
3627 980 3754 1018 car-

2163 1064 2285 1102 cere
2315 1064 2411 1102 suo
2449 1060 2592 1104 tenet
2629 1050 2873 1120 ligatum.
2899 1051 3084 1106 Alius:
3121 1072 3138 1104 ι
3182 1051 3261 1108 Νε
3295 1063 3344 1108 ιε
3393 1057 3754 1112 associaveris

2164 1138 2403 1195 inimicis
2428 1141 2686 1206 Iuis,cnm
2717 1141 2852 1196 alios
2885 1159 3060 1212 ιιοεειε
3082 1145 3354 1213 repperire
3385 1147 3595 1202 socios:
3631 1165 3754 1217 quae

2161 1229 2304 1284 enim
2337 1231 2474 1284 male
2501 1231 2679 1299 egeris
2711 1232 2996 1298 notabunt,
3026 1249 3147 1301 qua:
3184 1249 3314 1287 vero
3344 1235 3483 1289 bona
3537 1235 3768 1308 fuerint,

2161 1319 2494 1374 devitabunt.
2533 1321 2676 1374 Dixit
2720 1322 2938 1390 quidam
2988 1322 3486 1379 versificatorzlist
3528 1343 3632 1380 una
3683 1328 3767 1407 de‘

2161 1411 2580 1468 adversitatibus
2601 1413 2762 1483 hujus
2783 1415 2963 1469 saeculi
2979 1416 3320 1486 gravioribus
3340 1415 3512 1472 libero
3539 1420 3747 1474 homini

2161 1504 2302 1574 quod
2333 1507 2658 1559 necessitate
2682 1507 2900 1575 cogitur
2935 1517 2994 1561 ut
3028 1508 3129 1563 sibi
3158 1509 3444 1564 subveniat
3467 1513 3748 1580 requirere

2162 1596 2459 1650 inimicum.
2491 1596 2748 1662 Quaesivit
2801 1599 3073 1667 qnidama
3103 1601 3336 1669 quodam
3391 1602 3569 1657 Arabe
3623 1620 3746 1673 qua:

2161 1686 2334 1754 major
2359 1689 2659 1743 adversitas
2680 1690 2905 1761 contigit
2937 1691 3030 1745 tibi
3061 1692 3112 1745 in
3147 1692 3248 1747 hoc
3274 1693 3514 1748 saeculo?
3537 1696 3741 1751 Arabs:

2163 1777 2469 1833 Necessitas
2499 1777 2756 1849 compulit
2783 1794 2870 1835 me
2895 1783 3187 1837 convenire
3219 1782 3495 1838 inimicum
3526 1795 3585 1841 ut
3622 1802 3744 1856 qua:

2159 1870 2402 1925 volebam
2434 1871 2565 1924 mihi
2593 1872 2934 1926 concederet.
2965 1872 3156 1928 Alius:
3189 1871 3268 1928 Ne
3292 1883 3343 1928 te
3371 1875 3608 1932 associes
3635 1873 3744 1932 lcc-

2160 1963 2356 2026 catori,
2385 1963 2536 2032 cujus
2559 1965 2888 2018 consortium
2909 1973 2992 2019 est
3019 1965 3113 2018 tibi
3141 1965 3398 2021 dedecus.
3427 1966 3580 2021 Alius
3614 1985 3628 2021 :
3663 1968 3743 2024 Ne

2159 2054 2406 2123 glorieris
2436 2053 2486 2107 in
2522 2053 2678 2108 laude
2730 2052 3040 2118 leccatoris.
3068 2053 3224 2124 cujus
3254 2058 3371 2112 laus
3398 2066 3485 2112 est
3515 2058 3607 2112 tibi
3663 2062 3741 2113 vi-

2161 2144 2454 2212 tuperium,
2483 2152 2537 2198 et
2563 2143 2884 2212 vituperiuni
2915 2141 3054 2198 laus.
3104 2144 3332 2210 Quidam
3381 2147 3739 2218 philosophus

2159 2235 2429 2289 transiens
2451 2250 2547 2304 per
2577 2237 2743 2298 viam,
2761 2233 2924 2288 alium
2951 2234 3328 2304 philosophum
3356 2238 3592 2307 repperit
3613 2254 3735 2293 cum

2157 2325 2387 2391 quodam
2445 2326 2710 2379 lcccatore
2755 2322 3051 2393 jocantcm,
3100 2334 3156 2380 et
3209 2325 3340 2380 ait:
3401 2327 3515 2383 Sibi
3564 2330 3738 2384 simile

2156 2417 2431 2470 attrahere
2458 2417 2762 2470 adamantis
2807 2426 2909 2471 est.
2958 2417 3028 2470 At
3074 2416 3162 2471 ille
3188 2417 3398 2486 inquit:
3433 2417 3734 2489 Numquam

2157 2524 2241 2562 me
2269 2509 2368 2561 sibi
2429 2507 2670 2576 adjunxi.
2723 2507 2802 2562 Ad
2857 2510 2959 2563 hoc
3013 2509 3459 2565 trausiens:Cur
3505 2528 3633 2580 ergo
3684 2514 3738 2567 ei

2155 2602 2550 2670 applaudebas‘!
2592 2601 2774 2656 Atille
2807 2603 3022 2672 inquit:
3065 2601 3202 2667 Non,
3242 2605 3334 2658 sed
3389 2621 3582 2675 magna
3632 2622 3736 2660 ue-

2155 2695 2405 2748 ccssitate
2460 2693 2673 2763 cogitur
2735 2693 2897 2748 etiam
2956 2695 3217 2750 honestus
3267 2701 3427 2750 ticum
3486 2695 3733 2752 latrinam

2153 2788 2323 2840 adire.
2344 2786 2494 2841 Alius
2517 2784 2899 2856 philosophus:
2934 2787 3054 2851 Fili,
3073 2803 3236 2856 grave
3257 2799 3338 2843 est
3359 2791 3557 2844 arduas
3585 2805 3736 2846 utea-

2156 2880 2336 2934 tiones
2395 2880 2688 2935 ascendere
2714 2889 2771 2934 et
2800 2881 2867 2934 ab
2921 2881 3122 2934 eisdem
3179 2881 3507 2935 descendere
3555 2881 3728 2936 facile.

2154 2969 2306 3024 Alius
2363 2969 2755 3040 philosolthus:
2788 2969 2975 3023 Melior
3012 2977 3096 3024 est
3149 2970 3424 3023 inimicitia
3474 2969 3732 3041 sapientis

2153 3076 2315 3131 quam
2354 3063 2590 3115 amicitia
2655 3061 2980 3129 insipientis.
3031 3061 3182 3115 Alius
3219 3061 3569 3132 philosophus
3609 3082 3620 3115 :
3654 3061 3731 3116 Ne

2156 3154 2355 3208 habeas
2383 3170 2480 3224 pro
2513 3168 2709 3224 magno
2764 3153 3058 3206 amicitiam
3122 3153 3294 3216 stulti,
3335 3155 3458 3222 quia
3511 3165 3732 3209 nonest

2153 3261 2496 3315 permanens.
2523 3245 2676 3298 Alius
2707 3245 3092 3314 philosophus:
3127 3245 3340 3298 Dulcior
3376 3255 3460 3298 est
3502 3247 3726 3313 sapienti

2154 3353 2344 3407 aspera
2379 3337 2486 3391 vita
2516 3337 2657 3391 inter
2697 3338 2992 3405 sapientes,
3025 3353 3188 3407 quam
3236 3337 3411 3393 dulcis
3455 3340 3557 3392 vita
3589 3339 3728 3394 inter

2153 3431 2488 3498 insipientes.
2526 3429 2679 3482 Alius
2711 3428 3059 3496 philosoplms
3091 3446 3104 3481 :
3137 3429 3429 3497 Sapientia:
3461 3431 3581 3483 dum
3607 3440 3730 3484 sunt

2152 3521 2386 3590 species,
2418 3537 2521 3574 una
2572 3519 2856 3586 naturalis,
2914 3520 3080 3573 altera
3133 3519 3452 3586 artificialis,
3500 3537 3727 3590 quarunt

2153 3627 2254 3664 una
2289 3628 2392 3664 non
2425 3619 2596 3680 potest
2625 3624 2846 3664 manere
2869 3609 2986 3663 sine
3011 3608 3136 3662 alia.
3166 3609 3316 3664 Alius
3346 3609 3459 3664 :Nc
3480 3613 3725 3665 commit-

2153 3714 2236 3759 tas
2265 3704 2440 3758 stultis
2495 3703 2837 3774 sapientiam,
2866 3702 2992 3768 quia
3047 3703 3128 3756 eis
3180 3711 3329 3757 esset
3385 3701 3724 3770 injuriosnm,

2150 3810 2326 3864 neque
2363 3793 2699 3862 sapientibus
2734 3809 2854 3847 eam
2883 3793 3135 3862 deneges,
3163 3796 3287 3862 quia
3311 3810 3467 3848 suum
3523 3805 3610 3850 est
3647 3797 3727 3849 eis
3769 3849 3774 3852 .

2149 3887 2414 3942 conferre.
2448 3887 2594 3941 Alius
2625 3903 2637 3939 :
2673 3885 2984 3955 llujusmodi
3011 3886 3148 3940 dona
3177 3887 3388 3942 diversa
3429 3899 3576 3954 sunt,
3606 3890 3728 3958 qui-

2148 3981 2371 4034 busdam
2394 3981 2534 4031 enim
2566 3979 2724 4031 datur
2770 3993 2948 4031 rerum
2978 3979 3267 4047 possessio,
3287 3979 3608 4046 quibusdam
3633 3996 3724 4035 sa-

2149 4068 2370 4138 pientia.
2401 4067 2629 4134 Quidam
2659 4067 2802 4122 enim
2831 4068 3058 4137 loquens
3091 4068 3198 4122 filio
3225 4069 3299 4123 ait
3327 4088 3340 4122 :
3372 4069 3508 4135 Quid
3540 4071 3726 4126 malles

2153 4162 2245 4216 tibi
2281 4161 2420 4226 dari,
2449 4175 2670 4213 censum
2696 4176 2764 4213 an
2805 4161 3162 4229 sapientiam?
3189 4161 3286 4216 Cui
3320 4161 3456 4215 filius
3483 4179 3498 4216 :
3524 4161 3721 4216 Horum

2147 4254 2425 4322 quodlibet
2453 4252 2556 4305 alio
2614 4252 2836 4321 indiget.
2879 4251 3001 4306 Fuit
3038 4253 3256 4321 quidam
3305 4253 3519 4322 sapiens
3554 4254 3723 4308 versi-

2149 4345 2338 4400 liz-ator
2364 4344 2632 4415 egregius,
2663 4346 2757 4397 sed
2783 4359 2990 4414 egenus
3013 4354 3067 4398 et
3095 4344 3394 4408 mendicus,
3418 4361 3633 4417 semper
3657 4348 3723 4401 de

2147 4444 2466 4505 paupertate
2497 4450 2592 4487 sua
2649 4434 2838 4487 amicis
2893 4449 3252 4503 conquerens,
3301 4437 3366 4489 de
3411 4451 3512 4505 qua
3557 4437 3720 4490 etiam

469 4529 644 4598 inquit
680 4546 694 4582 :
729 4529 785 4581 Si
815 4542 1024 4582 mecum
1064 4544 1284 4582 manere
1305 4529 1626 4598 aeqniescis,
1651 4533 1828 4582 omnia
1866 4532 2044 4600 nobis,
2077 4545 2123 4602 ι)
2149 4544 2339 4582 versus
2381 4527 2706 4596 composuit,
2747 4527 2908 4580 talem
2943 4542 3160 4581 sensum
3210 4529 3609 4596 exprimentes:
3641 4527 3719 4581 Tu

468 4630 626 4687 prout
654 4620 826 4682 decet,
844 4627 1004 4672 erunt
1026 4619 1330 4674 communia
1355 4636 1368 4681 ;
1391 4620 1434 4674 si
1467 4634 1594 4674 vero
1623 4623 1917 4690 repatriare
1949 4640 2046 4678 vo-

466 4710 656 4772 lneris,
686 4724 806 4779 qum
833 4718 960 4764 sunt
991 4725 1109 4764 mea
1132 4725 1280 4777 atque
1327 4710 1478 4765 lance
1521 4713 1838 4780 partiamur.
1861 4715 1931 4769 At
1961 4715 2047 4770 ille

465 4803 664 4856 natalis
712 4801 814 4857 soli
857 4802 1145 4858 dulcedine
1189 4803 1451 4868 irretitus,
1484 4814 1689 4874 partem
1730 4806 1892 4860 totius
1919 4809 2046 4863 sub-

465 4891 676 4944 stantite
701 4908 861 4959 quam
888 4893 936 4947 ei
968 4893 1236 4945 obtulerat
1254 4894 1470 4962 recepit,
1494 4896 1680 4963 sicque
1708 4897 2042 4964 repatriavit.

468 4981 562 5036 llis
593 4983 774 5052 itaque
808 4984 1012 5047 relatis,
1043 4985 1215 5053 inquit
1258 4985 1397 5038 titius
1427 4987 1492 5040 ad
1537 4996 1741 5056 patrem
1776 5004 1791 5040 :
1823 4989 1916 5042 Vix
1949 5005 2042 5058 po-

467 5076 593 5128 terit
613 5075 872 5145 repperiri
904 5076 1129 5130 amicus.

539 5167 684 5221 Dixit
708 5168 846 5222 alius
887 5167 1234 5236 philosophus
1266 5180 1280 5218 :
1311 5165 1536 5236 PrOpter
1559 5169 1760 5224 amicos
1787 5185 1890 5224 non
1918 5186 2045 5239 pro-

463 5261 620 5314 batos
656 5260 880 5328 provide
912 5257 1007 5311 tibi
1056 5258 1223 5311 semel
1259 5258 1326 5311 de
1377 5259 1610 5313 inimicis
1649 5270 1702 5315 et
1752 5263 1944 5318 millies
1973 5263 2040 5318 de

463 5351 678 5414 amicis,
705 5350 830 5420 quia
855 5348 1035 5402 forsan
1059 5347 1385 5418 quandoque
1411 5350 1616 5403 amicus
1650 5355 1740 5405 lict
1769 5354 2035 5419 inimicus,

465 5455 519 5499 et
550 5445 630 5498 sic
665 5443 838 5496 levius
867 5442 1069 5510 poteris
1100 5441 1374 5510 requirere
1397 5442 1686 5509 dampmnn
1717 5453 1886 5496 tuum.
1907 5444 2035 5496 ltem

465 5537 603 5590 alius
634 5535 984 5604 philosophus
1017 5547 1031 5586 :
1059 5532 1204 5587 Cave
1250 5533 1343 5585 tibi
1377 5548 1406 5584 a
1445 5533 1670 5586 consilio
1694 5533 1834 5586 illius
1871 5549 1899 5585 a
1931 5550 2038 5603 quo

463 5628 604 5697 petis
646 5627 952 5694 consilium,
1003 5625 1105 5679 nisi
1153 5624 1224 5677 sit
1272 5623 1363 5678 tibi
1414 5624 1585 5679 fidelis
1635 5626 2032 5694 comprobatus.

465 5722 596 5777 Item
624 5721 762 5776 alius
791 5737 806 5776 :
841 5717 1071 5774 Consule
1117 5717 1294 5771 amico
1334 5725 1424 5770 tuo
1459 5717 1510 5770 in
1548 5723 1742 5771 bonum
1774 5727 2034 5788 quantum

466 5813 703 5883 poteris,
751 5811 852 5866 etsi
908 5809 997 5864 tibi
1053 5809 1277 5864 credere
1323 5807 1550 5864 noluerit
1585 5825 1598 5873 ;
1634 5807 1834 5875 justum
1892 5809 2032 5861 enim

2149 4622 2238 4690 qui
2261 4621 2499 4691 partiris,
2531 4628 2769 4673 monstra
2795 4633 2893 4672 cur
2914 4633 3039 4688 pars
3073 4633 3190 4672 mea
3224 4619 3354 4673 mihi
3381 4619 3536 4676 desit.
3592 4620 3720 4673 Cul-

2148 4712 2354 4781 pandus
2400 4724 2613 4773 nones,
2647 4709 2739 4763 sed
2789 4709 2873 4762 dic
2903 4709 3034 4762 mihi
3081 4724 3239 4778 quem
3287 4711 3540 4779 culpabo,
3587 4713 3717 4764 "nam

2153 4802 2199 4855 si
2233 4800 2573 4856 constellatio
2605 4816 2720 4854 mea
2750 4810 2832 4854 est
2876 4801 3007 4854 mihi
3037 4801 3194 4865 dura,
3227 4818 3254 4855 a
3300 4811 3353 4856 te
3397 4819 3612 4872 quoque
3667 4803 3718 4856 id

2151 4891 2350 4946 factmn
2374 4907 2493 4945 esse
2521 4890 2868 4944 indubitabile
2905 4901 3009 4944 est.
3041 4891 3146 4944 Sed
3198 4893 3338 4946 inter
3365 4907 3449 4946 me
3468 4903 3523 4947 ct
3549 4894 3717 4963 ipsam

2150 4993 2205 5036 tu
2234 4991 2418 5036 orator
2447 4993 2501 5036 ct
2539 4981 2704 5051 jndex
2738 4997 2815 5034 es.
2865 4981 2944 5034 Tu
2991 4982 3184 5035 dedisti
3221 4983 3350 5036 mihi
3398 4984 3717 5052 sapientiam

2145 5075 2261 5130 sine
2287 5074 2610 5139 substantia,
2641 5074 2728 5127 dic
2756 5088 2886 5142 ergo
2922 5073 3051 5128 mihi
3077 5073 3204 5142 quid
3245 5073 3404 5128 faciet
3455 5077 3716 5144 sapientia

2144 5168 2258 5222 sine
2286 5167 2605 5221 substantia.
2636 5167 2832 5235 Accipe
2862 5175 3070 5235 partem
3095 5168 3378 5235 sapientiae
3409 5177 3465 5222 et
3494 5170 3561 5221 da
3589 5169 3718 5222 mihi

2142 5267 2348 5327 partem
2403 5257 2664 5326 pecunia}.
2719 5255 2796 5310 Ne
2874 5257 3100 5324 patiaris
3157 5273 3242 5310 me
3301 5257 3391 5310 illo
3446 5258 3712 5325 indigere,

2141 5351 2431 5416 dampnum
2463 5348 2616 5415 cujus
2642 5349 2744 5401 erit
2795 5349 2926 5402 tnihi
2978 5350 3191 5419 pudori.
3223 5351 3364 5406 Dixit
3413 5351 3553 5407 alius
3597 5353 3718 5422 phi-

2142 5437 2408 5508 losophus
2448 5457 2461 5492 :
2495 5439 2688 5495 Tribus
2717 5441 2890 5494 modis
2920 5456 3056 5496 unus
3089 5442 3289 5511 indiget
3323 5443 3448 5496 alio.
3482 5445 3717 5498 Cuicnn-

2140 5547 2244 5600 qne
2274 5530 2628 5597 bencfeceris,
2652 5533 2704 5586 in
2735 5547 2799 5586 eo
2827 5533 3000 5602 major
3045 5549 3109 5588 eo
3159 5537 3290 5599 eris,
3337 5553 3445 5604 quo
3497 5553 3600 5590 non
3634 5539 3716 5590 in-

2140 5619 2396 5688 digneris,
2421 5635 2519 5689 par
2543 5620 2709 5690 ipsius
2725 5621 2985 5690 eris;quo
3011 5637 3139 5676 vero
3168 5624 3488 5694 indigneris,
3517 5627 3713 5678 minor.

2138 5713 2288 5766 Alius
2320 5730 2334 5767 :
2365 5713 2639 5781 Sapientia
2685 5724 2894 5768 mortua
2943 5729 3168 5783 corpora
3201 5717 3436 5770 viviticat
3468 5718 3712 5771 ctaritate

2139 5822 2255 5873 sua,
2291 5807 2432 5860 velut
2487 5819 2628 5860 terra
2661 5807 2809 5860 arida
2864 5809 3184 5863 hnmiditatc
3237 5809 3428 5879 pluviae
3475 5811 3710 5864 virescit.
