4142 6360
397 398 498 454 C77

1606 398 1982 456 DISCIPLINA
2025 398 2451 457 CLERICALIS.

3553 404 3661 462 “78

393 516 582 571 Alius:
618 511 855 571 Claritas
910 515 1104 570 animte
1154 524 1239 569 est
1280 515 1566 586 sapientia,
1606 531 1805 572 census
1846 531 1976 571 vero
2007 520 2050 578 Α
2081 518 2270 587 vulpes
2299 518 2352 573 in
2398 517 2614 588 pascuis
2659 517 2887 584 invenit,
2930 526 3093 589 atque
3125 517 3400 574 admirans
3428 517 3543 577 ait:
3576 520 3659 577 Tu

394 620 479 667 est
498 609 719 666 claritas
739 609 1003 680 corporis.
1034 608 1340 678 Discipulos
1364 610 1623 680 magistro
1655 627 1670 664 :
1692 609 1975 676 Quomodo

402 718 490 758 me
508 700 754 757 habendo
785 701 930 756 inter
957 701 1232 771 sapientes
1259 702 1554 773 discipulos
1581 702 1977 773 compntabor?

397 791 695 860 Magister:
731 788 901 844 Serva
936 789 1210 846 silentium
1249 792 1419 845 donec
1470 792 1541 846 sit
1580 793 1676 847 tibi
1706 792 1848 862 loqui
1882 809 1975 848 ne—

391 882 717 937 cessarium.
760 880 1080 938 Maledicam
1131 882 1368 952 linguam
1414 884 1676 941 indictum
1721 886 1973 940 emendat

391 972 698 1037 silentium;
753 971 831 1025 ait
906 974 1051 1027 enim
1107 973 1460 1045 philosophus
1509 974 1844 1031 :Silentium
1890 985 1975 1031 est

391 1069 600 1137 signum
633 1069 937 1138 sapientiae,
986 1080 1042 1126 et
1083 1070 1388 1141 loquacitas
1438 1073 1649 1140 signum
1708 1068 1968 1126 stultitiae.

388 1157 469 1213 Ne
504 1158 729 1214 festines
779 1161 1110 1230 respondere
1143 1162 1314 1216 donec.
1357 1162 1525 1216 fuerit
1563 1163 1688 1217 linis
1736 1163 1973 1217 interro-

388 1251 646 1321 gationis,
672 1266 778 1308 nec
803 1252 1156 1323 quaestionem
1186 1254 1238 1309 in
1257 1264 1521 1311 conventu
1548 1256 1741 1309 factam
1764 1255 1973 1310 solvere

390 1350 639 1412 temptes,
662 1356 785 1397 cum
811 1343 1193 1413 sapientiorem
1229 1355 1280 1400 tc
1329 1346 1398 1400 ibi
1446 1362 1567 1402 esse
1603 1348 1969 1416 perspexeris,

389 1447 491 1487 nec
519 1431 804 1502 qutestioni
834 1432 924 1488 alii
980 1434 1234 1504 cuiquam
1292 1435 1444 1491 facta:
1473 1437 1819 1506 respondeas.
1874 1453 1974 1493 nec

389 1522 600 1577 laudem
648 1531 875 1595 appetas
917 1539 1016 1594 pro
1048 1540 1104 1579 re
1134 1526 1227 1579 tibi
1281 1529 1573 1597 incognita.
1610 1528 1971 1598 PhiloSOphns

387 1613 531 1667 enim
556 1612 690 1668 dicit
722 1629 737 1666 :
778 1612 879 1680 Qui
913 1614 981 1668 de
1030 1629 1089 1670 re
1147 1615 1248 1670 sibi
1294 1614 1471 1687 ignota
1501 1618 1710 1675 laudem
1744 1623 1968 1690 appetit,

388 1704 537 1759 illum
586 1707 905 1762 mendacem
935 1707 1184 1777 probatio
1217 1711 1414 1766 reddit.
1442 1711 1596 1768 Alius
1635 1712 1972 1784 :Acqttiesce

2078 609 2199 679 quis
2228 611 2325 665 es?
2369 609 2544 666 Malus
2582 609 2713 665 dicit
2757 624 2816 666 se
2868 608 2962 665 Dei
3015 626 3136 665 esse
3190 618 3520 667 creaturam.
3555 610 3659 669 Cui

2077 699 2304 772 vulpes:
2340 700 2586 757 Habesne
2627 712 2837 770 patrem
2880 710 2976 755 aut
3019 700 3284 756 matrem?
3322 699 3493 758 Mutus
3539 704 3657 758 ait:

2074 792 2387 847 Avunculus
2402 807 2557 847 mens
2584 802 2669 848 est
2685 807 2858 862 equus
2878 806 3191 863 generosus.
3223 792 3519 863 Sicutcrgo
3542 810 3664 848 mu-

2076 881 2159 937 lus
2197 899 2305 939 non
2333 885 2675 953 recognoscit
2699 884 2912 939 asinum
2962 893 3170 953 patrem
3212 900 3391 947 suum,
3418 900 3483 939 eo
3516 887 3659 956 quod

2074 974 2285 1045 pigrum
2314 984 2371 1029 et
2396 974 2640 1029 deforme
2668 974 2870 1029 animal
2891 984 2996 1038 est,
3030 975 3111 1028 sic
3140 975 3242 1029 iste
3264 986 3475 1044 patrem
3499 991 3658 1031 suum

2073 1065 2321 1119 conﬁteri
2366 1064 2723 1120 erubescebat
2769 1080 2869 1134 pro
2914 1064 3113 1119 inertia
3149 1078 3249 1119 sua
3301 1064 3657 1135 incognitum.

2073 1152 2193 1209 Rex
2248 1164 2429 1209 tamen
2480 1165 2804 1210 convertens
2844 1170 2905 1211 se
2949 1154 3014 1209 ad
3063 1155 3490 1211 versiﬁcatorem
3533 1158 3659 1213 ait:

2076 1244 2211 1300 Volo
2237 1254 2297 1300 ut
2324 1247 2532 1302 indices
2563 1248 2693 1301 mihi
2726 1256 2935 1318 patrem
2970 1257 3141 1301 tuum.
3177 1247 3247 1300 At
3274 1246 3364 1301 ille
3386 1248 3489 1304 sibi
3522 1250 3660 1304 indi-

2072 1338 2238 1394 cavit.
2288 1338 2553 1407 Cognovit
2591 1339 2758 1408 igitur
2797 1354 2890 1393 rex
2939 1338 3063 1409 quia
3110 1346 3266 1409 pater
3295 1337 3412 1404 ejus
3457 1341 3579 1395 vilis
3606 1350 3663 1399 et

2074 1427 2510 1499 indisciplinatus
2532 1440 2671 1492 erat,
2707 1439 2761 1483 et
2783 1429 2860 1484 ait
2888 1428 3066 1483 servis
3093 1427 3246 1482 suis:
3281 1425 3481 1484 Demus
3531 1430 3659 1487 huic

2073 1517 2140 1572 de
2171 1520 2332 1572 rebus
2357 1520 2578 1582 nostris,
2604 1518 2730 1589 quia
2756 1536 2863 1574 non
2892 1520 3207 1592 degenerat.

2143 1611 2320 1664 Arabs
2350 1611 2425 1663 ait
2457 1613 2595 1681 patri
2622 1627 2758 1666 suo:
2791 1611 2960 1667 Miror
2986 1630 3073 1669 tne
3103 1614 3296 1685 legisse
3323 1615 3375 1670 in
3400 1614 3660 1685 tempori-

2070 1699 2174 1755 bus
2211 1703 2504 1771 prsteritis
2548 1703 2763 1759 nobiles
2807 1703 3013 1759 facetos
3058 1707 3334 1776 sapientes
3377 1707 3655 1771 honorari,

384 1798 603 1853 veritati
636 1800 750 1854 sive
771 1814 800 1853 a
828 1810 880 1856 te
907 1800 1149 1871 prolatae,
1170 1802 1283 1857 sive
1328 1803 1420 1858 tibi
1467 1804 1711 1874 objectae.
1761 1806 1837 1862 Ne
1866 1806 1967 1878 glo-

2073 1792 2235 1847 modo
2264 1807 2395 1847 vero
2424 1793 2522 1847 soli
2557 1793 2898 1851 honorantur
2926 1796 3244 1852 leccatores.
3273 1799 3355 1854 Ad
3386 1799 3527 1868 quod
3559 1814 3657 1868 pa-

384 1889 546 1944 rieris
579 1890 632 1945 in
673 1870 1012 1963 sapientibus
1079 1894 1259 1949 verbis
1308 1895 1436 1959 tuis,
1472 1897 1596 1966 quia
1648 1910 1808 1966 prout
1853 1900 1967 1968 phi-

2075 1892 2195 1939 ter:
2230 1883 2307 1938 Ne
2339 1884 2574 1947 mireris,
2601 1885 2697 1950 illi,
2730 1887 2856 1956 quia
2887 1887 3070 1969 clerici
3117 1888 3366 1955 clericos,
3405 1888 3655 1960 generosi

386 1979 643 2051 losophus
683 1990 932 2049 testatur,
973 1984 1064 2053 qui
1125 1984 1180 2038 in
1236 1986 1348 2039 suis
1401 1986 1577 2041 verbis
1637 1988 1971 2057 sapientibus

384 2071 670 2142 gloriatur,
708 2073 908 2130 stultus
925 2089 1046 2131 esse
1071 2077 1476 2145 comprobatur.
1500 2079 1652 2133 Alius
1680 2096 1694 2134 :
1719 2078 1818 2148 Qui
1847 2096 1971 2151 pru-

384 2162 578 2218 denter
611 2165 884 2234 inquirere
906 2167 1138 2222 voluerit
1180 2167 1522 2229 solutionem.
1552 2171 1842 2238 prudenter
1885 2173 1969 2227 in-

387 2256 622 2325 telliget.
654 2258 804 2314 Alius
829 2277 842 2313 :
876 2258 979 2326 Qui
1005 2260 1157 2316 brevi
1180 2271 1426 2330 tempore
1450 2276 1549 2331 pro
1578 2263 1781 2330 pudore
1809 2263 1971 2319 disci-

384 2347 587 2417 plinam
633 2364 738 2403 non
767 2350 992 2421 patitur,
1017 2350 1165 2406 omni
1217 2361 1461 2420 tempore
1507 2353 1561 2407 in
1600 2353 1806 2422 pudore
1834 2353 1969 2408 insi-

384 2438 603 2507 pientire
631 2439 988 2507 permanebit.
1028 2438 1226 2494 Alius:
1270 2438 1385 2495 Non
1423 2443 1601 2496 onmis
1625 2443 1715 2511 qui
1756 2442 1970 2513 sapiens

385 2531 585 2586 dicitur
615 2531 835 2603 sapiens
857 2542 961 2597 est,
997 2533 1093 2589 sed
1135 2535 1225 2603 qui
1251 2534 1415 2590 discit
1437 2543 1492 2589 et
1515 2536 1710 2590 retinet
1757 2537 1971 2606 sapien—

385 2624 536 2681 riam.
568 2624 755 2681 Alius:
786 2627 885 2694 Qni
943 2627 994 2681 in
1025 2627 1270 2683 doctrina
1320 2626 1601 2692 defecerit,
1632 2645 1821 2700 parum
1875 2646 1969 2701 ge-

385 2718 651 2770 nerositas
672 2731 769 2770 sua
796 2718 845 2772 ei
873 2718 1139 2788 proderit.
1169 2719 1431 2790 Dogmate
1454 2719 1661 2791 indiget
1689 2721 1965 2789 nobilitas,

384 2808 646 2878 sapientia
678 2824 807 2863 vero
832 2811 1191 2880 experientia.

967 2900 1242 2957 FABULA
1289 2902 1353 2959 Ill

452 2989 674 3045 Amas:
727 2989 954 3058 Quidam
991 2992 1329 3047 versiﬁcator
1358 2993 1597 3064 prudens
1637 3003 1693 3050 et
1738 2993 1966 3062 facetus,

382 3082 479 3138 sed
507 3082 774 3153 ignobilis,
806 3083 1022 3138 cuidam
1052 3085 1161 3153 regi
1190 3099 1378 3139 versus
1414 3100 1541 3139 suos
1562 3085 1773 3154 optulit.
1802 3084 1969 3155 Cujus

383 3182 565 3227 notata
597 3175 899 3243 prudentia,
934 3190 1030 3229 rex
1059 3190 1180 3229 eum
1222 3176 1515 3232 honoriﬁce
1540 3178 1806 3247 suscepit;
1836 3162 1967 3234 huic

383 3265 547 3334 igitur
569 3265 880 3321 invidebant
905 3267 996 3320 alii
1043 3266 1443 3321 versiﬁcatores
1479 3283 1576 3323 sua
1618 3270 1832 3339 superbi
1873 3287 1967 3341 ge-

383 3356 678 3411 nerositate
724 3356 835 3426 regi
866 3358 1247 3412 convenientes
1298 3357 1371 3411 ita
1421 3358 1710 3428 inquiunt:
1742 3360 1967 3418 Domi..e

383 3461 501 3513 rex,
532 3462 634 3503 cur
661 3449 803 3502 hunc
828 3458 938 3502 tam
972 3448 1066 3504 ‘vili
1097 3458 1275 3503 ortttm
1305 3452 1552 3520 prosapia
1596 3451 1730 3506 adeo
1757 3455 1964 3523 magni-

384 3537 552 3592 tieas?
578 3539 658 3592 Ad
684 3539 785 3592 hoc
816 3554 908 3592 rex
942 3556 955 3592 :
990 3537 1160 3605 Quem
1188 3539 1494 3610 vituperare
1521 3544 1770 3611 putastis,
1798 3546 1967 3613 magis

382 3628 660 3684 laudasﬁs.
688 3629 806 3698 ipse
836 3644 962 3685 vero
983 3631 1075 3702 qtti
1110 3631 1517 3701 vituperabatur
1545 3633 1658 3689 hanc
1690 3636 1963 3703 adjnnxit:

379 3718 529 3776 Rosa
564 3736 633 3775 ex
678 3721 850 3790 spinis
876 3731 995 3777 orta
1026 3738 1361 3794 nequaquam
1396 3724 1817 3796 blasphematur.
1851 3726 1962 3783 lic!

378 3821 563 3867 autem
591 3813 843 3869 maximis
872 3814 1193 3869 honoratum
1224 3816 1539 3872 muneribus
1557 3832 1680 3872 eum
1703 3817 1926 3873 dimisit.

450 3904 692 3975 Contigit
721 3914 780 3960 ut
808 3905 1026 3975 quidam
1057 3906 1394 3962 versiﬁcator
1416 3908 1578 3963 nobili
1600 3919 1750 3965 ortus
1770 3925 1962 3981 prosa-

382 3999 493 4069 pia,
526 4014 717 4071 parum
769 3998 1157 4069 disciplinatus.
1209 4000 1319 4071 regi
1372 4001 1589 4056 cuidam
1622 4017 1812 4058 versus
1836 4019 1965 4057 suos

380 4089 622 4146 oﬂ‘erret.
655 4091 802 4158 Quos
830 4102 1081 4160 acceptos
1112 4106 1204 4146 rex
1230 4092 1366 4147 male
1388 4092 1604 4163 quidem
1633 4098 1963 4166 compositos

380 4184 606 4254 sprevit,
638 4184 878 4253 nihilque
903 4185 1003 4240 sibi
1037 4185 1200 4239 dedit.
1224 4184 1401 4256 lnqnit
1436 4185 1600 4257 igitur
1627 4191 1964 4246 versiﬁcator

381 4272 494 4344 regi
529 4290 543 4327 :
577 4272 634 4328 Si
656 4286 762 4328 non
793 4289 889 4344 pro
918 4273 1183 4339 versibus,
1235 4275 1424 4329 saltem
1461 4292 1557 4347 pro
1598 4280 1961 4348 generositate

380 4364 586 4435 aliquid
621 4366 750 4418 mihi
783 4365 1011 4419 tribuas.
1058 4365 1169 4420 llex
1209 4382 1338 4436 ergo
1368 4368 1481 4420 ait:
1515 4366 1647 4434 Quis
1671 4379 1753 4424 est
1800 4380 1961 4439 pater

385 4457 545 4512 tuus?
569 4456 756 4512 Atille
799 4457 903 4511 sibi
939 4456 1214 4511 indicavit.
1270 4459 1360 4511 Ait
1412 4474 1547 4513 rex:
1581 4461 1775 4515 Semen
1824 4462 1876 4515 in
1908 4470 1959 4516 te

2072 1991 2399 2046 generosos,
2448 1977 2611 2033 faceti
2670 1977 2876 2035 facetos
2936 1982 3225 2047 honorant,
3271 1982 3565 2039 leccatores
3623 1999 3656 2043 ι

2072 2068 2437 2124 leccatoribus
2469 2080 2813 2126 venerantur.
2846 2072 3015 2129 Filius
3042 2092 3056 2128 :
3088 2073 3208 2129 Vidi
3235 2084 3288 2131 et
3312 2076 3474 2138 aliud,
3511 2076 3656 2148 quod

2072 2158 2255 2214 clerici
2306 2175 2402 2229 pro
2432 2159 2698 2230 sapientia
2729 2177 2826 2217 sua
2870 2179 2974 2219 non
3024 2174 3150 2220 sunt
3198 2166 3463 2229 honorati,
3512 2168 3658 2227 unde

2072 2246 2199 2303 facti
2219 2258 2346 2303 sunt
2372 2248 2690 2313 leceatores,
2719 2250 2852 2304 etad
2876 2267 3129 2321 magnum
3149 2266 3345 2308 venere
3368 2253 3653 2311 honorem.

2073 2337 2223 2393 Tunc
2246 2347 2400 2408 pater
2427 2340 2506 2394 ait
2545 2339 2618 2394 illi
2649 2358 2664 2394 :
2700 2340 2813 2395 Hoc
2843 2343 3058 2410 quidem
3094 2345 3195 2398 hac.
3224 2345 3415 2399 inertia
3449 2353 3659 2414 tempo-

2074 2429 2149 2482 ris
2186 2429 2437 2501 cnntigit.
2472 2429 2554 2484 Ad
2598 2433 2739 2500 quod
2774 2432 2916 2488 titius
2955 2451 2969 2488 :
3003 2434 3254 2489 Edissere
3300 2435 3455 2501 mihi,
3502 2446 3659 2505 pater

2070 2522 2370 2587 carissime,
2401 2539 2585 2579 veram
2619 2526 2916 2582 nobilitatis
2945 2527 3341 2583 diﬁiuitionem.
3365 2530 3434 2583 At
3460 2540 3652 2601 pater:

2073 2611 2163 2679 Ut,
2190 2613 2366 2683 inquit
2385 2616 2704 2672 Aristoteles
2727 2618 2782 2672 in
2799 2618 3024 2688 epistola
3048 2634 3144 2674 sua
3167 2636 3330 2689 qttam
3345 2620 3656 2677 Alexandro

2070 2706 2180 2775 regi
2213 2708 2537 2777 composuit,
2581 2711 2847 2777 meminit,
2897 2711 2985 2781 qui
3018 2726 3141 2766 cum
3170 2713 3240 2768 ab
3281 2727 3347 2768 eo
3381 2725 3654 2785 qtuereret

2067 2811 2227 2868 quem
2255 2798 2357 2853 sibi
2386 2814 2451 2853 ex
2479 2800 2785 2855 hominibus
2811 2802 3180 2857 consiliarium
3209 2802 3437 2868 faceret,
3470 2806 3651 2860 taliter

2068 2904 2168 2958 per
2209 2892 2493 2961 epistolam
2536 2894 2834 2963 respondit.
2876 2896 3093 2965 Accipe,
3124 2896 3222 2960 ait,
3259 2897 3417 2951 talem
3447 2898 3535 2966 qui
3565 2913 3650 2952 se-

2070 2991 2216 3052 ptem
2248 2985 2563 3040 liberalibtts
2611 2986 2823 3042 artibus
2860 2989 2931 3042 sit
2998 2989 3315 3052 instructus,
3370 2989 3653 3046 industrii!

2070 3086 2273 3145 septem
2297 3079 2561 3141 eruditus,
2594 3092 2800 3148 septem
2828 3082 2989 3135 etiam
3014 3081 3370 3151 probitatibns
3401 3084 3649 3147 edoctus,

2070 3178 2126 3224 et
2149 3184 2251 3241 ego
2271 3172 2479 3225 mstitno
2518 3173 2658 3227 hanc
2687 3173 2979 3243 perfectam
3008 3176 3365 3231 nobilitatem.
3394 3177 3647 3233 Attilius:

2072 3260 2196 3317 Haec
2219 3263 2473 3318 nobilitas
2504 3265 2557 3319 in
2583 3274 2825 3334 tempore
2851 3282 2969 3320 meo
2987 3282 3090 3321 non
3122 3269 3367 3338 cotttigit,
3396 3270 3503 3322 itno
3530 3272 3648 3325 auri

2069 3364 2123 3407 et
2152 3356 2359 3422 argenti
2399 3366 2506 3409 tota
2531 3365 2613 3411 est
2644 3372 2806 3426 quam
2840 3358 2995 3413 video
3015 3359 3289 3425 nobilitas,
3330 3372 3386 3414 ut
3428 3362 3504 3415 ait
3531 3363 3652 3430 qui-

2068 3444 2190 3499 dem
2222 3446 2556 3501 versiﬁcator
2589 3464 2602 3501 :
2632 3448 2950 3504 Clorilicant
2995 3462 3141 3515 gaza:
3185 3453 3424 3520 privatos
3455 3453 3658 3507 nob;l':~

2070 3546 2203 3603 tate,
2241 3550 2642 3610 paupertasqne
2672 3543 2888 3596 domum
2920 3544 3113 3612 premit
3141 3545 3310 3599 altera
3344 3544 3644 3600 nobilitate.

2069 3631 2418 3688 Versiﬁcator
2442 3634 2662 3703 quidam
2712 3635 2780 3690 de
2826 3637 3247 3693 adversitatibns
3296 3636 3478 3693 smcnli
3526 3652 3648 3709 quae

2066 3726 2455 3793 superveniunt
2493 3726 2702 3781 nobiles
2745 3726 2956 3796 inquit:
2991 3729 3084 3784 Dic
3117 3728 3223 3784 illis
3261 3731 3356 3798 qui
3400 3744 3499 3799 pro
3553 3730 3649 3785 ad-

2067 3811 2419 3868 versitatibus
2443 3828 2563 3882 qua:
2587 3814 2745 3868 nobis
2784 3816 3056 3883 accidunt,
3106 3834 3206 3874 nos
3233 3827 3646 3889 contempnunt,

2065 3903 2207 3971 quod
2229 3904 2485 3959 saeculum
2516 3904 2677 3960 nullis
2704 3905 2834 3963 fecit
2867 3910 3201 3964 coutrarimn
3232 3911 3334 3966 nisi
3375 3910 3648 3967 nobilibus

2068 4005 2299 4052 tantum.
2332 3996 2523 4053 Nonne
2545 3998 2864 4069 videsquod
2893 4017 3044 4058 mare
3069 4003 3285 4059 devehit
3315 4015 3556 4061 stercora
3588 4017 3648 4060 et

2064 4092 2268 4162 paleas,
2294 4099 2350 4148 et
2383 4091 2604 4160 pretiosi
2626 4092 2833 4164 lapides
2862 4093 2916 4148 in
2941 4094 3165 4149 fundum
3194 4096 3430 4152 vadunt?
3458 4097 3647 4155 Nonne

2062 4181 2215 4237 vides
2242 4183 2388 4253 quod
2418 4182 2472 4238 in
2494 4182 2636 4239 coelo
2664 4193 2790 4239 sunt
2816 4185 2986 4241 stellae
3011 4187 3209 4255 quibus
3237 4188 3507 4243 nescimus
3545 4205 3647 4243 nu-

2062 4274 2307 4329 merum?
2343 4276 2413 4329 At
2443 4273 2665 4346 insuper
2713 4276 2859 4331 nulla
2890 4276 3105 4346 quidem
3150 4278 3352 4348 patitur
3379 4278 3641 4346 eclipsim,

2060 4379 2259 4435 prastcr
2306 4366 2474 4422 solem
2539 4376 2597 4423 et
2644 4368 2850 4423 lunam.
2901 4369 2973 4423 At
3017 4378 3213 4440 pater:
3259 4371 3332 4424 Ex
3386 4371 3651 4435 temporis

2062 4459 2255 4513 inertia
2289 4460 2488 4515 accidit
2519 4462 2662 4531 quod
2705 4461 2950 4516 homines
2981 4462 3035 4517 in
3091 4463 3291 4517 divitiis
3337 4461 3511 4516 solum
3558 4463 3646 4532 ju-

380 4550 749 4619 degeneravit.
780 4552 851 4604 At
879 4549 1003 4603 ille:
1049 4549 1183 4616 lies,
1225 4566 1366 4621 saepe
1398 4552 1449 4605 in
1489 4552 1761 4609 frumento
1789 4555 1963 4608 oritttr
1996 4564 2039 4618 D
2064 4550 2245 4606 dicant
2284 4550 2646 4618 gloriandum.
2693 4551 2841 4607 Unus
2870 4569 2936 4607 ex
2978 4552 3257 4624 discipulzs
3292 4555 3643 4621 interrogavit

381 4642 556 4712 siligo.
586 4643 663 4695 Ad
702 4645 802 4698 hoc
834 4659 925 4699 rex
954 4660 968 4697 :
1013 4644 1090 4699 Te
1142 4645 1364 4699 minoris
1389 4647 1772 4716 generositatis
1798 4663 1961 4716 quam

383 4745 595 4806 patrem
637 4744 783 4789 tuum
832 4737 1088 4807 probasti,
1120 4736 1377 4807 illumque
1432 4737 1724 4794 innnunem
1756 4741 1835 4795 sic
1876 4742 1961 4795 di-

382 4827 548 4881 misit.

452 4920 605 4976 Alius
655 4921 990 4976 versiﬁcator
1044 4921 1172 4976 item
1220 4923 1369 4976 venit
1413 4923 1477 4977 ad
1522 4940 1735 4995 regem,
1809 4937 1963 4993 patre

382 5017 628 5090 ignobili,
663 5018 757 5072 sed
786 5026 957 5071 matre
979 5031 1261 5087 generosa;
1288 5016 1674 5088 incompositus
1708 5018 1960 5086 equidem

382 5107 768 5178 incompositos
815 5107 1007 5177 optulit
1058 5121 1267 5162 versus.
1306 5106 1471 5178 Cujus
1508 5117 1681 5161 mater
1730 5107 1964 5162 habebat

382 5199 610 5253 fratrem
638 5196 933 5252 litteratum
957 5206 1011 5251 et
1037 5195 1230 5252 facetia
1249 5195 1614 5266 splendidum.
1643 5195 1756 5251 ilex
1782 5207 1961 5250 autem

382 5305 507 5345 eum
530 5304 871 5359 nequaquam
898 5287 1192 5343 honoriﬁce
1219 5288 1478 5357 suscepit,
1510 5287 1758 5356 quzesivit
1781 5297 1960 5341 tamen

382 5380 453 5433 ab
484 5394 550 5435 eo
581 5380 737 5451 cujus
762 5379 900 5433 tilius
928 5386 1068 5443 erat,
1107 5387 1166 5432 at
1205 5378 1294 5434 ille
1335 5379 1619 5447 praetendit
1645 5378 1695 5432 ei
1719 5392 1961 5431 avuncu-

383 5472 496 5527 lum
543 5486 724 5536 suum,
753 5472 894 5527 unde
937 5485 1030 5526 rex
1072 5470 1127 5525 in
1177 5470 1404 5524 nimium
1454 5469 1621 5523 risum
1650 5484 1710 5523 se
1733 5484 1964 5524 conver~

384 5565 471 5618 tit.
503 5563 669 5617 Aiunt
696 5563 744 5618 ei
771 5564 853 5618 sui
902 5562 1198 5617 familiares
1226 5582 1238 5615 :
1284 5559 1435 5615 Unde
1462 5560 1564 5615 iste
1610 5571 1792 5615 tantus
1822 5562 1962 5617 risus
1992 5598 2007 5633 ι

382 5656 662 5726 procedit?
685 5656 778 5712 Ait
810 5671 900 5710 rex
935 5671 952 5710 :
986 5653 1244 5708 Fabulam
1273 5651 1544 5725 quandam
1579 5652 1632 5707 in
1670 5653 1807 5708 libro
1829 5669 1962 5723 qne-

385 5748 510 5801 datn
570 5747 803 5819 legeram
841 5763 1005 5817 quam
1057 5746 1146 5800 hic
1195 5746 1367 5799 oculis
1411 5745 1708 5816 conspicio.
1740 5746 1808 5800 At
1835 5746 1907 5800 illi
1937 5744 1957 5799 ἐ

387 5840 645 5907 Quaenam
673 5850 752 5897 est
785 5842 908 5895 illa?
938 5840 1028 5893 Ait
1073 5854 1164 5894 rex
1195 5855 1209 5892 :
1264 5838 1462 5893 Mutum
1510 5840 1722 5894 novitcr
1769 5848 1955 5893 natum

2066 4640 2382 4710 magistrum
2439 4657 2619 4706 suum,
2651 4643 2837 4697 dicens
2884 4658 2898 4696 :
2948 4644 3083 4698 Cum
3143 4652 3345 4712 septem
3392 4643 3499 4695 sint
3557 4660 3647 4695 ar-

2066 4742 2147 4788 tes
2198 4742 2254 4786 et
2305 4741 2510 4801 septem
2585 4734 2884 4802 probitates
2953 4742 3009 4788 et
3069 4744 3275 4802 septem
3341 4734 3639 4795 induartae,

2065 4825 2255 4880 vellem
2304 4834 2365 4881 ut
2410 4824 2512 4879 has
2561 4825 2714 4888 mihi,
2765 4827 2906 4879 sicut
2952 4841 3012 4879 se
3066 4824 3296 4891 habent,
3356 4840 3645 4878 enumera-

2067 4932 2172 4972 res.
2214 4916 2519 4988 Magister:
2576 4914 2940 4971 Enumerabo.
2988 4916 3082 4972 Ha:
3131 4926 3257 4971 sunt
3311 4928 3500 4973 artes:
3530 4919 3646 4971 dia-

2063 5009 2276 5074 lectica,
2302 5008 2640 5063 arithmetica
2660 5049 2675 5072 ,
2722 5009 3014 5076 geometria
3039 5048 3055 5071 ,
3119 5008 3340 5081 physica
3364 5048 3380 5074 ,
3414 5011 3571 5064 muti.
3589 5027 3617 5063 a

2063 5100 2416 5156 astronomia.
2456 5101 2532 5156 De
2556 5101 2784 5171 septima
2816 5116 2942 5155 vero
2966 5102 3192 5157 diversa:
3218 5110 3340 5157 sunt
3380 5102 3637 5172 plurimo-

2064 5206 2180 5245 rum
2211 5192 2494 5247 sententia:
2512 5205 2761 5262 quzenam
2787 5191 2884 5255 sit;
2905 5191 3205 5261 philosophi
3229 5192 3321 5260 qui
3351 5194 3644 5261 prophetas

2064 5301 2169 5338 non
2197 5293 2503 5347 sectantur,
2536 5284 2688 5339 aiunt
2718 5284 3135 5356 nigromantiam
3182 5299 3301 5339 esse
3331 5285 3639 5354 septimam.

2061 5376 2241 5446 Aliqui
2268 5391 2337 5432 ex
2371 5377 2475 5431 illis
2493 5376 2583 5446 qui
2615 5378 2911 5449 prophetiis
2935 5387 2985 5432 et
3008 5377 3362 5447 philosophia:
3388 5380 3638 5436 creiunt,

2062 5469 2251 5524 nolunt
2275 5484 2394 5525 esse
2414 5469 2830 5539 scientiamque
2859 5483 2944 5522 res
2973 5467 3243 5522 naturales
3263 5467 3345 5521 vel
3369 5467 3640 5521 elementa

2062 5565 2337 5617 mundana
2383 5562 2660 5634 praecellit.
2696 5559 2922 5627 Quidam
2972 5560 3061 5627 qui
3114 5558 3469 5626 philosophim
3532 5573 3638 5610 non

2063 5654 2323 5721 student,
2376 5651 2784 5725 grammaticam
2832 5665 2952 5705 esse
3000 5648 3285 5703 aﬂirmant.
3335 5646 3642 5703 Probitates

2063 5759 2195 5799 vero
2220 5747 2301 5798 hac
2320 5751 2448 5799 sunt
2476 5761 2489 5797 :
2518 5741 2797 5813 equitare,
2834 5750 3056 5801 natare.
3085 5740 3366 5809 saginare,
3398 5738 3641 5796 cestibus

2063 5843 2292 5902 certare,
2319 5848 2611 5906 aucupare,
2639 5832 2853 5889 scachis
2878 5829 3086 5895 ludere,
3118 5826 3436 5885 versiﬁcari.
3475 5829 3638 5885 Indu.
