4038 6454
383 413 486 470 δτι)

1335 398 1531 455 PETRI
1570 396 1906 452 ALPllON’Sl
1935 393 2021 448 EX
2055 391 2300 448 JUDAZO
2327 388 2715 446 CllRlSTIANl

3539 386 3640 441 630

389 531 537 584 sum
563 535 689 582 sum
717 539 781 580 ne
803 523 872 579 sit
901 535 1084 584 vorax,
1105 525 1338 586 potator,
1369 514 1695 572 luxuriosus,
1725 510 1963 562 vinolen-
1993 511 2038 565 Α
2067 506 2212 559 facto
2265 513 2598 574 exposceret.
2639 502 2740 568 Qui
2779 501 2972 554 donum
3007 502 3110 555 tale
3141 509 3456 570 expostttat
3491 510 3551 552 ut
3592 516 3648 554 se

387 631 508 683 tus,
563 616 830 674 mendax,
889 621 1082 662 avarus
1129 615 1184 658 et
1231 605 1296 658 de
1354 604 1491 655 mala
1528 601 1960 656 conversatione.

386 708 724 776 Discipulus:
757 702 868 756 lloc
898 709 1142 768 tempore
1190 706 1320 764 puto
1348 695 1619 748 neminem
1654 690 1961 759 huiusmodi

383 815 521 854 esse.
549 794 796 852 Correxit
815 792 1031 861 quidam
1057 787 1404 858 philosophus
1424 787 1589 840 filium
1619 803 1773 839 stttuu
1792 804 1804 838 :
1822 785 1965 839 (Save

387 887 746 949 mendacium,
779 885 904 952 quia
943 881 1152 936 dulcius
1180 890 1258 934 est
1289 894 1451 934 carne
1479 879 1816 942 voluchruut,
1843 891 1964 928 cum

383 982 503 1036 aliis
553 981 668 1035 leve
721 979 793 1032 sit
851 975 1190 1030 mendacium
1234 973 1521 1043 proferre.
1557 987 1727 1042 quare
1756 971 1967 1024 videtur

384 1086 545 1142 grave
567 1070 847 1123 veritatem
877 1067 1076 1120 dicere.
1101 1065 1248 1119 Alius
1277 1063 1630 1133 philosophus
1655 1079 1668 1114 :
1704 1062 1759 1115 Si
1785 1061 1968 1115 dicere

385 1173 594 1218 metuas
621 1163 760 1216 unde
790 1159 1075 1230 pumileas,
1127 1156 1315 1210 melius
1345 1165 1429 1210 est
1455 1171 1746 1223 numquam
1787 1154 1968 1210 dicere

384 1252 466 1306 sic
491 1249 812 1305 verecundia
835 1247 1087 1317 negandi,
1115 1261 1248 1300 cave
1285 1260 1352 1298 uc
1376 1244 1572 1298 inferat
1603 1244 1700 1297 tibi
1731 1245 1969 1298 necessi-

388 1353 551 1398 tatem
576 1341 890 1404 mentiendi,
908 1340 1031 1407 quia
1053 1337 1332 1392 honestius
1355 1349 1436 1391 est
1457 1353 1569 1390 rem
1591 1351 1787 1407 negare
1807 1353 1969 1405 quam

386 1436 574 1505 longos
618 1432 879 1488 terminos
927 1433 1079 1484 dare.
1122 1429 1277 1483 Alius
1311 1447 1323 1481 :
1355 1429 1400 1482 si
1434 1427 1714 1481 mendacio
1745 1427 1972 1496 qttilibet

387 1531 651 1592 salvator,
685 1525 852 1579 tnulto
883 1524 1052 1590 magis
1086 1522 1312 1574 veritate
1339 1532 1608 1574 servatur.

461 1624 762 1675 Accusatus
785 1617 1004 1686 quidam
1034 1615 1229 1669 ductus
1249 1621 1333 1666 est
1357 1621 1479 1665 ante
1506 1626 1684 1681 regem
1711 1608 1970 1677 judicein,

392 1727 708 1784 negansque
748 1711 957 1766 crimen
997 1705 1308 1776 impositum
1352 1705 1566 1758 tandem
1609 1703 1969 1756 convincitur.

390 1805 489 1858 Cui
516 1818 610 1857 rex
638 1820 652 1855 z
679 1799 974 1870 Dupliciter
995 1792 1438 1868 punieris,semel
1461 1807 1557 1861 pro
1578 1791 1807 1847 crimine
1828 1807 1977 1846 com-

2062 597 2356 664 jauitorent
2381 611 2491 649 sua:
2517 593 2751 647 civitatis
2787 606 2883 661 per
2914 607 3150 646 mensem
3183 591 3393 646 faceret
3418 631 3431 652 ,
3477 601 3536 643 et
3585 591 3651 643 ab

2067 690 2211 743 oumi
2243 689 2468 757 gibboso
2492 686 2795 749 denarium,
2827 687 2892 739 de
2922 684 3166 738 scabioso
3198 684 3488 736 denarium
3519 723 3534 743 ,
3589 685 3652 736 de

2070 781 2381 835 tuonoclero
2411 781 2718 838 denarium,
2764 787 2817 830 et
2854 778 2918 830 de
2947 776 3322 844 itnpetiginoso
3346 775 3650 838 denarium,

2067 886 2116 927 et
2151 876 2216 926 de
2246 873 2496 926 hcrnioso
2522 871 2799 925 denarium
2841 869 3084 930 haberet,
3120 867 3262 935 quod
3299 883 3398 919 rex
3434 882 3654 918 corces-

2069 967 2139 1020 sit
2183 974 2238 1019 et
2281 964 2456 1033 sigillo
2505 963 2803 1018 roboravit.
2837 961 2958 1028 Qui,
2999 959 3308 1014 ministerio
3359 970 3652 1025 sinet-cpio,

2072 1067 2238 1127 porta:
2255 1057 2460 1110 assedit
2483 1065 2540 1111 et
2574 1055 2931 1109 miuisterium
2962 1069 3116 1107 suum
3151 1053 3281 1120 egit.
3301 1050 3552 1117 Quadam
3575 1053 3654 1103 die

2069 1147 2325 1217 gibbosus
2342 1146 2478 1200 bene
2493 1154 2717 1215 capatns
2731 1160 2852 1198 cum
2871 1143 3059 1198 baculo
3076 1151 3285 1212 portam
3310 1142 3557 1203 intravit;
3573 1143 3652 1195 συί

2070 1239 2407 1294 versiﬁcator
2435 1239 2626 1292 obvius
2646 1237 2924 1291 denarium
2957 1236 3317 1305 postnlat,qui
3344 1236 3480 1287 dare
3501 1235 3657 1287 dene-

2072 1338 2180 1399 gat.
2203 1327 2580 1382 Versificatore
2611 1326 2718 1378 vim
2738 1325 3025 1390 inferente,
3049 1325 3174 1378 dum
3203 1323 3488 1392 caputium
3521 1322 3657 1375 levat

2076 1421 2143 1474 de
2173 1419 2368 1488 capite,
2411 1417 2692 1486 gibbosutu
2727 1416 3079 1485 deprehendit
3109 1413 3483 1468 monoclerunt
3515 1430 3654 1476 cht',

2073 1509 2208 1562 duos
2222 1525 2351 1577 ergo
2370 1507 2617 1562 denarios
2635 1507 2867 1573 postulat
2887 1522 2915 1557 a
2933 1520 3039 1573 quo
3054 1506 3201 1574 prius
3215 1520 3386 1557 unum
3406 1506 3653 1571 expetiit.

2074 1599 2252 1655 Noluit
2281 1602 2432 1666 dare,
2475 1610 2712 1654 retentus
2751 1608 2853 1652 est.
2887 1598 3001 1652 Non
3036 1599 3240 1651 habens
3266 1598 3536 1651 auxilium
3575 1598 3657 1650 fu-

2076 1707 2204 1764 gere
2228 1691 2414 1758 voluit,
2446 1693 2538 1746 sed
2564 1707 2660 1762 per
2689 1693 2960 1761 caputimn
2995 1699 3291 1754 retractus,
3344 1690 3525 1758 capite
3565 1707 3660 1743 nu-

2077 1784 2204 1838 dato
2249 1784 2498 1852 apparuit.
2548 1784 2848 1837 scabiosus.
2900 1782 3204 1852 lnterrogat
3260 1784 3513 1851 protinus
3554 1791 3658 1836 tres

394 1894 591 1958 misso,
635 1867 873 1946 secundo
937 1867 1034 1958 pro
1092 1887 1319 1941 crimine
1373 1893 1589 1954 negato.
1645 1883 1796 1938 Alius
1849 1899 1971 1937 cum
2007 1867 2048 1923 Β
2076 1877 2346 1932 denariis.
2379 1875 2577 1931 Videtis
2600 1877 2855 1944 gibbosus
2885 1890 3058 1944 neque
3089 1875 3233 1944 fuga,
3259 1890 3436 1944 neque
3466 1875 3660 1928 allXiliO

391 1987 642 2042 similiter
683 1992 970 2039 accusatus
1005 1980 1146 2050 quod
1200 1978 1547 2033 connuiserat
1576 1992 1681 2031 non
1715 1978 1929 2047 negavit
1954 2017 1970 2042 ,

391 2079 646 2132 dixerunt
693 2076 802 2147 regi
835 2075 926 2145 qui
973 2073 1294 2137 astiterant,
1336 2069 1404 2124 de
1451 2069 1679 2124 crimine
1723 2069 1974 2124 confesso

387 2171 650 2242 judicium
681 2177 876 2223 sumet.
916 2166 1030 2221 Non
1089 2164 1184 2228 ita,
1221 2179 1314 2218 rex
1349 2163 1549 2232 inquit,
1581 2162 1705 2231 quia
1736 2162 1975 2232 philoso-

397 2263 536 2332 phus
565 2261 699 2316 dicit
728 2277 739 2312 :
767 2257 1060 2315 Confitenti
1107 2264 1387 2326 peccatum
1441 2255 1580 2309 ra:io
1619 2263 1700 2308 est
1732 2253 1977 2308 relaxare

388 2353 675 2423 judicium,
707 2352 890 2421 sicque
923 2350 1058 2404 liber
1083 2350 1260 2405 factus
1289 2364 1320 2402 a
1345 2362 1470 2417 rege
1493 2348 1761 2403 discessit.
1789 2346 1880 2402 SOt
1900 2364 1979 2399 ru-

395 2457 478 2500 tes
506 2465 518 2500 :
553 2445 706 2500 Sicut
735 2444 897 2498 homo
935 2443 1165 2497 mendax
1195 2441 1244 2495 in
1276 2439 1557 2509 principiis
1583 2441 1844 2494 comitatu
1871 2454 1976 2493 non

396 2537 680 2601 convenit,
731 2537 808 2590 sic
839 2551 866 2588 τι
913 2551 1080 2605 regno
1130 2533 1390 2586 caelorum
1440 2531 1806 2585 excludendos
1850 2531 1976 2584 erit.

395 2632 626 2698 Quidam
657 2629 1007 2700 philosOphus
1036 2627 1169 2679 dixit
1195 2626 1304 2679 lilio
1323 2624 1619 2677 suo:Sicut
1638 2623 1778 2691 ignis
1803 2625 1976 2692 ignem

400 2741 506 2778 non
539 2723 711 2794 pttnil,
755 2723 833 2776 sic
867 2721 1066 2774 malum
1117 2719 1260 2772 man
1308 2733 1414 2770 non
1466 2715 1652 2779 cedit;
1691 2725 1749 2767 ut
1803 2717 1976 2784 ignem

398 2832 534 2884 aqua
560 2813 862 2883 extinguit,
903 2811 982 2865 sic
1029 2811 1172 2864 bono
1224 2809 1422 2862 malum
1474 2807 1697 2876 quilibet
1731 2807 1977 2860 destruit.

399 2909 478 2963 Ne.
507 2909 700 2962 rcdtias
723 2905 922 2960 malum
953 2920 1050 2974 pro
1076 2902 1240 2966 tnalo,
1269 2919 1336 2956 ne
1364 2902 1437 2955 sis
1467 2898 1658 2954 similis
1698 2897 1857 2961 malo,
1887 2898 1978 2951 sed

401 3002 568 3056 red.le
607 3003 828 3063 bonum,
849 3008 904 3051 nt
931 2997 1123 3050 melior
1142 2996 1215 3050 sis
1240 2995 1404 3049 malo.
1423 2993 1572 3046 Alius
1599 2992 1977 3061 philosophus:

401 3093 480 3149 Ne
500 3093 744 3148 confidas
773 3093 824 3144 in
853 3090 994 3142 ntalo
1040 3089 1084 3140 si
1136 3086 1433 3158 periculum
1479 3084 1719 3139 evaseris
1749 3092 1806 3136 ut
1835 3082 1981 3136 aliud

404 3187 580 3250 ineas,
619 3185 744 3253 quia
783 3183 914 3237 illud
953 3196 1057 3235 non
1087 3180 1254 3234 facies
1301 3189 1358 3233 ut
1388 3178 1564 3233 simile
1614 3187 1978 3245 pertranseas.

405 3278 551 3332 Dixit
581 3275 847 3330 Arabicus
873 3273 983 3328 filio
1009 3288 1108 3328 suo
1141 3288 1157 3326 :
1183 3271 1242 3325 Si
1272 3269 1474 3324 videris
1499 3267 1795 3338 quemlibet
1827 3266 1986 3321 malis

403 3365 660 3436 operibus
693 3365 1058 3435 pungi-avari,
1117 3377 1184 3417 ne
1232 3370 1285 3417 te
1333 3359 1686 3426 intromittas,
1734 3359 1860 3427 quia
1891 3361 1982 3429 qui

405 3459 700 3532 pendulum
731 3457 974 3522 solverit,
1004 3474 1165 3527 super
1200 3472 1323 3511 eum
1348 3455 1475 3509 erit.

994 3549 1266 3604 FABULA
1306 3546 1394 3602 ιν.

476 3664 773 3721 Transiens
801 3664 1019 3735 quidam
1047 3679 1144 3733 per
1172 3663 1402 3735 sylvam,
1449 3663 1655 3717 invenit
1681 3673 1984 3732 serpentem

407 3775 440 3814 θ
468 3757 776 3828 pastoribus
801 3763 1078 3810 extentum
1117 3764 1173 3810 et
1196 3754 1470 3824 stipitibus
1499 3755 1798 3823 alligatum,
1826 3769 1987 3823 quem

411 3867 537 3905 mox
567 3849 802 3906 solutum
836 3847 1137 3903 calefacere
1167 3846 1401 3901 caravit.
1429 3846 1737 3901 Calefactns
1762 3861 1989 3915 serpens

412 3945 556 3998 circa
609 3942 882 3998 foventem
932 3956 1151 4011 serpere
1192 3940 1378 4010 cwpit,
1434 3950 1489 3993 et
1519 3939 1734 3994 tandem
1768 3939 1987 4010 ligatum

410 4035 648 4103 graviter
669 4034 906 4090 strinxit.
939 4032 1090 4089 Tunc
1135 4035 1297 4088 homo
1325 4051 1339 4086 :
1370 4031 1533 4098 Quid,
1574 4033 1770 4102 inquit,
1809 4032 1988 4086 facis?

409 4129 520 4194 Cur
551 4128 750 4182 malum
781 4143 876 4198 pro
904 4128 1046 4181 bono
1077 4125 1292 4181 reddis?
1319 4125 1402 4180 Ad
1440 4125 1554 4178 [nec
1580 4138 1804 4192 serpens
1837 4140 1851 4179 :
1886 4122 1992 4176 Na-

415 4231 590 4276 turam
619 4235 794 4274 meam
827 4218 992 4273 facio.
1017 4217 1338 4281 Bonum,ait
1361 4217 1469 4283 ille,
1505 4215 1600 4270 tibi
1635 4214 1834 4282 feci,et
1862 4214 1992 4268 illud

414 4313 556 4368 malo
609 4312 740 4367 mihi
785 4311 990 4366 solvis?
1033 4310 1141 4365 Illis
1169 4311 1248 4365 sic
1279 4310 1731 4366 contendentibus
1757 4350 1771 4374 ,
1801 4322 1992 4364 vocata

411 4421 496 4465 est
526 4411 666 4464 inter
689 4424 784 4464 eos
807 4407 1151 4478 adjudiciuin
1179 4405 1384 4474 vulpes,
1411 4405 1494 4460 cui
1529 4413 1700 4462 totum
1733 4417 1792 4459 ut
1814 4406 1994 4460 evenit

413 4519 481 4558 ex
531 4503 722 4558 ordine
754 4508 1117 4555 monstratum
1160 4508 1264 4553 est.
1299 4497 1450 4553 Tunc
1488 4497 1678 4568 vulpes
1721 4515 1734 4550 :
1772 4498 1844 4552 De
1896 4497 1996 4552 hac

416 4610 578 4650 causa
598 4609 693 4664 per
715 4592 956 4645 auditum
980 4590 1227 4658 judicare
1255 4593 1463 4660 ignoro,
1481 4591 1582 4645 nisi
1603 4589 1834 4660 qualiter
1856 4592 1995 4644 inter

415 4703 512 4743 vos
531 4686 764 4758 primum
792 4683 955 4738 fuerit
981 4684 1046 4736 ad
1071 4683 1283 4738 oculum
1304 4683 1478 4737 video.
1495 4682 1775 4757 Religatur
1800 4684 1994 4736 iterum

416 4791 641 4847 serpens
667 4785 725 4828 ut
751 4773 918 4844 prius.
953 4771 1129 4838 Modo,
1163 4773 1338 4842 inquit
1375 4773 1582 4842 vulpes,
1625 4788 1658 4826 ο
1680 4787 1922 4842 serpens,
1951 4773 1993 4826 si

401 4879 573 4994 'uotes
595 4867 846 4931 evadere,
875 4865 1126 4931 discede;
1157 4878 1231 4930 et,
1262 4866 1442 4930 homo,
1477 4866 1542 4920 de
1588 4863 1846 4919 solvendo
1877 4881 1997 4919 ser-

421 4970 580 4994 I\nnln
611 4959 715 4994 nnli
742 4958 988 4994 Ι-ιΙιΛιιιηιο
1027 4958 1211 4994 Νιιιιηιι
1229 4958 1401 4994 laniati
1431 4959 1555 4994 nni-3
1582 4957 1672 4994 nni
1709 4958 1996 4994 nandi-Inn-

419 4970 580 5032 ponte
610 4959 716 5014 noli
741 4958 1007 5013 laborare.
1025 4958 1402 5030 Nonnelegisti
1431 4959 1555 5028 quia
1582 4957 1673 5027 qui
1707 4958 1997 5027 pendulum

421 5052 600 5116 solvit,
628 5067 790 5121 super
815 5051 959 5105 illutn
989 5053 1113 5105 erit.

494 5143 638 5196 Dixit
680 5142 852 5195 Arabs
881 5142 992 5194 filio
1031 5156 1174 5194 suo:
1217 5139 1275 5193 Si
1307 5149 1564 5207 gravatus
1607 5139 1775 5192 fueris
1823 5137 2001 5208 aliquo

422 5235 583 5290 modo
631 5243 684 5288 et
732 5232 889 5286 facile
920 5233 1093 5302 possis
1122 5232 1363 5295 liberari,
1405 5246 1509 5284 non
1541 5241 1815 5298 expectes,
1853 5233 2002 5300 quia,

423 5327 549 5382 dum
571 5325 881 5395 expectabis
902 5325 1122 5377 liberari
1155 5321 1384 5385 facilius,
1411 5323 1726 5391 gravaberis
1749 5322 2000 5392 amplius,

356 5421 381 5451 “
423 5429 478 5472 et
505 5433 572 5472 ne
603 5417 696 5472 tibi
734 5418 1011 5485 contingat
1056 5415 1199 5484 quod
1233 5415 1459 5480 contigit
1490 5415 1715 5484 gibboso
1743 5417 1808 5470 de
1833 5417 2004 5470 versi-

424 5512 665 5566 ficatore.
695 5510 762 5564 Et
798 5509 1090 5579 quomodo,
1130 5507 1304 5574 inquit
1334 5506 1520 5562 ﬁlius?

1038 5621 1308 5678 FABULA
1349 5623 1414 5677 Υ.

496 5744 726 5811 Quidam
749 5738 1084 5796 versificator
1099 5753 1283 5793 versus
1302 5738 1504 5792 faciens
1515 5737 1860 5808 prazsentavit
1875 5737 2004 5808 regi,

429 5846 483 5890 et
509 5834 744 5890 laudavit
790 5847 883 5887 rex
932 5828 1226 5899 ingenium,
1267 5827 1536 5900 iussitque
1582 5840 1637 5884 ut
1685 5832 1883 5886 donum
1911 5846 2008 5899 pro

2079 1981 2136 2019 se
2169 1982 2324 2034 posse
2370 1965 2581 2020 defendi
2604 2006 2618 2028 ,
2660 1967 2824 2033 cwpit
2853 1966 2901 2016 vi
2939 1965 3218 2027 resistere,
3258 1965 3661 2033 del'endcnsque

2078 2075 2136 2113 se
2178 2059 2390 2112 nudatis
2437 2060 2672 2112 brachiis
2717 2057 2965 2126 apparuit
3010 2058 3216 2112 habens
3266 2059 3656 2128 impetiginem;

2085 2159 2336 2219 quartum
2382 2165 2510 2203 vero
2569 2150 2848 2203 denarium
2899 2149 3151 2218 postulat.
3204 2149 3302 2203 Cui
3359 2150 3660 2204 defendenti

2079 2255 2304 2308 cappani
2339 2238 2578 2303 abstulit,
2611 2246 2663 2290 ct
2696 2238 2922 2292 cadente
2970 2238 3059 2291 illo
3098 2239 3149 2292 iu
3179 2248 3419 2302 terram,
3450 2238 3663 2293 licinio-

2081 2348 2197 2384 sttttt
2229 2333 2512 2400 comperit,
2543 2331 2789 2400 quintum
2819 2347 2947 2402 ergo
2979 2331 3261 2384 denarium
3295 2333 3545 2386 extorsit.
3574 2331 3667 2384 Sic

2081 2424 2307 2492 contigit
2349 2423 2518 2490 utqui
2561 2437 2726 2476 unum
2764 2424 2894 2478 dare
2935 2424 3137 2489 noluit,
3184 2425 3427 2494 quinque
3471 2424 3672 2478 invitas

2081 2512 2248 2564 dedit.

2157 2605 2295 2657 Dixit
2331 2603 2680 2673 philosophus
2711 2604 2817 2659 filio
2844 2622 2940 2660 suo
2972 2625 2983 2660 :
3013 2605 3132 2670 Fili,
3173 2607 3293 2660 vide
3326 2620 3394 2659 ne
3425 2617 3675 2658 transeas

2083 2711 2178 2762 per
2217 2697 2398 2750 sedem
2441 2697 2618 2766 gentis
2662 2697 2894 2766 iniquae,
2929 2698 3191 2752 transitus
3237 2714 3476 2766 namque
3513 2713 3676 2751 causa

2085 2791 2142 2843 lit
2187 2800 2392 2856 status,
2453 2800 2628 2844 status
2671 2790 2886 2845 occasio
2940 2792 3229 2857 sessionis,
3289 2794 3467 2846 sessio
3513 2809 3675 2845 causa

2083 2894 2283 2947 operis.

2678 2971 2956 3028 FABULA
2999 2974 3083 3030 Vl.

2156 3064 2370 3119 Dictum
2397 3073 2480 3119 est
2503 3065 2636 3120 duos
2665 3065 2895 3122 clericos
2917 3067 2984 3121 de
3004 3066 3224 3121 civitate
3251 3067 3437 3121 exisse
3461 3080 3681 3134 vespere

2087 3167 2146 3211 ut
2169 3157 2632 3228 expatriarentur.
2660 3159 2932 3214 Venerunt
2957 3175 3088 3230 ergo
3114 3160 3164 3212 in
3192 3158 3371 3212 locum
3402 3159 3494 3212 tibi
3524 3169 3679 3228 pota-

2089 3259 2232 3305 tores
2280 3260 2668 3306 convenerant.
2706 3251 2851 3306 Dixit
2884 3251 3021 3307 alter
3055 3252 3201 3308 socio
3252 3267 3354 3307 suo
3385 3269 3398 3305 :
3440 3251 3680 3308 Diverta-

2087 3361 2206 3400 mus
2227 3345 2332 3398 alia
2357 3345 2460 3407 via,
2479 3347 2604 3416 quia
2627 3347 2982 3418 philosophus
3000 3347 3132 3403 dicit
3155 3364 3261 3402 non
3287 3349 3677 3403 transeundum

2087 3450 2182 3506 per
2212 3438 2393 3492 sedem
2421 3439 2599 3509 gentis
2627 3440 2843 3508 iniquze.
2893 3440 3190 3509 Respondit
3219 3441 3403 3495 socius
3435 3458 3449 3493 :
3474 3441 3678 3494 Trans-

2090 3528 2195 3584 itus
2230 3544 2336 3583 non
2374 3531 2610 3596 nocebit,
2641 3532 2687 3585 si
2715 3531 2858 3584 aliud
2885 3547 2991 3586 non
3023 3531 3214 3595 fuerit;
3248 3540 3303 3584 et
3336 3540 3682 3585 transeuntes

2089 3620 2380 3676 audierunt
2402 3622 2455 3676 in
2477 3621 2638 3677 domo
2659 3623 3008 3678 cantilenam.
3035 3622 3250 3676 Sustitit
3270 3621 3417 3677 alter
3439 3633 3681 3678 retentus

2089 3709 2369 3767 dulcedine
2399 3721 2611 3768 cantus.
2645 3711 2848 3767 Monuit
2874 3713 3053 3768 socius
3084 3713 3185 3778 ire,
3208 3715 3298 3781 qui
3335 3713 3532 3768 noluit.
3565 3713 3680 3768 Be-

2089 3801 2320 3857 cedente
2346 3803 2497 3858 socio
2537 3805 2803 3858 remansit
2834 3803 3004 3865 solus,
3041 3803 3358 3872 illectusque
3385 3813 3549 3859 cantu
3582 3805 3679 3858 du-

2091 3911 2236 3949 mum
2281 3897 2523 3951 intravit.
2555 3895 2801 3966 Undique
2844 3907 3066 3950 vocatus
3094 3896 3264 3959 sedit,
3313 3895 3514 3950 sedens
3557 3912 3680 3950 eum

2091 3989 2213 4046 aliis
2251 3990 2474 4059 potavit.
2519 3989 2587 4044 Et
2623 4005 2754 4045 ecce
2795 4004 2974 4060 praeco
3014 3988 3418 4059 exploratorem
3447 3989 3686 4042 civitatis

2092 4079 2386 4151 fugientem
2411 4096 2662 4151 sequens,
2695 4092 2816 4151 post
2849 4081 2996 4136 illum
3024 4080 3240 4135 domum
3265 4081 3574 4150 potantium
3606 4081 3689 4133 in-

2095 4174 2276 4228 travit.
2296 4174 2515 4229 lnvento
2536 4174 2876 4243 exploratore
2897 4174 2950 4229 in
2976 4173 3060 4228 illa
3081 4175 3262 4238 domo,
3285 4175 3403 4242 ipse
3423 4183 3480 4228 et
3497 4190 3688 4228 omnes

2095 4268 2241 4338 capti
2269 4277 2399 4322 sunt
2429 4287 2441 4321 :
2482 4267 2600 4334 Hic,
2631 4269 2828 4339 inquit,
2862 4269 3155 4340 hospitium
3189 4267 3352 4338 hujus
3376 4270 3688 4339 explorato-

2094 4361 2171 4416 ris
2201 4360 2322 4425 fuit,
2349 4361 2473 4417 hinc
2509 4361 2662 4426 exiit,
2695 4363 2798 4416 huc
2821 4363 2999 4427 rediit,
3022 4377 3212 4418 omnes
3238 4363 3450 4417 conscii
3475 4377 3531 4417 et
3556 4363 3686 4418 socii

2099 4451 2276 4507 fuistis
2325 4450 2503 4520 hujus.
2546 4451 2697 4506 Ducti
2739 4463 2866 4507 sunt
2893 4453 3096 4524 {omnes
3149 4452 3214 4507 ad
3253 4454 3596 4523 patibulum,
3636 4464 3694 4507 et

2033 4566 2074 4620 ι)
2099 4546 2332 4601 clericus
2359 4548 2502 4600 inter
2524 4546 2646 4600 illos
2669 4561 2862 4616 magna
2886 4562 3018 4602 voce
3041 4547 3372 4616 prmdieabat
3395 4548 3686 4602 omnibus:

2099 4638 2358 4708 Quisquis
2385 4637 2582 4707 iniquae
2606 4638 2782 4708 gentis
2818 4639 3094 4693 consortio
3120 4637 3340 4707 fruitur,
3373 4640 3569 4709 procul
3594 4639 3692 4692 du-

2101 4729 2187 4783 bio
2214 4727 2406 4782 mortis
2433 4727 2718 4782 immeritae
2745 4741 2934 4796 poenas
2956 4726 3216 4781 lncratur.

2169 4820 2364 4875 Fertur
2414 4821 2480 4876 de
2527 4821 2734 4874 duobus
2779 4820 3058 4889 discipulis
3107 4823 3248 4889 quod
3304 4835 3576 4876 exeuntes
3626 4821 3696 4873 de

2100 4911 2330 4982 quadam
2355 4912 2576 4967 civitate
2598 4922 2860 4966 venerum
2883 4911 2935 4964 in
2963 4910 3137 4966 locum
3164 4912 3252 4965 ubi
3279 4927 3382 4966 vox
3408 4912 3696 4982 cujusdam

2103 5004 2316 5057 feminae
2345 5003 2502 5059 valde
2541 5019 2734 5059 sonora
2774 5003 3124 5065 audiebatur,
3173 5003 3452 5074 verbaque
3503 5016 3698 5060 cantus

2104 5097 2240 5151 bene
2269 5097 2566 5166 composita
2603 5105 2790 5158 erant,
2841 5105 2896 5150 et
2941 5105 3134 5150 cantus
3170 5097 3282 5166 ipse
3314 5097 3522 5152 musice
3559 5112 3699 5152 con-

2105 5196 2350 5241 structus
2402 5187 2553 5242 valde
2599 5185 2932 5240 delectabilis
2970 5195 3026 5240 et
3077 5187 3377 5241 amatorius
3427 5187 3696 5242 insonuit.

2107 5277 2320 5331 Snstitit
2342 5278 2482 5332 alter
2514 5277 2784 5332 cantilena
2817 5291 3091 5344 retentus;
3121 5295 3206 5334 cui
3239 5280 3423 5334 socius
3450 5296 3465 5332 :
3502 5279 3700 5334 Diver-

2109 5380 2313 5433 tamus,
2355 5380 2410 5423 et
2440 5371 2777 5425 diverterunt
2803 5373 2947 5437 hinc,
2981 5374 3106 5443 quia
3137 5373 3416 5427 interdum
3459 5372 3704 5427 volucris

2107 5461 2372 5530 decipitur
2394 5472 2555 5516 cantu
2580 5477 2687 5533 quo
2708 5463 2774 5517 ad
2801 5475 3029 5518 mortem
3059 5464 3395 5534 producitur,
3415 5476 3471 5519 et
3495 5467 3703 5518 iterum

2109 5567 2248 5606 ttnus
2277 5570 2289 5606 :
2319 5554 2427 5607 Ista
2455 5570 2557 5609 vox
2586 5554 2796 5610 dulcior
2819 5565 2902 5611 est
2933 5556 3021 5610 illa
3043 5573 3207 5626 quant
3230 5571 3334 5626 ego
3353 5567 3408 5612 et
3434 5556 3707 5627 magister

2110 5662 2261 5701 meus
2284 5645 2608 5716 jampridem
2639 5649 3003 5704 audieramus.
3036 5649 3103 5705 Et
3129 5650 3306 5720 qualis
3334 5659 3490 5714 erat,
3521 5650 3707 5720 inquit

2091 5735 2268 5802 alter,
2295 5747 2351 5793 et
2383 5740 2651 5808 quomodo
2688 5740 2830 5795 illam
2868 5741 3137 5796 audistis?
3174 5740 3401 5807 Evenit,
3433 5740 3570 5796 dixit
3607 5755 3708 5794 so-

2111 5831 2260 5896 cius,
2307 5833 2448 5902 quod
2493 5847 2522 5886 a
2561 5833 2780 5890 civitate
2829 5835 3165 5901 exieramus,
3204 5846 3259 5890 et
3305 5836 3385 5891 sic
3434 5851 3539 5891 vox
3586 5851 3708 5890 una
