4142 6360
295 423 395 478 681

1511 402 1892 462 DiSCH‘LlNA
1934 395 2363 456 CLElthALlS.

3475 391 3583 447 ϐω

300 548 602 610 asperrtma
636 530 980 594 audiebatur,
1013 535 1068 585 et
1095 533 1288 582 cantus
1317 522 1726 594 incompositus.
1756 533 1884 575 ver-
1911 518 1958 578 Α
1989 514 2206 610 rissime
2243 513 2480 580 domine,
2528 520 2588 610 ut
2627 509 2840 610 oculum
2887 523 3078 610 sanum
3129 503 3436 610 medicina“

301 633 479 702 baque
512 626 819 683 inordinate
858 621 1155 684 sonabant,
1188 619 1390 689 quique
1417 616 1672 682 cantabat
1695 612 1893 684 sapius

301 740 402 798 per
429 721 572 778 idem
609 715 910 789 repetebat,
943 723 997 769 et
1026 727 1124 768 suo
1160 711 1286 767 licet
1329 725 1524 780 aspero
1550 702 1894 774 cantuquasi

303 797 609 870 delectabili
637 805 1000 864 detinebatur.
1034 801 1190 858 Tunc
1217 802 1352 857 mihi
1388 800 1648 871 magister
1673 813 1688 852 :
1718 797 1776 852 Si
1807 811 1899 850 ve-

305 919 426 961 rum
450 910 535 958 est
556 899 698 970 quod
719 897 970 953 homines
991 894 1180 950 dicunt
1201 907 1384 948 vocem
1408 890 1638 946 bubonis
1664 887 1900 944 hominis

308 1001 541 1049 mortem
565 987 908 1061 portendere,
937 997 1064 1040 tunc
1092 983 1194 1038 ista
1217 983 1335 1038 sine
1357 981 1518 1037 dubio
1543 995 1645 1034 vox
1671 977 1900 1032 bubonis

308 1083 514 1140 homini
537 1091 766 1136 mortem
788 1078 1095 1133 annuntiat.
1111 1076 1207 1133 Cui
1223 1091 1323 1148 ego
1339 1093 1352 1129 :
1368 1073 1554 1137 Miror,
1568 1087 1691 1128 cum
1709 1077 1903 1125 cantus

308 1177 382 1231 sit
404 1186 511 1231 tam
534 1173 809 1238 horridus,
827 1171 1043 1226 curiste
1065 1177 1273 1224 tantum
1297 1170 1350 1224 itt
1374 1167 1465 1222 illo
1495 1164 1812 1220 delectatur.
1833 1161 1900 1217 Et

312 1267 405 1322 ille
433 1266 566 1322 mihi
586 1283 601 1320 :
621 1264 737 1320 Non
765 1263 1077 1320 recordaris
1105 1262 1248 1317 illius
1275 1258 1578 1330 philosophi
1611 1257 1704 1328 qui
1732 1256 1862 1312 dicit
1885 1270 1901 1310 :

312 1358 370 1414 In
402 1359 576 1414 tribus
615 1357 916 1414 delectatur
952 1356 1144 1419 homo,
1185 1365 1238 1409 et
1268 1354 1312 1409 si
1340 1353 1479 1408 bona
1515 1366 1622 1406 non
1649 1358 1802 1413 sunt,
1850 1349 1904 1404 in

314 1464 410 1505 sua
437 1463 591 1514 voce,
613 1462 713 1504 suo
735 1447 998 1514 carmine,
1025 1461 1124 1500 suo
1153 1445 1280 1502 lilio.
1311 1444 1382 1501 Ut
1409 1444 1552 1498 istud
1583 1442 1646 1497 de
1678 1457 1738 1497 se
1762 1439 1908 1496 etde

315 1541 578 1611 magistro
604 1547 942 1599 narraverat,
964 1537 1195 1606 digressi
1231 1545 1360 1592 sunt
1391 1535 1517 1590 inde
1544 1534 1727 1588 ambo.

392 1629 541 1683 Dixit
560 1628 778 1699 quidam
801 1625 1157 1698 philosophus
1183 1625 1292 1681 tilio
1327 1640 1426 1681 suo
1451 1642 1462 1678 :
1495 1623 1738 1695 Sequere
1761 1636 1908 1679 scor-

316 1722 564 1794 pionem,
607 1721 848 1784 leonem,
895 1719 1214 1785 draconem,
1266 1717 1361 1773 sed
1411 1715 1612 1770 malam
1651 1713 1908 1769 feminam

319 1829 426 1869 non
468 1812 735 1884 sequeris.
775 1811 931 1866 Alius
969 1810 1364 1880 philosophus:
1395 1809 1503 1865 Ora
1542 1807 1709 1862 Deum
1750 1815 1811 1862 ut
1857 1816 1910 1862 te

319 1903 513 1960 liberet
539 1872 607 1958 ab
637 1902 856 1973 ingenio
888 1872 1119 1971 nequam
1157 1872 1502 1964 fientinarnm,
1535 1907 1592 1954 et
1621 1908 1677 1953 tu
1703 1898 1817 1969 ipse
1842 1912 1912 1952 ne
1940 1872 1988 1934 Β

317 1991 612 2062 decipiaris
644 1990 737 2046 tibi
767 1989 1012 2061 provide.
1049 1988 1264 2044 Dictum
1295 2003 1530 2058 namque
1560 1999 1644 2044 est
1682 1989 1750 2044 de
1787 1987 1912 2058 phi-

317 2087 547 2157 losopho
579 2085 723 2156 quod
759 2083 1030 2141 transiens
1071 2082 1126 2138 itt
1175 2081 1334 2137 talem
1367 2081 1543 2137 locum
1580 2096 1688 2152 quo
1714 2094 1914 2151 auceps

320 2187 441 2235 rete
462 2178 770 2233 retenderat
794 2177 987 2233 avibus
1007 2174 1370 2245 decipiendis,
1387 2173 1522 2228 vidit
1542 2171 1913 2229 mulierculam

321 2284 450 2327 cum
481 2284 548 2326 eo
570 2269 976 2335 lascivientem;
1013 2268 1101 2324 cui
1138 2267 1278 2323 dixit
1309 2285 1324 2324 :
1353 2266 1455 2334 Qui
1493 2281 1622 2321 aves
1663 2264 1918 2336 decipere

323 2359 565 2424 conaris,
593 2358 719 2414 vide
745 2373 814 2414 ne
837 2357 1048 2414 avicula
1080 2357 1256 2412 factus
1285 2355 1445 2426 hujus
1477 2356 1627 2410 visco
1655 2353 1914 2411 tenearis.

326 2449 476 2506 Dixit
499 2448 720 2520 quidam
745 2445 1040 2517 discipulus
1061 2446 1323 2518 magistro
1349 2460 1449 2501 suo
1480 2462 1494 2501 :
1523 2443 1652 2516 Legi
1682 2444 1736 2499 in
1761 2443 1917 2500 libris

324 2540 768 2614 philosomtorum
799 2540 997 2611 quibus
1031 2539 1352 2610 praecipiunt
1388 2545 1450 2592 ut
1491 2537 1561 2592 ab
1588 2536 1804 2608 ingenio
1833 2535 1918 2592 fe-

328 2633 492 2705 minae
526 2646 796 2703 perversae
830 2630 1102 2687 custodiat
1152 2644 1213 2686 se
1250 2630 1445 2695 homo,
1475 2637 1530 2684 et
1565 2627 1823 2684 Salomon
1863 2629 1918 2684 in

329 2724 636 2782 Proverbiis
648 2725 751 2780 hoc
773 2723 916 2780 idem
929 2723 1186 2779 admonet
1206 2722 1254 2795 (l
1265 2721 1342 2793 9).
1369 2720 1475 2778 Sed
1501 2729 1556 2775 tu
1581 2720 1625 2776 si
1646 2736 1809 2792 super
1830 2720 1917 2775 in-

327 2817 490 2890 genio
512 2815 631 2886 ejus
658 2817 775 2873 sive
801 2817 870 2873 de
900 2815 1122 2882 fabulis,
1144 2815 1261 2871 sive
1292 2814 1359 2871 de
1384 2813 1692 2886 proverbiis
1711 2812 1919 2883 aliquid

331 2911 649 2988 memoriter
677 2919 860 2976 tenes,
892 2908 1084 2965 vellem
1123 2905 1428 2963 enarranda
1466 2921 1554 2962 me
1595 2905 1918 2961 instrueres.

333 3003 580 3069 Faciam,
610 3001 806 3072 inquit,
843 3002 918 3057 tui
952 3016 1114 3057 causa
1153 3000 1406 3068 libenter,
1434 3001 1529 3056 sed
1555 3013 1750 3056 vereor
1770 3001 1848 3054 'ne
1874 2997 1919 3055 si

334 3092 427 3162 qui
465 3101 648 3147 nostra
678 3089 910 3161 simplici
942 3091 1127 3148 animo
1171 3090 1413 3162 legentes
1442 3090 1688 3160 carmina
1713 3104 1834 3160 quae
1856 3089 1923 3144 de

1993 604 2311 660 confirmem
2333 613 2388 659 et
2409 603 2668 670 carmine,
2686 617 2753 658 ne
2775 604 2848 658 ita
2871 601 3087 658 eveniat
3113 601 3179 656 de
3207 613 3342 656 sano
3361 608 3420 655 ut
3447 600 3587 656 mihi

1995 699 2176 754 evenit
2199 697 2311 769 jam
2340 697 2406 753 de
2447 711 2737 766 percusso,
2772 696 2899 766 quia
2931 695 3224 766 dampnum
3252 702 3403 749 tuum
3431 709 3586 750 com-

1997 803 2161 845 mune
2182 802 2263 844 ρει
2287 787 2770 858 nobis.Apponet.s
2785 802 2848 842 os
2876 802 3032 842 suum
3052 785 3120 840 ad
3147 784 3362 841 oculum
3393 801 3589 842 sanum

2000 889 2110 935 tam
2142 879 2234 935 diu
2267 878 2400 936 fovit
2433 894 2718 950 quousque
2745 895 2773 933 a
2813 879 2932 935 loco
2958 879 3050 933 ubi
3079 886 3196 933 erat
3239 879 3591 934 absconditus

1999 970 2228 1036 amicus,
2269 971 2390 1025 viro
2437 971 2744 1034 nesciente,
2807 970 3078 1027 discessit.
3127 970 3480 1042 Tandemque
3529 985 3594 1027 se

2000 1060 2467 1130 erigenszhiodo,
2501 1062 2697 1129 inquit,
2746 1060 3033 1116 karissnne
3079 1061 3192 1128 vir,
3239 1063 3315 1118 sis
3365 1077 3593 1119 securus

2003 1169 2072 1208 ne
2102 1153 2356 1208 similiter
2383 1155 2451 1210 de
2478 1162 2582 1210 hoc
2615 1155 2774 1211 oculo
2806 1163 3022 1210 eveniat
3059 1153 3296 1224 qualiter
3324 1156 3390 1209 de
3423 1157 3596 1211 altero

2003 1240 2204 1302 e‘venit.
2233 1245 2352 1302 Jam
2385 1247 2430 1302 si
2460 1247 2655 1318 placet,
2693 1255 2846 1318 potes
2867 1247 2935 1302 ad
2975 1245 3175 1300 lectum
3203 1247 3555 1304 descendere.

2077 1337 2229 1394 'l‘ttnc
2249 1339 2545 1409 discipulus
2567 1339 2642 1394 ait
2664 1339 2922 1411 magistro
2941 1357 2955 1394 :
2975 1339 3119 1394 Bene
3146 1353 3234 1394 me
3261 1339 3599 1406 instruxisti,

2005 1439 2061 1487 et
2085 1431 2227 1502 quod
2249 1431 2316 1486 de
2332 1431 2547 1485 illarunt
2565 1430 2772 1486 artibus
2794 1431 3022 1486 relulisti
3054 1431 3384 1487 desideranti
3415 1432 3600 1488 animo

2005 1521 2444 1588 commendatur,
2483 1536 2583 1576 nec
2609 1521 2756 1592 quod
2804 1521 2930 1578 inde
2956 1521 3072 1577 scio
3104 1537 3202 1592 pro
3228 1521 3434 1577 divitiis
3463 1523 3605 1577 Ara-

2007 1617 2136 1672 bum
2183 1623 2520 1670 commutare
2545 1613 2686 1682 volo,
2717 1623 2775 1670 et
2819 1615 2863 1669 si
2907 1622 3116 1685 ptacet,
3157 1615 3517 1686 progredere,
3545 1625 3605 1670 et

2009 1705 2153 1778 quod
2183 1706 2484 1760 transterre
2517 1705 2570 1760 in
2610 1704 2778 1760 altum
2821 1705 3051 1775 publica:
3090 1705 3604 1762 ammiuistrationis

2012 1799 2318 1854 futurorum
2341 1799 2620 1853 valeamus
2645 1797 2904 1853 edissere.
2946 1798 3192 1865 Faciam,
3224 1798 3422 1870 inquit.

2578 1889 2852 1947 FABULA
2889 1889 3022 1946 VIII.

2087 1983 2298 2040 Dictum
2329 1992 2415 2039 est
2461 1983 2528 2038 de
2563 1983 2797 2054 quodam
2848 1982 2939 2053 qui
2987 1998 3215 2054 peregre
3255 1983 3606 2054 proficiscens

2014 2074 2292 2130 commisit
2312 2089 2536 2130 uxorem
2559 2090 2712 2131 suam
2741 2089 2854 2131 suae
2879 2075 3086 2131 socrui.
3115 2075 3264 2132 Uxor
3299 2085 3480 2131 autem
3506 2091 3608 2133 sua

2015 2164 2181 2219 alium
2227 2164 2516 2235 quemdam
2560 2165 2857 2230 adamavit,
2881 2173 2938 2220 et
2983 2166 3144 2220 matri
3193 2165 3297 2221 hoc
3325 2165 3606 2232 indicavit,

2016 2272 2137 2328 qua:
2181 2268 2450 2314 commota
2499 2273 2598 2330 pro
2643 2257 2754 2314 tilia
2801 2258 2936 2314 favit
2977 2260 3182 2324 amori,
3217 2267 3273 2315 et
3299 2273 3608 2316 convocans

2025 2350 2274 2406 eumdem
2305 2351 2475 2421 empit
2503 2365 2624 2406 cum
2653 2349 2746 2406 illo
2780 2358 2834 2406 et
2860 2350 2970 2406 ﬁlia
2999 2350 3228 2422 epulari.
3253 2349 3612 2422 Epulantibus

2019 2441 2125 2498 illis
2153 2443 2465 2513 supervenit
2513 2443 2741 2500 maritus
2770 2451 2828 2500 et
2867 2443 3066 2500 ostium
3094 2441 3344 2514 pulsavit.
3374 2442 3442 2498 Et
3474 2459 3610 2500 con-

2019 2549 2252 2606 surgens
2292 2535 2488 2590 mulier
2522 2550 2746 2608 procum
2792 2536 3076 2592 abscondit
3107 2545 3164 2591 et
3199 2537 3399 2592 ostium
3423 2545 3613 2608 postea

2020 2625 2244 2682 domino
2279 2627 2508 2696 aperuit.
2559 2627 2676 2698 qui,
2719 2638 3006 2699 postquam
3053 2627 3297 2696 intravit,
3328 2638 3388 2684 ut
3435 2629 3612 2686 lectus

2019 2717 2123 2773 sibi
2169 2727 2456 2788 pararetur
2499 2719 2789 2790 praecepit,
2835 2735 2960 2774 nam
3000 2720 3284 2790 quiescere
3313 2720 3611 2777 volebatet

2020 2809 2197 2867 lassus
2225 2821 2366 2868 erat.
2406 2811 2649 2868 Turbata
2683 2813 2879 2870 mulier
2913 2814 3182 2870 dubitavit
3211 2814 3342 2886 quid
3378 2814 3611 2871 faceret.

2019 2905 2174 2974 Quod
2199 2906 2388 2962 videns
2415 2915 2626 2962 mater:
2650 2904 2729 2964 Ne
2749 2906 2996 2973 fesﬁnes,
3020 2908 3214 2978 inquit,
3243 2907 3374 2974 filia,
3406 2907 3610 2964 lectum

2023 3011 2220 3069 parare
2244 2997 2416 3052 donec
2437 3006 2800 3055 monstremus
2823 2997 3086 3054 lintheum
3119 3001 3315 3055 marito
3345 3009 3439 3054 tuo
3466 3001 3611 3071 quod

2024 3086 2272 3145 fecimus.
2313 3089 2382 3144 Et
2429 3091 2726 3146 extrahens
2768 3088 3033 3146 lintheunt
3082 3091 3301 3156 vetula,
3347 3102 3609 3161 quantum

337 3183 624 3274 mulierum
659 3183 868 3238 artibus
911 3182 979 3238 ad
1013 3195 1200 3238 earum
1240 3181 1634 3238 correctionem
1672 3189 1729 3237 et
1772 3189 1920 3236 tuam
1954 3219 1998 3278 C
2028 3180 2205 3253 potuit
2231 3197 2395 3236 ttnum
2446 3197 2615 3238 cornu
2664 3181 2808 3238 illius
2841 3183 3085 3248 sustulit,
3112 3194 3167 3238 et
3226 3182 3458 3237 alterum
3491 3181 3617 3238 tilia:

335 3284 393 3329 et
415 3263 644 3331 aliorum
693 3273 1108 3330 instructionem
1144 3273 1470 3340 scribimus,
1501 3272 1740 3330 viderint
1780 3272 1931 3328 vide-

336 3365 469 3422 licet
497 3365 770 3435 quomodo
793 3380 1006 3430 earum,
1036 3363 1406 3421 nescientibus
1431 3363 1582 3431 viris,
1612 3377 1742 3420 suos
1762 3363 1931 3418 advo-

339 3465 468 3513 cent
490 3457 745 3521 amasios,
777 3464 833 3512 et
867 3454 1290 3526 complectentes
1337 3453 1718 3511 deosculentur
1764 3453 1933 3509 advo-

339 3558 516 3618 catos,
539 3550 623 3606 ‘et
669 3563 792 3621 quae
839 3546 1054 3603 illarum
1100 3548 1306 3616 expetit
1342 3545 1564 3602 lascivia
1591 3545 1645 3600 in
1681 3545 1812 3615 ipsis
1838 3558 1934 3598 ex-

340 3641 525 3713 pleant
553 3656 742 3696 earum
779 3638 1079 3709 nequitiam
1107 3638 1162 3712 iq
1203 3651 1303 3692 nos
1337 3635 1645 3691 redundare
1681 3633 1933 3690 credant.

343 3732 652 3804 Discipulos
683 3749 698 3788 :
731 3730 810 3786 Ne
841 3730 1035 3785 timeas
1061 3728 1184 3796 hoc,
1215 3727 1494 3800 magister,
1519 3726 1644 3798 quia
1677 3725 1936 3782 Salomon

342 3826 397 3882 in
427 3825 567 3881 libro
589 3823 1007 3879 Proverbiorum
1031 3820 1166 3893 (20),
1189 3831 1242 3877 et
1261 3819 1412 3875 ntulti
1437 3819 1712 3890 sapientes
1739 3832 1936 3889 pravos

341 3934 533 3975 earum
573 3915 900 3988 corrigendo
925 3928 1105 3972 mores
1141 3913 1268 3968 talia
1312 3911 1669 3982 scripserunt,
1699 3925 1797 3966 nec
1826 3909 1940 3966 cul-

344 4027 470 4084 pam
506 4011 600 4068 sed
627 4011 840 4066 laudem
870 4008 994 4064 inde
1018 4015 1455 4081 promeruerunt.
1487 4004 1569 4062 'l'u
1594 4004 1847 4062 similiter
1872 4005 1940 4060 de

347 4103 456 4160 illis
497 4103 760 4170 scribens,
810 4111 1001 4174 rogata
1049 4100 1169 4157 sine
1210 4099 1559 4157 cunctatione
1602 4099 1934 4155 demonstra.

346 4197 503 4254 Tunc
530 4195 786 4268 magister
820 4212 834 4248 :

927 4282 1207 4342 FABULA
1241 4283 1350 4340 Vll.

419 4380 668 4436 Perrexit
703 4377 922 4450 quidam
965 4377 1312 4434 vendemiarc
1352 4377 1564 4433 vineam
1594 4394 1606 4430 :
1632 4374 1775 4447 quod
1805 4389 1943 4429 uxor

349 4472 496 4529 illius
541 4471 754 4538 videns,
781 4468 1047 4526 intellexit
1081 4469 1228 4526 illum
1271 4470 1420 4526 circa
1465 4469 1682 4525 vineam
1737 4467 1942 4522 diutius

2034 3274 2425 3334 sublevandam
2450 3274 2618 3341 dedit,
2661 3275 2848 3345 sicque
2880 3274 3084 3330 lintheo
3130 3283 3354 3330 extenso
3398 3273 3619 3330 delusus

2034 3377 2118 3424 est
2143 3367 2378 3424 maritus
2417 3380 2700 3438 quousque
2726 3366 2816 3438 qui
2846 3366 3078 3422 latuerat
3107 3371 3457 3438 egrederetur
3483 3365 3622 3420 ami-

2036 3478 2150 3518 cus.
2175 3462 2326 3517 Tunc
2347 3461 2424 3516 ait
2458 3460 2583 3516 tilia:
2613 3475 2724 3517 suae
2751 3478 2766 3516 :
2797 3459 3039 3516 Extende
3065 3459 3328 3515 lintneum
3357 3473 3518 3527 super
3539 3459 3621 3513 le--

2036 3562 2185 3607 ctum
2213 3551 2392 3608 mariti
2424 3551 2523 3616 tui,
2547 3551 2674 3622 quia
2700 3550 2953 3606 manibus
2983 3550 3088 3606 tuis
3115 3561 3170 3606 et
3204 3549 3340 3606 meis
3365 3560 3448 3606 est
3473 3564 3625 3606 com-

2037 3641 2270 3714 positum
2295 3651 2348 3698 et
2372 3651 2711 3698 contextum.
2740 3641 2836 3697 Cui
2883 3643 3110 3698 maritus
3141 3659 3153 3695 :
3181 3641 3248 3696 Et
3277 3651 3354 3707 tu,
3378 3642 3640 3714 domina,

2037 3735 2145 3791 scis
2173 3735 2277 3789 tale
2322 3734 2586 3791 linthetnn
2622 3749 2928 3805 praeparare
2957 3734 3068 3790 ?Et
3091 3734 3180 3789 illa
3207 3749 3222 3789 :
3255 3731 3300 3791 Ο
3327 3734 3424 3803 lili,
3455 3735 3624 3791 multa

2041 3826 2347 3897 hujttsmodi
2381 3827 2700 3898 praeparavi.

2107 3919 2188 3975 Ad
2210 3920 2324 3976 haec
2349 3919 2676 3988 discipulus:
2709 3917 2951 3974 Mirabile
2988 3919 3117 3990 quid
3147 3919 3354 3986 audivi,
3387 3921 3480 3978 sed
3511 3923 3626 3978 vel-

2041 4011 2144 4066 lem
2171 4011 2400 4083 amplius
2452 4025 2537 4066 me
2566 4011 2890 4075 instrueres,
2933 4011 3061 4080 quia
3095 4023 3301 4081 quanto
3330 4013 3449 4083 plus
3473 4014 3626 4084 inge-

2041 4105 2189 4159 nium
2217 4103 2431 4159 illarum
2455 4102 2700 4168 attendo,
2725 4110 2874 4156 tanto
2899 4102 3068 4173 magis
3092 4104 3159 4156 ad
3192 4103 3296 4158 mei
3326 4105 3627 4160 custodiam

2041 4213 2300 4254 exacuor.
2332 4196 2630 4268 Respondit
2653 4195 2913 4269 magister
2942 4212 2954 4248 :
2987 4195 3178 4252 Adhuc
3209 4196 3302 4252 tibi
3344 4196 3548 4261 dicam,
3575 4206 3632 4253 et

2043 4290 2124 4345 sic
2155 4288 2250 4344 tibi
2279 4289 2346 4345 ad
2373 4289 2782 4347 instructionem
2826 4288 3072 4360 exempla
3117 4296 3303 4344 nostra
3341 4275 3655 4345 sutilcieut.’

2044 4379 2378 4454 Discipulus:
2409 4380 2478 4440 Ut
2506 4381 2699 4454 placet.

2631 4471 2900 4532 FABULA
2939 4477 3031 4532 IX.

349 4571 710 4629 moraturum,
739 4571 795 4618 ct
830 4563 995 4619 misso
1019 4561 1217 4618 nuneio
1234 4570 1502 4619 convocat
1523 4561 1782 4624 amicum,
1813 4575 1944 4614 con-
1977 4565 2027 4627 υ
2125 4564 2370 4619 Relatum
2399 4573 2502 4630 est,
2552 4566 2725 4635 inquit
2760 4568 2974 4632 iterum,
3021 4567 3165 4639 quod
3204 4567 3428 4640 quidam
3460 4567 3630 4640 proli-

350 4657 662 4726 viviumque
698 4666 874 4727 parat.
903 4657 1118 4714 Accidit
1160 4665 1342 4713 autem
1388 4664 1446 4710 ut
1494 4653 1747 4709 dominus
1789 4666 1943 4709 ramo

350 4748 524 4804 vinea:
562 4749 614 4804 in
644 4749 803 4805 oculo
844 4765 1132 4821 percussus
1167 4751 1386 4806 domum
1411 4747 1522 4802 cito
1556 4746 1782 4811 rediret,
1809 4745 1942 4801 nihil

351 4841 418 4894 de
465 4842 626 4898 oculo
680 4858 938 4914 percusso
982 4843 1204 4907 videns,
1253 4840 1583 4909 veniensque
1621 4839 1687 4894 ad
1733 4847 1941 4908 portam

351 4934 547 4988 domus
585 4949 696 4990 sua:
740 4936 937 4990 ostium
981 4933 1232 5006 pulsavit.
1266 4929 1422 5000 Quod
1471 4944 1610 4984 uxor
1639 4929 1944 4997 intelligens

353 5024 581 5079 nimium
633 5025 948 5095 perturbata
989 5036 1349 5081 convocatum
1385 5023 1621 5079 amicum
1664 5021 1948 5078 abscondit

353 5128 624 5182 seorsum,
648 5115 866 5171 domino
890 5130 988 5172 suo
1027 5125 1212 5187 postea
1245 5117 1456 5186 aperire
1485 5116 1691 5178 currit,
1721 5115 1810 5183 qui
1857 5113 1943 5168 in-

356 5220 512 5264 trans
541 5216 594 5263 et
637 5207 878 5280 graviter
914 5223 1014 5280 pro
1059 5207 1215 5264 oculo
1245 5208 1416 5262 tristis
1458 5217 1514 5263 et
1560 5205 1746 5262 dolens
1785 5205 1948 5274 jussit

354 5319 632 5360 cameram
690 5303 871 5375 parari
917 5312 973 5360 et
1021 5303 1221 5358 lectum
1273 5301 1476 5366 sterni,
1507 5301 1598 5356 ubi
1646 5301 1720 5355 ibi
1763 5308 1948 5370 posset

355 5397 660 5467 quiescere.
689 5395 893 5450 Timuit
922 5411 1060 5450 ttxor
1088 5411 1156 5451 ne
1182 5395 1391 5449 intrans
1414 5407 1687 5448 cameram
1711 5392 1945 5446 amicum

355 5489 659 5543 latitantem
690 5488 916 5550 videret,
959 5486 1095 5541 dixit
1119 5483 1169 5542 ei
1203 5504 1216 5539 :
1247 5485 1387 5553 Quid
1436 5493 1646 5538 tantum
1686 5497 1947 5554 properas

357 5580 426 5634 ad
463 5580 658 5634 Icelum
687 5580 712 5634 ?
739 5579 834 5635 Dic
867 5579 996 5634 mihi
1041 5579 1169 5649 quid
1201 5578 1294 5632 tibi
1338 5577 1409 5632 sit
1444 5578 1616 5647 prius.
1667 5577 1947 5632 Narravit-

357 5689 463 5744 que
490 5672 541 5728 ei
571 5681 742 5727 totum
772 5682 833 5729 ut
867 5673 1161 5729 acciderat.
1194 5670 1475 5736 Permitte,
1508 5669 1683 5739 inquit
1711 5667 1821 5735 illa,
1853 5667 1947 5724 ka-

429 5807 545 5879 (19)
578 5805 709 5877 Cap.
745 5823 798 5874 v,
828 5822 972 5862 vers.
1003 5805 1057 5860 8.
1095 5814 1240 5866 nni:
1266 5812 1386 5864 nn:
1410 5786 1485 5862 5a
1507 5812 1647 5888 12pm
1667 5784 1737 5862 LM

545 5955 554 5962 ’
649 5952 898 6010 ΙἈΤιιοι.
970 5943 1211 6008 CLV”.

2045 4658 2257 4712 cisccns
2297 4657 2568 4712 commisit
2591 4658 2867 4730 ronjugem
2891 4674 3043 4714 suam
3071 4662 3251 4719 socrui
3276 4675 3390 4718 sine
3409 4676 3635 4729 servaq-

2045 4748 2191 4802 dant.
2221 4747 2368 4804 Uxor
2387 4757 2568 4802 autem
2595 4749 2888 4805 introduxit
2923 4763 3160 4808 amatum
3183 4755 3466 4822 juvenem.
3497 4751 3632 4822 Qui-

2047 4838 2150 4892 hus
2178 4838 2519 4906 epulantibus
2549 4837 2800 4894 dominus
2836 4843 3060 4898 veniens
3100 4843 3323 4914 ianuam
3374 4845 3628 4916 pulsavit.

2047 4931 2299 4986 Surrexit
2321 4934 2502 5002 itaque
2523 4948 2660 4987 uxor
2675 4942 2728 4988 et
2752 4935 2953 4990 dimisit
2980 4938 3235 4992 maritum
3261 4939 3470 4994 intrare
3494 4957 3510 5006 ;
3535 4940 3632 4996 sed

2048 5031 2227 5078 mater
2257 5039 2379 5078 cum
2408 5025 2614 5081 amasio
2667 5025 2788 5080 lilia:
2832 5042 3140 5097 remanens,
3172 5031 3295 5100 quia
3345 5031 3496 5087 locus
3541 5033 3635 5087 ubi

2047 5119 2473 5174 absconderetur
2500 5133 2606 5174 nou
2635 5130 2776 5184 erat,
2799 5119 2931 5189 quid
2954 5119 3150 5178 faceret
3175 5125 3325 5194 prius
3343 5125 3633 5180 dubitavit.

2050 5212 2158 5267 Sed
2191 5212 2318 5267 dum
2343 5210 2450 5266 [ilia
2493 5227 2594 5267 suo
2642 5213 2878 5283 aperiret
2903 5213 3104 5268 ostium
3135 5217 3348 5281 marito,
3402 5217 3639 5288 arripuit

2049 5301 2229 5358 vetula
2255 5303 2450 5358 nudum
2473 5303 2709 5375 gladium
2733 5314 2788 5360 et
2814 5305 3089 5362 commisit
3115 5309 3340 5373 amasio,
3363 5307 3638 5378 iussitque

2047 5405 2110 5452 ut
2136 5404 2264 5451 ante
2291 5397 2486 5452 ostium
2537 5395 2591 5452 in
2649 5397 2872 5453 introitu
2903 5399 3083 5453 mariti
3114 5399 3236 5454 tilire
3277 5415 3387 5454 sua:
3437 5399 3638 5455 stricto

2049 5489 2229 5562 gladio
2255 5498 2445 5556 staret,
2478 5501 2533 5545 et
2561 5490 2608 5545 si
2643 5491 2843 5558 aliquid
2876 5493 2924 5546 ei
2965 5491 3262 5547 moriturus
3289 5492 3630 5563 loqueretur,

2049 5584 2187 5639 nihil
2220 5581 2588 5653 responderet.
2623 5582 2774 5638 Fecit
2805 5582 3138 5653 utjnsserat,
3172 5592 3228 5636 et
3256 5587 3630 5668 apertooost'o,

2053 5687 2113 5734 ut
2144 5678 2295 5734 illum
2331 5679 2560 5732 maritus
2589 5676 2670 5732 sic
2711 5685 2859 5732 stare
2891 5676 3024 5730 vidit
3064 5676 3326 5732 substitit.
3358 5675 3513 5747 Quis,
3546 5678 3632 5734 iu-

2126 5811 2242 5884 (20)
2283 5808 2347 5866 v.
2373 5809 2503 5880 2,3,
2535 5808 2590 5877 ι,
2617 5808 2673 5876 5,
2696 5809 2752 5876 ϐ,
2777 5818 2833 5863 et
2864 5806 2990 5862 alibi
3029 5809 3254 5879 passim.

3075 5941 3153 6002 22

4089 386 4091 420 |

4105 1118 4107 1194 1

4105 1210 4109 1290 1

4107 1291 4111 1390 1

4109 1394 4113 1480 1

4113 1486 4115 1548 1

4115 1578 4117 1616 |

4117 1668 4119 1704 |

4121 1852 4123 1900 1

4123 1944 4125 1978 |

4125 2036 4127 2070 |
