4142 6360
453 367 564 422 683

1377 365 1575 420 PETRI
1614 364 1949 421 ALPHONSI
1986 363 2077 417 EX
2114 359 2360 418 δυωΕο
2396 358 2790 417 CHRISTIANI

3625 364 3732 422 681

453 480 595 550 quit.
633 487 690 534 tu
735 482 838 535 e1!
887 477 1009 546 Quo
1063 492 1168 534 non
1218 480 1579 546 respondente
1621 494 1742 534 cum
1803 479 2034 548 primum
2073 481 2118 534 Δ
2147 486 2200 530 et
2236 475 2326 545 qui
2363 475 2446 528 sui
2478 475 2724 554 corporis
2778 474 2960 529 dolere
3012 477 3290 540 gravatur.
3330 470 3516 542 Neque
3545 488 3734 546 regem

452 573 845 643 obstupuisset,
879 579 1005 624 tunc
1041 569 1215 639 magis
1242 571 1514 624 extimuit.
1540 569 1844 640 Respondit
1891 570 2034 624 intus

449 662 677 716 vetula:
717 660 856 714 Care
882 674 1072 729 gener,
1097 667 1240 724 tace,
1269 674 1337 714 ne
1377 660 1574 729 aliquis
1607 669 1658 714 te
1703 660 1908 714 audiat.
1953 659 2037 713 Ad

451 755 568 808 haec
591 753 679 808 ille
713 752 887 822 magis
917 752 1164 805 mirans:
1210 752 1351 818 Quid
1380 753 1484 808 hoc
1528 762 1632 817 est,
1677 753 1874 822 inquit,
1907 767 2036 806 cara

452 844 711 900 domina?
735 842 887 897 Tunc
917 842 1149 897 mulier?
1187 842 1334 898 Bone
1366 842 1463 906 fili,
1491 851 1757 897 venerant
1787 843 1893 896 huc
1926 852 2038 898 tres

449 945 838 1006 persequentes
868 936 1056 997 istum,
1103 945 1158 988 et
1183 951 1283 988 nos
1320 945 1509 1004 aperto
1538 935 1678 988 ostio
1730 936 1877 988 hunc
1912 950 2035 988 eum

449 1043 550 1080 suo
590 1026 771 1096 gladio
822 1026 1028 1080 intrare
1083 1026 1433 1094 permisimus
1473 1027 1642 1080 donec
1693 1025 2038 1080 discederent

450 1121 541 1190 qui
574 1119 720 1173 illum
775 1118 1084 1172 interficere
1121 1119 1393 1184 volebant,
1427 1120 1518 1188 qui
1574 1129 1702 1173 tunc
1750 1118 1947 1172 timens
1983 1128 2037 1173 te

450 1211 683 1280 aliquem
700 1224 766 1263 ex
793 1209 899 1262 illis
919 1223 1062 1273 esse,
1088 1207 1422 1278 stupefactus
1452 1209 1584 1262 nihil
1610 1209 1702 1262 tibi
1733 1208 2033 1276 respondit.

451 1305 512 1357 Et
542 1303 657 1356 ait:
687 1301 830 1354 Bene
860 1299 1092 1363 habeas,
1128 1301 1369 1366 domina,
1404 1317 1524 1370 quzc
1553 1301 1658 1354 hoc
1704 1299 1865 1354 modo
1893 1299 2037 1353 hunc

451 1392 690 1448 liberasti
723 1407 753 1445 a
781 1400 990 1456 morte;
1020 1400 1075 1444 et
1119 1390 1382 1445 introiens
1431 1391 1716 1446 advocavit
1771 1391 2036 1444 amasium
2065 1415 2068 1420 -

451 1483 637 1536 uxoris
667 1497 778 1536 suae
815 1491 870 1535 et
914 1495 1097 1536 secum
1129 1481 1318 1536 sedere
1369 1482 1521 1546 fecit,
1560 1483 1746 1550 sicque
1793 1481 2038 1536 dulcibus

449 1573 700 1642 alloquiis
730 1571 1014 1627 delinitum
1047 1571 1193 1626 circa
1222 1583 1436 1627 noctem
1464 1573 1613 1627 exire
1638 1573 1866 1627 dimisit.

525 1665 827 1736 Discipulus
853 1683 866 1719 :
897 1663 1140 1720 Miranda
1179 1665 1382 1728 dixisti,
1415 1665 1510 1719 sed
1539 1679 1682 1720 nunc
1721 1665 1892 1735 magis
1921 1663 2038 1718 illa-

453 1775 570 1810 rum
605 1768 1092 1828 praesumptuosam
1141 1759 1309 1812 miror
1349 1759 1652 1813 audaciam.
1691 1757 1827 1812 Volo
1855 1768 2037 1812 tamen

454 1859 512 1901 ut
534 1849 709 1902 adhuc
735 1847 864 1902 mihi
890 1848 955 1903 de
976 1864 1163 1904 earum
1187 1849 1438 1919 ingeniis,
1469 1849 1514 1902 si
1537 1863 1641 1902 non
1668 1847 1830 1903 fuerit
1851 1863 2038 1920 grave,

454 1941 628 1992 dicas.
661 1936 936 2004 Quantum
985 1941 1132 1992 enim
1158 1940 1330 2010 magis
1350 1939 1573 2005 dixeris,
1605 1948 1812 1994 tantum
1844 1939 2047 2009 majora

453 2030 768 2084 mereberis.
795 2029 876 2084 Ad
898 2029 1040 2100 quod
1065 2030 1337 2100 magister
1372 2047 1385 2082 :
1422 2029 1609 2083 Nonne
1659 2030 1752 2085 tibi
1782 2028 2051 2085 sufﬁciunt

453 2121 604 2175 ista?
635 2119 759 2174 Tria
791 2121 886 2175 tibi
918 2121 1160 2185 narravi,
1203 2131 1256 2174 et
1280 2129 1334 2174 tu
1381 2121 1619 2175 nondum
1645 2121 1850 2176 desinis
1890 2122 2045 2176 insti-

453 2212 628 2280 gare?
661 2212 1007 2282 Discipulus:
1041 2211 1166 2265 Tria
1199 2212 1430 2267 dicendo
1459 2213 1684 2266 nimium
1717 2229 1884 2283 auges
1915 2214 2051 2268 reci-

456 2305 620 2358 tando
651 2320 960 2366 numerum.
985 2304 1028 2359 si
1059 2321 1230 2375 pauca
1266 2306 1768 2359 sonueruntverba.
1802 2306 1896 2360 Die
1922 2321 2050 2377 ergo

456 2412 621 2450 unum
651 2396 795 2464 quod
824 2395 985 2467 longa
1021 2397 1357 2452 verbositate
1413 2412 1562 2450 meas
1609 2395 1814 2466 repleat
1867 2412 2049 2463 aures,

454 2498 510 2540 et
558 2488 637 2541 sic
669 2488 800 2542 mihi
850 2486 1102 2544 sufﬁciet.
1151 2488 1408 2559 Magister
1440 2505 1453 2540 :
1491 2487 1633 2540 Cave
1666 2503 1731 2540 ne
1770 2488 2050 2558 contingat

462 2582 604 2633 inter
631 2595 727 2634 nos
756 2581 897 2648 quod
928 2581 1070 2635 inter
1101 2596 1281 2650 regem
1335 2589 1389 2635 et
1417 2595 1576 2634 suum
1605 2579 1804 2634 accidit
1837 2580 2048 2634 fabula-

459 2685 650 2728 torem.
675 2674 994 2746 'Discrpulus
1022 2693 1034 2729 :
1067 2674 1229 2742 Quid,
1261 2688 1388 2729 care
1425 2674 1704 2743 magister,
1751 2673 1880 2743 quid
1932 2683 2051 2727 tan-

456 2767 576 2819 dem
607 2766 844 2822 accidit?

1041 2854 1324 2912 'FABULA
1368 2853 1417 2908 Χ

523 2941 643 3002 Rex
672 2947 889 3014 quidam
916 2962 1072 3002 suum
1097 2946 1286 3002 habuit
1307 2946 1666 3003 fabulatorem
1697 2947 1788 3016 qui
1814 2945 2046 3016 singulis

457 3040 708 3094 noctibus
738 3039 974 3108 quinque
1002 3039 1104 3093 sibi
1142 3053 1370 3094 narrare
1414 3038 1626 3094 fabulas
1657 3048 2041 3094 consueverat.

456 3135 694 3204 Contigit
729 3134 945 3189 tandem
975 3133 1116 3202 quod
1143 3147 1237 3187 rex
1263 3134 1407 3188 curis
1429 3132 1748 3204 quibusdam
1781 3132 2046 3188 sollicitus

2142 568 2277 620 adeo
2305 565 2497 619 dilexit
2541 565 2814 619 fabulator
2842 565 2982 618 sicut
3011 571 3066 617 et
3098 573 3153 616 tu
3190 577 3277 616 me
3313 562 3514 633 diligis.
3547 563 3736 624 Voluit

2140 659 2284 713 enim
2313 658 2505 712 fabulis
2521 659 2634 711 suis
2657 671 2780 710 eum
2803 657 3137 726 aliquantum
3159 654 3443 722 seducere,
3472 657 3570 712 sed
3591 674 3736 729 pra-

2141 751 2309 806 libata
2343 750 2630 805 mulierum
2664 749 2878 820 ingenia
2903 747 3102 818 pande.
3141 746 3424 818 Magister.

2729 837 3004 893 FABULA
3035 837 3125 891 XL

2216 932 2425 986 Dictum
2451 942 2532 986 est
2553 932 2694 1000 quod
2723 932 2940 1001 quidam
2982 929 3178 984 nobilis
3217 930 3479 1000 progenie
3508 931 3737 988 haberet

2141 1038 2365 1076 uxorem
2394 1032 2600 1076 castam
2639 1023 2864 1076 nimium
2896 1029 2951 1076 et
2988 1019 3300 1076 formosam.
3331 1021 3571 1093 Contigit
3593 1021 3736 1080 forte

2144 1117 2288 1184 quod
2319 1114 2583 1168 orationis
2603 1114 2782 1167 studio
2807 1113 3034 1168 Romam
3060 1111 3222 1166 vellet
3245 1113 3417 1179 adire,
3441 1115 3536 1168 sed
3567 1115 3736 1170 alium

2144 1209 2424 1262 custodem
2456 1205 2643 1259 uxoris
2674 1220 2787 1260 sua:
2830 1205 2932 1258 nisi
2962 1205 3305 1274 semetipsam
3356 1205 3533 1260 noluit
3561 1207 3735 1278 depu-

2147 1309 2280 1364 tare,
2313 1298 2456 1352 illins
2477 1299 2643 1352 castis
2665 1297 2908 1352 moribus
2946 1297 3079 1351 satis
3103 1295 3346 1351 confisus
3371 1306 3426 1352 et
3447 1297 3738 1368 pmbitatis

2144 1394 2368 1447 honore.
2397 1391 2543 1447 Uxor
2575 1407 2702 1446 vero
2723 1399 2872 1446 caste
2893 1391 3125 1445 vivendo
3147 1402 3202 1445 et
3237 1391 3292 1444 in
3323 1393 3578 1448 omnibus
3609 1409 3738 1464 pru-

2147 1487 2343 1537 denter
2374 1497 2540 1551 agens
2569 1490 2853 1535 remansrt.
2890 1480 3105 1536 Acetdit
3139 1481 3355 1534 tandem
3387 1482 3531 1550 quod
3552 1498 3740 1538 neces-

2144 1573 2306 1626 sitate
2352 1571 2631 1641 compulsa
2661 1587 2688 1625 a
2722 1572 2884 1626 domo
2908 1587 3006 1626 sua
3047 1573 3270 1642 propria
3300 1587 3458 1628 suam
3504 1589 3738 1630 conven-

2147 1676 2268 1718 tura
2323 1665 2559 1718 vicinam
2601 1664 2974 1734 egrederetur,
3001 1681 3119 1734 qua:
3147 1675 3370 1734 peracto
3421 1668 3641 1738 negotio
3669 1667 3736 1722 ad

2146 1759 2364 1828 propria
2397 1759 2676 1812 remeavit.
2716 1757 2891 1826 Quam
2941 1757 3159 1823 juvenis
3215 1769 3493 1822 aspectam
3527 1763 3737 1817 ardenti

2077 1864 2118 1917 Β
2149 1865 2336 1903 amore
2376 1849 2601 1920 diligere
2645 1860 2830 1920 erepit,
2870 1859 2926 1904 et
2959 1861 3029 1906 ad
3055 1865 3176 1905 eam
3230 1851 3495 1921 plurimos
3541 1853 3740 1908 direxit

2154 1941 2405 2007 nuncios,
2459 1941 2684 2010 cupiens
2731 1942 2799 1996 ab
2836 1941 2922 1995 illa
2970 1951 3231 2012 quantum
3276 1942 3498 1998 amabat
3542 1949 3737 2000 amari.

2152 2032 2356 2100 Quibus
2411 2033 2734 2097 contemptis
2790 2047 2916 2086 eum
2975 2033 3192 2104 penitus
3246 2035 3468 2102 sprevit.
3518 2033 3741 2090 Iuvenis

2151 2141 2356 2180 cumse
2385 2126 2464 2181 sic
2507 2134 2874 2195 contemptum
2916 2127 3169 2191 sentiret,
3213 2126 3401 2181 dolens
3447 2127 3582 2183 adeo
3625 2127 3740 2183 efﬁ-

2153 2219 2293 2272 citur
2333 2227 2393 2271 ut
2431 2219 2600 2273 nimio
2649 2219 2982 2273 infirmitatis
3031 2233 3200 2273 onere
3247 2228 3578 2290 gravaretur,
3633 2235 3738 2276 sse-

2151 2311 2272 2382 pius
2325 2321 2504 2366 tamen
2556 2312 2682 2368 illuc
2731 2313 2844 2368 ibat
2883 2327 2992 2382 quo
3040 2313 3314 2366 dominam
3356 2327 3624 2381 egressam
3652 2313 3734 2367 vi-

2153 2401 2336 2466 derat,
2385 2402 2704 2458 desidcrans
2745 2418 2865 2457 eam
2920 2403 3234 2467 convenire,
3277 2403 3371 2458 sed
3395 2418 3732 2474 nequaquam

2153 2495 2320 2549 valuit
2362 2494 2594 2550 efiieere.
2632 2496 2728 2552 Cui
2752 2512 2862 2566 pra:
2910 2495 3093 2551 dolore
3147 2496 3451 2551 lacrimanti
3489 2497 3548 2550 fit
3577 2497 3738 2554 obvia

2151 2599 2288 2639 anus
2335 2586 2611 2656 religionis
2661 2589 2845 2643 habitu
2897 2591 3148 2645 decorata
3188 2607 3438 2660 quaerens
3489 2608 3740 2663 quaenam

2151 2686 2298 2730 esset
2356 2693 2512 2732 causa
2558 2695 2678 2750 quae
2716 2695 2838 2735 eum
2875 2682 3059 2737 dolore
3097 2684 3446 2755 compelleret
3473 2703 3489 2753 ;
3515 2686 3608 2741 sed
3650 2685 3742 2754 ju-

2151 2769 2306 2824 venis
2352 2771 2480 2840 quid
2529 2789 2581 2826 In
2627 2788 2724 2828 sua
2766 2776 3084 2830 versabatur
3123 2778 3459 2833 conscientia
3515 2778 3742 2834 minime

2151 2860 2399 2929 detegere
2427 2862 2657 2918 volebat.
2711 2865 2794 2918 Ad
2843 2882 3003 2935 quem
3032 2883 3168 2923 anus
3202 2885 3217 2923 :
3255 2869 3469 2936 Quanto
3505 2873 3627 2941 quis
3655 2871 3740 2925 in—

2153 2952 2462 3009 firmitatem
2513 2971 2667 3010 suam
2707 2956 2916 3014 medico
2965 2959 3202 3015 revelare
3249 2961 3546 3027 distulerit,
3586 2971 3740 3018 tanto

2151 3043 2387 3112 graviori
2439 3047 2628 3099 morbo
2661 3047 2882 3102 attritus
2937 3048 3119 3102 fuerit.
3171 3048 3290 3116 Quo
3315 3052 3505 3106 audito
3553 3067 3742 3106 narra—

2150 3135 2228 3186 vit
2274 3150 2338 3186 ex
2384 3135 2574 3189 ordine
2619 3150 2738 3204 quae
2783 3137 3097 3193 acciderant
3135 3148 3188 3194 et
3225 3155 3382 3195 suum
3442 3141 3742 3210 propalavit

459 3229 681 3282 minime
727 3233 912 3296 posset
959 3225 1218 3290 dormire.
1272 3226 1561 3296 pluresque
1603 3227 1764 3280 solito
1796 3224 2047 3294 quassivit
2074 3207 2116 3266 (ἶ
2151 3236 2441 3282 secretum.
2499 3228 2596 3283 Cui
2654 3246 2788 3285 anus
2817 3247 2832 3284 :
2866 3231 2942 3287 De
2975 3233 3061 3288 bis
3103 3247 3223 3302 quae
3268 3232 3384 3301 jam
3435 3207 3618 3289 dixisti
3645 3233 3742 3288 Dei

459 3319 648 3370 audire
680 3313 909 3370 fabulas.
960 3313 1053 3368 llle
1091 3323 1271 3368 autem
1302 3323 1414 3370 tres
1462 3329 1624 3382 super
1655 3315 1758 3368 hoc
1804 3314 2045 3366 narravit

459 3405 696 3474 fabulas,
729 3409 824 3465 sed
854 3424 1068 3480 parvas.
1109 3407 1370 3475 Quaesivit
1400 3423 1494 3463 rex
1523 3408 1725 3479 plures.
1776 3407 1869 3462 llle
1916 3422 2046 3462 vero

463 3502 770 3556 nullatenus
818 3500 1004 3564 voluit,
1039 3501 1251 3554 dixerat
1280 3501 1446 3566 enim,
1489 3502 1627 3555 sicut
1660 3501 1838 3555 visum
1870 3497 2048 3554 fuerat

462 3595 584 3658 sibi,
637 3594 854 3648 multas.
885 3595 963 3647 Ad
1005 3593 1120 3646 brcc
1155 3609 1247 3648 rex
1278 3612 1290 3646 :
1323 3593 1591 3649 Pluritnas
1627 3595 1743 3665 jam
1780 3595 2044 3660 narrasti,

462 3685 555 3737 sed
581 3686 928 3740 brevissimus
954 3703 968 3740 :
1002 3683 1188 3737 vellem
1209 3694 1260 3739 te
1287 3683 1522 3754 aliquam
1545 3701 1656 3740 rem
1675 3700 1900 3740 narrare
1925 3700 2046 3754 quas

466 3775 646 3829 inuitis
675 3777 1004 3846 producatur
1039 3779 1241 3844 verbis,
1273 3787 1330 3832 et
1363 3779 1442 3834 sic
1469 3786 1519 3833 te
1550 3777 1788 3832 dormire
1816 3779 2042 3848 permit-

467 3879 596 3922 tam.
625 3870 905 3924 Concessit
927 3870 1197 3926 fabulator
1223 3881 1278 3926 et
1304 3873 1384 3927 sic
1415 3870 1602 3941 incipit
1630 3885 1644 3924 :

537 3960 665 4016 Erat
684 3961 901 4030 quidam
933 3964 1166 4018 rusticus
1185 3965 1277 4034 qui
1311 3963 1454 4018 mille
1479 3963 1683 4019 solidos
1705 3962 1913 4018 habuit.
1947 3962 2048 4018 Hic

464 4063 644 4106 autent
677 4054 1031 4123 proficiscens
1068 4057 1404 4127 comparavit
1451 4057 1535 4111 bis
1573 4057 1724 4112 mille
1748 4071 1900 4122 oves,
1931 4056 2048 4110 siu-

462 4145 614 4214 gulas
640 4160 734 4200 sex
766 4147 1024 4201 denariis.
1054 4148 1264 4203 Accidit
1287 4163 1352 4202 eo
1386 4149 1642 4204 redeunte
1684 4149 1826 4219 quod
1856 4163 2048 4219 magna

466 4239 746 4292 inundatio
769 4254 1028 4308 aquarum
1054 4250 1448 4306 succresceret,
1474 4241 1564 4310 qui
1599 4256 1720 4295 cum
1756 4255 1932 4310 neque
1954 4255 2050 4310 per

465 4342 705 4396 pontem,
733 4347 907 4400 neque
934 4347 1031 4400 per
1055 4331 1266 4384 vadium
1293 4333 1525 4385 transire
1549 4341 1752 4401 posset,
1779 4333 1914 4386 abiit
1943 4332 2049 4387 sol-

467 4421 648 4476 licitus
675 4437 920 4490 quierens
972 4438 1204 4492 quocum
1254 4422 1442 4477 ovibus
1474 4423 1586 4478 suis
1615 4424 1889 4478 transvehi
1921 4439 2050 4492 pos-

2147 3319 2348 3373 auxilio
2376 3321 2672 3374 remedium
2705 3321 2999 3390 inveniam,
3028 3332 3082 3378 et
3112 3339 3179 3380 eo
3204 3325 3396 3380 relicto
3421 3326 3490 3380 ad
3514 3326 3739 3396 propria

2151 3411 2432 3465 remeavit.
2470 3414 2599 3477 Qua:
2657 3413 2960 3468 caniculam
3010 3430 3174 3484 quam
3231 3417 3738 3486 apudsebabebat,

2149 3505 2357 3560 duobus
2415 3503 2602 3559 diebus
2641 3503 2891 3574 jejunare
2934 3507 3134 3576 coegit.
3183 3508 3281 3564 Die
3333 3509 3491 3564 tertia
3541 3522 3738 3578 panem

2149 3597 2342 3668 synapi
2376 3597 2679 3652 confectum
2727 3598 2995 3667 jejunanti
3046 3600 3238 3670 largita
3294 3611 3400 3666 est,
3439 3616 3560 3671 qua:
3609 3600 3740 3654 dum

2147 3699 2413 3758 gustaret,
2443 3705 2545 3759 pro
2574 3690 2934 3744 amaritudine
2981 3690 3121 3745 oculi
3161 3691 3280 3759 ejus
3321 3691 3740 3750 lacrimaricm-

2149 3792 2364 3852 perunt.
2421 3783 2686 3852 Deinceps
2713 3799 2850 3838 anus
2883 3783 2969 3838 illa
3006 3786 3074 3839 ad
3117 3784 3324 3854 pudicae
3374 3785 3594 3840 domum
3637 3781 3738 3836 fm-

2152 3877 2310 3930 minac
2353 3876 2590 3945 perrexit
2631 3891 2794 3946 quam
2836 3874 3052 3943 juvenis
3095 3875 3386 3946 praedictus
3443 3873 3738 3938 adamavit,

2151 3983 2272 4036 qua:
2323 3968 2621 4022 honorifice
2651 3982 2749 4038 pro
2792 3982 3001 4038 magum
3058 3967 3333 4040 religionis
3369 3968 3552 4048 specie
3576 3967 3644 4021 ab
3672 3981 3736 4023 ea

2151 4070 2399 4129 suscepta
2429 4069 2531 4115 est.
2584 4060 2733 4115 llanc
2761 4069 2944 4115 autem
2979 4075 3074 4115 sua
3104 4061 3440 4130 sequebatur
3464 4076 3554 4116 ca:
3573 4059 3733 4117 iesla.

2151 4150 2396 4218 Cumque
2417 4149 2640 4204 vidisset
2665 4150 2862 4204 mulier
2887 4149 2974 4203 illa
3003 4149 3309 4204 caniculam
3335 4149 3734 4215 lacrimantem,

2151 4241 2400 4310 quaesivit
2429 4241 2573 4310 quod
2617 4241 2841 4296 haberet
2883 4250 2936 4295 et
2967 4255 3132 4310 quare
3160 4240 3560 4296 lacrimaretur.
3589 4240 3738 4294 Anus

2155 4333 2222 4386 ad
2255 4333 2356 4386 hoc
2384 4350 2396 4385 :
2429 4331 2566 4386 Cara
2595 4333 2790 4399 amica,
2822 4347 2888 4387 ne
2918 4348 3129 4401 qna‘ras
3164 4333 3294 4402 quid
3327 4333 3418 4397 sit,
3451 4333 3578 4403 quia
3604 4334 3738 4388 adeo

2154 4440 2382 4496 magnus
2408 4424 2559 4480 dolor
2587 4426 2832 4494 estquod
2879 4441 3090 4494 ncqueo
3143 4425 3344 4480 dicere.
3396 4424 3588 4480 Mulier
3626 4441 3740 4480 rna-

467 4521 572 4567 set.
605 4512 815 4568 Invenit
838 4514 1054 4568 tandem
1087 4515 1337 4584 exiguam
1370 4516 1698 4579 naviculam,
1725 4524 1778 4569 et
1804 4517 2043 4571 necessi-
2077 4549 2127 4609 θ
2154 4516 2236 4584 gis
2281 4515 2515 4569 instabat
2551 4523 2609 4568 ut
2634 4515 2857 4575 diceret,
2900 4517 2985 4568 cui
3027 4531 3163 4570 anus
3192 4533 3205 4568 :
3240 4515 3367 4570 Haec
3397 4531 3562 4584 quam
3610 4530 3740 4570 con—

467 4612 580 4658 tate
612 4613 836 4658 coactus
871 4607 1008 4660 duas
1057 4621 1186 4660 oves
1237 4607 1519 4675 imponens
1558 4622 1753 4676 aquatn
1805 4607 2045 4663 transiit.

467 4694 564 4751 llis
591 4696 749 4752 dictis
779 4695 1046 4752 fabulator
1069 4697 1413 4752 obdormivit.
1449 4698 1564 4753 Rex
1595 4699 1864 4768 siquidem
1896 4699 2050 4754 illum

467 4789 714 4843 excitans
755 4799 809 4843 ut
837 4789 1071 4844 fabulam
1099 4806 1260 4860 quam
1288 4790 1563 4860 inceperat
1585 4791 1784 4857 finiret,
1813 4807 2054 4847 commo-

471 4879 606 4932 nuit.
637 4879 933 4937 Fabulator
963 4884 1028 4937 ad
1061 4884 1205 4938 hoc:
1259 4882 1482 4936 Fluctus
1530 4883 1618 4938 ille
1665 4900 1894 4956 magnus
1945 4898 2051 4950 esr,

471 4970 718 5025 navicula
773 4983 948 5029 autem
985 4976 1227 5040 minima,
1274 4985 1327 5030 et
1356 4991 1486 5045 grex
1529 4975 1710 5029 ovium
1744 4977 2055 5031 innumera.

473 5063 614 5127 bilis,
659 5065 911 5133 permitte
969 5083 1098 5137 ergo
1156 5069 1531 5136 supradictum
1607 5068 1866 5122 rusticum
1929 5085 2055 5124 suas

474 5151 774 5209 transferre
802 5170 949 5218 oves.
996 5168 1051 5210 et
1088 5173 1248 5227 quam
1279 5158 1456 5228 incepi
1506 5156 1742 5212 fabulam
1789 5161 1856 5214 ad
1888 5160 2048 5218 ﬁnem

475 5245 788 5312 perducam.

547 5336 839 5392 Fabulator
875 5339 1073 5392 etenim
1110 5341 1214 5394 hoc
1242 5339 1401 5396 modo
1441 5355 1621 5408 regem
1653 5341 1840 5413 longas
1871 5345 2059 5400 audire

475 5425 687 5482 fabulas
709 5430 1030 5499 gestientem
1053 5431 1382 5499 pacificavit.
1430 5429 1585 5498 Quod
1615 5433 1659 5487 si
1705 5433 1940 5503 amplius
1972 5450 2058 5490 me

475 5522 750 5591 praedictis
777 5524 941 5576 etiam
966 5523 1066 5577 alia
1101 5524 1389 5579 subtexere
1421 5526 1768 5595 compuleris,
1789 5525 1902 5596 jam
1933 5528 2060 5584 dicti

477 5613 729 5680 prarsidio
751 5613 982 5683 exempli
1000 5629 1085 5668 me
1109 5615 1411 5671 deliberare
1435 5616 1694 5672 conabor.
1720 5617 2055 5686 Discipulus:

479 5705 692 5761 Dictum
726 5715 809 5762 est
837 5707 889 5760 in
919 5709 1152 5778 antiquis
1181 5709 1484 5780 proverbiis
1531 5709 1674 5779 quod
1728 5725 1834 5764 non
1868 5711 2060 5765 eadem

479 5801 893 5870 compunctioue
919 5801 1059 5858 dolet
1089 5803 1176 5872 qui
1219 5819 1315 5873 pro
1351 5802 1667 5861 muneribus
1719 5803 2060 5872 lat-rimatur,

2153 4607 2316 4676 spicis
2345 4604 2644 4660 caniculam
2671 4619 2788 4659 mea
2808 4614 2927 4658 erat
2951 4606 3054 4658 lilia
3079 4615 3226 4660 casta
3257 4606 3421 4660 nimis
3441 4615 3496 4660 et
3521 4606 3741 4671 decora,

2153 4714 2314 4768 quam
2355 4698 2573 4766 juvenis
2628 4699 2904 4753 adamavit
2951 4700 3172 4766 quidam
3213 4715 3228 4765 ;
3269 4698 3364 4754 sed
3408 4699 3543 4752 adeo
3590 4707 3740 4752 casta

2153 4799 2294 4854 erat,
2331 4800 2388 4844 ut
2427 4805 2550 4844 eum
2618 4791 2840 4845 omnino
2895 4800 3200 4860 sperneret,
3244 4799 3298 4842 et
3340 4788 3456 4856 cjus
3499 4804 3740 4844 amorem

2134 4892 2453 4952 respueret.
2511 4882 2665 4937 Unde
2722 4884 2909 4938 dolens
2960 4884 3099 4937 adeo
3158 4883 3411 4948 edicitur,
3441 4892 3506 4937 ut
3550 4898 3742 4952 magna

2156 4976 2475 5046 mgriludine
2505 4976 2880 5046 stringeretur,
2916 4992 3012 5046 pro
3040 4991 3146 5044 qua
3172 4975 3326 5045 culpa
3359 4975 3746 5030 miserabiliter

2159 5069 2273 5123 haec
2292 5083 2454 5136 supra
2492 5068 2634 5122 dicta
2663 5067 2769 5120 filia
2821 5083 2939 5121 mea
2975 5068 3026 5120 in
3057 5067 3360 5120 caniculam
3410 5075 3620 5120 mutata
3644 5073 3743 5118 est.

2159 5158 2256 5214 His
2289 5160 2450 5214 dictis
2477 5175 2588 5230 pra:
2617 5159 2785 5214 nimio
2827 5159 3012 5214 dolore
3053 5159 3304 5228 erupitin
3334 5158 3585 5212 lacrimas
3612 5170 3748 5209 anus

2161 5253 2273 5308 illa.
2304 5254 2386 5307 Ad
2418 5253 2534 5308 haec
2574 5253 2802 5307 fmmina
2835 5271 2847 5306 :
2889 5251 3050 5319 Quid,
3077 5267 3204 5306 cara
3261 5251 3504 5314 domina,
3557 5248 3749 5304 similis

2160 5343 2366 5414 peccati
2421 5342 2659 5406 conscia,
2715 5343 2867 5411 quid,
2915 5343 3158 5412 inquam,
3209 5340 3420 5396 factura
3473 5335 3750 5394 sunﬂMe

2159 5432 2358 5486 etenim
2416 5431 2605 5485 dilexit
2635 5431 2871 5499 juvenis,
2929 5432 3024 5486 sed
3080 5447 3268 5486 amore
3312 5429 3580 5486 castitatis
3625 5440 3748 5480 eum

2163 5523 2483 5592 contempsi,
2535 5531 2590 5577 et
2634 5523 2796 5578 simili
2847 5526 3003 5581 modo
3037 5525 3085 5581 ei
3126 5524 3372 5593 contigit.
3427 5521 3522 5578 Cui
3570 5534 3747 5574 anus:

2163 5618 2350 5673 Laudo
2380 5619 2496 5685 tibi,
2521 5634 2650 5675 cara
2675 5621 2870 5688 amica,
2897 5633 2954 5677 ut
2978 5637 3139 5691 quam
3168 5621 3330 5676 citius
3359 5618 3563 5689 poteris
3590 5613 3750 5682 hujus

2163 5714 2476 5770 miserearis
2507 5723 2560 5769 et
2607 5716 2750 5785 quod
2799 5717 2993 5786 qtucrit
3045 5713 3236 5777 facias,
3273 5728 3340 5766 ne
3382 5722 3436 5765 et
3481 5719 3534 5763 tu
3586 5707 3749 5762 simili

2168 5803 2323 5857 modo
2353 5803 2404 5856 in
2434 5819 2620 5860 canem
2649 5808 2889 5861 muteris.
2926 5806 2979 5858 Si
3023 5805 3165 5860 enim
3205 5802 3404 5858 scirem
3439 5800 3582 5855 inter
3598 5796 3753 5868 juve-
