4142 6360
361 342 467 399 685

1580 341 1961 401 DISCIPLINA
2000 346 2424 405 CLEBICALIS.

3534 356 3639 415 686

361 472 492 515 nem
525 454 843 528 praedictum
865 461 921 509 et
939 453 1104 511 ﬁliam
1134 468 1309 511 meam
1346 469 1612 525 amorem,
1656 470 1951 531 numquam
1980 470 2029 527 Α
2060 480 2415 537 consurgens,
2448 467 2592 523 venit
2613 471 2680 523 ad
2710 468 2909 524 ostium
2939 477 2994 525 et
3024 479 3269 542 apertum
3300 471 3516 541 clausit,
3548 475 3640 529 ητ-

362 551 420 605 in
453 562 642 604 canem
697 554 1003 602 mutaretur
1056 545 1189 602 ﬁlia.
1242 545 1342 603 Cui
1398 547 1476 602 ait
1527 547 1722 603 mulier
1756 558 1950 604 casta:

363 639 607 697 Obsecro
629 646 688 694 ut
713 637 998 694 consilium
1049 637 1210 708 hujus
1263 638 1341 694 rei
1377 638 1510 693 utile
1531 639 1700 704 dicas,
1726 654 1795 695 ne
1823 655 1953 711 pro-

363 738 484 809 pria
519 735 695 792 forma
722 736 934 808 privata
965 734 1171 792 eﬁiciar
1224 737 1490 794 canicula.
1524 738 1673 794 Anus
1705 754 1721 793 :
1752 738 1954 795 Liben-

366 840 451 885 ter
479 845 578 900 pro
604 829 698 885 Dei
735 843 921 884 amore
941 837 998 885 et
1032 829 1271 886 remedio
1316 829 1515 885 animae
1558 846 1716 895 mem,
1746 839 1800 888 et
1826 832 1956 902 quia

368 922 635 978 misereor
672 921 773 989 tui,
806 922 948 977 hunc
984 922 1356 992 supradictum
1407 923 1663 993 juvenem
1687 938 1953 994 quaeram,

364 1013 487 1071 etsi
519 1028 626 1084 quo
659 1014 906 1070 invenire
949 1022 1158 1084 potero,
1195 1014 1264 1070 ad
1301 1022 1354 1070 te
1383 1015 1665 1070 reducam.
1696 1014 1794 1071 Cui
1824 1031 1955 1087 gra-

370 1104 482 1163 tias
516 1105 628 1177 egit
654 1104 873 1170 mulier,
899 1113 957 1160 et
984 1104 1065 1160 sic
1096 1119 1236 1160 anus
1263 1103 1559 1159 artiﬁciosa
1589 1104 1752 1160 dictis
1795 1105 1957 1162 ﬁdem

369 1201 629 1273 praebuit.
660 1199 830 1268 Quem
857 1199 1112 1272 promisit
1141 1199 1358 1257 reduxit
1375 1198 1654 1271 juvenem,
1681 1208 1735 1255 et
1762 1201 1840 1257 sic
1864 1216 1958 1257 eos

369 1291 690 1349 adsociavit.

440 1381 747 1454 Discipulos
770 1381 1035 1454 magistro
1068 1400 1083 1438 :
1117 1380 1424 1453 Numquam
1449 1381 1629 1437 audivi
1657 1391 1765 1437 tam
1795 1384 1960 1439 mira-

367 1471 481 1530 bile
507 1472 652 1544 quod
681 1481 736 1530 et
757 1481 885 1544 puto
925 1472 1045 1529 ﬁeri
1090 1480 1208 1528 arte
1249 1470 1487 1545 dyaboli.
1552 1471 1851 1544 Magister:
1882 1473 1961 1530 Ne

371 1563 609 1621 dubites.
642 1564 986 1636 Discipulos:
1021 1563 1194 1634 Spero
1220 1564 1359 1635 quod
1387 1564 1432 1619 si
1459 1565 1581 1635 quis
1611 1573 1722 1620 tam
1744 1566 1961 1636 sapiens

371 1657 478 1712 erit
509 1665 568 1712 ut
597 1670 812 1728 semper
844 1657 1034 1713 timeat
1056 1672 1116 1714 se
1134 1671 1295 1729 posse
1324 1656 1499 1728 decipi
1547 1666 1663 1713 arte
1693 1658 1959 1724 mulieris,

2060 559 2249 623 mavit,
2287 557 2577 614 fenestram
2633 561 2900 627 ascendit,
2941 561 3197 628 stetitque
3247 563 3320 619 ibi
3370 563 3540 622 donec
3578 569 3640 620 in

2057 652 2290 710 camisia
2322 667 2545 708 uxorem
2590 669 2742 709 suam
2790 664 3150 710 revertentem
3202 657 3355 723 vidit,
3388 672 3507 728 qua:
3537 658 3637 713 do-

2058 757 2207 796 mum
2259 741 2478 797 rediens
2521 742 2717 798 ostium
2768 744 3022 814 pulsavit.
3050 743 3146 800 Vir
3173 746 3453 802 mulierem
3484 763 3640 804 suam

2058 834 2290 888 audiens
2314 843 2368 888 et
2399 832 2609 902 videns,
2633 849 2697 890 ac
2745 835 2789 890 si
2833 838 3072 892 nesciret
3114 838 3470 909 interrogavit
3517 841 3641 911 quis

2058 935 2223 982 esset.
2255 926 2322 980 At
2343 927 2458 996 ipsa
2483 926 2652 998 culpae
2674 929 2888 984 veniam
2910 938 3098 999 petens
3124 940 3179 986 et
3205 947 3494 1002 numquam
3524 946 3642 985 am—

2062 1016 2204 1087 plius
2235 1032 2295 1073 se
2339 1018 2443 1074 hoc
2472 1018 2738 1074 facturum
2765 1021 3086 1090 promittens
3108 1021 3510 1092 nibiiprofecit,
3543 1023 3641 1078 sed

2058 1108 2144 1163 vir
2163 1107 2331 1164 iratus
2352 1108 2430 1164 ait
2463 1109 2604 1179 quod
2626 1124 2745 1165 eam
2778 1126 2883 1166 non
2922 1110 3124 1165 intrare
3146 1113 3506 1181 permitteret,
3545 1113 3642 1169 scd

2059 1212 2181 1253 esse
2204 1213 2361 1253 suum
2394 1199 2505 1254 suis
2525 1199 2841 1268 parentibus
2869 1202 3199 1256 ostenderet.
3225 1204 3295 1256 At
3324 1202 3438 1272 ipsa
3469 1204 3644 1272 magis

2061 1295 2116 1344 et
2141 1289 2314 1360 magis
2336 1289 2579 1345 clamans
2607 1291 2745 1345 dixit
2777 1292 2925 1360 quod
2951 1291 3055 1346 nisi
3086 1292 3284 1347 ostium
3319 1291 3641 1355 recluderet,

2064 1378 2119 1433 in
2144 1387 2365 1450 puteum
2395 1380 2484 1450 qui
2502 1377 2655 1448 juxta
2684 1382 2900 1436 domum
2927 1389 3048 1435 erat
3083 1380 3272 1436 saliret
3293 1389 3347 1434 et
3371 1382 3443 1436 ita
3475 1382 3641 1435 vitam

2064 1470 2266 1536 ﬁniret,
2291 1470 2478 1540 sicque
2504 1471 2571 1525 de
2599 1479 2774 1526 morte
2804 1485 2899 1525 sua
2920 1471 3110 1526 amicis
3132 1470 3518 1541 etpropinquis
3554 1486 3646 1525 ra-

2064 1559 2263 1616 tionem
2294 1560 2565 1616 redderet.
2599 1560 2807 1631 Spretis
2834 1560 2997 1616 minis
3023 1561 3276 1617 dominus
3300 1575 3411 1616 suae
3454 1561 3647 1616 mulie-

2063 1652 2160 1718 ris,
2201 1652 2409 1709 intrare
2435 1668 2542 1709 non
2570 1654 2838 1723 permisit.
2875 1651 3071 1709 Mulier
3107 1667 3236 1709 vero
3256 1654 3414 1724 plena
3444 1662 3562 1708 arte
3589 1663 3647 1707 et

371 1748 603 1805 forsitan
634 1747 705 1804 ab
742 1748 890 1805 illius
929 1748 1147 1821 ingenio
1178 1764 1238 1805 se
1278 1748 1555 1804 custodire
1601 1747 1823 1803 valebit.
1851 1746 1962 1802 Ma-
1995 1819 2019 1821 _
2063 1741 2356 1798 calliditate
2384 1741 2614 1812 sumpsit
2638 1742 2870 1813 lapidem
2894 1758 3054 1814 quem
3071 1743 3297 1814 projeeit
3320 1743 3373 1798 in
3397 1751 3646 1813 puteum,

369 1841 543 1912 gister
573 1854 589 1895 :
615 1839 811 1896 Audivi
834 1840 901 1894 de
925 1819 1160 1910 quodam
1188 1838 1409 1894 bomine
1430 1838 1519 1907 qui
1555 1836 1780 1891 multum
1811 1836 1961 1891 labo-
1995 1819 2038 1874 Β
2063 1832 2168 1888 bac
2198 1832 2499 1888 intentione
2536 1843 2592 1888 ut
2623 1834 2707 1888 vir
2731 1849 2861 1889 suus
2911 1834 3096 1890 audito
3145 1846 3326 1891 sonitu
3366 1834 3559 1905 lapidis
3590 1837 3648 1890 in

369 1935 515 1990 ravit
539 1944 603 1991 ut
640 1948 795 1991 suam
819 1932 1139 2000 custodiret,
1164 1932 1258 1988 sed
1283 1931 1420 1986 nihil
1454 1930 1675 2003 profuit.
1708 1930 1958 2000 Discipu-

370 2025 462 2082 lus
492 2024 793 2096 magistro:
832 2023 930 2081 Dic
954 2023 1088 2079 mihi
1115 2023 1244 2095 quid
1279 2020 1426 2086 fecit,
1460 2030 1518 2077 ut
1548 2020 1738 2078 melius
1764 2021 1957 2090 sciam,

369 2118 417 2176 si
438 2133 606 2191 quam
639 2118 870 2187 duxero,
889 2116 1034 2172 illam
1060 2116 1355 2172 custodire.
1387 2114 1644 2188 Magister
1673 2131 1686 2168 :

968 2207 1241 2266 FABULA
1270 2208 1383 2264 XII.
1704 2270 1711 2277 ν

438 2306 673 2376 Quidam
688 2302 909 2375 juvenis
938 2302 1037 2357 fuit
1063 2301 1160 2372 qui
1185 2308 1353 2356 totam
1390 2300 1748 2356 intentionem
1804 2313 1960 2355 suam

369 2407 426 2455 et
471 2406 645 2453 totum
695 2409 918 2452 sensum
956 2400 1012 2448 et
1054 2391 1236 2448 adhuc
1297 2399 1472 2447 totum
1536 2401 1745 2459 tempus
1806 2402 1962 2443 suum

369 2488 522 2546 misit
550 2487 619 2543 ad
662 2487 768 2543 boc
808 2494 870 2541 ut
911 2485 1079 2542 sciret
1122 2483 1491 2540 omnimodam
1545 2490 1720 2535 artem
1769 2477 1963 2534 mulie-

371 2581 474 2647 ris,
506 2589 561 2637 et
601 2580 705 2635 hoc
753 2577 900 2635 facto
952 2577 1124 2635 voluit
1172 2576 1372 2633 ducere
1418 2574 1665 2655 uxorem.
1695 2571 1803 2628 Sed
1849 2570 1962 2640 pri-

370 2672 539 2728 mitus
603 2670 845 2742 perrexit
904 2683 1153 2741 quaerere
1223 2650 1508 2723 consilium
1545 2650 1615 2721 'et
1671 2662 1956 2734 sapientio-

370 2777 487 2818 rem
550 2761 698 2817 illius
745 2760 984 2832 regionis
1011 2759 1146 2815 adiit
1172 2757 1471 2814 hominem.
1503 2753 1749 2823 Qualiter
1779 2763 1965 2810 custo-

365 2853 488 2910 dire
544 2861 727 2925 posset
779 2868 942 2925 quam
982 2852 1182 2908 ducere
1240 2849 1455 2906 volebat
1514 2847 1765 2918 quaesivit
1823 2862 1965 2902 uxo‘

371 2963 509 3003 rem.
540 2946 771 3016 Sapiens
798 2960 928 3001 vero
956 2944 1059 3000 hoc
1091 2941 1320 3028 audiens
1351 2940 1452 2997 sibi
1481 2942 1629 2996 dedit
1672 2939 1961 2995 consilium

368 3038 512 3108 quod
547 3046 892 3094 construeret
926 3035 1146 3091 domum
1178 3033 1303 3091 altis
1348 3031 1650 3104 parietibus
1701 3031 1955 3102 lapideis,

368 3137 700 3200 poneretque
744 3128 889 3183 intus
919 3125 1222 3189 mulierem,
1260 3125 1521 3194 daretque
1571 3123 1671 3178 sibi
1721 3122 1854 3177 satis
1887 3122 1957 3177 ad

366 3222 760 3278 comedendum
786 3230 968 3277 etnon
993 3218 1260 3290 superflua
1282 3218 1621 3284 indumenta,
1647 3217 1958 3288 faceretque

366 3315 443 3371 ita
471 3311 690 3369 domum
719 3311 863 3384 quod
890 3327 996 3367 non
1043 3319 1190 3368 esset
1219 3311 1272 3367 iu
1296 3325 1360 3365 ea
1392 3309 1498 3365 nisi
1527 3308 1701 3365 solum
1751 3309 1952 3363 ostium

366 3405 591 3478 solaque
612 3405 848 3463 fenestra
882 3419 978 3477 per
997 3420 1161 3476 quam
1200 3403 1430 3470 videret,
1461 3410 1516 3458 et
1545 3400 1634 3456 tali
1667 3399 1949 3456 altitudine

368 3511 660 3568 perquam
719 3511 879 3552 nemo
928 3496 1136 3550 intrare
1185 3501 1368 3565 posset
1402 3491 1485 3547 vel
1533 3493 1705 3547 exire.
1740 3490 1964 3547 Juvenis

367 3603 523 3655 vero,
560 3587 747 3644 audito
795 3585 1021 3643 consilio
1066 3584 1367 3653 sapientis,
1422 3582 1580 3638 sicuti
1634 3582 1682 3638 ei
1724 3580 1966 3652 jusserat

366 3679 502 3751 egit.
529 3677 686 3733 Mane
714 3691 843 3732 vero
868 3690 991 3733 cum
1012 3674 1229 3746 juvenis
1255 3673 1439 3729 exibat
1461 3674 1529 3729 de
1554 3673 1737 3739 domo,
1761 3673 1961 3728 ostium

369 3768 624 3824 ﬁrmabat
643 3774 701 3821 et
733 3764 983 3822 similiter
1006 3765 1222 3835 quando
1251 3764 1504 3819 intrabat.
1531 3763 1757 3830 Quando
1784 3772 1965 3819 autem

368 3857 701 3925 dormiebat,
735 3856 835 3913 sub
866 3856 1042 3927 capite
1067 3869 1166 3911 suo
1195 3854 1399 3909 clavem
1428 3854 1813 3910 abscondebat.
1851 3855 1964 3911 lioc

373 3960 558 4006 autem
588 3949 752 4022 longo
791 3957 1037 4025 tempore
1073 3947 1202 4020 egit.
1237 3946 1480 4015 Quadam
1524 3962 1653 4002 vero
1704 3947 1790 4003 die
1835 3947 1963 4003 dum

363 4042 583 4116 juvenis
610 4043 715 4099 iret
747 4041 816 4097 ad
838 4040 1041 4109 forum,
1066 4039 1283 4109 mulier,
1312 4050 1371 4096 ut
1417 4049 1537 4096 erat
1577 4039 1734 4095 solita
1764 4038 1960 4106 facere,

369 4135 620 4191 ascendit
645 4135 939 4192 fenestram
966 4140 1022 4189 et
1076 4142 1270 4190 euntes
1312 4142 1367 4188 ct
1421 4133 1709 4188 redeuntes
1759 4131 1964 4188 intente

371 4228 610 4299 aspexit.
640 4228 754 4285 Hac
778 4244 886 4284 una
933 4227 1022 4284 die
1047 4243 1171 4284 cum
1201 4227 1269 4283 ad
1297 4226 1588 4283 fenestram
1610 4234 1802 4295 Staret,
1831 4226 1963 4281 vidit

373 4325 665 4395 quemdam
690 4325 944 4395 juvenem
978 4323 1279 4379 formosum
1331 4337 1559 4392 corpore
1608 4331 1771 4392 atque
1799 4322 1956 4385 facie,

369 4429 482 4487 quo
508 4414 622 4471 viso
643 4416 827 4472 statim
845 4415 989 4472 illius
1012 4429 1198 4471 amore
1217 4430 1479 4470 succensa
1508 4413 1627 4477 fuit,
1652 4421 1779 4469 etut
1800 4429 1962 4484 supra

2063 1931 2284 1995 puteum
2314 1924 2521 1980 ruentis
2545 1934 2762 1995 putaret
2795 1940 2918 1981 sese
2943 1927 2996 1980 in
3026 1936 3247 1997 puteum
3276 1925 3560 1991 cecidisse,
3590 1935 3648 1981 et

2064 2018 2167 2072 hoc
2197 2025 2420 2089 peracto
2469 2018 2664 2073 mulier
2707 2027 2828 2088 post
2847 2027 3068 2089 puteum
3117 2033 3177 2074 se
3209 2017 3518 2074 abscondit.
3550 2016 3649 2072 Vir

2063 2110 2294 2182 simplex
2346 2120 2513 2181 atque
2572 2110 2849 2181 insipiens.
2905 2110 3092 2165 audito
3141 2109 3320 2164 sonitu
3367 2107 3561 2179 lapidis
3591 2109 3649 2165 in

2063 2210 2283 2272 puteum
2330 2201 2560 2265 ruentis,
2608 2215 2732 2256 mox
2791 2200 2860 2257 de
2909 2201 3070 2256 domo
3118 2199 3426 2270 egrediens,
3476 2200 3651 2257 celeri

2064 2308 2223 2348 cursu
2270 2293 2338 2349 ad
2385 2301 2606 2363 puteum
2656 2292 2823 2356 venit,
2869 2302 3069 2362 putans
3117 2305 3310 2347 verum
3352 2305 3473 2347 esse
3501 2291 3651 2361 quod

2066 2384 2349 2441 mulierem
2405 2385 2643 2442 audisset
2698 2383 2979 2441 cecidisse.
3024 2384 3221 2440 Mulier
3272 2398 3402 2440 vero
3457 2383 3650 2439 videns

2063 2478 2263 2534 ostium
2296 2478 2489 2534 domus
2513 2486 2784 2550 apertum,
2812 2487 2868 2534 et
2900 2493 3007 2534 non
3029 2477 3196 2533 oblita
3225 2485 3310 2534 est
3336 2492 3451 2533 sua:
3490 2476 3647 2543 artis,

2064 2570 2292 2625 intravit
2336 2570 2585 2637 domum,
2623 2571 2950 2640 ﬁrmatoque
3008 2569 3153 2626 ostio
3208 2569 3454 2625 ascendit
3502 2568 3654 2624 fene-

2067 2671 2260 2717 stram.
2284 2659 2375 2716 llle
2405 2670 2587 2716 autem
2610 2660 2799 2717 videns
2833 2675 2892 2717 se
2936 2676 3056 2717 esse
3086 2661 3395 2730 deceptum,
3426 2659 3601 2729 inquit
3633 2682 3649 2718 :

2066 2752 2112 2809 Ο
2134 2751 2330 2807 mulier
2361 2751 2545 2818 fallax,
2570 2751 2729 2823 plena
2757 2760 2876 2807 arte
2899 2751 3133 2817 dvaboli,
3160 2751 3417 2822 permitte
3441 2765 3529 2807 me
3569 2751 3654 2806 in‘

2067 2853 2236 2912 trare,
2263 2851 2317 2899 et
2345 2844 2607 2914 quidquid
2657 2843 2790 2898 mibi
2824 2842 2956 2898 foris
2981 2842 3156 2898 fecisti
3191 2857 3277 2898 me
3315 2841 3653 2897 condonatu-

2070 2952 2190 2992 rum
2217 2935 2314 2992 tibi
2337 2936 2520 2992 crede.
2568 2936 2641 2991 At
2669 2934 2758 2991 illa
2790 2950 2913 2991 eum
2942 2934 3229 3004 increpans
3258 2933 3655 3004 introitumque

2070 3028 2263 3085 domus
2292 3030 2515 3084 omnino
2535 3016 2590 3084 et
2621 3038 2968 3085 sacramento
3010 3028 3282 3100 denegans
3322 3029 3441 3084 ait:
3483 3027 3527 3084 Ο
3564 3042 3654 3083 se-

2072 3122 2286 3188 ductor,
2321 3132 2469 3178 tuum
2497 3136 2620 3178 esse
2671 3130 2836 3193 atque
2885 3133 3035 3178 tuum
3080 3122 3292 3178 facinus
3336 3118 3653 3193 parentibus

2072 3215 2181 3270 tuis
2210 3215 2519 3280 ostendam,
2550 3215 2678 3285 quia
2706 3229 3031 3286 unaquaque
3072 3222 3229 3271 nocte
3278 3228 3339 3270 es
3389 3212 3656 3270 sollicitus

2071 3308 2143 3362 ita
2168 3304 2356 3361 furtim
2381 3321 2411 3360 a
2432 3321 2520 3362 me
2549 3306 2700 3362 exire
2728 3314 2783 3363 et
2800 3306 3118 3362 meretrices
3138 3305 3319 3371 adire;
3353 3311 3408 3358 et
3429 3303 3503 3359 ita
3516 3303 3650 3373 egit.

2069 3391 2329 3451 Parentes
2371 3409 2502 3451 vero
2535 3395 2654 3451 hate
2701 3396 2986 3451 audientes
3028 3403 3194 3466 atque
3246 3409 3435 3449 verum
3468 3393 3659 3449 existi-

2068 3499 2284 3545 mantes
2314 3488 2894 3560 increpaveruuteum,
2920 3495 2972 3543 et
3006 3487 3076 3542 ita
3102 3487 3400 3543 mulierilla
3423 3484 3656 3544 liberat:

2068 3589 2187 3636 arte
2222 3595 2319 3635 sua
2348 3578 2609 3653 flagitium
2632 3581 2775 3652 quod
2803 3590 3079 3638 meruerat
3106 3581 3158 3636 in
3190 3581 3365 3635 virum
3397 3580 3656 3645 detrusit.

2067 3681 2153 3737 cui
2178 3679 2313 3736 nihil
2334 3677 2538 3752 profuit
2579 3679 2745 3735 immo
2781 3677 2937 3735 oii'uit
2999 3678 3280 3734 mulierem
3326 3676 3654 3734 custodisse.

2068 3769 2204 3826 Nam
2231 3772 2335 3826 iste
2362 3769 2529 3826 etiam
2558 3770 2759 3825 accidit
2792 3769 3042 3826 cumulus
3074 3768 3309 3825 miseria:
3336 3775 3480 3839 quod
3510 3768 3655 3824 exis~

2071 3863 2354 3919 timatione
2414 3863 2773 3934 plurimorum
2830 3866 2974 3934 quod
3020 3864 3337 3933 patiebatur
3387 3863 3657 3919 meruisse

2065 3955 2403 4022 crederetur,
2427 3954 2569 4010 unde
2587 3954 2803 4025 quidem
2831 3953 2986 4010 bonis
3008 3954 3419 4025 quampluribus
3442 3956 3650 4027 pulsus,

2067 4047 2421 4120 dignitatibus
2444 4057 2660 4114 exutus,
2687 4046 3094 4104 existimatione
3116 4046 3349 4102 foedatus
3375 4047 3444 4102 ob
3469 4048 3655 4103 uxoris

2069 4140 2468 4211 maliloquium,
2507 4141 2746 4197 incestus
2791 4140 2914 4195 tulit
2950 4140 3290 4211 supplicium.

2138 4229 2689 4301 Discipulus'Nemo
2738 4241 2823 4288 est
2873 4231 2967 4302 qui
3026 4232 3095 4287 ab
3143 4231 3361 4304 ingenio
3411 4230 3658 4288 mulieris

2065 4321 2341 4376 custodire
2377 4335 2436 4377 se
2463 4323 2652 4392 possit,
2696 4322 2798 4376 nisi
2839 4337 3000 4393 quem
3038 4321 3181 4377 Deus
3226 4322 3573 4387 custodierit,
3601 4329 3659 4376 et

2066 4412 2182 4468 haec
2211 4412 2336 4469 talis
2376 4415 2623 4469 narratio
2674 4429 2742 4470 ne
2797 4415 2988 4470 ducam
3042 4428 3268 4471 uxorem
3330 4430 3523 4487 magna
3573 4422 3659 4470 est

370 4508 577 4565 dictum
606 4516 708 4575 est,
738 4508 1003 4563 custodita
1037 4507 1202 4578 coepit
1231 4506 1472 4578 cogitare
1487 4505 1759 4583 quomodo
1780 4515 1837 4561 et
1860 4521 1964 4575 qua
1996 4503 2046 4563 D
2072 4503 2402 4560 deliortatio.
2443 4502 2737 4575 Magister:
2767 4504 2884 4559 Non
2939 4505 3105 4561 debes
3162 4519 3353 4561 omnes
3398 4504 3656 4560 mulieres

371 4608 491 4654 arte
518 4607 703 4669 posset
731 4599 876 4668 toqui
898 4614 1022 4656 cum
1045 4599 1301 4654 adamato
1322 4596 1545 4666 juvene.
1573 4599 1644 4652 At
1664 4612 1780 4667 ipsa
1808 4598 1966 4669 plena

376 4688 594 4759 ingenio
617 4703 681 4743 ac
701 4687 1005 4744 dolesitatis
1036 4697 1157 4743 arte
1184 4688 1447 4760 cogitavit
1474 4687 1617 4759 quod
1649 4687 1831 4744 claves
1872 4687 1966 4743 do—

375 4781 509 4837 mitti
534 4783 616 4837 sui
660 4781 936 4837 furarctir
964 4782 1092 4838 dum
1128 4782 1412 4849 dormiret,
1442 4792 1497 4838 et
1546 4783 1619 4838 ita
1661 4785 1796 4855 egit.
1841 4784 1967 4841 llzec

376 4887 506 4929 vero
533 4882 750 4929 assueta
775 4883 896 4930 erat
920 4874 1200 4930 dominum
1235 4890 1392 4929 suum
1426 4890 1748 4948 unaquaque
1807 4886 1964 4934 nocte

378 4964 656 5021 inebriare
685 4965 812 5021 vino
843 4973 904 5020 ut
932 4964 1180 5020 securius
1212 4964 1279 5020 ad
1321 4964 1557 5021 amicum
1601 4981 1758 5022 suum
1786 4977 1971 5038 posset

378 5057 532 5125 exire
558 5067 615 5113 et
658 5072 812 5113 suam
862 5057 1199 5115 voluntatem
1247 5056 1490 5128 explere.
1551 5058 1812 5115 Dominus
1836 5076 1967 5116 vero

378 5149 522 5205 illius
554 5149 939 5220 pbilosopbicis
989 5148 1104 5219 jam
1155 5149 1383 5205 edoctus
1415 5149 1636 5205 monitis
1664 5150 1783 5206 sine
1841 5151 1967 5208 dolo

376 5240 557 5297 nullos
578 5258 701 5298 esse
729 5243 1023 5298 muliebres
1046 5252 1220 5310 actus,
1253 5244 1420 5312 coapit
1447 5241 1685 5314 cogitare
1715 5244 1844 5313 quid
1870 5259 1968 5300 sua

375 5333 575 5405 coujux
614 5344 851 5389 strueret
901 5333 1167 5405 frequenti
1221 5343 1278 5391 et
1326 5333 1601 5390 cotidiana
1649 5335 1965 5404 potatione,

378 5430 527 5496 quod
548 5434 606 5481 ut
626 5427 728 5482 sub
755 5426 970 5483 occulto
992 5439 1220 5498 poneret
1274 5443 1332 5483 se
1378 5426 1535 5481 ﬁnxit
1571 5427 1785 5482 ebrium
1820 5443 1963 5484 esse.

376 5517 545 5585 Cujus
579 5519 655 5574 rei
680 5519 873 5575 mulier
911 5519 1079 5576 inscia
1111 5519 1178 5574 de
1202 5518 1345 5573 lecto
1392 5528 1552 5574 nocte
1606 5533 1964 5589 consurgens,

377 5611 623 5682 pertexit
650 5612 721 5668 ad
741 5614 940 5669 ostium
966 5614 1257 5678 domus,et
1292 5620 1480 5683 aperto
1525 5611 1693 5667 exivit
1720 5611 1787 5665 ad
1830 5612 1960 5665 amiv

376 5717 527 5759 cum.
582 5701 675 5759 Vir
722 5712 902 5759 autem
966 5719 1097 5759 suus
1144 5705 1196 5759 in
1238 5702 1455 5758 silentio
1503 5702 1676 5757 noctis
1728 5702 1969 5757 suaviter

446 5816 889 5889 (21)ϐ.ιρ.ιιιι,
916 5818 1100 5872 to-st.
1165 5858 1178 5873 .
1210 5856 1258 5874 ..
1290 5858 1303 5872 .
1330 5825 1515 5881 mi
1544 5827 1618 5877 vi:
1638 5801 1906 5880 Sin-nam

2071 4596 2296 4652 credere
2326 4595 2459 4652 tales
2505 4612 2646 4662 esse,
2693 4596 2954 4667 quoniam
3006 4613 3201 4670 magna
3248 4599 3463 4654 bonitas
3493 4609 3658 4669 atque

2071 4687 2296 4743 castitas
2334 4688 2386 4742 in
2432 4689 2617 4744 multis
2644 4690 2954 4760 repperitur
2978 4691 3317 4758 mulieribus,
3344 4701 3399 4746 et
3426 4692 3569 4747 scias
3601 4691 3657 4746 in

2069 4779 2214 4834 bona
2254 4779 2483 4834 muliere
2530 4780 2727 4835 bonam
2782 4783 3100 4837 societatem
3152 4782 3416 4853 repperiri
3472 4796 3655 4852 posse.

2069 4872 2218 4927 Bona
2250 4871 2447 4927 mulier
2471 4871 2648 4928 ﬁdelis
2676 4884 2861 4929 custos
2888 4884 2973 4930 est
2999 4884 3055 4930 et
3089 4876 3230 4930 bona
3254 4876 3469 4930 domus.
3497 4873 3655 4931 Salo-
3686 4882 3691 4887 '

2071 4979 2196 5019 mon
2229 4964 2281 5018 in
2315 4963 2420 5018 ﬁne
2448 4962 2572 5019 libri
2607 4963 3025 5021 Proverbiorum
3057 4982 3279 5022 suorum
3301 4967 3492 5040 viginti
3517 4966 3657 5023 duos

2069 5072 2260 5112 vcrsus
2281 5056 2348 5111 de
2380 5055 2538 5112 laude
2570 5067 2733 5128 atque
2763 5058 3003 5114 bonitate
3029 5059 3275 5116 mulieris
3321 5060 3477 5116 bona:
3505 5075 3674 5141 eom-.

2069 5152 2247 5221 posuit
2266 5150 2399 5222 (2|).
2418 5150 2725 5221 Discipulus
2753 5151 2821 5208 ad
2848 5153 2964 5208 haec
2988 5170 3003 5205 :
3026 5151 3172 5208 Bene
3196 5168 3280 5208 me
3309 5153 3654 5227 confortasti,

2068 5244 2162 5299 sed
2188 5245 2387 5301 audisti
2410 5253 2591 5300 tamen
2622 5245 2861 5317 aliquam
2893 5249 3174 5305 mulierem
3203 5263 3322 5319 qua:
3352 5248 3435 5302 sui
3464 5263 3656 5304 sensus

2070 5334 2349 5405 ingenium
2384 5336 2652 5391 niteretur
2693 5336 2748 5391 in
2787 5336 2989 5394 bonum
3052 5337 3305 5394 mittere?
3354 5337 3650 5409 Magister:

2069 5427 2289 5482 Audivi.
2320 5427 2628 5499 Discipulus
2665 5448 2679 5483 :
2708 5429 2875 5485 Refer
2900 5430 3032 5487 milii
3065 5432 3130 5487 de
3155 5432 3269 5495 illa,
3290 5430 3414 5499 quia
3442 5428 3656 5483 videtur

2071 5521 2202 5577 milii
2228 5536 2315 5577 res
2350 5536 2508 5577 nova.
2541 5522 2832 5595 Magister:

2633 5615 2908 5673 FABULA
2946 5615 3081 5671 Xlll.

2140 5707 2352 5762 Dictum
2378 5704 2480 5762 fuit
2508 5706 2639 5763 mibi
2667 5709 2808 5778 quod
2856 5706 3073 5777 quidam
3124 5703 3388 5772 Hispanus
3413 5701 3655 5772 perrexit
