4038 6476
407 396 514 454 οετ
1341 392 1546 448 perm
1582 391 1926 450 ALPHONSI
1966 391 2058 450 ex
2095 392 2338 454 ωιλλιεο
2379 393 2768 454 CllltlSTlANl
3576 369 3694 450 oss"

405 513 581 578 Meeb,
608 521 663 568 et
684 515 809 567 dum
835 512 946 566 ibat
974 507 1218 579 pervenit
1247 505 1297 560 in
1323 504 1640 577 Egyptnm.
1666 506 1758 580 qui
1783 507 1995 564 deserta
2026 515 2070 571 Α
2100 511 2332 580 primum
2361 509 2620 565 scrinium
2669 512 2810 564 sicut
2834 508 2882 562 ei
2913 515 3238 578 praeceptum
3296 505 3480 563 fuerat
3516 509 3685 564 venit.

403 615 564 660 terrm
598 605 800 659 intrare
830 611 1018 660 volens
1056 609 1107 658 et
1157 599 1410 666 transire,
1440 602 1860 672 cogitavitqnod
1900 618 1993 672 pe-

405 697 620 751 cuniam
665 710 817 749 suam
878 699 931 751 in
981 695 1214 765 Egypto
1259 694 1577 757 dimitteret,
1607 702 1663 747 et
1697 702 1990 762 antequam

403 787 679 841 dimittere
708 785 971 842 voluisset
993 786 1405 856 interrogavitsi
1423 785 1618 856 aliquis
1646 785 1994 841 fidelishomo

401 886 548 931 esset
574 876 625 929 in
647 875 737 932 illa
768 879 988 949 regione
1015 878 1098 932 cui
1127 885 1310 948 posset
1336 879 1679 932 committere
1703 878 1993 948 pecuniam

401 985 578 1031 suam,
601 977 652 1024 et
681 971 1036 1027 ostenderunt
1071 971 1121 1024 ei
1171 969 1455 1040 antiquum
1489 969 1764 1025 hominem
1817 971 1998 1024 nomi-

402 1069 589 1116 natum
623 1063 894 1132 probitate
927 1061 1229 1127 ﬁdelitatis,
1262 1062 1348 1117 cui
1381 1061 1448 1117 de
1490 1077 1589 1117 suo
1618 1062 1764 1116 mille
1795 1062 1993 1117 talenta

399 1153 696 1220 t‘Oznmisit,
731 1153 947 1209 demum
980 1153 1244 1224 perrexit,
1269 1150 1733 1221 factoqueitinerc
1756 1153 1820 1206 ad
1844 1151 1993 1206 illum

403 1245 563 1301 rediit
593 1245 679 1300 cui
703 1244 985 1315 pecuniam
1023 1244 1317 1312 commisit,
1350 1252 1405 1299 et
1454 1244 1597 1312 quod
1649 1243 1996 1298 commiserat

404 1339 473 1394 ab
497 1353 562 1394 eo
592 1337 858 1405 quaesivit.
892 1336 962 1389 At
986 1335 1072 1390 ille
1103 1335 1294 1404 plenus
1344 1336 1602 1405 nequitiae
1649 1334 1796 1389 illum
1838 1349 1995 1388 num-

402 1444 564 1500 quam
590 1436 750 1484 antea
776 1444 834 1485 se
869 1428 1070 1483 vidisse
1091 1427 1325 1482 dicebat.
1357 1426 1449 1482 Ille
1470 1441 1599 1482 vero
1638 1426 1716 1481 sic
1738 1427 1996 1496 deceptus

401 1523 647 1595 perrexit
677 1521 744 1577 ad
773 1521 974 1592 probos
1020 1520 1272 1576 homines
1305 1519 1542 1590 regionis
1581 1518 1744 1584 illius,
1776 1527 1830 1573 et
1863 1533 1996 1587 quu-

404 1613 565 1668 modo
594 1619 882 1667 tractasset
911 1627 1034 1667 eum
1080 1611 1240 1665 homo
1270 1608 1357 1664 ille
1383 1609 1468 1664 cui
1520 1609 1802 1677 pecuniam
1843 1623 1995 1662 com-

405 1703 630 1759 miserat
659 1702 739 1757 eis
771 1701 972 1757 retulit.
1005 1699 1183 1756 Vicini
1221 1716 1350 1755 vero
1377 1699 1520 1754 illius
1540 1699 1608 1754 de
1643 1714 1708 1754 eo
1733 1698 1858 1753 talia
1896 1713 1994 1750 au-

404 1795 614 1848 dientes
649 1792 870 1848 credere
894 1789 1206 1855 noluerunt,
1229 1790 1322 1845 sed
1353 1789 1487 1844 nihil
1527 1789 1630 1844 hoc
1672 1803 1796 1844 esse
1843 1787 1996 1842 dixe-

2099 603 2189 656 llle
2223 617 2355 657 vero
2380 602 2470 672 qui
2504 601 2792 671 pecuniam
2818 599 3107 666 celaverat,
3130 601 3322 670 plenus
3350 600 3612 671 nequitia:
3637 612 3691 658 et

2097 693 2250 748 mala:
2298 694 2452 763 artis,
2481 702 2541 748 ut
2594 694 2727 749 vidit
2757 693 3030 748 hominem
3061 694 3371 750 venientem
3400 697 3489 750 cui
3520 709 3688 765 pecu-

2095 790 2240 842 niam
2271 787 2562 856 celaverat,
2593 788 2789 843 timens
2833 802 2900 842 ne
2948 787 2991 842 si
3043 802 3326 858 pecuniam
3359 789 3686 859 requireret.

2097 879 2234 934 alius
2250 881 2339 949 qui
2357 895 2510 934 suam
2536 879 2819 949 pecuniam
2846 877 3148 933 adducebat
3167 896 3269 934 non
3293 879 3688 944 committeret,

2096 981 2282 1027 contra
2330 989 2452 1028 eum
2509 973 2586 1027 ita
2642 972 2874 1028 dicendo
2926 973 3212 1041 perrexit:
3252 970 3541 1039 Oamice,
3598 973 3688 1028 ubi

2097 1061 2244 1118 fuisti
2267 1073 2320 1118 et
2343 1063 2431 1118 ubi
2463 1064 2771 1118 diutinasti?
2801 1063 2933 1119 Veni
2966 1075 3021 1120 et
3042 1066 3224 1136 accipe
3251 1066 3537 1135 pecuniam
3569 1065 3688 1120 fidei

2099 1171 2232 1210 mere
2265 1156 2473 1225 jamdiu
2502 1159 2962 1223 commendatam,
2999 1159 3126 1227 quia
3190 1158 3370 1213 inveni
3407 1168 3464 1212 et
3492 1156 3688 1212 arundo

2101 1246 2262 1300 tardet
2290 1261 2374 1300 me
2399 1248 2693 1303 custodire.
2730 1248 2798 1302 At
2821 1247 2910 1302 ille
2936 1248 3092 1303 hctus
3138 1254 3194 1302 et
3217 1248 3461 1319 gaudens
3489 1245 3695 1314 recepit

2100 1338 2383 1406 pecuniam
2423 1342 2630 1407 gratias
2655 1354 2840 1408 agens.
2872 1338 3085 1404 Vetula,
3132 1348 3192 1392 ut
3247 1338 3384 1393 vidit
3412 1335 3690 1392 hominem

2097 1429 2383 1495 pecuniam
2416 1445 2569 1484 suam
2614 1431 2836 1492 habere.
2867 1432 3105 1486 surrexit
3145 1441 3198 1485 et
3226 1431 3398 1500 inquit
3429 1447 3443 1482 :
3487 1429 3691 1484 Ibimus

2099 1533 2199 1590 ego
2229 1529 2286 1574 et
2307 1521 2493 1576 soci-us
2545 1536 2697 1577 meus
2725 1532 2916 1578 contra
2947 1522 3178 1577 scrinios
3203 1531 3419 1577 nostros
3449 1530 3505 1575 et
3543 1519 3692 1574 festi-

2101 1624 2233 1664 nare
2264 1612 2679 1681 prtecipiemus;
2709 1621 2761 1667 tu
2792 1629 2922 1668 vero
2949 1623 3172 1682 expecta
3203 1613 3373 1667 donec
3402 1612 3689 1667 redeamus

2101 1713 2154 1758 et
2180 1704 2316 1759 bene
2338 1719 2494 1759 scrva
2521 1705 2664 1774 quod
2693 1704 2805 1773 jam
2830 1706 3171 1761 adduximus.
3206 1705 3297 1760 Ille
3328 1714 3512 1758 autem
3537 1701 3689 1757 Letus

2106 1793 2286 1849 animo
2312 1795 2455 1863 quod
2504 1805 2788 1866 acceperat
2834 1797 3090 1860 servavit,
3147 1796 3551 1863 adventumque
3600 1807 3690 1847 eo-

405 1894 552 1939 runt.
579 1884 682 1952 Qui
707 1899 836 1939 vero
864 1881 1146 1952 pecuniam
1173 1882 1502 1952 perdiderat,
1533 1893 1857 1950 unaquaque
1909 1879 1995 1933 die
2029 1900 2074 1956 Β
2104 1901 2240 1948 rum,
2275 1886 2417 1956 quod
2471 1885 2646 1941 adhuc
2689 1895 2888 1956 potest,
2937 1887 3264 1957 expectavit,
3315 1894 3369 1940 et
3425 1885 3498 1938 ita
3550 1884 3688 1939 bono

407 1974 475 2028 ad
499 1975 718 2028 domum
748 1972 890 2028 illius
917 1972 1008 2042 qui
1043 1971 1312 2027 retinebat
1337 1971 1530 2039 injuste
1554 1971 1837 2040 pecuniam
1862 1970 1991 2036 ibat,

405 2065 726 2136 blandisque
754 2065 1008 2135 precibus
1051 2079 1174 2118 eum
1203 2063 1599 2134 deprecabatur
1629 2072 1686 2116 ut
1709 2060 1994 2132 pecuniam

407 2159 678 2226 redderet,
715 2157 859 2228 quod
917 2157 1179 2226 deceptor
1221 2155 1476 2222 audiens,
1515 2153 1816 2224 increpavit
1871 2166 1995 2206 eum

406 2253 591 2307 dicens
615 2267 681 2306 ne
708 2249 937 2320 amplius
968 2249 1071 2304 tale
1091 2249 1220 2319 quid
1248 2249 1315 2303 de
1336 2263 1400 2302 eo
1429 2247 1632 2302 diceret
1658 2244 1743 2300 vel
1767 2245 1832 2298 ad
1868 2258 1994 2299 eum

404 2344 637 2410 veniret,
665 2345 806 2413 quod
841 2343 884 2397 si
942 2341 1168 2408 faceret,
1199 2355 1390 2413 pcenas
1426 2355 1493 2396 ex
1523 2339 1718 2393 merito
1765 2336 1990 2392 subiret.

405 2434 621 2489 Auditis
667 2435 828 2488 minis
851 2433 994 2487 illius
1022 2433 1113 2503 qui
1143 2447 1264 2488 eum
1296 2431 1608 2501 deceperat,
1635 2429 1806 2484 tristis
1831 2429 1996 2498 cmpit

406 2527 605 2592 redire,
637 2536 691 2581 et
713 2527 765 2580 in
790 2526 1062 2582 redeundo
1091 2525 1556 2579 obviavitcuidam
1585 2522 1777 2578 vetulzu
1801 2521 1996 2589 pannis

407 2616 815 2672 heremitalibus
836 2616 1057 2670 indutm.
1085 2615 1212 2671 Ilaec
1234 2627 1412 2670 autem
1436 2613 1628 2670 baculo
1654 2629 1754 2668 suo
1778 2611 1995 2682 fragiles

405 2718 554 2763 artas
581 2709 939 2774 sustentabat,
969 2717 1022 2763 et
1055 2723 1148 2777 per
1171 2708 1313 2762 viam
1365 2706 1631 2761 laudando
1659 2705 1824 2760 Deum
1857 2704 1991 2771 lapi-

407 2802 498 2855 des
524 2813 590 2854 ne
625 2801 1022 2856 transeuntium
1053 2801 1220 2870 pedes
1242 2799 1569 2854 laederentur
1596 2797 1831 2852 locabat.
1862 2795 1994 2862 Quae

405 2895 596 2948 videns
624 2892 894 2948 hominem
922 2891 1160 2957 ﬂentem,
1188 2891 1439 2962 cognovit
1466 2893 1610 2958 feum
1652 2904 1771 2944 esse
1805 2896 1988 2942 extra-

333 2989 336 2993 ’
407 3004 588 3043 neum.
641 2987 922 3042 Commota
953 2986 1154 3056 pietate
1187 2988 1242 3039 in
1290 2983 1634 3055 angiportum
1683 2981 1895 3036 vocavit
1938 2989 1992 3035 et

405 3080 534 3149 quid
563 3079 611 3134 ci
656 3079 946 3134 accidisset
969 3076 1348 3148 interrogavit.
1377 3077 1449 3130 At
1475 3075 1563 3131 ille
1593 3077 1839 3132 ordinate
1869 3089 1992 3136 mr-

407 3171 568 3224 ravit.
600 3169 848 3224 Fcemina
885 3169 1082 3224 auditis
1105 3167 1284 3223 verbis
1303 3165 1418 3236 ejus
1445 3166 1619 3237 inquit
1651 3185 1665 3220 ε
1703 3167 1912 3231 Amice,
1944 3165 1989 3220 si

2101 1974 2316 2046 ingenio
2353 1975 2549 2030 vetula:
2580 1977 2787 2031 reddita
2820 1977 2922 2032 iuit
2954 1978 3072 2031 viro
3093 1992 3305 2031 summa
3349 1975 3616 2044 pecuniae.

2169 2067 2473 2137 Discipulus
2514 2085 2528 2121 :
2577 2067 2722 2122 Istud
2773 2069 2968 2122 mirum
3019 2068 3122 2122 fuit
3171 2067 3449 2137 ingenium
3517 2076 3679 2134 atque

2097 2159 2228 2214 utile
2253 2201 2268 2225 ,
2319 2175 2422 2215 nec
2468 2168 2598 2231 puto
2628 2160 2769 2229 quod
2813 2160 3009 2230 aliquis
3040 2159 3388 2230 philosophus
3425 2158 3682 2213 subtilius

2093 2251 2360 2322 Cogitaret
2394 2265 2490 2320 per
2518 2251 2661 2321 quod
2689 2250 2862 2305 levius
2894 2250 2977 2304 vir
3015 2265 3168 2305 suam
3202 2249 3494 2319 pecuniam
3523 2263 3681 2302 recu-

2098 2347 2336 2407 peraret.
2388 2337 2643 2408 Magister
2689 2355 2704 2390 :
2745 2339 2888 2394 Bene
2945 2345 3129 2409 posset
3179 2337 3540 2408 philosophus
3579 2352 3678 2392 suo

2096 2427 2274 2483 facere
2297 2429 2525 2484 naturali
2559 2429 2794 2500 ingenio.
2821 2429 3124 2500 Discipulus
3147 2449 3160 2485 :
3187 2429 3300 2486 lloc
3322 2430 3461 2485 bene
3488 2430 3682 2496 credo;

2095 2520 2188 2576 sed
2216 2521 2260 2574 si
2290 2521 2522 2591 aliquem
2556 2522 2998 2594 phil030phorum
3031 2523 3190 2594 hujus
3219 2524 3361 2578 modi
3391 2523 3682 2594 reposuisti

2097 2611 2149 2664 in
2177 2611 2356 2665 cordis
2380 2613 2692 2679 armariolo,
2715 2612 2916 2686 largire
2949 2615 3080 2668 mihi
3111 2615 3395 2685 discipulo,
3413 2625 3468 2670 et
3497 2631 3597 2686 ego
3629 2616 3691 2668 ﬁ-

2097 2702 2197 2756 deli
2229 2705 2505 2760 memoria:
2534 2707 3020 2775 commendabo,ut
3043 2709 3369 2778 quandoque
3403 2709 3636 2778 discipul
3659 2725 3686 2762 s

2093 2796 2235 2850 lacte
2284 2797 2640 2868 philosophia:
2689 2800 2931 2855 educatis
2981 2800 3430 2856 delicatissimum
3498 2799 3686 2872 largiri

2094 2891 2296 2960 possim
2323 2891 2663 2947 alimentum.
2697 2891 2972 2964 Magister.

2664 2983 2935 3041 FABULA
2978 2984 3117 3040 XIV.

2165 3071 2406 3143 Contigit
2427 3075 2571 3143 quod
2600 3074 2818 3144 quidam
2845 3076 3007 3132 homo
3047 3075 3236 3130 habuit
3258 3074 3428 3129 lilium
3459 3074 3546 3129 cui
3571 3081 3690 3143 post

2094 3171 2321 3216 mortem
2352 3179 2506 3218 suam
2541 3164 2675 3218 nihil
2701 3175 2898 3236 prmter
2925 3165 3142 3221 domum
3174 3165 3400 3218 dimisit.
3434 3163 3543 3217 Iste
3563 3178 3691 3217 cum

408 3276 534 3316 vera
565 3267 690 3314 sunt
718 3274 838 3329 quae
882 3258 1133 3325 retulisti,
1169 3257 1336 3312 feram
1390 3258 1488 3313 tibi
1544 3258 1669 3312 inde
1706 3257 1987 3310 auxilium.
2019 3243 2063 3305 C
2096 3271 2290 3326 magno
2326 3255 2518 3315 labore
2563 3260 2776 3327 corpori
2829 3273 2928 3313 suo
2980 3259 3067 3312 vix
3117 3259 3282 3312 etiam
3326 3271 3450 3327 qua:
3496 3266 3692 3314 natura

408 3354 474 3408 Et
504 3352 592 3408 ille
624 3370 639 3408 :
674 3352 956 3420 Quomodo
978 3361 1132 3422 potes
1158 3351 1259 3406 hoc
1305 3351 1503 3412 facere,
1536 3349 1728 3403 ancilla
1760 3349 1888 3402 Dei?
1925 3348 1994 3403 At

411 3448 498 3501 illa
530 3447 703 3516 inquit
731 3462 748 3500 :
778 3446 965 3500 Adduc
996 3445 1127 3500 mihi
1157 3446 1432 3500 hominem
1461 3445 1527 3500 de
1552 3454 1694 3498 terra
1723 3453 1811 3498 tua
1841 3444 1992 3514 cujus

411 3539 566 3593 iactis
592 3547 648 3592 et
684 3537 841 3592 dictis
871 3537 1028 3592 ﬁdem
1074 3537 1277 3592 habere
1301 3535 1495 3606 possis.
1529 3535 1599 3591 At
1637 3534 1724 3591 ille
1750 3536 1986 3589 adduxit.

412 3630 634 3683 Dcmml)
666 3628 874 3699 decepti
904 3628 1050 3683 socio
1078 3627 1334 3698 przecepit
1380 3627 1565 3683 decem
1610 3625 1789 3683 cofros
1815 3636 1994 3682 exter-

410 3721 495 3774 nis
526 3718 780 3788 pretiosis
803 3717 1042 3787 depictos
1066 3717 1360 3783 coloribus,
1384 3725 1545 3787 atque
1569 3716 1714 3772 ferro
1734 3717 1994 3787 deargen-

415 3819 529 3865 tato
557 3810 752 3881 ligatos
774 3824 896 3866 cum
931 3810 1086 3866 bonis
1118 3810 1255 3865 seris
1283 3823 1464 3865 eruere
1502 3817 1556 3864 et
1577 3809 1643 3863 ad
1669 3809 1884 3864 domum
1910 3809 1992 3863 sui

411 3901 640 3973 hospitis
667 3899 882 3966 afferre,
914 3901 1287 3972 lapidibusque
1340 3900 1687 3956 comminutis
1742 3899 1989 3969 implere.

408 4002 478 4049 At
506 3995 619 4064 ipse
666 3993 740 4047 ila
768 3994 895 4064 egit.
926 3992 1117 4048 Mulier
1142 4007 1270 4048 vero
1303 4001 1362 4046 ut
1389 3991 1526 4047 vidit
1553 3991 1733 4046 omnia
1758 3991 1844 4044 illa
1874 4006 1993 4060 qua:

406 4095 738 4156 praeceperat
789 4099 908 4140 esse
949 4093 1157 4155 parata,
1199 4084 1314 4138 ait:
1349 4081 1504 4138 Nunc
1531 4082 1717 4138 decem
1747 4082 1994 4136 homines

409 4179 664 4249 perquire
709 4178 798 4248 qui
849 4187 1038 4234 euntes
1067 4178 1134 4232 ad
1160 4178 1378 4233 domum
1411 4175 1555 4232 illius
1587 4176 1675 4246 qui
1708 4185 1759 4231 te
1784 4177 1995 4247 deceth

411 4286 621 4326 meeum
637 4280 834 4325 etcum
859 4272 1004 4327 socio
1041 4281 1131 4326 tuo
1159 4269 1407 4326 deferant
1435 4270 1663 4326 scrinios
1690 4284 1828 4324 unus
1874 4278 1992 4339 post

408 4362 574 4416 alium
602 4364 882 4418 venientes
909 4362 1099 4418 ordine
1134 4361 1311 4433 longo,
1353 4371 1409 4417 et
1447 4378 1610 4433 quam
1641 4363 1750 4417 cito
1787 4363 1994 4433 primus

406 4459 616 4514 venerit
671 4459 738 4514 ad
793 4458 1012 4514 domum
1062 4457 1297 4513 hominis
1331 4459 1423 4528 qui
1477 4467 1529 4513 te
1576 4458 1787 4528 decepit
1825 4468 1878 4514 et
1909 4473 1994 4514 re-

407 4553 649 4620 quiescet
675 4551 768 4617 ibi,
799 4551 920 4605 veni
954 4560 1007 4605 ct
1031 4551 1299 4622 interroga
1329 4551 1636 4622 pecuniam,
1666 4560 1719 4606 et
1749 4566 1849 4621 ego
1883 4562 1989 4605 tam
2028 4587 2074 4643 Β

409 4643 624 4699 conﬁdo
654 4644 704 4697 in
740 4643 908 4698 Deum
947 4645 1091 4714 quod
1114 4644 1322 4698 reddita
1353 4643 1447 4698 tibi
1490 4652 1580 4698 tua
1617 4644 1842 4712 pecunia
1882 4643 1998 4698 fue-

405 4735 499 4789 rit.
528 4736 598 4789 At
616 4735 730 4802 ipse
755 4733 912 4790 sicuti
937 4734 1357 4805 vetulajusserat
1377 4733 1526 4799 fecit,
1554 4750 1672 4804 qum
1695 4751 1799 4790 non
1826 4734 1992 4790 oblita

405 4826 608 4896 incepti
649 4829 792 4896 quod
823 4835 1173 4896 prazcepcrat,
1202 4825 1305 4879 iter
1337 4825 1536 4895 incepit
1588 4835 1642 4880 et
1697 4826 1840 4880 venit
1871 4841 1993 4879 cum

405 4919 555 4972 socio
576 4918 782 4988 decepti
811 4918 877 4973 ad
927 4919 1146 4973 domum
1198 4919 1505 4988 deceptoris
1530 4928 1580 4973 et
1620 4918 1791 4987 inquit
1823 4938 1835 4971 :
1867 4918 1995 4984 Qni-

407 5009 532 5062 dam
585 5009 746 5064 homo
769 5010 834 5063 de
886 5010 1153 5082 llyspania
1201 5011 1510 5080 hospitatus
1542 5026 1752 5064 mecum
1802 5009 1901 5063 fuit
1939 5019 1995 5065 ct

408 5098 521 5153 vult
572 5097 723 5152 Mcch
759 5100 928 5164 adire,
982 5102 1280 5169 qnmritoue
1334 5109 1493 5154 antea
1529 5101 1810 5169 pecuniam
1839 5116 1991 5154 suam

410 5205 530 5258 qua:
568 5198 654 5244 est
683 5189 735 5242 in
781 5190 965 5245 decent
998 5193 1216 5246 scriniis
1247 5191 1566 5247 servandam
1599 5192 1757 5247 alicui
1786 5193 1991 5248 homini

409 5283 582 5336 donec
613 5289 919 5336 revertatur
971 5283 1400 5340 commendare:
1445 5299 1635 5353 precor
1691 5285 1873 5355 itaque
1933 5293 1993 5339 ut

409 5373 509 5428 mei
541 5387 703 5428 causa
731 5373 782 5426 in
805 5373 919 5429 aede
939 5383 1029 5429 tua
1057 5376 1348 5441 custodias,
1372 5385 1426 5430 et
1452 5376 1576 5445 quia
1598 5376 1775 5440 audivi
1799 5386 1850 5431 et
1876 5377 1991 5431 seio

410 5470 462 5516 te
513 5462 710 5516 bonum
759 5462 1035 5520 hominem
1087 5473 1143 5521 et
1193 5465 1405 5520 ﬁdelem
1433 5481 1576 5529 esse,
1602 5465 1727 5520 nolo
1756 5465 1988 5536 aliquem

406 5553 570 5609 a‘lium
611 5564 808 5626 j‘irteter
847 5565 898 5613 te
927 5558 1099 5614 solum
1129 5559 1290 5629 hujus
1315 5559 1559 5629 pecunia‘
1589 5561 1991 5613 commenda:o-

406 5660 518 5699 rem
547 5649 758 5704 adesse.
805 5650 869 5704 Et
921 5651 1048 5706 dum
1106 5651 1182 5706 ita
1231 5651 1544 5721 loqueretur
1585 5651 1730 5704 venit
1785 5653 1991 5720 primus

406 5738 656 5796 deferens
686 5743 967 5809 scrinium,
994 5745 1114 5800 aliis
1148 5761 1177 5799 a
1218 5745 1377 5815 longe
1403 5744 1804 5814 apparentibus.
1847 5745 1988 5799 lme-

409 5827 509 5882 ritn
554 5832 809 5902 deceptus
850 5847 1242 5905 praeceptorum
1271 5835 1461 5890 vetulae
1495 5851 1598 5888 non
1623 5835 1838 5892 oblitus.
1871 5849 1986 5907 post

2097 3347 2264 3417 exigit
2294 3349 2708 3417 suppeditabat,
2741 3358 2795 3404 ct
2847 3358 3026 3404 tamen
3055 3349 3275 3404 domum
3304 3363 3460 3402 suam
3489 3388 3504 3411 ,
3560 3346 3692 3402 licet

2096 3455 2289 3510 magna
2331 3450 2553 3494 coaetus
2608 3441 2824 3509 inedia,
2879 3441 3114 3497 vendere
3166 3440 3404 3496 nolebat.
3440 3439 3702 3494 Habebat

2095 3545 2275 3587 autem
2315 3545 2452 3602 puer
2493 3533 2594 3587 iste
2648 3534 2936 3603 quemdam
2988 3534 3222 3589 vicinum
3271 3533 3429 3589 valde
3463 3533 3688 3587 divitem

2096 3625 2187 3696 qui
2215 3630 2432 3680 domum
2463 3641 2646 3681 emere
2673 3627 2925 3697 cupiebat
2950 3637 3010 3681 ut
3043 3641 3197 3682 suam
3223 3626 3516 3697 largiorem
3543 3623 3692 3680 taceo

2097 3726 2195 3770 ret.
2219 3717 2358 3772 Puer
2378 3726 2556 3772 autem
2592 3733 2690 3772 nec
2716 3732 2902 3787 prece,
2929 3734 3029 3774 nee
3059 3719 3234 3789 pretio
3274 3718 3514 3772 vendere
3538 3716 3691 3770 vole-

2095 3811 2206 3864 bat.
2256 3809 2410 3878 Quod
2467 3820 2751 3881 postquam
2807 3812 2912 3867 iste
2963 3811 3114 3866 dives
3162 3812 3434 3880 comperit
3491 3810 3692 3879 quibus

2095 3899 2324 3972 ingeniis
2354 3912 2408 3956 et
2431 3901 2628 3972 quibus
2649 3903 2858 3958 artibus
2895 3918 3061 3974 puero
3090 3901 3436 3957 subtraheret
3465 3905 3690 3957 domum

2096 3994 2415 4065 cogitabat;
2450 4003 2507 4048 at
2549 3994 2766 4064 juvenis
2801 3996 3098 4050 secundum
3131 4009 3291 4064 posse
3331 4011 3493 4049 suum
3527 3994 3690 4048 fami-

2100 4085 2391 4140 liaritatem
2429 4083 2546 4154 ejus
2569 4085 2845 4142 devitavit.
2880 4087 3119 4156 Denique
3149 4087 3509 4142 contristatus
3534 4087 3686 4140 dives

2096 4176 2184 4232 ille
2229 4191 2391 4232 causa
2441 4177 2634 4233 domus
2663 4186 2717 4234 et
2749 4177 2891 4247 quod
2922 4193 3028 4234 non
3052 4188 3235 4247 posset
3272 4194 3507 4248 puerum
3539 4178 3692 4232 deci-

2096 4285 2225 4338 pere
2251 4308 2266 4333 ,
2311 4268 2546 4339 quadam
2580 4267 2665 4323 die
2691 4269 2840 4323 venit
2880 4269 2947 4323 ad
2975 4285 3202 4340 puerum
3226 4280 3282 4325 ct
3311 4269 3493 4339 Inquit
3515 4270 3564 4325 ei
3593 4286 3608 4325 :
3637 4266 3688 4323 0

2097 4378 2252 4433 puer,
2285 4361 2633 4418 accommoda
2667 4362 2798 4416 mihi
2851 4365 3068 4434 partem
3103 4379 3328 4434 parvam
3377 4376 3490 4422 tua;
3522 4364 3693 4422 curia:

2096 4455 2300 4525 pretio,
2321 4455 2578 4525 quoniam
2604 4455 2657 4509 in
2681 4469 2742 4509 ea
2775 4457 2874 4511 sub
2905 4465 3051 4511 terra
3084 4457 3272 4512 decem
3306 4457 3541 4514 tonellos
3563 4473 3689 4513 cum

2098 4546 2218 4602 oleo
2244 4546 2520 4602 custodire
2544 4547 2687 4612 volo,
2720 4557 2774 4603 et
2799 4548 2934 4602 nihil
2961 4548 3053 4603 tibi
3079 4550 3375 4613 nocebunt,
3395 4551 3492 4605 sed
3521 4550 3693 4605 habe-

2099 4638 2186 4692 bis
2224 4637 2347 4692 inde
2371 4637 2587 4708 aliquod
2617 4648 3106 4695 sustentamentum
3151 4641 3297 4694 vitaz.
3329 4640 3479 4702 Puer
3504 4653 3689 4696 autem

2098 4739 2317 4785 coactus
2333 4732 2654 4786 necessitate
2675 4733 2942 4788 concessit
2962 4733 3178 4788 etdedit
3201 4734 3248 4789 ei
3269 4733 3454 4790 claves
3472 4737 3686 4790 domus.

2097 4822 2320 4878 Juvenis
2349 4838 2478 4877 vero
2529 4824 2723 4878 iterum
2761 4841 2914 4880 more
2944 4827 3105 4881 solito
3141 4827 3334 4882 liberis
3384 4827 3688 4884 liberaliter

2097 4913 2340 4968 serviens
2374 4914 2574 4968 victum
2604 4916 2943 4985 perquisivit.
2963 4918 3030 4970 At
3063 4919 3212 4973 dives
3247 4919 3414 4974 homo
3445 4921 3690 4990 acceptis

2097 5006 2337 5062 clavibus
2360 5009 2567 5062 curiam
2587 5006 2804 5076 juvenis
2831 5009 3146 5080 sull'oéiens,
3185 5015 3432 5082 quinque
3462 5016 3692 5069 tonellos

2094 5102 2281 5172 plenos
2305 5102 2424 5156 oleo
2452 5101 2520 5156 ibi
2546 5102 2843 5157 recondidit
2863 5114 2913 5158 et
2943 5107 3178 5176 quinque
3208 5107 3487 5172 dimidios,
3511 5120 3560 5163 et
3585 5109 3694 5164 hoc

2095 5192 2504 5262 l'actojuvcnem
2526 5195 2805 5249 advocavit
2825 5195 3112 5266 clavesque
3135 5197 3328 5252 domus
3346 5199 3421 5252 illi
3443 5200 3692 5252 tribuens

2094 5287 2307 5355 inquit:
2345 5287 2642 5357 Ojnvenis,
2677 5289 2852 5342 oleum
2883 5304 3061 5342 meum
3100 5289 3195 5343 tibi
3229 5293 3520 5346 conunitto
3546 5301 3594 5345 et
3631 5289 3712 5345 in'

2095 5387 2186 5432 tua
2240 5380 2484 5434 custodia
2539 5381 2712 5434 trado.
2759 5378 2981 5434 Juvenis
3011 5381 3234 5451 simplex
3263 5392 3467 5452 putans
3495 5398 3689 5438 omnes

2095 5470 2318 5525 tonellos
2350 5485 2469 5526 esse
2517 5473 2722 5541 plenos,
2766 5474 2820 5527 in
2875 5474 3116 5528 custodia
3167 5476 3398 5543 recepit.
3445 5479 3516 5530 At
3564 5485 3690 5544 post

2095 5562 2312 5632 longum
2365 5573 2576 5631 tempus
2620 5563 2849 5634 contigit
2904 5563 3046 5632 quod
3082 5565 3133 5616 in
3177 5573 3322 5616 terra
3371 5565 3463 5618 illa
3501 5565 3688 5618 oleum

2093 5670 2279 5708 carum
2320 5654 2437 5708 fuit.
2496 5657 2654 5710 Dives
2698 5656 2814 5710 hzec
2862 5656 3085 5710 audiens
3139 5671 3308 5725 puero
3369 5659 3585 5728 inquit:
3639 5657 3689 5714 Ο

2093 5747 2284 5810 a-niee,
2311 5745 2432 5801 veni
2455 5755 2506 5801 et
2525 5748 2654 5817 juva
2679 5763 2763 5802 me
2785 5749 2960 5803 oleum
2987 5745 3221 5802 eﬂodere
3235 5747 3379 5816 quod
3411 5762 3517 5802 tua:
3537 5749 3688 5819 jam-

2095 5837 2295 5891 dudum
2332 5840 2582 5894 mandavi
2611 5840 2886 5906 custodite,
2912 5850 2964 5896 et
2996 5839 3195 5895 laboris
3223 5841 3512 5907 przemium
3539 5843 3678 5896 acci-

3973 6369 4017 6476 ii
