4142 6360
427 393 536 453 689

1659 393 2035 451 DlSClPLlNA
2082 395 2510 454 CLERICALIS.

3605 413 3709 468 690

428 515 549 586 pies
579 521 633 570 et
675 513 878 569 tutel-.e.
905 510 1128 568 Juvenis
1161 512 1343 568 audita
1377 527 1538 584 prece
1567 530 1689 571 cum
1738 518 1912 586 pretio
1940 517 2021 573 di-
2049 521 2096 581 Α
2125 520 2343 576 nomine
2369 521 2638 576 Auxilium
2667 525 3218 582 miserorum.lterum
3247 528 3537 599 discipulus
3558 551 3571 584 :
3593 532 3708 586 Etsi

427 605 527 660 viti
557 603 826 660 concessit
853 602 1229 660 utsecundum
1259 619 1420 674 posse
1449 621 1606 661 suum
1633 622 1756 663 eum
1777 608 2016 678 juvaret.

429 696 593 752 Dives
623 711 728 751 non
772 695 975 753 oblitus
1006 712 1117 753 sua:
1145 696 1353 754 fraudis
1375 699 1746 771 nequissimm,
1792 705 2016 760 adduxit

430 788 677 844 homines
704 796 762 843 ut
788 788 965 844 oleum
990 800 1255 846 emerent.
1285 791 1492 859 Quibus
1513 794 1784 864 adductis,
1811 805 2014 853 terram

425 890 759 951 aperuerunt
803 891 858 937 ct
900 883 1140 955 quinque
1178 885 1368 954 plenos
1417 886 1644 944 touellos
1694 899 1748 945 et
1776 891 2015 961 quinque

423 972 682 1029 dimidios
713 973 1056 1030 invenerunt.
1087 973 1370 1046 Perceptis
1418 978 1615 1036 talibus
1640 983 1857 1036 vocavit
1879 999 2013 1053 pue-

424 1079 546 1120 rum
583 1065 657 1121 ita
685 1064 916 1121 dicendo
948 1083 963 1122 :
993 1067 1202 1132 Amice,
1233 1085 1399 1125 causa
1431 1080 1534 1127 tua:
1563 1073 1820 1128 custodia:
1855 1074 2012 1130 amisi

422 1156 604 1212 oleum
631 1173 647 1224 ;
675 1157 896 1229 insuper
921 1160 1064 1231 quod
1089 1161 1182 1216 tibi
1209 1163 1456 1217 commisi
1489 1163 1856 1222 fraudulenter
1878 1167 2013 1222 alts-

423 1247 621 1313 tulisti,
653 1259 987 1321 quapropter
1009 1253 1129 1308 volo
1187 1263 1246 1308 ut
1278 1255 1408 1310 mihi
1439 1271 1557 1311 mea
1608 1258 1884 1313 restituas.
1918 1259 2012 1315 llis

424 1340 582 1396 dictis
604 1357 729 1397 eum
757 1343 902 1411 cepit
921 1343 1160 1400 etvellet
1184 1345 1350 1401 nollet
1373 1348 1440 1402 ad
1467 1348 1736 1418 justitiam
1767 1351 2008 1408 deduxit.

419 1431 635 1488 Justitia
663 1448 788 1489 eum
807 1435 995 1491 videns
1010 1438 1311 1504 accusavit,
1326 1439 1644 1510 sedjuvcnis
1668 1441 1795 1512 quid
1820 1451 2010 1499 contra

422 1524 629 1580 diceret
678 1526 932 1593 nescivit,
963 1539 1201 1585 attamen
1235 1531 1484 1588 inducias
1515 1534 1674 1589 unius
1705 1534 1812 1590 diei
1856 1550 2009 1606 qum-

420 1619 567 1680 sivit,
595 1619 735 1689 quod
757 1620 994 1691 justitia,
1027 1625 1152 1693 quia
1178 1623 1391 1692 justum
1439 1635 1578 1693 eral,
1617 1628 1904 1682 concessit.
1952 1628 2007 1683 ln

419 1709 642 1766 civitate
680 1721 863 1767 autem
914 1713 1006 1769 illa
1043 1714 1362 1771 morabatur
1408 1718 1628 1787 quidam
1656 1717 2009 1790 philosophus

416 1799 510 1870 qui
546 1802 1034 1872 cognominabatur
1061 1805 1339 1860 Auxilium
1372 1808 1670 1877 egentium,
1701 1808 1877 1865 bonus
1906 1811 2005 1865 Ιιο-

2116 609 2231 678 jam
2259 612 2439 666 audita
2473 624 2650 668 mente
2674 615 2918 680 sedeant,
2939 617 3004 670 ad
3031 619 3358 674 audiendum
3391 622 3542 692 plura
3572 623 3704 690 incgi-

2121 710 2257 756 tant.
2292 702 2548 772 Magister
2577 705 2754 776 ittquit
2783 721 2798 759 :
2844 705 3100 764 Libenter
3133 710 3224 764 tibi
3256 711 3428 765 dicam
3457 752 3471 776 ,
3521 721 3574 765 et
3622 714 3704 767 sic

2124 792 2304 865 inquit
2339 809 2354 848 :

2683 889 2957 945 FABULA
2997 889 3108 947 XV.

2189 978 2401 1034 Dictum
2435 978 2534 1034 fuit
2584 981 2648 1035 de
2677 984 2910 1051 quodam
2943 984 3110 1038 divite
3143 984 3196 1039 in
3228 985 3503 1041 civitatem
3536 997 3702 1042 eunte

2113 1071 2257 1140 quod
2304 1071 2580 1126 sacculum
2616 1088 2738 1129 cum
2766 1073 2915 1130 mille
2953 1075 3169 1130 talentis
3199 1078 3435 1133 deferret
3466 1094 3648 1133 secum
3679 1121 3696 1145 ,

2111 1168 2167 1214 et
2200 1159 2420 1228 insuper
2448 1177 2672 1218 aureum
2720 1171 3026 1232 serpentem
3071 1164 3256 1220 oculos
3288 1166 3582 1221 habentem
3605 1166 3696 1234 ja-

2110 1249 2379 1306 cinctinos
2408 1251 2460 1306 in
2489 1253 2704 1309 sacculo
2735 1254 2950 1318 eodem,
2999 1254 3142 1324 quod
3174 1265 3342 1310 totmn
3376 1258 3535 1312 simul
3561 1260 3699 1312 ami-

2111 1342 2201 1398 sit.
2234 1341 2464 1410 Quidam
2495 1359 2626 1400 vero
2649 1361 2852 1417 pauper
2885 1347 2988 1402 iter
3015 1345 3231 1403 faciens
3271 1348 3496 1414 invenit,
3524 1350 3696 1404 dedit-

2111 1450 2216 1506 que
2239 1437 2392 1491 uxori
2415 1452 2546 1500 sum,
2570 1447 2626 1493 et
2647 1439 2921 1507 quomodo
2951 1439 3246 1495 invenisset
3273 1441 3478 1496 retulit.
3507 1441 3699 1496 Mulier

2111 1527 2216 1584 hoc
2243 1529 2470 1585 audiens
2500 1531 2573 1585 ait
2602 1547 2615 1584 :
2649 1530 2800 1598 Quod
2834 1533 2974 1588 Deus
2993 1532 3549 1588 deditcustodiamus.
3577 1533 3696 1588 Alia

2111 1618 2199 1674 die
2251 1635 2351 1689 per
2399 1621 2543 1675 viam
2586 1637 2766 1692 praeco
2819 1624 2892 1677 ita
2926 1623 3211 1679 clamando
3263 1626 3550 1695 perrexit:
3593 1625 3697 1692 Qui

2113 1706 2273 1762 talem
2301 1723 2522 1764 censum
2551 1709 2762 1766 invenit
2788 1712 2996 1778 reddat,
3029 1721 3084 1766 et
3123 1713 3331 1783 absque
3363 1714 3543 1784 aliquo
3575 1730 3697 1785 pec-

2110 1811 2235 1855 cato
2261 1809 2477 1856 centum
2510 1801 2710 1856 talenta
2765 1803 2889 1858 inde
2936 1804 3155 1858 habeat.
3193 1803 3316 1860 llaec
3353 1807 3579 1861 audiens
3615 1806 3696 1860 in-

418 1905 510 1945 mo
539 1901 593 1948 et
617 1893 919 1963 religiosus.
945 1893 1167 1951 Iuvenis
1198 1897 1384 1952 audito
1411 1898 1672 1955 bonitatis
1697 1899 1842 1957 illius
1867 1917 2009 1972 prte-
2038 1873 2084 1933 Β
2113 1902 2304 1948 νθηιοΐ
2333 1908 2549 1963 0005113,
2602 1894 2740 1949 diXil
2769 1897 2922 1951 uxori
2954 1915 2966 1951 ε
3009 1897 3318 1952 Relldamlls
3368 1913 3593 1953 censum
3643 1909 3695 1953 οι

415 1985 580 2040 conio
610 1987 850 2055 perrexit
883 1987 950 2042 ad
971 2003 1118 2056 eum,
1150 1989 1509 2062 qutesivitque
1541 1992 1609 2046 ab
1630 2007 1696 2048 eo
1723 1995 2008 2051 consilium

417 2076 610 2132 dicens
640 2095 653 2132 :
695 2077 752 2133 Si
797 2093 925 2134 vera
955 2089 1083 2136 sunt
1124 2095 1246 2152 qua:
1274 2081 1342 2138 de
1371 2091 1424 2139 te
1454 2084 1586 2139 mihi
1646 2084 2008 2143 referentibus

416 2169 603 2225 multis
631 2169 774 2226 dicta
798 2180 925 2227 sunt
945 2187 1094 2229 more
1117 2173 1438 2242 domestico,
1457 2175 1539 2230 fer
1555 2177 1687 2232 mihi
1717 2178 2004 2246 auxilium,

415 2262 618 2318 etenim
673 2262 871 2331 injuste
919 2279 1171 2324 accusor.
1214 2266 1574 2338 Philosophus
1625 2271 1806 2326 audita
1845 2287 2007 2340 prece

411 2353 630 2424 juvenis
665 2353 1020 2427 interrogavit
1048 2359 1093 2413 si
1127 2357 1276 2427 juste
1305 2358 1388 2414 vel
1433 2360 1632 2431 injuste
1679 2373 2005 2419 accusarent

415 2459 563 2500 eum.
590 2445 810 2502 .luvenis
839 2461 968 2504 vero
995 2449 1138 2519 quod
1169 2450 1365 2519 injuste
1387 2462 1738 2506 accusaretur
1767 2453 2005 2510 ﬁrmavit

416 2546 782 2594 sacramento.
815 2537 1008 2594 Audita
1043 2541 1120 2596 rei
1142 2543 1373 2598 veritate
1422 2543 1773 2616 philosophus
1803 2547 2002 2616 pietate

414 2639 718 2687 commotus
741 2639 857 2688 ait:
895 2634 1206 2692 Auxiliante
1236 2636 1347 2694 Deo
1380 2641 1548 2697 feram
1582 2640 1675 2695 tibi
1707 2641 1998 2709 auxilium;

413 2719 507 2774 sed
536 2721 675 2778 sicut
703 2737 732 2777 a
779 2721 995 2791 justilia
1046 2737 1355 2797 respectum
1407 2747 1579 2801 usque
1610 2732 1661 2788 in
1697 2733 1997 2797 crastinam

412 2810 555 2866 diem
586 2814 868 2885 accepisti,
899 2816 1010 2872 noli
1045 2817 1320 2876 dimittere
1351 2822 1478 2890 quin
1501 2837 1596 2878 eas
1625 2825 1692 2878 ad
1715 2825 1998 2893 placitum,

410 2919 508 2960 ero
537 2907 628 2962 tibi
652 2917 872 2977 paratus
899 2925 1223 2970 succurrere
1251 2924 1356 2970 tua:
1378 2918 1588 2972 veritati
1615 2928 1776 2989 atque
1808 2935 1996 2975 eorum

412 3013 609 3053 nocere
635 3000 876 3056 falsitati.
901 3002 1122 3060 Juvenis
1141 3017 1319 3062 autem
1340 3009 1483 3078 quod
1500 3009 1850 3080 philosophus
1871 3026 1994 3066 eum

404 3091 643 3162 jusserat
671 3094 800 3165 egit.
831 3092 990 3151 Mane
1034 3106 1214 3152 autem
1246 3099 1418 3166 facto,
1459 3101 1610 3155 venit
1639 3102 1994 3174 philosophus

407 3185 474 3238 ad
494 3186 784 3256 justitiam,
816 3204 976 3260 quem
1001 3199 1284 3260 postquam
1311 3191 1443 3247 vidit
1467 3191 1674 3260 justitia
1704 3204 1760 3249 ut
1785 3195 1993 3265 sapien-

409 3289 516 3333 tem
561 3288 615 3334 et
660 3280 1040 3352 philosophum
1073 3285 1307 3350 vocavit,
1355 3285 1893 3356 vocatumquejuxta
1934 3304 1994 3345 se

403 3373 599 3427 sedere
627 3371 773 3427 fecit.
791 3371 917 3428 Inde
936 3374 1148 3442 justitia
1171 3378 1387 3433 vocavit
1408 3390 1730 3435 accusantes
1752 3389 1805 3435 et
1830 3397 1992 3436 accu-

403 3458 617 3532 salum,
673 3465 1042 3536 prtecepitque
1097 3467 1241 3536 quod
1291 3483 1514 3524 suorum
1571 3473 1994 3528 recordarcntur

401 3554 727 3623 placitorum
762 3565 817 3610 et
873 3556 944 3610 ita
1000 3556 1268 3614 fecerunt.
1311 3559 1422 3616 Illis
1451 3577 1582 3618 vero
1634 3565 1941 3619 astantibus
1972 3607 1988 3632 ,

399 3642 617 3712 justitia
653 3645 727 3700 ait
759 3646 1082 3716 philosopho
1111 3649 1253 3716 quod
1293 3664 1488 3707 causas
1539 3653 1751 3708 audiret
1777 3663 1830 3708 et
1866 3655 1991 3712 inde

397 3733 662 3802 judicium
695 3733 920 3790 faceret.
954 3735 1082 3792 lude
1107 3737 1458 3808 philosophus
1489 3759 1502 3795 :
1546 3741 1992 3814 Praecipe,justi-

400 3827 472 3880 tia
499 3866 516 3891 ,
565 3825 776 3881 clarum
805 3827 982 3882 oleum
1030 3828 1096 3884 de
1124 3829 1363 3900 quinque
1394 3833 1610 3890 tonellis
1637 3835 1811 3905 plenis
1839 3853 1992 3892 men-

397 3917 602 3983 surari,
629 3925 684 3972 et
711 3918 853 3974 scias
888 3929 1150 3990 quantum
1173 3922 1245 3976 sit
1272 3923 1365 3978 tibi
1397 3923 1530 3980 clari
1565 3925 1702 3991 olei,
1732 3935 1786 3982 et
1834 3929 1990 3984 simi-

399 4010 526 4066 liter
553 4011 618 4066 de
644 4011 884 4082 quinque
913 4013 1175 4081 dimidiis,
1205 4023 1261 4070 et
1283 4016 1426 4074 scias
1459 4027 1721 4089 quantum
1753 4020 1824 4075 ibi
1855 4022 1986 4078 clari

395 4100 500 4157 olei
534 4100 716 4158 fuerit.
747 4102 955 4159 Deinde
986 4103 1220 4175 spissum
1247 4105 1426 4162 oleum
1457 4107 1522 4163 de
1545 4109 1785 4180 quinque
1812 4111 1988 4180 plenis

396 4192 613 4248 tonellis
641 4194 714 4250 sit
743 4205 1114 4250 mensuratum
1143 4207 1196 4252 et
1226 4198 1366 4255 scias
1395 4209 1660 4270 quantum
1692 4202 1854 4272 spissi
1881 4203 1985 4259 olei

398 4285 454 4341 in
484 4285 564 4341 eis
595 4287 683 4356 sit,
733 4296 789 4342 et
832 4287 1084 4343 similiter
1123 4288 1191 4344 de
1235 4279 1476 4362 quinque
1523 4292 1767 4348 dimidiis
1817 4293 1986 4349 facias

395 4379 723 4444 mensurari,
753 4387 809 4435 et
853 4379 998 4436 scias
1025 4390 1287 4452 quantum
1321 4384 1484 4454 spissi
1512 4383 1615 4440 olei
1645 4385 1813 4441 fuerit
1858 4387 1930 4441 ibi
1965 4404 1980 4456 ;

396 4478 453 4526 et
479 4470 524 4527 si
556 4479 766 4526 tantum
798 4471 959 4541 spissi
995 4472 1100 4528 olei
1123 4471 1404 4529 inveneris
1434 4475 1487 4529 in
1513 4475 1750 4530 dimidiis
1773 4476 1986 4533 tonellis

2109 1985 2313 2056 absque
2335 1996 2562 2057 peccato
2597 1996 2813 2044 centum
2846 1988 3045 2042 talenta
3079 1989 3200 2044 inde
3233 1991 3546 2045 habeamus.
3569 1989 3696 2044 lude

2107 2078 2305 2134 mulier
2348 2080 2469 2134 ait:
2509 2081 2567 2136 Si
2601 2082 2744 2137 Deus
2802 2081 2950 2135 illum
2988 2080 3244 2136 voluisset
3275 2083 3418 2138 hunc
3469 2097 3693 2137 censum

2106 2169 2330 2232 habere,
2366 2186 2471 2226 non
2495 2172 2770 2229 amisisset
2794 2188 2808 2238 ;
2835 2173 2977 2242 quod
3007 2173 3148 2227 Deus
3171 2173 3390 2228 donavit
3417 2175 3694 2230 custodia-

2106 2278 2248 2318 mus.
2283 2263 2539 2320 inventor
2563 2280 2759 2321 census
2795 2275 2855 2321 ut
2897 2265 3217 2322 redderetur
3243 2266 3542 2323 elaboravit
3571 2309 3586 2333 ,
3637 2278 3694 2321 at

2106 2352 2222 2423 ipsa
2267 2354 2493 2408 omnino
2527 2355 2849 2426 denegabat,
2881 2364 2937 2410 et
2969 2365 3144 2411 tamen
3173 2356 3330 2411 vellet
3378 2357 3544 2412 nollet
3575 2374 3695 2412 tutt-

2107 2443 2228 2518 lier,
2257 2445 2510 2501 dominus
2527 2447 2764 2502 reddidit
2785 2455 2840 2502 et
2868 2447 3011 2517 quod
3048 2463 3224 2518 praeco
3248 2449 3570 2518 promiserat
3597 2463 3694 2503 ex-

2103 2517 2277 2605 petiit.
2303 2537 2462 2594 Dives
2489 2548 2667 2594 autem
2691 2540 2883 2610 plenus
2903 2517 3157 2611 nequitiae
3179 2517 3292 2596 ait:
3319 2543 3504 2597 Adhuc
3524 2541 3689 2596 alium

2104 2639 2410 2698 serpentem
2441 2631 2571 2685 mihi
2605 2631 2794 2687 deesse
2819 2633 3025 2687 sciatis.
3059 2631 3173 2687 lloc
3194 2648 3357 2701 prava
3389 2633 3692 2689 intentione

2103 2722 2318 2779 dicebat
2347 2733 2405 2778 ut
2434 2727 2659 2796 pauperi
2693 2727 2897 2781 homini
2923 2726 3122 2781 talenta
3157 2741 3261 2781 non
3294 2725 3545 2780 redderet
3568 2740 3686 2794 pro-

2102 2815 2302 2881 missa;
2332 2833 2536 2888 pauper
2561 2834 2688 2874 vero
2709 2834 2767 2874 se
2797 2818 2932 2873 nihil
2979 2818 3214 2889 amplius
3243 2817 3519 2873 invenisse
3545 2817 3689 2871 dice-

2101 2906 2214 2962 bat.
2246 2908 2317 2962 At
2351 2909 2596 2964 homines
2647 2909 2885 2964 civitatis
2915 2908 3058 2964 illius
3090 2909 3245 2964 diviti
3290 2909 3533 2963 faventes
3555 2923 3688 2976 pau-

2099 2998 2215 3068 peri
2235 2997 2557 3068 derogantes
2577 2998 2907 3054 inexorabile
2927 3007 3117 3054 contra
3136 2997 3403 3052 fortunam
3434 2997 3688 3066 pauperis

2099 3089 2280 3144 odium
2309 3100 2560 3160 gerentes
2581 3133 2596 3157 ,
2649 3091 2799 3145 illum
2828 3091 2895 3146 ad
2919 3091 3185 3162 justitiam
3229 3097 3681 3160 provocaverunt.

2099 3181 2312 3252 Pauper
2337 3191 2537 3249 autem,
2573 3193 2628 3237 ut
2656 3199 2816 3254 supra
2842 3182 3045 3238 dictum
3075 3191 3182 3248 est,
3212 3196 3270 3237 se
3295 3180 3427 3236 nihil
3451 3179 3685 3251 amplius

2097 3275 2368 3331 invenisse
2417 3275 2653 3332 diccbat.
2707 3275 2814 3332 Sed
2879 3277 3006 3332 dum
3079 3290 3261 3330 sermo
3305 3275 3680 3346 hujuscemodi

2097 3383 2392 3438 pauperum
2421 3370 2590 3424 divitu
2605 3384 2766 3439 mque
2817 3383 2913 3438 per
2938 3385 3032 3423 01a
3059 3368 3392 3422 discurreret
3419 3367 3682 3422 ministris

2097 3459 2454 3515 referentibus
2481 3461 2694 3515 tandem
2718 3459 2986 3531 percussit
3012 3473 3110 3513 ora
3151 3459 3310 3529 regis.
3341 3457 3493 3525 Quod
3516 3457 3680 3512 simul

2095 3551 2303 3606 audivit
2333 3553 2552 3608 divitem
2583 3564 2637 3608 et
2666 3569 2964 3624 pauperem
2995 3561 3051 3607 et
3080 3552 3368 3622 pecuniam
3412 3550 3516 3606 sibi
3543 3567 3678 3621 pra:-

2093 3647 2298 3701 senlari
2345 3648 2620 3718 prtccepit.
2672 3648 2935 3704 Adductis
2962 3648 3246 3710 omnibus,
3295 3646 3675 3718 philosophum

2095 3736 2301 3791 scilicet
2336 3737 2611 3792 Auxilium
2660 3740 2983 3793 miserorum
3026 3753 3149 3793 cum
3181 3739 3307 3793 aliis
3337 3739 3676 3810 sapientibus

2091 3827 2159 3880 ad
2187 3841 2246 3880 se
2275 3828 2505 3895 vocavit,
2538 3829 2727 3898 eisque
2766 3831 3100 3884 accusatoris
3138 3845 3324 3884 vocem
3349 3839 3404 3885 et
3433 3832 3675 3887 accusati

2092 3915 2282 3970 audire
2303 3927 2358 3971 et
2375 3918 2612 3972 enodare
2631 3921 2904 3990 praecepit.
2923 3921 3281 3992 Philosophus
3295 3924 3409 3978 haec
3427 3926 3672 3989 audiens,

2091 4017 2398 4063 commotus
2441 4009 2644 4078 pietate
2684 4012 2941 4080 pauperis
2990 4013 3066 4066 ait
3098 4029 3110 4064 :
3143 4011 3453 4069 Auxiliante
3489 4017 3598 4071 Deo
3624 4026 3676 4071 te

2091 4097 2321 4154 liberare
2367 4099 2624 4158 conabor.
2673 4102 2754 4159 Ad
2798 4104 2901 4158 hoc
2949 4118 3196 4174 pauper:
3233 4104 3512 4162 ScitDeus
3546 4108 3674 4177 quia

2092 4187 2298 4242 reddidi
2342 4199 2600 4258 quantum
2646 4191 2849 4248 inveni.
2915 4191 3045 4246 lude
3088 4193 3440 4264 philosoplms
3487 4199 3554 4252 ad
3585 4213 3674 4253 re-

2089 4293 2208 4348 gem
2228 4296 2240 4333 :
2259 4277 2314 4335 Si
2345 4291 2548 4336 reclunt
2569 4282 2834 4353 judicium
2862 4283 2984 4338 inde
3000 4284 3151 4339 vobis
3171 4286 3359 4340 audire
3383 4287 3669 4356 placuerit,

2089 4369 2291 4426 dicam.
2321 4371 2436 4428 Rex
2468 4374 2582 4430 haec
2606 4375 2836 4431 audiens
2862 4385 2921 4432 ut
2943 4375 3215 4445 judicaret
3256 4380 3484 4450 rogavit.
3519 4380 3670 4435 Tunc

2091 4463 2441 4536 phil050phus
2477 4468 2588 4538 regi
2639 4483 2654 4522 :
2694 4472 2796 4524 Iste
2845 4471 3006 4526 homo
3045 4471 3196 4527 dives
3219 4473 3390 4527 bonus
3422 4484 3503 4530 est
3534 4475 3675 4528 mula

393 4572 656 4633 quantum
685 4564 736 4618 in
772 4563 964 4634 plenis,
1000 4565 1141 4620 scias
1170 4565 1349 4622 oleum
1372 4567 1537 4623 fuisse
1562 4567 1816 4623 furatum.
1845 4568 1982 4624 Etsi
2015 4591 2062 4650 ο
2092 4569 2228 4625 mm.
2271 4571 2327 4616 el
2357 4575 2463 4616 n0n
2506 4569 2592 4614 εει
2639 4561 2900 4618 credibile
2940 4578 3064 4618 eum
3095 4565 3296 4635 aliquid
3332 4566 3671 4637 interrogare

395 4655 452 4710 in
483 4655 721 4712 dimidiis
753 4657 967 4713 tonellis
997 4656 1273 4713 inveneris
1297 4657 1455 4713 talem
1488 4668 1695 4729 partem
1731 4660 1984 4730 spissitu-

394 4746 538 4804 dinis
565 4748 779 4819 qualem
811 4750 989 4805 oleum
1020 4750 1226 4806 clarum
1262 4751 1333 4807 ibi
1358 4752 1599 4808 existens
1648 4754 1817 4825 exigit
1843 4755 1984 4823 quod

391 4841 612 4910 quidem
634 4852 689 4897 et
719 4842 770 4896 in
802 4842 975 4912 plenis
1009 4842 1224 4898 tonellis
1270 4843 1514 4899 invenire
1554 4845 1782 4914 poteris,
1837 4843 1981 4899 scias

393 4931 570 4986 oleum
601 4948 708 4986 non
740 4933 906 4989 tuisse
934 4931 1428 4989 furatumJustitia
1459 4935 1578 4990 hazc
1604 4935 1828 4990 audiens
1853 4951 1982 4991 con-

394 5024 630 5081 firmavit
656 5025 942 5096 judicium,
978 5025 1288 5097 factumque
1323 5035 1407 5082 est
1454 5026 1550 5092 ita,
1583 5037 1638 5083 et
1683 5027 1786 5083 hoc
1819 5029 1980 5083 modo

383 5117 606 5187 juvenis
636 5119 803 5174 evasit
851 5133 1012 5174 sensu
1042 5118 1372 5189 philosophi.
1404 5119 1601 5174 Finitis
1649 5119 1861 5190 placitis
1882 5119 1976 5188 ju-

386 5211 544 5267 venis
565 5212 886 5283 philosopho
914 5221 1094 5283 grates
1124 5215 1382 5269 reddidit.
1435 5212 1588 5267 Tunc
1618 5213 1976 5283 philosophus

386 5303 461 5358 ait
506 5303 579 5357 illi
608 5320 621 5360 :
655 5302 1035 5375 Numquamne
1079 5303 1206 5358 illud
1239 5303 1544 5374 philosophi
1584 5302 1829 5358 audisti?
1858 5301 1973 5359 Non

383 5409 539 5448 emas
568 5395 787 5448 domum
821 5404 1112 5464 antequam
1137 5409 1432 5465 cognoscas
1464 5393 1726 5448 vicinum.
1756 5393 1837 5448 Ad
1870 5393 1974 5451 hoc

377 5483 596 5554 juvenis
622 5503 636 5540 :
664 5485 904 5542 Primum
933 5487 1222 5542 habuimus
1244 5487 1464 5541 domum
1505 5484 1972 5555 antequamjuxta

383 5592 483 5632 nos
510 5578 901 5650 hospitaretur.
924 5579 1026 5636 Cui
1061 5578 1452 5651 philosophus:
1489 5577 1731 5633 Primum
1763 5578 1970 5634 vendas

379 5685 546 5740 quam
570 5686 790 5728 maneas
824 5673 980 5745 juxta
1011 5673 1211 5728 malum
1252 5672 1524 5727 vicinum.

452 5761 757 5834 Discipulus
790 5784 802 5820 :
843 5765 975 5820 Tale
997 5765 1262 5836 judicium
1300 5773 1526 5837 apparet
1567 5778 1689 5821 esse
1721 5764 1965 5836 philoso-

380 5857 494 5930 phi,
524 5865 578 5914 et
626 5855 727 5914 hoc
768 5869 852 5917 est
895 5859 1064 5931 gratia
1101 5859 1220 5917 Dei.
1254 5858 1444 5914 Met-ito
1487 5868 1706 5916 vocatus
1750 5855 1965 5915 esthoc

2089 4651 2234 4721 quod
2280 4666 2386 4706 non
2437 4651 2740 4719 amisisset;
2786 4667 2855 4708 ex
2895 4653 3000 4709 alia
3048 4664 3203 4726 parte
3236 4655 3498 4712 credibile
3534 4658 3668 4711 mihi

2085 4743 2299 4798 videtur
2328 4747 2471 4816 quod
2495 4746 2597 4802 iste
2627 4762 2830 4817 pauper
2851 4749 3014 4806 homo
3037 4750 3170 4806 nihil
3197 4751 3428 4820 amplius
3459 4751 3669 4805 invenit
3735 4748 3737 4750 ’

2086 4851 2248 4908 quam
2279 4837 2535 4904 reddidit,
2560 4841 2688 4909 quia
2729 4841 2900 4897 malus
2930 4843 3093 4898 homo
3121 4842 3165 4897 si
3196 4850 3364 4910 esset,
3391 4860 3495 4898 non
3523 4845 3666 4914 quod

2087 4928 2321 4985 reddidit
2360 4930 2650 4998 redderet,
2714 4933 2823 4988 imo
2863 4941 3040 4988 totum
3076 4933 3302 4989 celaret.
3354 4934 3482 4990 Inde
3523 4953 3615 4991 rex
3648 4954 3662 4990 :

2083 5021 2219 5088 Quid
2259 5034 2439 5079 autem
2469 5023 2594 5079 inde
2612 5025 2842 5095 judicas,
2873 5025 3229 5096 philosophe?
3253 5026 3610 5100 Philosophus
3646 5045 3660 5082 :

2081 5114 2195 5170 Rex
2223 5157 2240 5184 ,
2292 5130 2447 5172 sume
2485 5131 2730 5183 censum,
2772 5127 2827 5173 et
2875 5119 2940 5173 da
2970 5133 3036 5173 ex
3082 5134 3146 5173 eo
3175 5121 3399 5191 pauperi
3440 5131 3658 5176 centum

2084 5207 2306 5274 talenta,
2336 5218 2392 5264 et
2421 5210 2566 5280 quod
2599 5211 2922 5266 remanserit
2953 5227 3112 5265 serva
3141 5212 3315 5270 donec
3341 5214 3524 5268 veniat
3566 5215 3661 5282 qui

2078 5313 2302 5354 censum
2336 5310 2568 5370 qumrat,
2603 5302 2725 5370 quia
2760 5318 2867 5357 non
2896 5312 2978 5357 est
3011 5303 3101 5358 bic
3134 5305 3290 5375 cujus
3320 5304 3423 5359 iste
3454 5318 3656 5357 census

2077 5390 2170 5456 sit,
2192 5399 2246 5444 et
2267 5391 2369 5446 iste
2400 5394 2548 5446 dives
2585 5397 2749 5449 homo
2796 5404 2886 5448 eat
2932 5393 3000 5448 ad
3049 5409 3351 5464 praeconem
3389 5403 3444 5448 et
3491 5393 3658 5447 faciat

2075 5483 2410 5553 interrogare
2432 5485 2685 5540 sacellum
2717 5501 2836 5541 cum
2869 5487 3077 5543 duobus
3113 5487 3470 5558 serpentibus.
3521 5484 3655 5555 Regi

2073 5588 2256 5634 autem
2281 5579 2482 5648 placuit
2523 5579 2624 5634 hoc
2650 5579 2934 5648 judicium,
2966 5592 3128 5651 atque
3157 5579 3410 5636 omnibus
3441 5578 3511 5632 ibi
3541 5578 3653 5632 cit-

2071 5672 2491 5728 cumstantibus.
2541 5672 2702 5728 Dives
2736 5687 2863 5729 vero
2893 5673 2984 5744 qui
3012 5672 3266 5729 sacellum
3295 5670 3600 5740 perdiderat
3633 5710 3648 5733 ,

2074 5767 2174 5821 hoc
2200 5766 2423 5821 audiens
2457 5766 2662 5834 inquit:
2698 5764 2842 5821 Bone
2873 5781 2992 5832 rex,
3041 5764 3160 5820 dico
3205 5763 3300 5818 tibi
3331 5763 3383 5816 in
3418 5762 3646 5816 veritate.

2072 5872 2294 5914 censum
2322 5856 2480 5910 istum
2500 5855 2666 5914 fuisse
2681 5871 2886 5920 meum,
2905 5855 2998 5911 sed
3017 5853 3141 5928 quia
3158 5853 3396 5910 volebam
3424 5854 3646 5926 pauperi
