4038 6480
517 444 616 503 €91

512 560 723 616 homini
750 560 893 630 quod
929 572 1104 630 praeco
1152 557 1479 625 promiserat
1538 554 1775 621 auferre,
1815 554 1926 609 dixi
1963 552 2096 609 mihi
2129 560 2174 615 Α

514 653 681 707 alium
706 661 1008 721 serpentem
1035 649 1213 704 adhuc
1242 648 1471 714 deesse;
1503 649 1600 703 sed
1629 648 1811 711 modo,
1847 662 1963 713 rex,
1994 647 2099 701 mei

509 745 777 800 miserere
823 752 879 798 et
928 742 1072 813 quod
1126 756 1307 811 pra-co
1378 742 1629 811 promisit
1688 742 1909 797 reddam
1962 756 2099 811 pau-

507 835 651 904 peri.
696 834 827 888 lnde
881 847 979 887 rex
1027 847 1253 886 censum
1315 833 1552 888 reddidit
1574 833 1751 897 diviti,
1782 833 1933 887 dives
1965 847 2101 901 pau-

508 924 651 995 peri.
704 923 781 978 lta
830 922 1192 995 philosophus
1241 938 1407 980 sensu
1459 933 1514 979 et
1551 924 1769 997 ingenio
1802 938 2101 995 pauperem

507 1014 781 1069 liberavit.

580 1102 888 1173 Discipulos
918 1120 933 1157 :
967 1104 1210 1175 Apparet
1252 1105 1355 1161 hoc
1383 1119 1506 1160 esse
1550 1104 1827 1175 Ingenium
1864 1102 2105 1173 philoso-

509 1192 657 1263 phiae
683 1210 697 1246 :
725 1194 828 1249 hoc
867 1196 1116 1266 exemplo
1138 1210 1245 1250 non
1275 1205 1359 1251 est
1384 1197 1581 1251 mirum
1608 1194 1750 1264 quod
1782 1195 1848 1249 de
1894 1194 2105 1248 duabus

508 1282 831 1339 mulieribus
863 1282 1118 1339 Salomon
1148 1285 1414 1354 judicavit
1442 1284 1577 1357 (Ξὲ).

580 1374 938 1445 Philosophus
962 1376 1079 1432 ait:
1106 1376 1184 1432 Ne
1220 1377 1557 1449 aggrediaris
1591 1376 1733 1430 viam
1767 1390 1888 1429 cum
1917 1374 2102 1443 aliquo

509 1466 620 1522 nisi
648 1466 801 1535 prius
826 1482 951 1522 eum
984 1469 1322 1538 cognoveris.
1360 1467 1416 1523 Si
1439 1468 1723 1538 quisquam
1766 1466 1980 1537 ignotus
2008 1465 2102 1520 tibi

509 1558 567 1613 in
597 1558 684 1614 via
722 1561 1081 1616 associaverit
1120 1561 1331 1632 iterque
1362 1570 1513 1616 tuum
1564 1560 1992 1630 investigaverit,
2015 1558 2103 1614 die

496 1659 567 1705 ‘te
594 1650 731 1705 velle
752 1651 966 1722 longius
996 1654 1076 1709 ire
1106 1669 1268 1723 quam
1308 1653 1659 1724 diSposncris,
1692 1661 1746 1708 et
1773 1653 1816 1707 si
1850 1651 2108 1707 detulerit

507 1743 780 1809 lanceam,
805 1746 941 1801 vade
966 1747 1031 1802 ad
1058 1747 1372 1813 dexteram;
1399 1747 1443 1801 si
1476 1761 1680 1808 ensem,
1707 1747 1773 1799 ad
1807 1745 2104 1801 sinistram.

505 1835 690 1891 Arabs
719 1835 1005 1907 castigavit
1035 1835 1202 1890 ﬁlium
1233 1851 1388 1890 suum
1414 1836 1637 1890 dicens:
1664 1834 1906 1904 Sequere
1940 1831 2108 1887 calles

1481 439 1684 495 PETRI
1721 436 2063 494 ALPHONSI
2104 436 2199 492 EX
2233 434 2479 492 JUDEO
2509 435 2898 493 CllRlSTlANl

3689 441 3798 499 69?.

2201 549 2280 603 Ad
2328 550 2442 607 haec
2488 566 2697 606 senex:
2739 550 2891 607 Nunc
2937 553 3109 624 magis
3156 554 3351 609 tardati
3403 554 3568 621 estis,
3605 564 3659 611 et
3693 558 3799 616 illis

2206 642 2411 698 relictis
2455 643 2560 698 laeti
2607 644 3034 700 subintravimus
3076 655 3261 715 portas
3309 649 3482 703 urbis.
3535 648 3668 705 Tale
3714 663 3800 706 est

2204 732 2547 801 proverbium
2574 734 2716 804 quod
2744 735 2924 789 audivi
2959 752 2973 788 :
3008 733 3174 806 Magis
3205 735 3349 792 valet
3372 736 3529 810 longa
3560 739 3647 794 via
3680 755 3799 812 qum

2204 824 2271 879 ad
2297 824 2630 894 paradisum,
2658 841 2818 895 quam
2850 826 3033 881 brevis
3071 828 3138 882 ad
3179 826 3477 883 infernum.

2275 918 2453 973 Arabs
2500 918 2785 988 castigavit
2828 918 3019 973 ﬁlium.
3052 918 3170 982 Fili,
3203 920 3248 975 si
3277 920 3450 976 fueris
3478 922 3533 976 in
3562 924 3648 977 via
3674 939 3796 980 cum

2206 1007 2388 1078 aliquo
2411 1009 2582 1075 socio,
2615 1010 2776 1081 dilige
2816 1025 2938 1065 eum
2962 1012 3103 1067 sicut
3135 1022 3185 1065 te
3214 1012 3412 1082 ipsum,
3440 1022 3496 1070 et
3523 1030 3594 1070 ne
3632 1018 3797 1071 medi-

2207 1108 2341 1154 terts
2395 1099 2628 1167 aliquem
2684 1102 2933 1172 decipere
2989 1116 3056 1156 ne
3102 1110 3157 1157 et
3206 1112 3259 1157 tu
3300 1100 3601 1174 decipiaris
3633 1106 3794 1162 veluti

2205 1191 2417 1245 duobus
2446 1192 2672 1262 contigit
2703 1192 3062 1265 burgensibns
3093 1203 3147 1248 et
3191 1195 3416 1250 rustico.
3447 1195 3621 1251 Filius
3650 1215 3665 1251 :
3695 1197 3797 1254 Re-

2214 1283 2299 1340 fer
2328 1283 2458 1338 mihi
2486 1292 2543 1339 ut
2574 1283 2775 1354 aliquid
2803 1285 3053 1340 utilitatis
3085 1286 3209 1341 inde
3240 1288 3516 1360 accipiant
3537 1294 3764 1360 posteri.

2756 1378 3031 1435 FABULA
3069 1379 3233 1434 XVII.

2277 1469 2489 1526 Dictum
2545 1471 2646 1525 l'uit
2687 1469 2756 1525 de
2809 1469 3168 1541 burgensibns
3233 1471 3448 1527 duobus
3496 1480 3554 1527 et
3596 1473 3796 1538 rustico

2207 1576 2371 1617 causa
2400 1561 2666 1616 orationis
2702 1558 2854 1615 Mech
2904 1560 3226 1615 adeuntibus
3262 1560 3405 1629 quod
3436 1571 3622 1616 essent
3666 1567 3794 1620 socii

2205 1655 2381 1710 victus
2402 1653 2573 1709 donec
2590 1652 2841 1708 venirent
2856 1651 3029 1720 Mecb,
3059 1661 3115 1707 et
3139 1661 3266 1706 tunc
3289 1652 3489 1708 defecit
3514 1653 3620 1709 illis
3648 1656 3797 1712 cibus

2207 1748 2282 1801 ita
2312 1746 2457 1816 quod
2507 1761 2613 1800 non
2662 1745 2923 1799 remansit
2961 1748 3042 1800 eis
3090 1746 3384 1815 quicquam
3430 1747 3538 1802 nisi
3590 1758 3792 1807 tantum

2208 1838 2400 1894 farinae
2427 1853 2533 1909 qua
2566 1839 2745 1895 solum
2788 1853 2981 1909 panem
3011 1848 3064 1893 et
3087 1853 3312 1910 parvum
3357 1839 3625 1898 facerent.
3663 1846 3794 1903 Bur-

509 1925 762 1992 quamvis
789 1925 900 1980 sint
924 1926 1134 1981 semitis
1178 1926 1466 1997 longiores.
1500 1926 1633 1981 Item
1657 1926 1847 1996 accipe
1870 1923 2100 1995 puellam
2135 1929 2178 1988 Β
2207 1946 2400 1996 genscs
2427 1944 2554 1985 vero
2584 1931 2685 1985 hoc
2720 1930 2966 1985 videntes
2998 1931 3255 1987 dixerunt
3295 1935 3365 1988 ad
3392 1934 3630 1990 invicem
3661 1958 3674 1992 ε
3704 1938 3797 1994 Ρη.

510 2019 568 2073 in
602 2034 830 2075 uxorem
854 2020 1104 2090 quamvis
1133 2020 1209 2082 sit
1243 2020 1440 2082 vetula,
1465 2029 1521 2076 et
1552 2020 1745 2075 iterum
1788 2019 1869 2073 fer
1900 2034 2107 2075 merces

509 2117 636 2165 tuas
659 2110 726 2165 ad
758 2126 984 2182 magnas
1022 2111 1272 2167 civitates
1296 2113 1544 2182 quamvis
1581 2111 1741 2165 vilius
1772 2110 1844 2166 ibi
1873 2110 2107 2165 vendere

506 2210 690 2272 putes.
717 2201 798 2257 Ad
834 2203 949 2258 hinc
981 2202 1125 2259 ﬁlius
1158 2220 1174 2257 :

1078 2291 1353 2349 FABLLA
1396 2294 1532 2349 XVI.

584 2383 784 2440 Verum
808 2396 889 2443 est
917 2387 1060 2458 quod
1097 2388 1278 2444 dixisti
1311 2390 1376 2444 de
1415 2388 1626 2459 magnis
1652 2388 1773 2453 viis,
1803 2403 1927 2442 nam
1968 2401 2104 2457 qna-

509 2475 637 2531 dam
666 2478 754 2532 die
786 2478 911 2533 dum
935 2494 1035 2551 ego
1059 2488 1114 2533 et
1144 2481 1285 2536 ’socii
1316 2482 1420 2536 mei
1469 2482 1872 2551 perrexerimus
1902 2481 1970 2535 ad
2013 2495 2106 2535 ur-

508 2568 634 2624 bem
660 2569 773 2625 sole
804 2571 869 2625 ad
899 2586 1157 2626 occasum
1206 2574 1601 2643 propinquante
1631 2584 1686 2629 et
1727 2574 1903 2628 adhuc
1947 2572 2103 2643 longe

510 2675 763 2716 essemus
783 2676 813 2715 a
845 2661 1088 2726 civitate,
1121 2647 1355 2719 vidifnus
1382 2666 1629 2721 semitam
1660 2681 1777 2735 quae
1807 2666 2102 2721 secundum

509 2751 690 2806 visum
719 2752 879 2807 ituris
902 2752 967 2807 ad
996 2754 1271 2808 civitatem
1307 2755 1661 2823 promittebat
1694 2755 2097 2825 compendium.

509 2841 825 2898 Invenimus
852 2857 1039 2899 senem
1061 2860 1223 2913 a-quo
1246 2846 1628 2915 requisivimus
1653 2846 1720 2902 de
1749 2845 2101 2903 itinereillius

506 2935 717 2990 semitae
747 2953 762 2990 :
793 2945 848 2991 at
881 2950 1047 2992 senex
1087 2937 1205 2993 ait:
1244 2938 1474 3008 Propius
1515 2940 1708 2995 semita
1737 2940 1887 2997 ducit
1915 2939 1983 2994 ad
2018 2940 2098 2994 ci-

504 3027 731 3083 vitatem
760 3042 919 3099 quam
949 3045 1145 3100 magna
1175 3031 1283 3094 via,
1311 3040 1366 3086 et
1414 3040 1592 3087 tamen
1634 3031 1793 3087 citius
1830 3046 1929 3102 per
1976 3046 2098 3086 ma-

506 3133 670 3193 gnam
700 3121 842 3174 viam
871 3121 937 3175 ad
965 3120 1240 3176 civitatem
1268 3121 1498 3177 venietis
1519 3138 1679 3191 quam
1708 3137 1805 3191 per
1826 3123 2096 3176 semitam.

504 3213 636 3269 Haec
682 3211 968 3269 audientes
1015 3210 1163 3265 illum
1210 3227 1309 3281 pro
1340 3212 1503 3267 stulto
1551 3212 1954 3278 habuimus,ct
1984 3228 2098 3267 ma-

503 3323 668 3379 gnam
709 3309 852 3363 viam
888 3307 1371 3380 prmtermittentes
1422 3306 1628 3361 semitae
1670 3304 2090 3372 declinavimus,
2123 3281 2166 3340 (ἶ

505 3416 667 3470 quam
702 3400 1016 3457 insistentes
1036 3403 1103 3455 ad
1126 3402 1405 3457 dexteram
1423 3406 1477 3453 et
1500 3397 1564 3450 ad
1592 3396 1865 3451 sinistram
1894 3404 2096 3465 quanta

502 3489 609 3545 fuit
640 3507 747 3546 nox
771 3491 1169 3558 deerravimus,
1199 3507 1300 3547 nec
1325 3492 1391 3547 ad
1431 3488 1704 3547 eitﬁtalem
1735 3486 2095 3555 pervenimus.

502 3584 575 3639 At
602 3585 644 3639 si
688 3599 786 3654 per
834 3586 1025 3641 callem
1066 3586 1460 3650 tendissemus,
1498 3584 1687 3655 procul
1723 3579 1887 3639 dubio
1922 3578 2096 3632 media

503 3686 664 3731 nocte
688 3678 963 3733 civitatem
1009 3678 1494 3732 subintrassemus.

576 3768 739 3825 Pater
769 3770 839 3824 ad
884 3770 1046 3826 haec:
1086 3768 1199 3825 Hoc
1249 3770 1405 3824 nobis
1435 3769 1537 3824 alia
1591 3769 1707 3824 vice
1750 3769 1931 3825 evenit
1971 3784 2093 3824 cum

501 3875 855 3933 pergeremus
884 3876 981 3933 per
1020 3876 1273 3933 magnam
1325 3862 1467 3916 viam
1509 3862 1576 3916 ad
1607 3862 1905 3917 civitatem.
1947 3860 2094 3914 Prm-

506 3961 624 4007 erat
648 3952 805 4008 nobis
830 3951 1030 4008 ﬂuvius
1072 3968 1233 4023 quem
1265 3967 1604 4023 quocumque
1634 3952 1791 4007 modo
1819 3950 2093 4005 transituri

503 4059 723 4099 eramus
755 4054 1042 4115 antequam
1079 4045 1357 4100 civitatem
1391 4046 1740 4109 intraremus,
1774 4045 1960 4114 sicque
1997 4060 2095 4098 no-

501 4139 588 4194 bis
617 4137 719 4194 iter
744 4139 1028 4209 agentibus
1063 4139 1118 4193 in
1158 4138 1293 4193 duas
1328 4147 1509 4209 partes
1533 4146 1677 4193 secta
1711 4146 1794 4193 est
1817 4138 1924 4197 via,
1963 4152 2096 4207 qna-

502 4246 625 4285 rum
656 4246 764 4285 una
787 4231 855 4285 ad
880 4231 1154 4287 civitatem
1185 4246 1283 4302 per
1311 4230 1530 4296 vadum,
1562 4230 1727 4284 altera
1759 4245 1856 4300 per
1875 4238 2093 4300 pontem

505 4324 756 4379 ducebat.
802 4324 1031 4379 Demum
1084 4325 1373 4394 quemdam
1413 4336 1597 4379 senem
1650 4323 1885 4378 vidimus
1933 4337 2094 4392 quem

504 4414 573 4470 de
619 4415 830 4470 duabus
861 4416 963 4470 viis
998 4430 1118 4484 qua:
1154 4415 1306 4485 prius
1347 4417 1569 4472 duceret
1600 4416 1668 4471 ad
1717 4415 1989 4470 civitatem
2018 4415 2095 4470 in-

502 4509 923 4578 terrogavimns.
949 4508 1127 4564 Senex
1150 4509 1260 4563 ait:
1294 4509 1518 4565 Brevior
1543 4519 1628 4565 est
1656 4510 1741 4564 via
1773 4525 1868 4580 per
1897 4510 2092 4564 vadum

503 4599 574 4654 ad
601 4599 878 4654 civitatem
904 4598 1115 4655 duobus
1136 4600 1386 4656 miliariis
1414 4617 1577 4673 quam
1605 4602 1689 4655 via
1721 4617 1820 4672 per
1850 4612 2092 4672 pontem,
2127 4637 2172 4693 Β

503 4692 599 4747 sed
625 4701 804 4746 tamen
832 4692 994 4747 citius
1018 4693 1248 4763 potestis
1281 4693 1360 4747 ire
1387 4708 1485 4762 per
1510 4702 1747 4764 pontem.
1784 4693 1850 4746 Et
1872 4693 2090 4762 quidam

504 4799 570 4837 ex
603 4783 805 4838 nostris
833 4783 986 4838 illum
1018 4797 1204 4839 senem
1230 4783 1370 4839 sicut
1401 4799 1495 4841 vos
1539 4793 1778 4839 vestrum
1813 4793 1968 4837 antea
2002 4783 2095 4838 de-

504 4875 746 4929 riserunt
774 4886 829 4931 et
859 4892 957 4947 per
985 4877 1180 4931 vadum
1206 4877 1309 4931 iter
1336 4878 1573 4947 aggressi
1606 4886 1758 4943 sunt;
1785 4875 1879 4932 sed
1905 4892 2090 4933 eorum

505 4965 594 5020 alii
623 4967 804 5022 socios
824 4971 1137 5024 submersos
1163 4968 1515 5035 dimiserunt,
1547 4970 1639 5024 alii
1683 4984 1853 5040 equos
1880 4977 1933 5024 et
1978 4985 2092 5025 sar-

505 5057 656 5112 ciuas
689 5060 1057 5127 perdiderunt,
1088 5061 1307 5131 quidam
1346 5076 1475 5117 vero
1505 5076 1602 5130 per
1644 5077 1860 5116 amnem
1903 5063 2088 5116 made-

504 5147 679 5204 factos
699 5148 834 5205 alios
867 5153 1089 5207 omnino
1120 5155 1351 5209 amissos
1398 5154 1759 5220 deﬂevcrunt,
1793 5155 1886 5209 sed
1910 5171 2009 5209 nos
2034 5164 2090 5209 et

504 5257 670 5298 senex
698 5252 886 5300 noster
913 5246 1003 5315 qui
1032 5262 1129 5317 per
1151 5256 1370 5316 pontem
1398 5248 1745 5302 transivimus
1778 5248 1893 5303 sine
1921 5248 2087 5318 impe-

505 5336 746 5393 dimento
769 5347 824 5394 ct
850 5338 1054 5408 absque
1083 5339 1229 5393 omni
1258 5339 1599 5394 incommodo
1644 5340 2012 5408 processimus
2036 5346 2091 5394 et

503 5443 599 5485 eos
621 5444 785 5500 super
814 5429 987 5500 ripam
1025 5429 1263 5486 ﬂuminis
1309 5430 1486 5486 adhuc
1513 5429 1784 5499 jacturam
1832 5428 2092 5485 deﬂentes

502 5523 867 5593 repperimus.
905 5523 1113 5592 Quibus
1147 5522 1399 5579 ﬂentibus
1425 5534 1480 5579 et
1514 5538 1636 5579 cum
1682 5521 1873 5576 rastris
1909 5530 1965 5575 et
2009 5535 2094 5576 sae

501 5631 634 5684 gena
661 5617 768 5671 ima
795 5615 939 5671 ﬂuvii
970 5617 1440 5687 perserutantibus
1471 5631 1635 5672 senex
1662 5615 1739 5669 ait
1772 5632 1786 5667 :
1825 5612 1881 5669 Si
1914 5612 2095 5669 nobis-

503 5718 625 5759 eum
656 5719 753 5775 per
793 5714 1010 5774 pontem
1058 5707 1455 5776 perrexissetis,
1501 5720 1608 5761 non
1642 5704 1715 5758 ita
1755 5703 2088 5773 contigisset.

501 5795 711 5849 Aiunt:
757 5796 871 5853 Hoc
897 5797 1126 5853 fecimus
1154 5799 1276 5868 quia
1308 5799 1448 5852 viam
1495 5799 1710 5854 tardare
1753 5796 2090 5850 nolebamus.

2210 2038 2328 2076 rum
2357 2024 2514 2094 panis
2540 2022 2802 2078 habemus
2842 2031 2898 2078 et
2942 2030 3129 2079 noster
3170 2024 3399 2081 multum
3431 2030 3675 2085 comedit
3713 2047 3793 2086 so-

2208 2116 2343 2181 cius,
2369 2104 2700 2186 quapropter
2729 2124 2944 2187 oportet
2976 2132 3075 2172 nos
3102 2116 3305 2173 habere
3346 2121 3638 2177 consilium
3670 2138 3793 2194 que-

2208 2207 2370 2260 modo
2395 2206 2494 2261 sibi
2527 2214 2737 2276 partem
2771 2207 2926 2276 panis
2966 2207 3183 2263 auferre
3229 2209 3529 2279 possimus,
3562 2221 3619 2267 et
3661 2216 3794 2284 quod

2207 2297 2490 2352 nobiscum
2519 2298 2677 2351 debet
2701 2298 3197 2355 solicomedamus.
3228 2301 3436 2357 Deinde
3473 2316 3796 2375 acceperunt

2206 2388 2573 2459 hujuscemodi
2635 2390 2777 2460 quod
2811 2389 3052 2446 facerent
3076 2407 3269 2462 panem
3310 2403 3365 2448 et
3391 2406 3719 2466 coquerent,
3743 2408 3794 2453 et

2207 2480 2332 2536 dum
2366 2486 2711 2551 coqueretur
2727 2482 3051 2549 dormirent,
3080 2492 3136 2538 et
3178 2485 3428 2556 quisquis
3466 2500 3662 2542 eorum
3696 2489 3792 2543 mi-

2205 2574 2459 2629 rabiliora
2491 2575 2813 2629 somniando
2849 2576 3091 2644 videret,
3126 2577 3273 2632 solus
3302 2593 3503 2648 panem
3548 2582 3793 2636 comede-

2206 2675 2306 2719 ret.
2333 2665 2460 2720 Haec
2511 2666 2805 2721 artiﬁciose
2843 2666 3099 2721 dicebant
3134 2668 3258 2738 quia
3293 2668 3601 2740 simplicem
3634 2674 3793 2727 msti-

2203 2773 2352 2823 cum,
2373 2758 2442 2813 ad
2489 2756 2798 2825 huiusmodi
2850 2758 3041 2813 ﬁctilia
3072 2759 3422 2829 deputabant.
3455 2761 3525 2817 Et
3554 2762 3793 2818 fecerunt

2201 2867 2395 2923 panem
2420 2867 2584 2923 quem
2615 2860 2915 2921 coxerunt,
2949 2852 3164 2907 demum
3182 2852 3477 2921 jacuerunt
3509 2863 3572 2910 ut
3592 2857 3792 2911 dormi-

2201 2954 2345 3000 rent.
2376 2946 2445 3000 At
2466 2946 2725 3012 rusticus,
2757 2954 3009 3014 percepta
3038 2960 3229 3000 eorum
3252 2946 3484 3012 astutia,
3525 2947 3790 3002 dormien-

2202 3037 2346 3092 tibus
2375 3038 2556 3097 sociis,
2586 3037 2751 3091 traxit
2790 3027 2982 3106 panem
3032 3037 3409 3106 semicoctum,
3460 3039 3697 3093 comedit
3739 3048 3793 3093 et

2201 3130 2399 3186 iterum
2450 3130 2646 3201 iacuit.
2692 3128 2843 3186 linus
2892 3130 2959 3185 de
3006 3129 3365 3201 burgensibns
3412 3131 3557 3185 sicut
3605 3145 3792 3185 somno

2198 3221 2524 3290 perterritus
2551 3232 2699 3276 esset
2747 3218 3026 3290 evigilavit
3070 3219 3390 3289 sociumque
3426 3208 3667 3286 vocavit,
3706 3220 3791 3274 cui

2200 3310 2337 3366 alter
2358 3311 2424 3366 de
2446 3311 2805 3381 burgensibns
2827 3310 2901 3364 ait
2932 3323 2949 3362 :
2976 3308 3115 3376 Quid
3145 3308 3433 3364 babes?At
3454 3307 3547 3364 ille
3579 3308 3787 3375 inquit:

2200 3402 2444 3459 Mirabile
2487 3403 2758 3459 somnium
2786 3403 2920 3469 vidi,
2967 3417 3090 3456 nam
3139 3401 3270 3455 mihi
3314 3401 3489 3456 visum
3521 3399 3625 3456 fuit
3648 3402 3791 3471 quod

2200 3493 2303 3548 duo
2328 3493 2503 3564 angeli
2540 3495 2855 3564 aperiebant
2890 3501 3075 3563 portas
3117 3491 3239 3547 coeli
3279 3500 3337 3546 et
3386 3507 3473 3546 me
3517 3501 3793 3547 sumentes

2199 3586 2467 3642 ducebant
2493 3596 2618 3642 ante
2651 3588 2842 3641 Deum.
2884 3585 2983 3641 Cui
3011 3584 3191 3640 socius
3224 3600 3240 3637 :
3276 3583 3524 3640 Mirabile
3565 3594 3648 3639 est
3691 3584 3797 3639 hoc

2104 3741 2123 3752 α
2200 3676 2465 3731 somnium
2497 3677 2641 3746 quod
2670 3675 2853 3731 vidisti
2879 3692 2892 3739 ;
2922 3685 2977 3730 at
2999 3690 3098 3745 ego
3142 3674 3406 3730 somniavi
3436 3675 3580 3745 quod
3608 3690 3636 3728 a
3658 3675 3798 3729 duu-

2198 3769 2298 3828 bus
2326 3767 2532 3841 angelis
2564 3783 2649 3821 me
2694 3767 3018 3822 ducentibus
3053 3774 3107 3821 et
3142 3775 3342 3821 terram
3378 3765 3709 3821 ﬁndentibus
3739 3768 3793 3820 in

2198 3864 2472 3919 infernum
2516 3865 2765 3920 ducat-er.
2817 3859 3076 3919 liusticns
3109 3858 3209 3912 hoc
3241 3867 3413 3912 totum
3460 3858 3713 3912 audiebat
3744 3868 3800 3910 et

2197 3970 2254 4011 se
2282 3956 2523 4011 dormire
2553 3955 2787 4027 ﬁngebat
2812 3971 2828 4021 ;
2854 3955 2945 4011 sed
2968 3954 3270 4026 burgenses
3303 3949 3515 4026 decepti
3546 3948 3800 4017 deripere

2199 4046 2442 4101 volentes
2472 4054 2529 4100 nt
2557 4045 2879 4116 evigilarent
2906 4045 3169 4100 rusticum
3212 4053 3573 4100 vocaverunt.
3608 4044 3797 4099 Rusti-

2198 4152 2297 4193 cus
2322 4153 2448 4193 vero
2475 4138 2668 4194 callide
2697 4147 2753 4193 et
2786 4148 2845 4193 ut
2874 4138 3096 4194 territus
3142 4146 3288 4192 esset
3329 4137 3611 4207 respondit
3642 4154 3660 4193 :
3694 4137 3803 4204 Qui

2201 4238 2326 4284 sunt
2352 4231 2443 4300 qui
2494 4247 2583 4286 me
2639 4230 2978 4286 voeant?At
3019 4230 3143 4285 illi:
3176 4229 3323 4285 Socii
3365 4231 3441 4284 tui
3489 4245 3701 4285 sumus.
3737 4230 3805 4283 Et

2197 4323 2435 4378 rusticus
2467 4339 2482 4377 :
2518 4322 2756 4378 Redistis
2788 4323 2900 4393 jam
2938 4322 3063 4379 ?At
3106 4321 3210 4392 ipsi
3232 4330 3428 4377 contra
3466 4339 3482 4375 :
3524 4322 3642 4387 Qua
3679 4335 3805 4389 per-

2198 4415 2438 4470 reximus
2460 4415 2603 4469 unde
2649 4414 2828 4470 redire
2870 4414 3166 4470 debeamus
3191 4414 3215 4468 ?
3238 4412 3321 4467 Ad
3370 4413 3476 4469 hoc
3510 4413 3758 4467 rusticus
3787 4428 3803 4464 :

2196 4505 2351 4560 Nunc
2394 4505 2563 4559 visum
2612 4513 2730 4559 erat
2776 4504 2906 4559 mihi
2959 4506 3103 4574 quod
3150 4503 3258 4559 duo
3297 4503 3475 4573 angeli
3526 4518 3697 4556 unum
3733 4516 3803 4555 ex

2201 4597 2352 4651 vobis
2391 4596 2733 4666 accipiebant
2768 4604 2823 4651 et
2849 4596 3167 4666 aperiebant
3215 4605 3406 4665 portas
3440 4595 3583 4657 cmli,
3631 4594 3810 4649 duce-

2195 4689 2433 4758 bantque
2464 4687 2613 4743 illttm
2644 4697 2769 4743 ante
2794 4688 2966 4743 Deum
2998 4705 3012 4755 ;
3043 4689 3238 4743 deinde
3259 4687 3427 4741 alium
3450 4686 3806 4757 accipiebant

2197 4780 2303 4835 duo
2340 4780 2428 4835 alii
2468 4781 2663 4852 angeli,
2696 4790 2750 4836 et
2784 4790 2972 4851 aperta
3010 4792 3155 4837 terra
3202 4781 3479 4837 ducebant
3526 4781 3577 4834 in
3624 4781 3814 4836 infer-

2196 4887 2345 4932 num,
2374 4880 2429 4927 et
2460 4872 2545 4927 his
2576 4873 2708 4928 visis
2740 4873 2920 4943 putavi
2948 4873 3221 4928 neminem
3250 4873 3363 4943 jam
3389 4872 3622 4943 amplius
3656 4874 3815 4928 redi-

2198 4973 2402 5030 turum,
2426 4973 2482 5019 et
2510 4967 2721 5020 surrexi
2749 4974 2803 5019 et
2832 4979 3027 5035 panem
3065 4966 3298 5020 comedi.

2267 5054 2310 5110 Ο
2333 5056 2405 5111 ﬁli
2424 5058 2436 5111 l
2452 5057 2531 5111 sic
2557 5058 2738 5113 evenit
2759 5057 2837 5111 eis
2862 5058 2952 5126 qui
2976 5057 3181 5112 socium
3208 5057 3465 5129 decipere
3486 5057 3815 5119 voluerunt,

2192 5149 2315 5217 quia
2340 5163 2439 5202 suo
2461 5149 2675 5219 ingenio
2697 5148 2912 5218 decepti
2940 5147 3181 5203 fuerunt.
3202 5147 3358 5204 Tune
3382 5150 3653 5205 ﬁliuszlta
3680 5166 3821 5204 eve-
3863 5163 3875 5171 “

2193 5240 2366 5294 uiteis
2386 5240 2526 5293 sicut
2542 5240 2592 5293 in
2609 5239 2896 5310 proverbio
2918 5239 3122 5294 dictum
3147 5250 3231 5294 εει
3247 5255 3266 5294 :
3286 5239 3392 5307 Qui
3414 5250 3579 5296 totum
3598 5241 3817 5303 voluit,

2196 5338 2364 5382 totum
2391 5328 2641 5398 perdidit.
2658 5327 2783 5383 Haac
2812 5336 2896 5383 est
2918 5338 3097 5383 autem
3125 5339 3321 5383 natura
3351 5331 3505 5385 canis
3533 5330 3625 5383 cui
3658 5328 3825 5383 fave-

2196 5430 2326 5476 runt
2350 5422 2426 5476 illi
2457 5437 2688 5491 quorum
2720 5438 2859 5478 unus
2882 5422 2974 5476 alii
2999 5422 3180 5479 cibum
3226 5421 3449 5480 auferre
3492 5423 3678 5490 cupit,
3713 5423 3817 5477 sed

2195 5514 2240 5570 si
2273 5523 2524 5568 naturam
2548 5514 2740 5569 cameli
2786 5521 3179 5583 sequerentur,
3206 5515 3481 5570 mitiorem
3533 5522 3826 5568 naturam

2196 5605 2582 5662 imitarentur:
2628 5622 2751 5661 nam
2799 5607 2922 5662 talis
2962 5616 3045 5664 est
3085 5617 3279 5661 natura
3319 5606 3537 5675 camelij,
3561 5606 3831 5675 quando

2196 5696 2413 5752 insimul
2465 5698 2625 5752 datur
2668 5698 2956 5768 prmbenda
2994 5696 3198 5762 multis,
3247 5698 3427 5753 nullus
3467 5712 3677 5752 eorum
3714 5713 3832 5753 co-

2196 5789 2377 5843 medet
2406 5788 2578 5843 donec
2599 5803 2788 5843 omnes
2812 5789 2973 5843 edant
3002 5787 3254 5851 insimul;
3284 5799 3340 5843 et
3370 5791 3419 5844 si
3446 5802 3589 5843 unus
3646 5787 3839 5843 inﬁr-

494 5975 502 5989 .
573 5906 686 5977 (22)
719 5906 1183 5980 llerg.,cap.m,
1206 5908 1271 5963 9.7
1303 5921 1431 5970 rm
1456 5921 1556 5972 ira
1591 5918 1807 5969 mam
1837 5892 1908 5971 κθ
1934 5917 2087 5967 mn
2119 5915 2220 5971 ’ττι
2262 5887 2413 5963 “n‘m
2439 5914 2520 5964 na
2556 5885 2627 5963 rb
2670 5913 2758 5964 an
2786 5910 2967 5962 mm
3003 5884 3163 5985 35m
3194 5908 3304 5965 rm

3380 6462 3448 6470 ⁷-
3488 6462 3753 6478 ﬂia-n1“
3768 6478 3773 6480 _
