4038 6450
330 404 444 462 595

1543 395 1920 455 DISCIPLINA
1954 395 2360 453 CLERICALIS
2373 437 2386 451 .

3502 395 3613 454 89‘

336 525 521 574 matur
550 516 699 585 quod
742 523 971 584 nequeat
1015 512 1317 579 comedere,
1351 511 1522 567 donec
1576 520 1922 567 removeatur
1952 518 1994 574 Α
2027 514 2274 581 αυωείνίι
2299 514 2365 565 ab
2394 513 2640 567 eunucho
2657 509 2784 579 quid
2807 509 2939 566 foris
2963 510 3200 566 fecisset.
3232 510 3522 569 Eunuchus
3547 513 3617 569 ad

335 606 427 663 alii
445 604 795 676 ieiunabant.
841 604 930 658 Istt
984 603 1283 674 burgenses
1335 609 1618 673 postquam
1666 601 1922 655 volebant

336 695 625 753 animalem
667 705 915 750 naturam
956 695 1056 750 sibi
1094 707 1337 756 sumere,
1375 691 1645 747 mitissimi
1675 692 1925 747 animalis

337 802 589 847 naturam
620 789 724 845 sibi
748 789 1062 844 debuissent
1097 787 1408 855 vendicare,
1438 796 1492 841 et
1521 787 1716 842 merito
1741 787 1922 841 cibum

337 882 662 937 amiserunt.
716 878 858 947 Quin
894 881 1059 935 etiam
1100 880 1204 935 hoc
1232 879 1313 933 eis
1341 878 1587 934 evenisse
1636 878 1923 933 voluissem

339 974 485 1043 quod
508 973 774 1043 magistro
808 986 930 1028 meo
961 980 1220 1026 narrante
1242 971 1559 1042 jamdudum
1589 971 1769 1026 audivi
1797 986 1922 1025 eve-

338 1065 486 1119 nisse
537 1063 759 1119 incisori
810 1062 954 1131 regis
1008 1077 1107 1132 pro
1155 1061 1416 1131 discipulo
1471 1076 1569 1116 suo
1644 1062 1922 1133 proprium

339 1169 536 1210 nomen
565 1154 759 1218 Nediu,
783 1164 841 1209 ιιι
857 1153 1087 1210 fustibus
1125 1153 1482 1209 caederentur.
1496 1153 1658 1208 Pater
1686 1155 1750 1207 ad
1779 1154 1920 1207 base:

340 1248 437 1301 Dic
462 1246 615 1311 mihi,
647 1246 744 1311 fili,
769 1244 899 1317 quid
947 1243 1144 1299 audisti
1190 1243 1461 1313 quomodo
1491 1242 1719 1313 contigit
1763 1243 1926 1298 disci-

336 1339 485 1409 pulo,
526 1341 786 1409 quoniam
841 1338 965 1393 talis
1000 1337 1243 1393 narratio
1273 1336 1437 1392 animi
1483 1338 1590 1392 erit
1637 1338 1922 1394 recreatio.

338 1430 511 1486 Filius
533 1444 548 1484 :

875 1520 1151 1577 FABULA
1190 1519 1372 1577 XVIII.

411 1614 667 1671 Narravit
714 1614 843 1669 mibi
890 1614 1146 1684 magister
1189 1627 1344 1669 meus
1395 1611 1683 1682 quemdam
1738 1625 1923 1681 regem

338 1707 600 1763 habuisse
620 1705 910 1760 incisorem
932 1702 1025 1775 qui
1051 1703 1295 1759 diversos
1326 1702 1561 1758 diversis
1591 1701 1927 1772 temporibus

341 1805 495 1867 aptos
520 1795 570 1851 ei
606 1794 878 1850 incidebat
908 1807 1139 1865 pannos.
1174 1791 1244 1847 At
1272 1792 1364 1847 ille
1396 1791 1687 1862 discipulos
1709 1800 1924 1848 sutores

2027 603 2130 659 hoc
2158 622 2170 657 :
2200 603 2341 658 Dixit
2370 603 2499 658 mihi
2524 601 2691 656 Nediu
2723 601 3023 673 discipulus
3056 610 3179 658 tuus
3205 607 3347 674 quod
3376 605 3617 674 quando-

2027 710 2134 764 que
2161 696 2430 750 insanires
2452 704 2506 749 et
2534 709 2638 749 non
2664 695 2768 750 nisi
2809 694 3002 749 vinclis
3048 704 3102 751 et
3142 697 3463 752 verberibus
3491 713 3618 751 cor—

2026 796 2211 857 reptus
2238 803 2502 854 cessares,
2537 796 2593 842 et
2621 787 2741 843 ideo
2781 796 2832 843 te
2852 785 3037 856 ligavi.
3086 788 3201 843 Hoc
3242 788 3426 843 audito
3476 789 3616 844 inci-

2024 894 2119 935 sor
2147 879 2317 935 Nediu
2359 880 2682 949 discipulum
2729 895 2887 934 suum
2930 881 3144 935 vocavit
3169 890 3224 936 et
3262 884 3371 936 ait:
3403 880 3615 944 Amice,

2025 973 2242 1042 quando
2286 986 2371 1026 me
2402 972 2598 1026 novisti
2652 971 2947 1025 insanum?
2994 970 3077 1025 Ad
3125 972 3232 1027 hoc
3276 972 3615 1042 discipulus:

2026 1065 2250 1131 Quando
2283 1062 2480 1118 novisti
2509 1078 2594 1118 me
2618 1062 2722 1117 mel
2753 1077 2859 1116 non
2885 1063 3211 1119 comedere?
3246 1063 3539 1119 Eunuchus
3564 1073 3615 1118 et

2025 1156 2116 1211 alii
2146 1157 2261 1211 lucc
2316 1155 2599 1209 audientes
2659 1155 2930 1218 riserunt,
2980 1162 3039 1210 et
3078 1163 3371 1225 utrumque
3420 1156 3617 1211 merito

2023 1261 2214 1318 poenas
2241 1246 2544 1316 suscepisse
2570 1243 2972 1315 iudicaverunt.

2096 1339 2178 1395 Ad
2222 1339 2323 1393 hoc
2357 1348 2560 1407 pater:
2604 1335 2794 1391 Merito
2840 1336 2942 1390 hoc
2993 1336 3068 1392 illi
3114 1337 3337 1403 accidit,
3393 1339 3519 1407 quia
3572 1339 3618 1392 si

2025 1430 2322 1488 custodiret
2344 1431 2486 1500 quod
2516 1428 2727 1501 Moyses
2750 1428 3011 1499 praecepit
3042 1438 3102 1485 ut
3124 1429 3375 1501 diligeret
3398 1429 3620 1484 fratrem

2025 1540 2181 1579 suum
2210 1522 2350 1577 sicut
2382 1523 2618 1590 seipsum
2646 1520 2782 1589 (25),
2809 1535 2915 1574 non
2952 1521 3056 1575 hoc
3077 1521 3124 1575 ei
3151 1520 3443 1576 evenisset;

2093 1615 2393 1685 Castigavit
2418 1612 2602 1667 filium
2626 1628 2784 1667 suum
2827 1613 3014 1667 dicens
3044 1629 3057 1666 :
3087 1612 3223 1667 Vide
3266 1627 3335 1667 ne
3376 1611 3621 1681 imponas

2027 1708 2243 1778 aliquod
2288 1707 2493 1762 crimen
2535 1705 2686 1761 socio
2737 1714 2827 1759 tuo
2866 1720 3025 1760 servo
3054 1705 3168 1760 sive
3209 1704 3406 1770 libero,
3440 1719 3509 1758 ne
3549 1704 3621 1757 ita

2029 1798 2126 1852 tibi
2170 1797 2449 1868 contingat
2497 1798 2636 1851 sicut
2689 1797 2899 1852 duobus
2938 1795 3341 1865 joculatoribus
3393 1795 3618 1866 contigit

341 1884 580 1940 habebat
634 1896 865 1952 quorum
917 1882 1144 1952 quisque
1186 1879 1478 1936 artificiose
1540 1881 1731 1936 suebat
1777 1882 1921 1952 quod
1957 1872 2001 1927 Β
2028 1899 2152 1944 ante
2181 1904 2380 1957 regem.
2435 1888 2512 1942 Ad
2538 1888 2639 1943 hoc
2666 1886 2841 1942 filius:
2873 1887 3043 1943 Narra
3077 1888 3230 1955 mihi,
3260 1897 3435 1957 pater,
3464 1887 3619 1942 obse-

340 1978 603 2049 magister
652 1979 855 2035 incisor
908 1980 1052 2050 regis
1096 1978 1387 2034 incidebat.
1434 1978 1581 2033 Inter
1611 1992 1747 2048 quos
1788 1993 1927 2033 unus

339 2079 468 2127 erat
494 2069 792 2139 discipulus
837 2070 1056 2126 nomine
1092 2068 1264 2125 Nediu
1294 2070 1387 2139 qui
1418 2070 1595 2125 socios
1625 2077 1743 2123 arte
1779 2078 1927 2124 suto-

336 2160 421 2215 ria
445 2160 756 2231 superabat.
809 2160 918 2217 Sed
956 2161 1043 2217 die
1088 2159 1229 2216 festo
1277 2162 1528 2218 veniente
1564 2177 1659 2217 rex
1695 2176 1916 2216 suorum

336 2251 626 2307 incisorem
653 2266 954 2322 pannorum
976 2253 1187 2307 vocavit
1213 2260 1269 2308 et
1306 2252 1573 2323 pretiosas
1612 2260 1790 2307 vestes
1820 2250 1922 2306 sibi

345 2350 403 2398 et
440 2341 798 2398 familiaribus
831 2342 1010 2414 parari
1049 2341 1321 2414 praecepit.
1360 2341 1511 2409 Quod
1563 2348 1622 2396 ut
1664 2341 1824 2397 citius
1873 2350 1927 2396 et

346 2435 469 2491 sine
498 2435 884 2505 impedimento
934 2434 1119 2500 fieret,
1150 2449 1316 2490 unum
1353 2435 1420 2489 de
1466 2434 1782 2489 camerariis
1813 2432 1927 2489 suis

337 2527 649 2584 eunuchum
678 2526 835 2598 cujus
864 2527 996 2584 illud
1017 2537 1136 2583 erat
1171 2526 1406 2583 cilicium
1436 2526 1712 2582 sutoribus
1742 2536 1924 2582 custo-

337 2620 465 2675 dem
497 2619 723 2683 addidit,
744 2630 877 2676 etut
907 2635 1094 2676 eorum
1128 2634 1324 2675 curvos
1351 2634 1556 2688 ungues
1588 2618 1925 2683 observaret,

340 2719 400 2765 et
429 2709 512 2767 eis
533 2709 599 2766 ad
628 2710 1004 2767 sufficientiam
1054 2712 1364 2767 necessaria
1401 2711 1737 2766 ministraret
1764 2726 1924 2780 roga-

340 2800 442 2855 vit.
474 2799 580 2856 Sed
622 2801 673 2856 iu
697 2817 804 2857 una
849 2802 1058 2857 dierum
1091 2801 1324 2856 ministri
1362 2801 1597 2856 calidum
1644 2816 1836 2871 partem
1868 2809 1927 2855 et

339 2889 451 2946 mel
474 2906 596 2946 cum
619 2891 740 2948 aliis
768 2890 988 2948 ferculis
1020 2891 1239 2946 incisori
1272 2899 1327 2946 et
1346 2891 1613 2946 consociis
1639 2890 1928 2946 comeden-

340 2982 467 3037 dum
496 2983 777 3049 dederttnt,
804 2984 871 3038 'et
902 2984 992 3054 qui
1024 2983 1250 3038 aderant
1297 2983 1583 3038 comedere
1621 2993 1921 3051 cmperunt.

340 3072 548 3141 Quibus
570 3075 913 3144 epulantibus
936 3075 1216 3130 eunuchus
1239 3089 1254 3128 :
1288 3072 1471 3140 Quare
1509 3074 1730 3128 absente
1754 3073 1925 3130 Nediu

338 3167 624 3223 comeditis
666 3183 769 3223 nec
806 3167 954 3222 illum
1001 3167 1344 3237 expectatis?
1408 3165 1663 3236 Magister
1705 3166 1922 3236 inquit:

339 3255 479 3326 Quia
502 3257 605 3314 mel
629 3274 735 3314 non
771 3258 1080 3313 comederet
1128 3256 1342 3311 etiamsi
1385 3257 1636 3322 adesset;
1662 3265 1717 3312 et
1746 3272 1926 3313 come-

338 3351 559 3405 derunt.
596 3349 799 3405 Deinde
835 3349 985 3406 venit
1023 3347 1195 3404 Nediu
1219 3357 1276 3403 et
1336 3349 1452 3403 ait:
1493 3348 1671 3415 Quare
1710 3364 1796 3403 me
1829 3350 1925 3405 ab-

340 3451 494 3497 sente
519 3441 825 3508 comedisti,
857 3456 957 3497 nec
985 3450 1193 3511 partem
1217 3455 1391 3496 meam
1421 3441 1739 3496 reservastis
1766 3442 1791 3494 ν
1818 3441 1924 3495 Eu-

340 3531 553 3588 nuchus
590 3533 657 3587 ad
701 3533 818 3589 haec
848 3550 861 3586 :
894 3533 1151 3604 Magister
1185 3543 1307 3587 tuus
1337 3532 1475 3587 dixit
1504 3534 1649 3602 quod
1680 3534 1785 3588 mel
1816 3550 1923 3588 non

338 3623 652 3680 comederes
674 3624 888 3680 etiamsi
916 3624 1153 3679 adesses.
1172 3624 1240 3677 At
1262 3622 1350 3678 ille
1380 3625 1549 3678 tacuit
1572 3634 1626 3678 et
1653 3624 1926 3694 quomodo

341 3718 599 3786 magistro
648 3732 746 3772 suo
778 3717 908 3772 illud
958 3731 1383 3786 recompensare
1418 3725 1602 3786 posset
1644 3717 1921 3786 cogitavit.

340 3807 406 3862 Et
432 3809 535 3863 hoc
570 3808 738 3874 facto,
777 3809 1037 3879 magistro
1076 3809 1319 3871 absente,
1351 3807 1761 3863 Nediusecreto
1790 3807 1925 3861 divit

339 3906 587 3960 eunucho
617 3922 633 3960 :
666 3905 914 3969 Domine,
946 3905 1209 3972 magister
1234 3917 1384 3957 meus
1405 3899 1727 3971 quandoque
1749 3898 1927 3954 frene-

339 3996 441 4050 sim
474 3996 684 4066 patiens
715 4010 936 4050 sensum
966 3994 1141 4065 perdit
1178 4003 1233 4048 et
1264 3992 1551 4047 indiscrete
1572 3990 1926 4046 circumstan-

343 4097 423 4142 tes
452 4087 700 4141 verberat
742 4096 797 4140 el
840 4085 1121 4141 interimit.
1147 4083 1245 4139 Cui
1278 4082 1562 4139 eunuchus
1594 4099 1607 4135 :
1639 4082 1695 4136 Si
1725 4080 1924 4136 scirem

340 4178 529 4235 horam
556 4177 773 4248 quando
798 4178 847 4232 ei
877 4176 1161 4247 contingit,
1200 4190 1270 4230 ne
1298 4174 1426 4245 quid
1451 4171 1754 4229 inconsulte
1802 4187 1927 4243 age.

340 4279 423 4324 ret
449 4268 671 4338 ligarem
696 4278 752 4324 et
769 4268 901 4324 loris
926 4269 1200 4338 corrigere
1241 4265 1697 4335 eonstringerem.
1719 4264 1790 4317 At
1816 4261 1925 4317 Ne-

340 4360 429 4414 diu
460 4361 538 4416 ait
571 4376 587 4414 :
618 4359 754 4416 Cum
779 4361 982 4415 videris
1003 4375 1126 4415 eum
1152 4361 1258 4414 huc
1285 4367 1339 4413 et
1358 4356 1484 4413 illuc.
1502 4356 1849 4425 aspicientem
1873 4363 1927 4410 et

342 4459 540 4505 terram
558 4449 807 4505 manibus
827 4451 1200 4506 verberantem
1230 4458 1284 4505 et
1304 4463 1333 4503 a
1350 4463 1446 4503 sua
1468 4447 1594 4503 sede
1617 4457 1926 4516 surgentem

2026 1997 2142 2037 cro.
2174 1980 2334 2035 Pater
2362 1998 2375 2033 :
2406 1978 2550 2035 Fiat.

2593 2048 2867 2106 FABULA
2923 2048 3062 2103 XIX.

2105 2146 2259 2201 Venit
2287 2147 2505 2217 quidam
2532 2143 2806 2212 joculator
2827 2144 2894 2197 ad
2928 2158 3132 2212 regem,
3168 2157 3331 2214 quem
3366 2150 3620 2197 vocatum

2028 2255 2125 2297 rex
2176 2254 2297 2295 cum
2326 2238 2432 2292 alio
2458 2236 2759 2308 joculatore
2808 2235 2937 2291 fecit
2988 2236 3179 2292 sedere
3229 2246 3394 2306 atque
3436 2250 3621 2291 come—

2028 2333 2187 2398 dere;
2226 2330 2323 2386 sed
2364 2331 2454 2400 qui
2496 2330 2649 2399 prius
2689 2338 2810 2384 erat
2847 2329 3119 2399 joculator
3166 2328 3332 2397 cmpit
3377 2327 3622 2383 invidere

2028 2423 2427 2494 supervenienti
2459 2438 2621 2492 quem
2675 2437 2777 2475 rex
2828 2421 2930 2475 sibi
2984 2420 3307 2489 praeferebat
3336 2428 3390 2472 et
3429 2432 3622 2474 omnes

2028 2516 2209 2570 aulici.
2241 2514 2393 2583 Quod
2423 2529 2491 2568 ne
2517 2514 2737 2568 duraret
2780 2513 2869 2567 diu
2915 2513 3178 2582 pudorem
3221 2510 3296 2564 illi
3346 2509 3528 2565 facere
3560 2520 3621 2565 ut

2029 2608 2110 2664 sic
2136 2607 2326 2662 saltem
2374 2607 2659 2677 aufugeret
2699 2605 2980 2675 cogitavit.
3029 2605 3218 2673 Itaque
3246 2603 3621 2658 nescientibus

2029 2699 2150 2754 aliis
2192 2714 2316 2754 ossa
2357 2698 2595 2752 latenter
2626 2697 2835 2766 primus
2868 2695 3141 2765 joculator
3176 2694 3533 2749 coordinavitn
3566 2704 3622 2748 et

2028 2797 2153 2844 ante
2181 2789 2386 2843 socium
2414 2788 2613 2855 posuit,
2639 2786 2899 2856 finitoque
2924 2787 3154 2855 prandio
3185 2786 3239 2839 in
3261 2786 3619 2855 cpprobrium

2028 2878 2236 2933 socium
2267 2875 2585 2947 coniectans
2612 2886 2818 2931 struem
2869 2878 3075 2931 ossium
3135 2875 3246 2945 regi
3291 2875 3530 2930 ostendit
3562 2883 3621 2930 et

2029 2970 2358 3026 tnordaciter
2397 2969 2617 3039 inquit:
2662 2967 2906 3033 Domine,
2953 2967 3136 3022 socius
3178 2982 3332 3022 meus
3377 2967 3619 3022 omnium

2028 3064 2231 3119 ossium
2272 3063 2499 3117 istorum
2545 3060 2864 3115 vestituram
2899 3059 3152 3114 comedit.
3189 3059 3302 3115 Rex
3336 3072 3466 3114 vero
3506 3069 3621 3113 tor-

2029 3155 2113 3210 vis
2140 3154 2313 3209 oculis
2345 3153 2602 3222 respexit.
2649 3153 2952 3206 Accusatus
2972 3159 3152 3205 autem
3205 3150 3318 3221 regi
3361 3151 3478 3205 ait:
3508 3150 3617 3205 Do-

2029 3248 2176 3303 mine
2209 3246 2309 3301 feci
2351 3246 2495 3316 quod
2523 3255 2717 3300 natura
2771 3244 3009 3297 humana
3041 3241 3379 3311 requirebat,
3424 3256 3620 3297 carnes

2028 3338 2237 3395 comedi
2264 3345 2318 3392 et
2340 3351 2460 3391 ossa
2492 3335 2705 3399 dimisi;
2738 3334 2919 3389 socius
2940 3342 3120 3388 autem
3148 3346 3299 3387 meus
3323 3332 3451 3388 fecit
3474 3333 3619 3403 quod

2027 3447 2125 3486 sua
2165 3439 2358 3484 natura
2386 3428 2592 3483 scilicet
2622 3426 2815 3481 canina
2844 3426 3181 3495 inquirebat,
3226 3425 3352 3493 quia
3384 3425 3621 3480 comedit

2028 3539 2220 3578 ρονηρε
2240 3530 2293 3575 CI.
2318 3535 2465 3576 0553.

2101 3615 2245 3669 Dixit
2270 3614 2626 3683 philosophus
2655 3630 2668 3665 :
2700 3610 2917 3665 Honora
2945 3609 3212 3666 minorem
3246 3618 3297 3664 te
3325 3619 3381 3663 et
3417 3607 3483 3662 da
3513 3608 3622 3664 sib:

2028 3710 2093 3765 de
2116 3717 2205 3761 tuo
2232 3709 2371 3761 sicut
2397 3706 2477 3760 vis
2500 3705 2643 3775 quod
2674 3702 2850 3772 major
2885 3711 2939 3759 te
2967 3703 3196 3759 honoret
3220 3709 3276 3757 et
3301 3702 3369 3756 de
3395 3716 3496 3755 suo
3524 3700 3623 3755 libi

2030 3801 2250 3854 tribuat.
2304 3799 2493 3853 Alius:
2534 3796 2716 3865 Turpe
2767 3796 2986 3866 quidem
3043 3804 3129 3851 est
3174 3793 3401 3849 multum
3463 3791 3621 3847 diviti

2027 3905 2147 3948 esse
2175 3905 2420 3955 avarum,
2472 3888 2728 3941 mediocri
2774 3887 3061 3957 pulchrum
3111 3901 3235 3943 esse
3263 3886 3492 3955 largum.
3531 3884 3624 3939 Di-

2027 3979 2265 4046 scipnlus
2291 3978 2366 4031 ait
2396 3996 2410 4031 :
2445 3977 2830 4031 Difiinitionem
2864 3975 3004 4044 largi
3042 3982 3097 4028 et
3128 3974 3280 4027 avari
3309 3980 3366 4028 et
3410 3971 3621 4042 prodigi

2028 4069 2161 4124 mibi
2192 4067 2492 4123 subscribe.
2520 4067 2682 4120 Pater
2711 4083 2726 4120 :
2759 4065 2861 4133 Qui
2890 4066 2981 4119 dat
3006 4063 3206 4133 quibus
3244 4062 3484 4116 dandum
3513 4071 3618 4124 est,

2027 4169 2085 4216 et
2115 4160 2315 4214 retinet
2345 4158 2542 4226 quibus
2590 4155 2931 4211 retinendum
2978 4161 3083 4218 est,
3133 4152 3318 4221 largus
3361 4158 3474 4217 est;
3524 4150 3620 4219 qui

2026 4254 2277 4327 prohibet
2307 4250 2502 4323 quibus
2529 4248 2925 4321 prohibendum
2972 4260 3079 4301 non
3121 4251 3227 4311 est,
3260 4257 3461 4297 avarus
3501 4250 3616 4297 est:

2026 4345 2119 4416 qui
2172 4344 2267 4398 dat
2291 4343 2487 4414 quibus
2517 4341 2754 4396 dandum
2800 4348 2885 4394 est
2923 4346 2977 4393 et
3009 4336 3208 4407 quibus
3239 4348 3344 4388 non
3372 4342 3457 4388 est
3485 4332 3621 4386 dan-

2029 4437 2181 4501 dum,
2219 4434 2496 4505 prodigus.
2524 4431 2679 4487 Alius
2710 4448 2726 4488 :
2759 4429 2879 4486 Noli
2929 4427 3189 4484 associari
3236 4426 3312 4481 rei
3345 4424 3618 4481 deﬁcienti

340 4551 394 4595 ct
417 4556 702 4595 scamnum
726 4555 889 4610 super
913 4540 1056 4610 quod
1083 4540 1235 4595 sedet
1265 4555 1427 4594 manu
1456 4539 1773 4607 rapientem,
1803 4546 1925 4593 tunc

2033 4537 2084 4583 et
2118 4541 2185 4581 ne
2219 4540 2490 4596 proponas
2522 4532 2574 4579 te
2615 4522 2693 4577 rei
2726 4522 3013 4577 crescenti.
3045 4519 3233 4574 Alius:
3264 4516 3435 4588 Magis
3474 4514 3621 4570 valet

339 4635 480 4687 scias
499 4648 626 4687 eum
647 4632 1059 4695 esseinsanum,
1079 4643 1135 4685 et
1159 4631 1260 4684 nisi
1288 4631 1380 4685 tibi
1403 4637 1457 4685 et
1478 4630 1584 4683 tuis
1599 4628 1923 4698 provideris.

342 4732 499 4792 caput
520 4721 664 4778 fuste
686 4722 910 4776 dolabit.
935 4720 1156 4776 Talibus
1183 4721 1340 4775 dictis
1361 4719 1530 4774 Nediu
1552 4720 1798 4789 sequenti
1840 4720 1927 4774 die

345 4811 586 4882 magistri
604 4811 686 4864 sui
711 4809 926 4865 forfices
942 4820 1154 4865 secreto
1176 4808 1478 4871 abscondit,
1499 4820 1555 4862 at
1576 4808 1772 4863 incisor
1788 4823 1929 4876 qure-

345 4917 465 4956 rens
493 4902 710 4955 forﬁces
731 4909 787 4956 et
813 4915 918 4955 non
941 4900 1236 4965 inveniens,
1265 4900 1433 4969 coepit
1455 4900 1703 4954 manibus
1728 4909 1927 4954 terram

342 5004 624 5064 percutere
642 5002 699 5048 et
722 4994 825 5048 buc
837 5001 890 5047 et
911 4992 1037 5047 illuc
1058 4992 1302 5060 aspicere
1325 5002 1377 5045 et
1394 5006 1423 5044 a
1448 5006 1543 5044 sua
1561 4991 1688 5045 sedc
1708 5005 1929 5061 surgere

344 5097 395 5141 et
429 5101 713 5142 scamnum
762 5099 921 5155 super
965 5084 1111 5154 quod
1156 5084 1385 5139 sedebat
1431 5097 1593 5137 manu
1628 5083 1925 5138 dimovere.

345 5177 464 5235 llzec
494 5179 684 5234 videns
731 5177 1012 5233 eunuchus
1048 5175 1233 5232 statim
1272 5190 1401 5229 suos
1457 5174 1671 5229 vocavit
1705 5175 1929 5231 clientes

344 5270 702 5341 przecepitque
726 5268 1014 5323 incisorem
1030 5267 1185 5337 ligari
1213 5277 1352 5321 etne
1375 5266 1588 5334 aliquos
1616 5267 1930 5322 verberaret

344 5362 578 5429 graviter
602 5360 905 5416 verberari.
932 5359 1039 5414 Sed
1067 5358 1269 5414 incisor
1291 5357 1561 5412 clamabat
1578 5357 1653 5411 ita
1678 5357 1926 5413 dicendo:

347 5452 477 5519 Quid
506 5449 641 5508 foris
668 5452 793 5519 feci,
828 5462 886 5507 ut
920 5451 1049 5522 quid
1085 5451 1279 5506 talibus
1300 5465 1387 5506 me
1416 5449 1653 5520 afiligitis
1686 5450 1928 5506 verberi-

324 5541 476 5601 -bus?
511 5546 584 5600 At
633 5546 713 5601 illi
763 5545 944 5600 acrius
992 5544 1332 5600 verberando
1382 5544 1652 5598 tacebant.
1703 5542 1929 5609 Quando

349 5647 521 5693 autem
545 5638 674 5695 lassi
715 5636 936 5691 fuerunt
960 5636 1298 5690 verberando
1348 5648 1570 5689 exosum
1604 5634 1729 5688 vita:
1755 5633 1929 5689 solve-

352 5737 490 5794 runt,
537 5729 629 5801 qui
679 5727 951 5799 respirans
997 5726 1089 5781 sed
1139 5725 1296 5795 longo
1336 5724 1598 5794 temporis
1644 5724 1928 5780 intervallo

415 5843 525 5912 (‘23)
560 5844 785 5902 Levitis.
812 5858 922 5910 xix,
954 5841 1195 5923 18.1123:
1222 5822 1556 5924 1:15:1an

2028 4635 2201 4691 parva
2227 4616 2506 4672 beatitudo
2531 4629 2694 4686 quam
2723 4614 2881 4684 plena
2907 4613 3101 4668 domus
3128 4625 3261 4664 auro
3283 4616 3340 4662 et
3369 4615 3616 4678 argento.

2028 4711 2225 4765 Alius:
2272 4707 2434 4763 Utilia
2474 4706 2729 4777 perquire
2778 4719 2971 4774 magno
3026 4716 3212 4764 sensu,
3255 4714 3363 4754 non
3419 4713 3627 4766 magna.

2027 4801 2337 4857 velocitate.
2388 4799 2589 4854 Alius:
2648 4795 2726 4851 Ne
2780 4795 3039 4866 respicias
3089 4793 3343 4847 ditiorem
3379 4799 3429 4844 te
3465 4804 3532 4844 ne
3563 4790 3632 4844 in.

2029 4911 2155 4952 eum
2204 4907 2421 4964 pecces,
2477 4891 2572 4946 sed
2620 4891 2829 4959 respice
2884 4886 3265 4956 pauperiorem
3308 4893 3359 4937 te
3395 4890 3451 4937 et
3498 4881 3623 4938 inde

2029 4996 2211 5059 grates
2246 4985 2355 5041 Deo
2389 4983 2573 5038 redde.
2619 4980 2819 5035 Alius:
2879 4978 2997 5035 Non
3045 4977 3279 5048 deneges
3321 4975 3490 5030 Deum
3522 4988 3621 5043 pro

2029 5086 2369 5149 paupertate,
2404 5090 2501 5147 pro
2531 5072 2734 5128 divitiis
2762 5070 2871 5129 noli
2900 5070 3201 5141 superbire.
3233 5068 3389 5124 Alius
3419 5086 3433 5123 :
3459 5066 3622 5134 Quis-

2030 5171 2154 5240 quis
2183 5170 2349 5223 multa
2379 5166 2547 5237 cupit,
2594 5161 2864 5232 majorum
2915 5162 3060 5217 fame
3103 5161 3359 5216 tabescit.
3417 5157 3614 5213 Alius:

2033 5263 2090 5318 Si
2122 5261 2206 5317 vis
2230 5262 2284 5315 in
2315 5263 2417 5315 hoc
2444 5258 2643 5315 saeculo
2675 5265 2885 5312 tantum
2920 5254 3125 5310 habere
3154 5259 3416 5323 quantum
3456 5246 3619 5305 suti'e-

2031 5355 2170 5411 cerit
2222 5361 2450 5417 naturae,
2481 5366 2589 5405 non
2618 5349 2788 5405 multa
2826 5357 2879 5403 te
2914 5346 3129 5402 decebit
3166 5355 3525 5414 congregare;
3563 5348 3622 5393 et

2033 5448 2079 5503 si
2104 5446 2300 5518 cupido
2337 5443 2659 5500 satisfacere
2696 5438 2952 5497 'volueris.
2985 5439 3188 5501 animo,
3232 5436 3359 5490 licet
3385 5447 3617 5502 congre-

2032 5540 2173 5610 gatis
2196 5551 2529 5607 qumcuuque
2575 5535 2629 5589 in
2662 5542 2774 5589 toto
2801 5532 3001 5587 mundo
3031 5528 3233 5584 ambitu
3266 5529 3619 5580 continentur

2033 5631 2259 5693 divitiis,
2300 5629 2418 5685 sitis
2473 5637 2651 5682 tamen
2696 5624 2909 5679 ardebit
2962 5619 3214 5676 habendi.
3260 5617 3461 5672 Alius:
3511 5614 3614 5681 Qui

2034 5738 2195 5793 μία-ρο
2228 5737 2322 5777 sua
2358 5718 2653 5789 dispendit,
2683 5716 2773 5772 diu
2801 5714 2999 5771 durant
3026 5711 3073 5768 ei
3108 5723 3378 5782 possessa.
3415 5705 3569 5762 Alius
3599 5723 3619 5743 ·-
