4142 6360
407 5884 450 5926 ,κ

1361 319 1930 378 ΡετκιΑιΡιιοΝει
1971 321 2062 377 EX
2104 319 2349 377 JUDEO
2377 313 2772 374 CHRISTIANI

439 443 546 511 Qui
575 440 690 495 vult
719 437 1027 509 relinquere
1053 434 1332 499 saeculum,
1360 434 1542 490 videat
1566 451 1634 491 ne
1671 435 1871 504 aliquid
1902 435 2028 490 reli-
2062 440 2103 495 Δ
2137 442 2286 489 recto
2326 429 2548 486 tramite
2595 427 2801 485 nollent
2833 425 3106 493 incedere,
3152 424 3350 496 quibus
3378 425 3552 482 dixit:
3587 425 3723 498 Lupi

443 540 577 588 neat
604 531 749 601 quod
781 528 854 584 sit
884 527 1030 582 illius
1078 524 1314 597 partium
1339 565 1355 591 ,
1392 524 1648 594 quoniam
1695 526 2026 580 tantumdem

440 621 628 677 valent
669 634 734 675 ac
777 617 822 673 si
851 617 1020 688 paleis
1061 616 1240 688 ignem
1278 615 1642 686 extingueret.
1693 616 1888 672 Alius:
1923 615 2028 683 Qui

440 713 730 784 pecuniam
757 721 1052 782 congregat
1101 709 1326 765 multum
1369 709 1601 776 laborat,
1650 711 1850 782 vigiliis
1880 712 2029 766 tabe-

441 805 549 860 scit
575 817 643 858 ne
663 803 878 874 perdat,
900 803 967 857 ad
996 801 1246 857 ultimum
1275 803 1422 858 dolet
1442 804 1660 874 quando
1685 804 1858 874 perdit
1883 803 2027 873 quod

441 897 772 952 obtinuerat.
812 893 1119 964 Discipulus
1141 895 1400 966 magistro
1433 914 1446 950 :
1479 895 1691 951 Laudas
1713 896 2027 966 congregari

439 985 767 1058 pecuniam?
811 983 1069 1056 Magister
1102 1003 1120 1039 :
1152 985 1256 1051 Ita,
1289 987 1676 1058 acquirejuste
1705 999 1760 1042 et
1792 989 1845 1042 in
1887 988 2030 1045 bono

441 1076 706 1149 expende,
739 1089 840 1132 nec
869 1076 923 1131 in
953 1077 1207 1132 thesauro
1243 1077 1500 1133 reconde.
1531 1078 1683 1133 Alius
1709 1092 1724 1132 :
1777 1077 1855 1133 Ne
1883 1078 2032 1136 desi-

441 1173 600 1226 deres
630 1185 720 1225 res
751 1168 977 1224 alterius
1010 1179 1066 1225 et
1118 1184 1187 1224 ne
1232 1167 1416 1224 doleas
1458 1168 1526 1224 de
1577 1169 1796 1225 amissis
1844 1171 2030 1234 rebus,

441 1263 700 1336 quoniam
722 1260 909 1319 dolore
936 1261 1070 1317 nihil
1092 1261 1198 1315 erit
1221 1260 1616 1331 recuperahile,
1641 1261 1785 1316 unde
1810 1260 2030 1318 dicitur:

1012 1352 1286 1409 FABULA
1341 1351 1460 1408 XX.

515 1445 747 1516 Quidam
776 1445 969 1502 habuit
994 1445 1284 1514 virgultum
1310 1445 1362 1500 in
1389 1461 1496 1515 quo
1527 1445 1716 1502 rivulis
1745 1444 2032 1502 fluentibus

441 1540 616 1598 herba
647 1539 838 1595 viridis
869 1546 1011 1606 erat,
1040 1548 1094 1594 et
1141 1553 1242 1609 pro
1289 1537 1567 1594 habilitate
1612 1539 1715 1594 loci
1744 1540 2032 1595 convenie-

441 1634 579 1689 bant
607 1631 681 1688 ibi
707 1631 957 1687 volucres
989 1630 1356 1686 modulamine
1403 1645 1594 1686 vocum
1629 1640 1823 1686 cantus
1849 1631 2026 1687 diver-

444 1740 538 1782 sos
565 1735 903 1780 exercentes.
953 1721 1198 1790 Quadam
1228 1722 1317 1779 die
1351 1722 1479 1778 dum
1521 1723 1574 1778 in
1628 1738 1728 1778 suo
1775 1722 2030 1794 fatigatus

2130 539 2226 580 vos
2255 523 2573 579 comedent!
2608 518 2762 587 Quod
2805 516 2966 588 lupus
2994 516 3225 572 audiens
3259 517 3554 588 acquievit,
3586 518 3728 575 Cum

2129 615 2248 671 dies
2275 613 2574 670 declinaret
2602 621 2657 667 et
2679 609 2792 680 jam
2824 609 3062 666 rusticus
3089 610 3159 664 de
3186 618 3374 664 aratro
3413 609 3580 665 boves
3617 611 3728 666 sol-

2129 707 2321 768 visset,
2354 703 2500 758 venit
2540 704 2607 758 ad
2650 717 2774 758 eum
2807 701 2966 772 lupus
2997 699 3185 756 dicens
3219 717 3230 753 :
3267 701 3345 754 Da
3374 699 3508 754 mihi
3557 700 3728 756 boves

2130 811 2270 866 quos
2317 793 2634 865 promisisti.
2680 792 2763 848 Ad
2813 791 2930 846 haec
2961 800 3192 846 arator:
3225 788 3282 846 Si
3316 791 3540 846 verbum
3589 791 3727 856 dixi,

2129 903 2238 942 non
2275 893 2619 942 sacramento
2649 883 2886 938 firmavi.
2942 881 3009 937 Et
3038 881 3195 954 lupus
3248 891 3478 937 contra:
3513 881 3728 938 Habere

2131 978 2300 1033 debeo
2331 977 2452 1046 quia
2483 975 2822 1032 concessisti.
2853 975 3123 1030 Dixerunt
3163 975 3379 1030 tandem
3407 976 3553 1045 quod
3584 976 3730 1032 irent

2130 1069 2502 1140 adjudicium.
2532 1067 2687 1136 Quod
2712 1069 2840 1123 dum
2880 1067 3132 1124 facerent
3167 1068 3314 1140 vulpi
3342 1069 3726 1134 obviaverunt.

2132 1160 2340 1228 Quibus
2383 1159 2712 1215 adeuntibus
2757 1159 2835 1214 ait
2888 1157 3116 1230 vulpes:
3171 1159 3290 1228 Quo
3343 1160 3604 1216 tenditis?
3648 1161 3732 1217 illi

2130 1250 2277 1322 quod
2297 1251 2498 1306 factum
2530 1249 2711 1306 fuerat
2740 1258 3106 1305 narraverunt
3128 1249 3295 1320 vulpi.
3325 1249 3535 1318 Quibus
3566 1251 3728 1306 dixit:

2130 1343 2238 1400 l’ro
2269 1343 2440 1396 nihilo
2464 1340 2628 1396 alium
2655 1341 2900 1396 ouaeritis
2927 1341 3194 1412 judicem,
3221 1343 3485 1411 quoniam
3520 1356 3730 1396 rectum

2131 1437 2286 1492 vobis
2337 1434 2532 1491 faciam
2562 1435 2860 1503 judicium;
2910 1437 3004 1490 sed
3034 1435 3187 1504 prius
3241 1435 3543 1504 permittite
3585 1433 3735 1505 loqui

2132 1528 2360 1585 consilio
2389 1527 2480 1582 uni
2509 1543 2577 1584 ex
2611 1528 2765 1583 vobis
2812 1535 2869 1583 et
2895 1527 3092 1583 deinde
3121 1527 3234 1595 alii,
3262 1537 3318 1583 et
3353 1528 3396 1582 si
3425 1537 3615 1598 potero
3635 1542 3734 1583 vos

2133 1621 2466 1679 concordare
2495 1620 2617 1674 sine
2639 1617 2868 1688 judicio,
2901 1620 3168 1675 sententia
3196 1619 3490 1685 celabitur;
3520 1623 3602 1674 sin
3634 1636 3735 1674 au-

2136 1723 2264 1778 tem,
2292 1712 2346 1766 in
2368 1726 2656 1767 commune
2679 1711 2856 1766 detur.
2882 1712 2952 1765 At
2976 1711 3076 1782 ipsi
3108 1725 3518 1768 concesserunt.
3545 1713 3732 1784 Vulpis

444 1817 753 1887 quiesceret
775 1815 1054 1886 pomerio,
1092 1813 1339 1884 quasdam
1365 1812 1574 1868 avicula
1594 1829 1759 1884 super
1782 1813 2032 1869 arborem
2071 1795 2110 1849 Β
2137 1804 2370 1875 primum
2413 1803 2592 1858 locuta
2651 1817 2775 1858 cum
2827 1811 3048 1858 aratore
3094 1803 3214 1857 ait:
3268 1803 3345 1858 Da
3385 1804 3517 1859 mihi
3565 1820 3732 1859 unam

445 1908 721 1965 cantando
745 1905 1137 1963 delectabiliter
1167 1905 1329 1960 sedit.
1380 1904 1552 1971 Quam
1595 1914 1655 1960 ut
1686 1906 1818 1961 vidit
1839 1914 1896 1960 et
1918 1907 2036 1975 ejus

446 2010 667 2058 cantum
699 2000 924 2066 audivit,
951 1999 1231 2068 deceptam
1262 1997 1458 2069 laqueo
1486 1998 1740 2068 sumpsit.
1766 1997 1846 2052 Ad
1874 2011 2034 2068 quem

447 2092 605 2148 avis;
651 2091 764 2148 Cur
796 2099 1004 2145 tantum
1042 2088 1302 2144 laborasti
1353 2104 1441 2145 me
1489 2103 1714 2158 capere,
1751 2087 1836 2143 vel
1893 2088 2036 2157 quod

445 2185 746 2255 proficuum
773 2183 826 2237 in
857 2197 980 2236 mea
1002 2180 1252 2251 captione
1287 2181 1517 2251 sperasti
1549 2180 1768 2235 habere.
1814 2180 1896 2234 Ad
1923 2180 2038 2234 haec

448 2277 645 2333 homo:
677 2273 835 2330 Solos
863 2281 1060 2329 eantus
1081 2281 1204 2328 tuos
1225 2274 1411 2328 audire
1435 2272 1614 2343 cupio.
1633 2273 1731 2328 Cui
1755 2271 1902 2327 avis:
1933 2271 2038 2326 Pro

447 2365 642 2430 nihilo,
676 2365 802 2434 quia
827 2379 926 2421 nec
959 2379 1123 2435 prece
1161 2379 1264 2421 nec
1304 2367 1478 2436 pretio
1509 2365 1761 2420 cantabo.
1790 2364 1860 2419 At
1898 2363 1988 2420 ille
2015 2382 2028 2419 :

450 2455 568 2514 Nisi
585 2457 924 2525 cantaveris,
947 2459 1023 2512 ite
1049 2456 1352 2512 comedam.
1382 2455 1450 2511 Et
1474 2456 1618 2512 avis:
1648 2455 1928 2523 Quomodo
1947 2469 2041 2511 co-

453 2547 675 2604 medes?
704 2547 760 2602 Si
791 2546 1092 2603 comederis
1113 2557 1320 2602 coctam
1351 2563 1512 2614 aqua,
1541 2547 1671 2618 quid
1700 2547 1902 2603 valebit
1925 2549 2041 2606 avis

451 2652 565 2696 tam
595 2642 796 2712 parva?
821 2640 888 2694 Et
909 2641 1074 2696 etiam
1102 2655 1234 2696 caro
1255 2640 1608 2711 erithispida.
1631 2641 1686 2696 Si
1715 2652 1892 2696 assata
1920 2658 2039 2709 ero,

449 2733 624 2789 multo
653 2733 832 2786 minor
858 2731 1044 2795 fuero;
1078 2732 1172 2787 sed
1203 2732 1248 2787 si
1277 2747 1365 2788 me
1394 2732 1596 2788 habere
1620 2733 1891 2790 dimiseris
1929 2752 2044 2791 ma-

452 2840 618 2898 gnam
645 2823 931 2879 utilitatem
959 2824 1334 2894 consequeris.
1360 2823 1430 2878 At
1457 2823 1544 2879 ille
1571 2833 1763 2880 contra
1789 2843 1804 2880 :
1833 2825 2044 2894 Quam?

451 2915 624 2972 Avis:
659 2914 954 2972 Ostendam
989 2914 1081 2970 tibi
1123 2923 1236 2969 tres
1284 2913 1560 2984 sapientes
1607 2916 1880 2972 manerias
1906 2932 2042 2987 quas

451 3007 677 3078 majoris
703 3006 865 3076 pretii
916 3006 1083 3062 facies
1117 3021 1278 3076 quam
1306 3006 1468 3062 trium
1501 3006 1792 3061 vitulorum
1825 3023 2040 3064 carnes.

2136 1894 2394 1966 gallinam
2426 1902 2481 1949 ct
2518 1895 2673 1949 uxori
2728 1909 2862 1949 mea
2905 1893 3157 1960 alteram,
3189 1903 3244 1950 et
3273 1895 3497 1950 habebis
3541 1897 3729 1952 boves.

2137 1989 2338 2042 Arator
2360 1987 2654 2051 concessit,
2685 1997 2742 2042 et
2775 1988 2879 2042 hoc
2908 1987 3050 2040 facto
3080 2001 3202 2040 eum
3234 1986 3359 2058 lupo
3389 1987 3630 2058 loquitur
3652 1988 3732 2044 di-

2138 2095 2266 2137 cens
2292 2099 2308 2136 :
2338 2080 2548 2148 Amice,
2578 2081 2702 2136 audi
2731 2099 2744 2136 :
2778 2080 2986 2136 Meritis
3038 2080 3148 2135 tuis
3175 2080 3592 2150 procedentibus
3633 2097 3732 2152 pro

2141 2183 2194 2229 te
2223 2174 2402 2238 debet,
2437 2189 2480 2229 δι
2505 2189 2613 2244 qua
2657 2181 2739 2230 est
2767 2174 3039 2240 facundia,
3087 2175 3355 2232 laborare.
3389 2174 3624 2230 Tantum
3654 2175 3734 2232 lo-

2139 2275 2267 2321 cuta
2290 2283 2408 2322 sum
2439 2280 2562 2322 cum
2593 2266 2800 2322 rustico
2833 2269 2977 2336 quod
3017 2267 3062 2322 si
3091 2269 3257 2322 boves
3283 2266 3426 2322 illius
3450 2266 3742 2323 dimiseris

2139 2359 2364 2414 omnino
2387 2359 2623 2431 quietos,
2652 2359 2801 2414 dabit
2841 2359 2934 2415 tibi
2960 2375 3178 2416 caseum
3205 2361 3272 2414 ad
3303 2360 3734 2432 magnitudinem

2141 2456 2314 2528 clypei
2341 2455 2566 2512 factum.
2606 2455 2720 2512 Hoc
2747 2456 2907 2527 lupus
2929 2456 3222 2512 concessit.
3253 2455 3352 2512 Cui
3383 2456 3571 2528 vulpes
3607 2457 3687 2512 ait
3715 2473 3730 2510 :

2141 2547 2390 2604 Concede
2417 2557 2690 2603 aratorem
2719 2548 2886 2604 boves
2912 2563 3040 2604 suos
3069 2549 3288 2617 ducere,
3321 2557 3378 2604 et
3407 2563 3507 2620 ego
3536 2548 3732 2604 ducam

2145 2647 2197 2694 te
2225 2639 2291 2695 ad
2314 2639 2490 2696 locum
2533 2640 2624 2696 ubi
2667 2651 2930 2710 parantur
2972 2641 3116 2697 illius
3138 2642 3306 2708 casei,
3352 2649 3411 2697 ut
3450 2657 3611 2712 quem
3640 2656 3736 2696 vo-

2142 2730 2312 2788 lucris
2353 2732 2421 2786 de
2466 2731 2654 2788 multis
2710 2732 2911 2803 eligere
2956 2732 3154 2802 possis.
3201 2731 3307 2788 Sed
3350 2732 3508 2803 lupus
3540 2742 3740 2786 ast-tm

2144 2822 2318 2893 vulpis
2343 2823 2602 2893 deceptus
2642 2824 2824 2878 verbis
2851 2824 3095 2893 quietura
3119 2822 3270 2878 abire
3299 2823 3546 2894 permisit
3575 2822 3736 2876 rusti-

2144 2930 2288 2970 cum.
2322 2915 2523 2986 Vulpes
2556 2931 2686 2972 vero
2707 2916 2955 2988 vagando
2978 2915 3084 2972 huc
3113 2924 3168 2971 et
3200 2915 3326 2970 illuc
3351 2923 3615 2985 quantum
3637 2928 3736 2985 po-

2146 3007 2248 3061 tuit
2285 3005 2468 3078 luptnn
2500 3007 2759 3074 deviavit,
2799 3022 2960 3076 quem
2993 3009 3247 3063 veniente
3293 3007 3527 3062 obscura
3579 3013 3744 3062 nocte

453 3099 643 3155 Atille
671 3113 899 3154 securus
951 3097 1204 3168 promissi
1249 3111 1402 3152 avem
1443 3097 1692 3168 permisit
1737 3098 1912 3154 abire.
1941 3098 2040 3155 Cui
2070 3139 2112 3197 Ω
2147 3098 2214 3152 ad
2247 3099 2414 3152 altum
2453 3108 2673 3170 puteum
2715 3099 2960 3165 deduxit,
2992 3099 3078 3155 cui
3123 3113 3287 3171 super
3315 3108 3542 3170 puteum
3567 3098 3737 3154 stanti

453 3192 573 3248 avis
599 3193 676 3247 ait
705 3210 719 3247 :
763 3191 942 3248 Unum
973 3199 1058 3247 est
1087 3190 1152 3246 de
1197 3190 1506 3260 promissis,
1548 3206 1614 3246 ne
1639 3191 1833 3247 credas
1861 3193 2041 3248 omni-

452 3283 558 3340 bus
584 3283 774 3351 dictis;
805 3283 1122 3348 secundum,
1153 3282 1295 3353 quod
1327 3291 1476 3337 tuum
1506 3283 1610 3338 erit
1638 3298 1856 3355 semper
1883 3283 2045 3352 habe;

455 3373 701 3438 tertium,
738 3387 807 3429 ne
850 3373 1035 3428 doleas
1076 3371 1144 3428 de
1190 3371 1429 3428 amissis.
1468 3371 1581 3428 lloc
1619 3373 1789 3435 dicto,
1837 3374 2045 3430 avicula

456 3467 708 3522 arborem
741 3465 1062 3522 conscendit
1097 3475 1151 3520 et
1193 3465 1332 3520 dulci
1392 3481 1594 3521 canore
1631 3465 1816 3522 dicere
1838 3467 2043 3538 etrapit:

455 3554 784 3611 Benedictus
829 3555 1090 3610 Dominus
1139 3555 1229 3626 qui
1283 3565 1498 3609 tuorum
1553 3555 1723 3611 aciem
1765 3556 2047 3612 oculorum

457 3645 653 3702 clausit
681 3654 736 3702 et
759 3645 1084 3716 sapientiam
1113 3645 1366 3710 abstulit,
1396 3646 1654 3714 quoniam
1686 3647 1732 3702 si
1762 3647 2047 3703 intestino-

456 3754 581 3794 rum
633 3738 801 3808 plicas
853 3752 1097 3794 meorum
1139 3737 1521 3809 perquisisses,
1583 3739 1742 3793 unius
1792 3740 2048 3808 ponderis

459 3831 634 3886 uncim
652 3828 950 3900 jacinctum
979 3831 1303 3887 invenisses.
1343 3831 1469 3886 llaec
1497 3832 1724 3888 audiens
1759 3832 1848 3887 ille
1885 3833 2052 3903 coepit

456 3920 593 3978 ﬂere
611 3931 667 3978 et
703 3923 898 3994 palmis
919 3932 1108 3994 pectus
1136 3932 1441 3994 percutere,
1493 3925 1746 3994 quoniam
1774 3923 1933 3980 fidem
1964 3925 2048 3980 dio

459 4017 566 4074 etis
595 4016 903 4088 praebuerat
945 4016 1186 4072 aviculte.
1219 4017 1288 4071 At
1321 4017 1436 4073 avis
1458 4017 1529 4072 ait
1563 4017 1635 4071 illi
1669 4035 1683 4071 :
1711 4017 1830 4072 Cito
1851 4017 2052 4073 oblitus

460 4123 523 4164 es
544 4123 734 4163 sensus
759 4123 919 4179 quem
942 4108 1038 4163 tibi
1066 4107 1199 4162 dixi.
1233 4106 1420 4164 Nonne
1443 4109 1552 4163 dixi
1585 4108 1680 4164 tibi
1706 4126 1720 4162 :
1753 4107 1832 4164 Ne
1859 4111 2052 4165 credas

460 4201 722 4272 quicquid
762 4201 858 4256 tibi
901 4201 1147 4257 dicetur?
1175 4201 1456 4268 Quomodo
1485 4200 1666 4256 credis
1697 4204 1840 4272 quod
1881 4203 1934 4257 in
1965 4218 2052 4259 me

461 4296 536 4351 sit
557 4294 827 4364 jacinctus
855 4295 947 4365 qui
977 4294 1048 4350 sit
1078 4294 1332 4365 ponderis
1359 4294 1520 4349 unius
1558 4295 1754 4358 uncia),
1793 4311 1914 4350 cum
1953 4311 2052 4366 ego

463 4396 579 4442 tota
605 4403 710 4444 non
757 4403 876 4443 sum
905 4387 1038 4441 tanti
1070 4385 1360 4456 ponderis?
1398 4386 1464 4439 Et
1489 4401 1594 4441 non
1646 4386 1756 4442 dixi
1791 4387 1886 4442 tibi
1921 4405 1936 4443 :
1972 4387 2051 4442 Ne

2149 3188 2380 3244 formam
2431 3190 2570 3246 lunas
2625 3191 2936 3261 semiplena:
2980 3189 3034 3245 in
3092 3191 3200 3246 ima
3259 3191 3410 3262 putei
3473 3190 3739 3244 radiantis

2147 3278 2386 3336 ostendit
2407 3288 2461 3334 et
2483 3280 2695 3350 inquit:
2727 3279 2828 3336 llic
2855 3289 2940 3336 est
2963 3295 3155 3336 caseus
3181 3294 3341 3350 quem
3373 3279 3468 3336 tibi
3490 3279 3740 3350 promisi,

2147 3373 2416 3428 descende
2450 3372 2495 3428 si
2528 3371 2731 3443 placet,
2761 3383 2816 3428 et
2854 3373 3101 3428 comede.
3140 3373 3224 3428 Ad
3255 3374 3371 3428 haec
3393 3372 3550 3443 lupus
3583 3391 3599 3426 :
3637 3375 3738 3430 Dc-

2150 3463 2348 3517 scende
2373 3463 2649 3533 primitus,
2676 3471 2731 3519 et
2770 3464 2814 3519 si
2846 3463 2958 3520 sola
2988 3464 3201 3520 deferre
3223 3479 3329 3520 non
3357 3464 3582 3536 poteris,
3608 3474 3664 3519 ut
3689 3475 3740 3519 te

2143 3551 2323 3621 juvetn
2348 3552 2546 3609 faciam
2587 3558 2731 3625 quod
2756 3556 3015 3611 hortaris.
3049 3554 3113 3611 Et
3145 3557 3251 3612 hoc
3282 3557 3436 3612 dicto
3484 3555 3740 3612 viderunt

2150 3646 2371 3702 cordam
2431 3649 2753 3718 pendentem
2805 3649 2859 3703 in
2909 3658 3109 3719 putueo
3139 3650 3195 3704 in
3231 3650 3388 3720 cujus
3417 3660 3582 3722 caput
3617 3660 3742 3706 crat

2150 3737 2366 3793 urceola
2397 3736 2558 3809 ligata
2589 3747 2643 3792 et
2674 3739 2726 3794 in
2758 3739 2863 3795 alio
2894 3741 3072 3811 capite
3094 3741 3274 3798 cordae
3305 3743 3476 3798 altera
3499 3743 3740 3808 urceola,

2162 3838 2213 3884 ct
2259 3831 2566 3899 pendebant
2598 3831 2690 3886 tali
2727 3832 2944 3902 ingenio
2973 3834 3115 3904 quod
3145 3849 3250 3889 una
3281 3842 3540 3906 surgente
3569 3834 3739 3890 altera

2151 3919 2533 3976 descendebat.
2565 3919 2718 3988 Quod
2750 3922 2938 3992 vulpes
2967 3923 3131 3978 simul
3183 3939 3249 3980 ac
3281 3925 3419 3980 vidit
3460 3925 3614 3994 quasi
3639 3926 3739 3979 oh-

2152 4027 2384 4082 sequens
2412 4012 2664 4083 precibus
2698 4013 2808 4085 lupi
2837 4015 3114 4070 urceolam
3162 4016 3386 4071 intravit
3421 4028 3472 4072 et
3518 4017 3587 4072 ad
3619 4016 3742 4072 fun-

2152 4103 2280 4159 dum
2302 4105 2470 4159 venit.
2502 4103 2685 4175 Lupus
2711 4116 2892 4160 autem
2920 4106 3046 4163 inde
3095 4109 3315 4180 gavisus
3343 4109 3420 4164 ait
3451 4129 3464 4163 :
3495 4109 3606 4165 Cur
3633 4125 3740 4164 non

2153 4194 2317 4252 aﬂers
2341 4197 2474 4252 mihi
2503 4199 2758 4254 caseum?
2780 4197 2981 4269 Vulpes
3011 4201 3088 4256 ait
3117 4219 3132 4259 :
3161 4200 3384 4272 Nequeo
3407 4218 3518 4273 prae
3536 4204 3743 4272 magni-

2156 4287 2377 4355 tudine;
2405 4291 2498 4344 sed
2523 4289 2668 4345 intra
2705 4290 2868 4346 aliam
2911 4293 3184 4349 urceolam
3209 4303 3264 4350 et
3288 4295 3411 4349 veni
3442 4295 3581 4350 sicut
3607 4295 3739 4350 mihi

2154 4383 2511 4453 spopondisti.
2538 4383 2689 4454 Lupo
2717 4385 2958 4442 intrante
2981 4386 3141 4443 aliam
3169 4387 3464 4450 urceolam,
3488 4387 3744 4460 ponderis

465 4476 655 4532 doleas
679 4476 744 4531 de
774 4477 935 4530 rebus
979 4473 1230 4530 amissis?
1275 4473 1454 4540 Quare
1482 4489 1580 4543 pro
1612 4475 1967 4550 jacinctolqui
1999 4478 2050 4532 in
2083 4485 2134 4540 Ι)
2156 4475 2530 4546 magnitudine
2577 4476 2736 4531 ducta
2789 4476 2900 4532 cito
2954 4475 3179 4533 fundum
3219 4479 3389 4549 petiit,
3423 4478 3592 4534 altera
3618 4494 3740 4533 sur-

464 4583 556 4623 me
581 4575 666 4622 est
699 4565 885 4622 doles?
917 4565 1138 4619 Talibus
1180 4565 1340 4619 dictis
1379 4564 1581 4620 rustico
1609 4565 1791 4622 deriso
1833 4567 1949 4624 avis
1991 4569 2048 4624 in

465 4660 704 4716 nemoris
739 4659 858 4714 avia
888 4657 1176 4714 devolavit.

539 4751 898 4822 Phil050phus
941 4765 1098 4806 suum
1135 4748 1424 4818 castigavit
1454 4751 1784 4823 discipulum
1815 4751 2002 4810 dicens
2035 4775 2048 4811 :

467 4842 734 4912 Quicquid
760 4843 1005 4898 invenies
1026 4840 1196 4914 legas,
1223 4841 1316 4897 sed
1347 4857 1452 4898 non
1475 4844 1668 4898 credas
1688 4843 1944 4914 quicquid
1975 4846 2052 4901 le—

468 4933 635 5004 geris.
675 4933 756 4986 Ad
803 4933 916 4988 lucc
961 4932 1257 5004 discipulus
1288 4951 1304 4988 :
1332 4935 1508 4990 Credo
1547 4951 1654 4991 non
1698 4952 1820 4992 esse
1865 4953 2051 4994 verum

467 5023 728 5095 quicquid
757 5033 842 5078 est
873 5025 925 5078 in
954 5024 1130 5090 libris,
1162 5041 1288 5080 nam
1323 5026 1502 5082 simile
1534 5028 1656 5084 huic
1687 5028 1789 5099 legi
1821 5030 1870 5084 iu
1901 5030 2054 5088 libris

466 5125 526 5172 et
560 5115 862 5187 proverbiis
891 5114 1336 5184 philosophorum
1367 5134 1380 5169 :
1426 5115 1607 5174 Multae
1647 5129 1778 5173 sunt
1807 5119 2052 5189 arbores,

468 5209 564 5265 sed
594 5225 664 5264 ne
718 5221 915 5263 omnes
945 5204 1151 5260 faciunt
1183 5207 1446 5271 fructum;
1481 5207 1632 5261 multi
1661 5217 1788 5263 sunt
1821 5211 2048 5274 fructus,

470 5302 569 5359 sed
641 5314 750 5356 non
806 5312 1000 5355 omnes
1074 5297 1461 5353 comestibiles.
1525 5297 1824 5370 Castigavit
1881 5300 2057 5358 Arabs

469 5397 644 5454 ﬁlium
693 5409 850 5452 suum
891 5391 1270 5458 dicenstili,
1319 5406 1388 5447 ne
1431 5392 1673 5449 dimittas
1717 5409 1815 5466 pro
1861 5394 2057 5451 futuris

471 5487 784 5560 praesentia,
805 5501 872 5542 ne
896 5483 1121 5542 forsitan
1149 5483 1347 5556 perdas
1368 5493 1678 5556 utrumque,
1712 5488 1852 5543 sicut
1879 5486 2059 5542 evenit

474 5583 603 5656 lupo
625 5583 693 5639 de
729 5581 902 5638 bobus
932 5578 1215 5652 promissis
1239 5593 1268 5631 a
1302 5578 1525 5632 rustico.

1041 5669 1311 5728 FABULA
1351 5669 1490 5726 XXI.

551 5769 762 5826 Dictum
796 5782 1029 5825 namque
1055 5764 1156 5822 fuit
1185 5764 1251 5820 de
1283 5779 1494 5820 aratore
1525 5763 1667 5836 quod
1712 5763 1876 5820 boves
1916 5762 2057 5820 illius

2155 4577 2456 4639 gentecum
2487 4567 2644 4638 vulpe
2690 4585 2813 4639 quae
2859 4579 2978 4625 erat
3026 4569 3216 4625 levior.
3250 4570 3544 4641 Vni-pocula
3598 4578 3748 4626 tacto

2153 4677 2251 4718 ore
2286 4663 2432 4732 putei
2464 4663 2610 4719 foras
2639 4665 2815 4720 exiliit
2834 4673 2889 4721 et
2914 4665 2964 4720 in
3011 4675 3173 4736 puteo
3204 4657 3388 4738 lnpuin
3431 4667 3654 4728 dimisit.
3685 4675 3742 4721 et

2157 4756 2228 4811 ita
2257 4755 2386 4825 quia
2431 4771 2528 4827 pro
2575 4756 2758 4810 futuro
2813 4773 3052 4828 praesens
3081 4759 3306 4828 dimisit,
3348 4759 3504 4830 lupus
3547 4758 3742 4815 merito

2154 4845 2318 4900 boves
2338 4854 2393 4900 et
2421 4861 2638 4900 caseum
2669 4847 2922 4916 perdidit.

2226 4936 2402 4993 Arabs
2426 4937 2711 5007 castigavit
2754 4937 2921 4993 filium
2969 4955 3125 4994 suum
3160 4956 3173 4991 :
3214 4937 3292 4995 Ne
3341 4939 3537 4994 credas
3597 4940 3742 4994 omni

2157 5029 2384 5086 consilio
2431 5030 2574 5100 quod
2609 5031 2798 5088 audies
2828 5032 2998 5088 donec
3031 5031 3193 5088 fuerit
3237 5032 3523 5102 probatura
3557 5032 3610 5086 in
3643 5031 3745 5086 alio

2158 5138 2264 5192 quo
2292 5139 2359 5178 an
2386 5124 2456 5178 sit
2487 5122 2639 5188 utile,
2688 5139 2758 5178 ne
2787 5124 3066 5196 contingat
3087 5125 3178 5178 tibi
3209 5125 3352 5179 sicut
3379 5123 3576 5178 latroni
3611 5138 3742 5178 con-

2161 5213 2278 5284 tigit
2315 5213 2406 5283 qui
2454 5214 2681 5270 consilio
2707 5215 2912 5270 domini
2952 5214 3234 5284 cujusdam
3277 5216 3468 5270 domus
3490 5213 3740 5269 credidit.

2159 5305 2239 5360 Ad
2265 5305 2378 5360 haec
2408 5305 2585 5362 filius:
2616 5305 2918 5372 Quomodo,
2944 5314 3119 5376 pater,
3157 5305 3338 5362 evenit
3361 5306 3448 5362 ei?
3478 5304 3668 5359 Pater:

2704 5396 2980 5454 FABULA
3019 5397 3182 5453 XXII.

2231 5492 2442 5548 Dictum
2472 5499 2557 5548 est
2584 5491 2714 5546 mihi
2759 5491 2904 5562 quod
2953 5491 3172 5561 quidam
3221 5489 3361 5546 latro
3401 5490 3468 5544 ad
3525 5489 3750 5545 domum

2162 5584 2443 5653 cujusdam
2467 5584 2650 5640 divitis
2675 5584 2918 5654 perrexit
2943 5584 3242 5640 intentione
3272 5583 3509 5640 furandi.
3533 5583 3741 5638 Ascen-

2162 5675 2296 5728 dens
2328 5682 2526 5729 tectum
2554 5673 2618 5727 ad
2651 5671 2940 5728 fenestram
2985 5687 3082 5744 per
3117 5689 3282 5744 quam
3331 5671 3511 5727 furnus
3562 5669 3744 5726 exibat

2165 5765 2282 5838 etsi
2320 5764 2514 5836 aliquis
2545 5765 2688 5822 intus
2718 5764 2960 5836 vigilaret
2984 5764 3326 5822 auscultavit.
3373 5763 3524 5831 Quod
3557 5771 3614 5815 ut
3643 5759 3748 5814 dav
